2517 3936
107 209 199 247 1361

728 209 1016 247 TRACTATUS
1044 212 1110 247 DE
1140 212 1416 248 DILIGENDO
1445 215 1558 249 ΠΕΟ.

2086 220 2183 258 1302

104 286 271 325 Introibo
300 291 338 323 ιή
354 290 546 335 potentias
570 289 749 330 Dumium
766 290 946 333 Domine,
971 286 1160 324 memo-‘³⁰'
1179 288 1244 325 sed
1275 288 1387 325 etiam
1421 289 1512 326 ssere
1537 303 1622 325 eum
1652 290 1830 332 flentibus
1856 298 2091 335 consuevit&
2113 300 2184 337 Sed

101 349 382 396 raborjustitioe
397 357 473 384 tuoe
488 350 604 383 soleas
623 355 647 384 ¹.
667 348 815 386 Sciebat
832 350 1002 399 profecto
1019 363 1105 386 cum
1129 352 1159 385 A
1181 362 1267 386 cum
1296 349 1518 399 pervenerit
1545 350 1592 385 ad
1621 350 1749 398 littus,
1774 354 1879 390 velut
1913 358 2032 394 malos
2065 359 2185 408 pisces·

99 409 279 447 introiret
303 409 342 445 in
368 409 583 459 spirituales
604 409 794 458 potentias
817 410 997 455 Domini,
1017 423 1108 446 cxu—

100 478 179 506 tum
209 482 249 506 se
274 469 321 505 iri
351 468 538 506 universis
573 468 697 505 carnis
728 469 1012 507 infirmitatibus
1035 485 1042 506 :
1065 478 1108 506 ut

93 529 172 579 jam
191 529 243 566 nil
268 528 314 566 de
334 541 447 566 carne
473 527 629 565 haberet
653 529 840 577 cogitare,
861 528 927 566 sed
948 537 1050 565 totus
1066 529 1106 566 in

96 589 234 640 spiritu
252 597 531 626 memoraretur
550 588 705 638 justitiae
721 589 876 625 Domini
892 589 1021 625 solius.

149 650 214 688 40.
231 654 338 688 Tunc
358 664 430 700 pro
457 658 562 687 certo
591 649 739 698 singula
767 650 906 686 Christi
932 648 1105 686 membra

96 709 224 747 dicere
250 719 435 762 poterunt
455 709 501 746 de
525 723 563 746 se
578 738 588 756 ,
611 709 717 759 quod
742 709 882 746 Paulus
913 709 1037 746 aiebat
1058 709 1105 746 de

93 770 217 821 capite
254 785 262 807 :
294 771 379 806 Etsi
417 773 650 819 cognovimus
696 771 902 806 secundum
952 782 1103 806 carnem

97 830 282 866 Christum
297 858 309 874 ,
324 831 395 865 sed
419 843 519 865 nunc
539 834 623 875 jam
649 843 725 864 ηοη
746 834 912 876 ηουίηιςιε
927 835 954 866 ².
982 832 1104 867 Nemo

94 888 148 926 ibi
174 902 213 926 se
240 897 445 939 cognoscet
467 888 676 926 secundum
699 902 850 925 carnem
873 904 881 926 τ
904 889 995 938 quia
1015 902 1103 926 caro

93 957 132 986 et
157 949 309 999 sanguis
338 962 498 1000 regnum
527 949 598 985 Dei
626 962 705 985 non
734 948 999 999 possidebunt.
1016 953 1102 986 Non

92 1009 198 1060 quod
215 1009 340 1047 carnis
359 1010 436 1047 illic
456 1009 669 1047 substantia
693 1010 821 1058 futura
849 1023 927 1047 non
946 1010 1016 1058 sit3
1036 1010 1101 1047 sed

91 1070 198 1121 quod
222 1071 384 1108 carnalis
407 1071 532 1108 omnis
559 1071 802 1108 necessitudo
829 1071 877 1108 sit
902 1070 1102 1118 defutura,
1120 1062 1149 1097 B

92 1131 293 1181 carnisque
324 1144 432 1168 amor
458 1144 588 1168 amore
620 1131 777 1181 spiritus
812 1130 1102 1179 absorbendus;

91 1198 129 1227 et
143 1190 305 1228 infirmae
317 1221 326 1239 ,
344 1204 429 1241 quae
443 1205 546 1228 nunc
562 1200 671 1238 sunt,
688 1191 889 1228 humanaea
906 1191 1104 1236 fsectiones

93 1251 131 1288 in
155 1250 304 1288 divinas
329 1251 514 1301 quasdam
540 1251 706 1289 habeant
731 1253 972 1289 commutari.
997 1256 1105 1290 Tunc

91 1324 228 1361 sagena
244 1312 450 1358 charitatis,
465 1325 550 1362 quae
566 1325 668 1349 nunc
685 1320 805 1349 tracta
821 1326 891 1363 per
907 1312 981 1349 hoc
997 1326 1101 1350 mare

89 1384 271 1422 magnum
291 1380 330 1409 et
349 1372 558 1422 spatiosum
583 1386 630 1418 ex
651 1372 757 1409 omni
779 1385 918 1423 genere
940 1372 1101 1423 piscium

90 1445 324 1484 congregare
341 1447 419 1470 non
442 1433 579 1476 desinit
596 1463 607 1481 ,
625 1447 711 1471 cuin
732 1433 919 1483 perducta
933 1433 980 1469 ad
996 1433 1102 1470 littus

93 1491 227 1539 fuerit,
247 1493 368 1530 malos
390 1494 490 1531 foras
511 1494 665 1531 mittens
678 1522 688 1540 ,
713 1493 838 1530 bonos
857 1493 1101 1530 solummodo

88 1551 306 1590 retinebit3.
325 1553 517 1603 Siquidem
535 1554 575 1590 in
589 1554 659 1590 hac
675 1553 754 1590 vita
767 1567 813 1590 ex
831 1567 946 1591 omne
963 1567 1101 1604 genere

87 1611 250 1662 piscium
277 1613 377 1650 intra
406 1613 531 1650 sinum
561 1627 638 1651 suae
666 1614 878 1651 latitudinis
907 1614 1101 1652 charitatis

88 1681 169 1710 rete
197 1673 393 1711 concludit
418 1689 426 1712 ε
454 1674 520 1711 ubi
542 1688 581 1712 se
607 1688 679 1725 pro
712 1683 888 1725 tempore
918 1675 1099 1712 omnibus

88 1733 332 1771 conformans
350 1763 360 1781 ,
388 1735 638 1784 omniumque
666 1735 704 1771 in
735 1748 774 1772 se
803 1735 882 1772 sive
910 1735 1068 1772 adversa
1088 1764 1097 1781 ,

88 1794 168 1831 sive
195 1808 379 1845 prospera
404 1794 618 1844 trajiciens,
645 1809 688 1832 ac
714 1809 782 1833 sua
810 1796 1099 1846 quodammodo

31 1853 35 1857 ’
89 1854 248 1901 faciens,
272 1867 352 1892 non
371 1855 496 1892 solum
517 1855 684 1905 gaudere
707 1869 794 1892 cum
819 1855 1098 1905 gaudentibus,

1176 423 1293 446 omne·
1319 410 1424 459 quod
1452 409 1559 447 triste
1587 411 1742 459 patitur,
1771 413 1870 450 foras
1897 417 2072 464 mittens,
2104 420 2185 456 sola

1173 483 1258 518 quae
1273 470 1424 520 placere
1439 468 1659 518 etjucunda
1672 484 1751 508 esse
1768 482 1969 521 poterunt,
1986 478 2180 515 retinebit.

1172 529 1366 579 Numquid
1383 530 1483 566 enim
1498 538 1606 576 tunc,
1622 531 1730 568 verbi
1746 533 1879 581 gratia,
1896 536 2033 572 Paulus
2049 547 2111 574 aut
2128 539 2184 575 in-

1173 589 1387 626 firmabitur
1413 603 1498 625 cum
1528 590 1707 637 infirmis,
1738 600 1803 628 aut
1820 601 1952 630 uretur
1973 608 2044 643 pro
2074 610 2183 633 scan-

1172 648 1341 686 dalizatis
1363 648 1391 694 ⁵,
1423 648 1491 686 ubi
1525 650 1703 688 scandala
1738 660 1775 688 et
1807 652 2011 691 infirmitas
2047 659 2181 704 procul

1175 711 1319 745 erunt?
1346 713 1423 747 Aut
1450 719 1551 746 certe
1581 710 1725 760 lugebit
1751 724 1816 749 eos
1837 713 1903 762 qui
1932 727 2010 750 non
2043 726 2153 765 agent
2171 724 2183 739 ³

1172 769 1438 818 poenitentiam
1452 768 1483 816 ⁶,
1507 769 1573 807 ubi
1603 780 1748 808 certum
1781 781 1838 809 est
1868 786 1938 810 nec
1962 785 2183 823 peccantem

1173 828 1256 873 fore
1273 857 1283 875 ,
1309 842 1378 873 nec
1404 830 1653 879 poenitentem
1670 833 1684 868 ?
1702 831 1811 869 Absit
1830 842 1956 870 autem
1978 843 2020 870 ut
2040 836 2100 871 vel
2119 849 2184 873 eos

1170 889 1236 937 qui
1252 888 1403 938 ignibus
1416 884 1575 927 'aeternis
1595 905 1681 928 cum
1700 891 1854 929 diabolo
1875 901 1912 930 et
1932 895 2073 944 angelis
2095 895 2178 944 ejus

1171 947 1380 998 deputandi
1406 958 1518 997 sunt,
1539 951 1695 1001 plangat
1714 960 1751 988 et
1779 952 1916 993 defleat
1940 954 1979 990 in
1999 955 2063 991 illa
2088 956 2184 993 civi-

1171 1017 1263 1056 tate,
1286 1023 1400 1060 quam
1427 1011 1593 1049 fluminis
1614 1013 1780 1063 impetus
1805 1013 1970 1050 laetificat
1985 1042 1995 1060 ,
2019 1014 2127 1064 cujus
2146 1026 2182 1053 et

1170 1068 1292 1118 diligit
1323 1070 1510 1108 Dominus
1537 1080 1666 1122 portas
1697 1086 1812 1123 super
1840 1074 1968 1110 omnia
2006 1074 2186 1113 taberna-

1171 1130 1255 1166 cula
1273 1129 1391 1167 Jacob
1411 1146 1419 1168 :
1439 1131 1543 1181 quod
1560 1132 1737 1170 videlicet
1756 1134 1795 1169 in
1812 1133 2065 1172 tabernaculis
2083 1165 2092 1182 ,
2115 1137 2183 1173 etsi

1171 1191 1404 1240 quandoque
1427 1192 1613 1241 gaudetur
1639 1193 1685 1229 de
1710 1194 1869 1231 victoria
1883 1224 1892 1241 ,
1911 1194 2109 1232 laboratur
2127 1205 2184 1233 ta-

1171 1263 1261 1287 men
1291 1251 1330 1287 in
1360 1265 1488 1302 pugna
1507 1281 1516 1299 ,
1547 1261 1584 1289 et
1613 1254 1841 1304 plerumque
1872 1255 2109 1305 periclitatur
2138 1256 2184 1293 de

1167 1311 1246 1348 vita
1269 1327 1277 1349 ε
1296 1312 1334 1349 in
1352 1313 1415 1349 illa
1435 1321 1559 1350 autem
1578 1315 1700 1363 patria
1726 1316 1832 1352 nulla
1863 1329 2022 1365 prorsus
2047 1317 2186 1354 admit—

1169 1380 1270 1409 tatur
1286 1373 1494 1410 adversitas
1511 1374 1589 1410 sive
1616 1375 1779 1422 tristitia,
1794 1376 2117 1425 quemadmodum
2138 1377 2184 1414 (le

1168 1434 1230 1470 illa
1251 1434 1411 1479 canitur,
1434 1435 1536 1470 Sicut
1561 1437 1772 1479 loetance'mn
1802 1441 1967 1478 ommam
1993 1437 2177 1473 habitacio

1169 1504 1221 1531 est
1245 1499 1282 1530 ιή
1300 1504 1334 1530 te
1354 1502 1366 1524 7
1390 1510 1398 1531 ;
1420 1503 1458 1531 et
1476 1508 1628 1532 rursum
1644 1526 1653 1543 ,
1676 1499 1829 1532 Loetilia
1853 1502 2084 1545 sempiterna
2107 1503 2177 1538 ersi}

1169 1560 1221 1592 ess
1233 1553 1259 1591 ὃ.
1273 1555 1449 1604 Denique
1466 1556 1663 1604 quomodo
1679 1556 1949 1593 misericordiae
1965 1557 2179 1594 recordabi-

1171 1624 1243 1661 tur,
1265 1615 1331 1652 ubi
1356 1616 1800 1667 memorabiturjustitiae
1822 1618 1891 1655 Dei
1917 1618 2064 1654 solius?
2083 1621 2179 1655 Pro-

1168 1676 1257 1713 inde
1274 1675 1340 1713 ubi
1360 1675 1437 1725 jam
1462 1690 1539 1713 non
1567 1678 1638 1714 erit
1663 1678 1822 1715 miseriae
1842 1679 1961 1723 locus,
1982 1686 2046 1714 aut
2066 1679 2180 1714 mise—

1167 1736 1341 1773 ricordiae
1371 1745 1543 1787 tempus,
1577 1739 1704 1776 nullus
1726 1739 1900 1789 profecto
1930 1751 2010 1776 esse
2038 1739 2179 1788 poterit

1167 1796 1424 1834 miserationis
1446 1798 1616 1835 affectus.

138 1998 149 2014 ¹
163 1993 244 2025 Psal.
262 2003 324 2024 Lxx
339 2017 347 2031 ‚
369 1996 469 2025 16.-—
486 1998 499 2014 ²
515 1996 545 2024 II
560 1995 633 2025 Cor.
650 2005 682 2031 v,
704 1997 756 2025 16.
772 2012 815 2016 --
833 1992 845 2014 3
860 1994 1065 2032 Maul1.x111‚
1084 1998 1139 2034 47,
1157 1998 1212 2028 48.
1227 2017 1271 2020 —-
1285 1996 1408 2029 ⁴iRom.
1425 2009 1473 2029 xii
1487 2023 1494 2036 ‚
1519 2001 1570 2030 15.
1587 2016 1631 2020 —-
1649 1995 1661 2019 5
1677 2001 1708 2029 Π
1723 1998 1794 2029 Cor.
1809 2007 1864 2029 XI.
1886 1999 1941 2028 29.
1957 2014 2000 2019 —
2016 1994 2031 2018 ὅ
2046 1996 2092 2028 Id.
2109 2007 2154 2027 xxi
2168 2021 2176 2036 ‚

91 2051 109 2078 2
121 2051 127 2078 Ι
139 2071 146 2079 .
162 2065 207 2069 —-
221 2054 235 2077 7
251 2047 472 2088 Psal.*11xxxv1
487 2072 494 2085 ‚
514 2050 545 2082 2,
564 2050 595 2078 7.
611 2066 652 2069 —
671 2046 684 2069 8
700 2047 770 2079 Isai.
797 2059 852 2078 Lxx
866 2072 879 2089 ,Ι
894 2050 924 2079 7.

135 2108 149 2123 ¹¹
169 2106 257 2139 Alias
265 2131 282 2152 ⁹.
297 2104 431 2150 liabent,⁴

724 2688 849 2724 FlNlS
879 2688 1012 2723 LIBRI
1040 2688 1106 2723 DE
1136 2689 1408 2727 DILIGENDO
1439 2692 1548 2727 mio.
