2517 3920
347 172 443 208 1163

702 177 737 211 S.
769 177 1022 212 BERNARDI
1049 178 1153 213 ΑΒΒ.
1185 180 1350 215 SERMO
1379 180 1444 214 DE
1474 178 1815 215 CONVERSIONE
1844 183 1911 216 AD
1942 182 2081 218 CLER.

2322 188 2415 224 1164

339 249 531 286 cutionem
556 263 634 288 non
664 252 850 290 sustinent
878 262 1037 304 propter
1057 253 1267 304 justitiam,
1302 255 1491 292 ut⁴⁹⁴non
1515 263 1571 291 est
1601 255 1706 304 quod
1729 255 1830 293 fures
1853 257 2033 304 timeant,
2064 259 2130 308 qui
2158 259 2230 297 sibi
2260 262 2298 298 in
2323 264 2419 301 coelo

340 310 644 358 persecutionem
669 313 819 360 malint,
843 327 954 364 quam
972 313 1159 363 justitiam
1180 316 1344 352 sustine·
1362 321 1393 354 A
1415 314 1683 351 thesaurizant.
1711 319 1794 352 Non
1819 324 1876 352 est
1899 317 2004 366 quod
2025 328 2229 356 causentur
2252 320 2298 357 de
2322 323 2421 360 mul-

340 379 394 403 re.
411 371 557 419 Nempe
573 371 763 408 contraria
784 381 839 409 est
853 373 1034 422 operibus
1050 387 1183 410 eorum
1195 403 1205 421 ,
1222 374 1346 423 gravis

343 435 399 463 est
421 428 534 480 etiam
556 430 609 468 eis
629 431 676 468 ad
699 432 945 469 audiendum.

395 488 458 526 40.
499 491 685 528 Caeterum
726 501 886 543 propter
922 493 1117 530 avaritiam
1137 521 1146 538 ‚
1186 501 1346 543 propter

343 547 592 588 ambitionem
613 561 767 602 paratos
792 566 856 589 eos
878 553 1007 589 videas
1031 553 1210 589 universa
1238 552 1344 602 peri-

340 608 426 645 cula
444 609 594 658 subire,
615 613 794 649 suscitare
815 612 1010 659 scandala,
1032 612 1217 649 sustinere
1236 612 1342 658 odia,

344 667 579 708 dissimulare
595 671 806 722 opprobria
819 701 828 719 ,
847 673 1037 721 negligere
1053 672 1254 709 maledicta
1273 687 1283 708 ε
1303 681 1345 709 ut

341 740 421 765 non
454 731 579 768 minus
611 732 823 781 perniciosa
853 732 900 768 sit
932 731 1152 768 animositas
1187 731 1318 768 talium
1332 761 1342 779 ,

341 801 454 837 quam
472 790 760 840 pusillanimitas
777 791 1113 828 mercenariorum.
1129 791 1237 829 Veris
1251 804 1343 841 ergo

339 849 557 897 pastoribus
580 850 670 887 dicit
696 855 829 888 Pastor
851 864 985 888 eorum
1001 881 1012 898 ,
1036 860 1169 901 pastor
1190 851 1316 889 bonus
1332 881 1342 899 ,

340 908 405 956 qui
426 922 497 958 pro
519 909 654 946 ovibus
677 911 753 947 suis
776 911 942 947 animam
966 924 1072 948 suam
1095 925 1240 961 ponere
1264 925 1343 949 non

336 969 509 1017 pepercit
527 983 534 1005 ε
555 972 668 1005 Beati
686 975 786 1006 eritI's
802 984 884 1006 cum
901 985 968 1007 vos
988 973 1136 1008 oderint
1149 972 1318 1008 homines
1329 1001 1342 1018 ‚

1413 374 1530 423 tiplici
1555 373 1823 423 tribulatione,
1848 376 1914 413 ubi
1938 378 2296 429 multiplicationem
2316 386 2420 419 ‘mer-

1412 433 1515 470 cedis
1537 434 1751 472 attendunt.
1785 437 1966 484 Quinimo
1995 439 2186 488 gaudeant
2215 441 2354 491 magis,
2377 451 2421 479 ut

1413 493 1571 544 dignum
1594 504 1675 542 est,
1707 497 1812 546 quod
1836 510 1915 534 non
1940 506 2016 535 tam
2039 501 2281 550 persecutio,
2305 515 2420 552 quam

1413 555 1671 593 remuneratio
1695 565 1880 606 augeatur
1912 572 1920 594 ε
1951 567 1991 595 et
2011 560 2204 597 exsultent
2223 574 2269 598 eo
2293 560 2420 599 abun-

1413 613 1564 652 dantius
1584 643 1593 660 ,
1624 629 1701 665 quo
1736 617 1849 666 plura
1890 618 2081 656 sustinent
2116 629 2278 671 propter
2309 621 2420 659 Chri-

1411 681 1511 710 stum
1525 702 1535 720 ,
1553 683 1600 712 rut
1622 688 1688 712 eos
1707 676 1870 726 proinde
1891 678 2084 727 copiosior
2104 692 2250 717 merces
2270 690 2421 718 maneat

1411 733 1514 782 apud
1542 734 1681 784 ipsum.
1711 735 1813 785 Quid
1836 736 1958 774 timidi
1990 738 2098 784 estis,
2124 739 2284 777 modicae
2306 741 2420 778 fidei?

1410 793 1548 831 Fidelis
1584 804 1709 832 exstat
1743 797 1934 834 sententia
1972 797 2226 848 irrefragabili
2260 801 2420 838 veritate

1409 852 1592 902 subnixa,
1615 856 1705 905 quia
1723 857 1826 893 nulla
1844 857 1998 895 nocebit
2017 858 2246 908 adversitas,
2270 861 2298 897 si
2318 861 2423 899 nulla

1409 912 1631 951 dominetur
1652 916 1831 965 iniquitas
1846 923 1872 953 ².
1904 917 1977 955 Sed
2007 931 2144 968 parum
2168 928 2224 957 est
2246 934 2385 958 nocere
2409 937 2417 959 :

1410 974 1524 1011 etiam
1544 975 1738 1025 proderit,
1755 985 1793 1013 et
1811 978 2003 1027 copiosius
2021 979 2195 1029 proderit
2208 1010 2219 1028 ,
2241 981 2421 1019 dummo-

336 1036 373 1062 et
402 1041 482 1063 cam
516 1034 773 1077 separaverint
807 1045 895 1076 vos,
931 1040 967 1068 et
1001 1033 1178 1078 ejecerint
1205 1045 1339 1068 nomen
1359 1033 1387 1068 Β
1408 1034 1458 1090 do
1475 1035 1523 1071 sit
1540 1035 1689 1084 justitia
1709 1036 1746 1073 in
1772 1037 2005 1085 intentione,
2020 1039 2193 1078 Christus
2220 1041 2259 1078 in
2283 1055 2396 1079 causa
2411 1071 2421 1088 ‚

335 1097 496 1124 vestrum
517 1098 699 1138 tanquam
723 1093 866 1127 malum
883 1094 1041 1141 propter
1058 1095 1197 1129 Filium
1218 1093 1342 1128 leomi-

334 1152 390 1183 πίε
413 1161 425 1182 .·
444 1151 605 1197 gaudete
630 1154 669 1186 ile
691 1153 759 1186 illa
779 1153 839 1187 dle
866 1161 902 1188 et
919 1155 1105 1189 eaesulcate
1117 1182 1129 1199 ,
1161 1157 1339 1201 quoniam

335 1220 474 1244 merces
504 1219 629 1246 vestra
658 1216 808 1260 copiosa
837 1222 892 1248 est
912 1217 953 1249 ln
972 1216 1076 1249 coelis
1093 1220 1117 1250 ¹.
1146 1213 1341 1263 Siquidem

386 1347 395 1362 ¹
417 1341 531 1373 Matth.
547 1354 577 1383 v,
597 1346 709 1376 10-12.
732 1363 775 1368 —
793 1351 805 1366 ²
824 1349 860 1377 Iu
879 1353 959 1378 orat.
983 1357 1037 1378 seu
1050 1347 1178 1379 collecta
1195 1347 1351 1379 Ecclesiae.

1407 1094 1511 1145 apud
1533 1109 1648 1145 quem
1671 1096 1855 1146 patientia
1873 1111 2089 1149 pauperum
2113 1114 2192 1138 non
2215 1101 2358 1152 peribit
2379 1102 2419 1139 in

1407 1155 1534 1191 finem.
1551 1156 1629 1205 Ipsi
1645 1157 1765 1206 gloria
1780 1171 1902 1205 nune,
1920 1167 1958 1196 et
1977 1172 2129 1211 semper
2141 1190 2151 1208 ,
2167 1169 2206 1199 et
2227 1162 2267 1199 in
2283 1163 2419 1200 saecula

1408 1215 1648 1253 saeculorum.
1674 1220 1810 1255 Amen.

991 2060 1115 2095 FINIS
1144 2061 1276 2096 LIBRI
1305 2062 1370 2097 DE
1401 2062 1755 2100 CONVERSIONE.
