2517 3936
71 157 141 196 941

0 1439 7 1596 -qassj-u
0 1420 1 1425 Α
0 1386 7 1406 L„
6 1333 9 1368 Δί.

118 238 184 269 616
209 239 250 269 A.
277 235 429 267 doctrinae
453 237 669 270 ecclesiasticae
695 241 858 281 magistris.
878 260 920 264 -
946 246 991 273 Ita
1011 243 1075 274 sere

70 295 161 334 Engo
178 291 324 324 Metellus
341 290 373 321 in
396 290 529 332 epistota
545 298 656 333 quarta
676 293 716 324 ad
731 295 948 326 Innocentium
967 303 1076 328 contra

70 344 215 378 eumdem
230 344 455 377 Abaetardum.
467 361 482 372 α
505 348 635 377 Mortuo
654 347 806 378 Anselmo
827 349 1027 381 Laudunensi
1047 357 1077 382 et

72 413 89 427 n
101 398 268 431 Guillelmo
287 398 505 431 Catalaunensi
518 423 525 437 ,
551 399 629 440 ignis
647 399 734 431 verbi
760 401 820 433 Dei
837 402 868 432 in
890 408 974 434 terra
996 404 1078 436 defe-

20 466 22 470 *
72 452 164 491 neit,
180 457 268 485 -etc.

117 509 182 539 618
202 510 238 539 Β.
253 507 441 540 Rutilenses.
453 525 499 530 —
512 507 695 549 chendum
705 532 713 545 ‚
733 509 919 542 Rutinenses
932 524 944 547 ;
960 518 993 543 ut
1016 514 1078 544 col-

18 555 20 571 ³
69 560 172 604 ligitur
183 572 223 592 ex
238 561 370 604 epistola
387 567 546 603 sequente.
567 561 675 593 Rutila
694 565 919 596 monasterium
936 566 1076 599 dicet-esis

70 615 286 654 'nevel-ensis,
308 615 348 647 de
372 626 436 658 quo
458 616 490 647 in
510 615 591 647 libro
610 622 722 657 quarto
747 617 828 648 vitae
848 621 879 649 S.
902 622 1073 659 Bernardi‚

16 696 17 719 ἶ
69 679 103 702 Β.
119 671 185 708 47;
207 668 285 700 nihil
294 670 384 712 juvat
396 669 437 701 ad
452 670 537 701 hunc
551 670 665 702 locum.

116 725 184 755 619
208 725 246 755 Β.
270 723 455 756 Catinensis.
466 742 513 747 -—
526 726 620 755 Forte
645 724 811 767 legendum
822 750 830 764 ,
855 727 1053 759 caturcensis
1063 742 1075 766 ‚-

15 765 17 802 Ῐ
68 786 141 810 mm
162 776 216 808 vix
233 777 275 809 ad
292 777 386 809 aliam
407 777 565 809 cixitatem
587 777 655 810 haec
679 778 810 821 epistola
831 780 940 812 referri
962 789 1073 825 potest.

14 860 15 864 ,
69 829 164 872 Quod
181 829 208 862 si
227 830 271 862 ita
288 830 466 869 videbitur,
483 830 545 862 hoc
563 831 633 862 loco
655 832 704 874 agi
721 832 846 864 videtur
867 833 906 865 de
925 835 1086 868 electione·

69 883 255 922 mmmm,
283 894 376 926 quem
402 884 536 927 proinde
561 884 746 916 Guillelmus
773 897 789 917 a
815 888 914 918 Cruce
940 899 978 919 ex
1003 890 1074 921 albo

68 935 312 969 Cadur-censium
330 937 549 980 episcoporum
570 937 725 969 immerito
742 947 909 982 expungat.

116 993 183 1022 626
208 993 251 1023 Α.
271 992 324 1035 An:
337 1002 504 1029 quamnam
527 1001 771 1022 PRESBYTERUM
789 1004 1013 1028 csanrssmssx.
1030 1016 1074 1020 -—-

70 1045 119 1076 De
135 1043 340 1087 inscriptione
363 1043 456 1087 hujus
483 1045 623 1087 epistolae
648 1044 715 1077 hzec
742 1046 870 1077 adnotat
891 1048 1074 1082 Edmundus

67 1099 230 1136 Martem,
249 1097 282 1129 in
304 1098 505 1141 Amplissima
521 1098 713 1131 Collectione
731 1106 872 1131 veterum
889 1102 1075 1144 scriptorum

67 1156 99 1183 et
109 1157 396 1191 monumentorum,
413 1163 435 1195 p
461 1154 527 1184 745
547 1163 555 1184 :
574 1167 588 1179 «ι
605 1153 746 1195 Epistola
767 1156 832 1185 335
852 1165 920 1196 quae
936 1155 966 1186 in
986 1156 1076 1188 editis

69 1218 85 1233 ι
100 1203 332 1250 ηά“ᾳιιεινιᾰαηι
357 1204 572 1250 presbyterum
599 1204 793 1237 cardinalem
817 1207 1015 1247 inscribitur,
1043 1210 1075 1242 in

69 1273 84 1287 ι
98 1258 207 1291 codice
238 1259 414 1292 vedastino
445 1259 630 1291 nominatim
651 1258 697 1290 ad
729 1263 854 1292 Petrum
883 1262 1076 1295 cardinalem

67 1326 83 1340 υ
98 1311 251 1354 dirigitur.
272 1313 320 1354 =†

114 1369 180 1399 627
198 1367 237 1398 C.
257 1366 291 1398 in
308 1377 443 1410 persona
459 1366 600 1399 Franciae
619 1367 951 1410 episcoporum.—-In
969 1371 1076 1404 codice

66 1419 220 1451 Vaticano
239 1426 348 1452 notato
372 1424 461 1459 662,
484 1419 620 1452 babetur
645 1421 756 1453 ordine
781 1433 837 1454 suo
858 1428 930 1465 post
957 1424 1071 1466 episto-

65 1474 128 1507 lam
149 1476 214 1506 189
226 1499 236 1514 ‚
251 1485 324 1506 cum
340 1474 402 1507 hoc
419 1474 530 1511 titulo,
552 1475 705 1519 Episcopi
721 1476 864 1507 Francioe
879 1475 1009 1508 domino
1024 1481 1063 1509 In

65 1527 210 1559 nocentia
232 1540 355 1573 papan
371 1528 428 1560 ubi
450 1528 590 1560 Franciae
618 1528 746 1560 nomine
767 1531 949 1573 metropolis
975 1533 1072 1563 Seno-

66 1581 169 1614 nensis
196 1582 391 1624 intelligitur.
414 1582 498 1614 Hinc
522 1582 555 1613 in
577 1582 708 1625 epistola
731 1586 814 1620 161,
833 1595 897 1615 vox
919 1586 1076 1627 sanguinis

63 1635 291 1670 Archembatdi
303 1660 311 1674 ‚
333 1635 506 1668 subdecani
523 1636 757 1668 Aurelianensis
771 1662 778 1676 ‚
798 1637 839 1669 ad
858 1640 1076 1671 Innocentium

65 1691 201 1723 clamare
216 1689 256 1722 de
274 1690 408 1722 Francia
426 1690 562 1722 dicitur:
580 1695 611 1721 et
627 1690 758 1732 epistola
781 1694 865 1728 126,
880 1703 913 1723 n.
931 1694 963 1730 4,
981 1695 1077 1724 Fran-

64 1744 146 1777 ciam
174 1754 193 1775 a
227 1743 410 1786 Burgundia
441 1743 613 1786 distinguit.
642 1744 782 1776 Franciae
812 1750 919 1777 tamen
949 1746 1077 1778 nomine

64 1798 157 1831 etiam
181 1803 257 1829 tunc
280 1796 425 1829 secundae
449 1797 581 1840 Belgicae
613 1807 728 1840 magna
758 1808 832 1840 pars
860 1799 1070 1842 comprehen-

63 1851 208 1884 debatur.

112 1908 178 1938 627
196 1908 239 1937 D.
252 1906 374 1937 Sanctae
387 1904 476 1937 Sedis
489 1905 670 1948 apostolicae
686 1904 920 1938 famulus.—1d
931 1913 977 1938 est
991 1907 1073 1950 lega-

63 1966 124 1992 tus.
139 1961 209 1990 Hoc
225 1958 354 1990 nomine
369 1968 436 2001 prae
449 1958 601 1990 modestia
624 1958 669 1990 uti
688 1959 808 1991 solebat
828 1960 998 1992 Gaufridus
1009 1986 1017 1999 ,
1037 1967 1071 1993 ut

62 2012 176 2056 legitur
201 2011 235 2043 in
250 2011 407 2043 chartario
426 2012 564 2044 ecclesiae
587 2013 857 2056 Sancti-Stephani
882 2015 966 2057 apud
989 2018 1069 2047 Dro-

61 2077 121 2099 eas.
139 2065 259 2098 Vicarii
274 2071 390 2097 sanctae
403 2065 492 2097 Sedis
513 2066 565 2098 alii
578 2066 694 2109 passim
711 2066 907 2099 dicebantur.

108 2123 176 2152 628
195 2122 232 2151 Β.
255 2124 289 2150 et
312 2129 364 2150 eas
383 2118 515 2162 ineptias
534 2119 717 2162 rejiciendas
736 2131 803 2152 esse
828 2121 1008 2153 censebant.
1027 2143 1068 2147 ——

61 2174 198 2217 Ineptias
221 2172 378 2205 vocabant
397 2178 517 2204 veteres
541 2174 635 2205 etiam
657 2174 852 2215 gravissimas
868 2174 1016 2213 haereses,
1036 2182 1070 2207 ut

60 2227 259 2260 observatum
278 2227 354 2258 alias
370 2226 404 2258 in
425 2226 610 2258 Prael'atione
631 2230 650 2257 2
667 2227 778 2259 Saeeuli
799 2230 832 2265 4,
852 2228 1046 2260 Benedictini
1060 2255 1069 2268 ,

59 2292 93 2314 n.
113 2283 192 2314 133.
211 2280 423 2324 Hieronymus
438 2280 473 2312 in
488 2281 620 2323 epistola
641 2280 682 2312 ad
698 2281 848 2324 Alypium
868 2288 898 2313 et
922 2284 1068 2324 Augusti-

59 2345 135 2366 num
148 2359 157 2374 ,
175 2345 271 2377 agens
286 2334 327 2366 de
343 2333 456 2366 haeresi
470 2335 660 2366 Coelestiana
671 2359 679 2373 ,
697 2350 710 2362 α
724 2337 792 2367 :Nec
808 2335 927 2377 grande
943 2343 989 2367 est
1001 2336 1067 2368 ine-

61 2403 76 2417 ·
92 2389 239 2432 ptissimis
253 2388 362 2420 naeniis
377 2389 589 2431 respondere3
605 2404 618 2416 n
634 2395 666 2420 et
682 2389 862 2426 Bernardus
879 2390 945 2432 ipse
961 2401 1068 2422 rtu⁷sus

57 2441 90 2474 in
105 2453 250 2474 sermone
267 2446 310 2474 65
326 2441 361 2474 in
375 2442 502 2474 Cantica
513 2466 522 2480 ‚
541 2453 576 2474 n.
591 2446 623 2475 8.

106 2500 173 2529 629
191 2499 228 2529 C.
249 2495 349 2528 adfuit
363 2496 512 2539 magister
525 2499 636 2528 Petrus
655 2507 726 2528 cum
739 2495 914 2528 fautoribus
926 2497 1001 2528 suis.
1021 2517 1065 2520 —

57 2550 96 2582 td
111 2561 194 2582 anno
217 2553 303 2583 1140
319 2550 469 2582 accidisse
483 2549 580 2582 refert
595 2557 711 2593 pra²ter
732 2551 810 2582 alios
834 2554 926 2592 Ilugo
949 2552 1066 2583 Sancti-

57 2604 195 2636 Mariani
213 2603 479 2647 Chronographus
491 2629 499 2643 ,
522 2604 608 2635 nulla
623 2610 729 2636 tamen
746 2605 904 2635 mentione
923 2604 1003 2636 facta
1027 2605 1065 2636 de

58 2658 248 2691 relevatione
286 2658 509 2700 reliquiarum,
539 2669 643 2700 neque
672 2658 705 2690 in
733 2657 890 2690 Chronico
916 2660 947 2689 S.
981 2658 1065 2690 Petri

55 2712 143 2744 vivi.
160 2715 209 2744 De
224 2711 284 2744 hac
309 2710 430 2755 synodo
449 2722 543 2754 agens
565 2715 640 2744 Otto
654 2711 858 2753 Frisingensis
875 2712 1037 2754 episcopus
1053 2736 1061 2749 ‚

56 2765 276 2797 Theobatdum
288 2765 461 2808 palatinum
474 2765 619 2797 comitem
637 2776 708 2796 cum
722 2766 790 2797 aliis
805 2765 963 2796 nobilibus
980 2765 1008 2796 ei
1020 2766 1065 2796 in-

56 2818 199 2851 terruisse
211 2818 321 2851 scribit
337 2818 371 2850 in
382 2818 465 2850 libro
479 2819 581 2862 primo
591 2819 630 2851 de
639 2819 743 2851 Gestis
754 2818 915 2856 friderici,
929 2830 962 2850 ea
967 2830 998 2861 p.
1010 2822 1024 2849 4
1033 2822 1064 2850 8.

103 2875 170 2905 632
190 2875 229 2905 Β.
248 2872 482 2904 Marcianenses
511 2873 668 2904 monachi.
696 2892 716 2897 -.
763 2873 980 2904 Marcianense
1006 2875 1065 2903 Or-

55 2925 137 2958 dinis
159 2929 192 2959 S.
217 2926 340 2958 Bened.
363 2926 471 2958 nobile
492 2926 717 2958 monasterium
735 2925 774 2957 ad
800 2929 946 2968 Scarpam
960 2949 967 2963 ‚
987 2925 1064 2956 dite-

56 2979 133 3011 coeis
153 2980 381 3019 Tornaeensis,
411 2990 430 3012 a
449 2986 557 3012 sancta
587 2980 740 3012 Rictrude
768 2979 929 3011 eonditum
953 2979 1065 3010 saeculo

56 3032 199 3076 septimo.

104 3089 171 3119 633
183 3091 227 3119 Α.
241 3086 341 3119 abbas
354 3087 616 3120 Sancti-vedasti.
626 3107 670 3112 ——
682 3087 832 3119 Gualtero
847 3096 961 3117 nomen
975 3091 1038 3116 erat
1053 3109 1061 3122 ‚

56 3139 144 3182 cujus
161 3151 321 3173 successor
336 3141 377 3172 ab
393 3152 477 3173 anno
498 3144 583 3173 1147
606 3141 775 3173 Guerricus
789 3165 796 3177 ‚
817 3139 856 3170 de
872 3150 932 3181 quo
949 3139 982 3169 in
999 3138 1062 3180 epi-

56 3191 136 3224 stota
154 3196 234 3226 284.
255 3196 409 3236 Purgatur
433 3194 468 3226 in
493 3194 597 3227 Gallia
618 3194 812 3231 clnistiana,
829 3192 914 3234 quod
938 3192 1017 3223 nihil
1033 3191 1065 3221 in

23 3252 27 3253 ⁷
56 3254 128 3276 eum
139 3245 181 3278 ab
194 3247 380 3279 Innocentio
392 3247 554 3279 decretum
570 3248 620 3279 sit.

104 3301 168 3330 634
187 3303 228 3331 Α.
249 3299 504 3332 Hiberniensium
526 3298 966 3342 archiepiscopo—Essemus
984 3297 1064 3328 hanc

57 3349 218 3394 epistolam
233 3349 314 3385 inter
325 3353 513 3386 Hibernicas
524 3354 632 3391 refert,
649 3353 702 3385 ubi
718 3359 827 3384 contra
844 3355 997 3384 Joannem
1014 3350 1063 3381 Pi-

550 160 818 198 LECTIONES
846 163 1123 202 VARIANTES
1151 169 1210 203 ET
1238 171 1381 206 NOTAE
1410 174 1652 211 FUSIORES.

2053 185 2075 217 f)
2088 183 2129 219 '12

1129 246 1257 278 cardum
1278 248 1431 285 observat.
1445 252 1654 283 Armachanos
1667 255 1817 286 antistites
1834 263 1904 288 aute
1920 259 2002 300 pallii
2018 272 2119 296 usum.

1131 299 1183 340 qui
1204 301 1325 331 nonnisi
1343 313 1425 332 anno
1454 307 1540 334 1150
1563 305 1634 346 ipsis
1658 318 1818 338 concessus
1835 318 1877 340 est
1893 335 1899 345 ,
1918 312 2013 342 dictos
2031 314 2122 343 fuiss«-

1131 352 1402 396 arcbiepiscopos,
1426 362 1518 397 atque
1538 361 1764 400 metropolitani
1789 369 1936 402 puta-state
1959 377 2038 396 usos.
2063 369 2121 396 t's-

1132 406 1244 437 serium
1262 407 1291 437 iu
1307 408 1413 449 primis
1431 417 1531 440 moret
1546 411 1766 454 archiepiscopi
1783 425 1892 445 noim-u
1909 416 1938 445 in
1955 419 2120 454 natm-tna,

1131 460 1184 501 qui
1204 467 1275 491 aute
1293 462 1408 503 aliquot
1429 473 1526 494 anuos
1543 465 1648 496 relicto
1667 467 1931 510 archiepiscopatu
1947 495 1953 506 ,
1972 472 2122 502 Utinensis

1130 513 1326 555 episcopatus
1338 514 1634 548 administrationem
1652 528 1838 562 susceperat,
1857 523 1937 552 Yitu·
1951 525 2049 565 capitt-
2072 528 2080 554 1
2097 528 2122 555 ’1.

1130 566 1190 597 Sed
1227 567 1450 610 archiepiscopi
1486 581 1598 601 nomen
1633 572 1673 602 ob
1705 574 1862 614 pristinam
1890 576 2065 615 dignitati-m
2096 578 2122 607 ei

1130 619 1268 651 tribuere
1296 622 1396 662 potuit
1429 624 1603 655 Bernardus
1628 636 1636 656 ;
1662 626 1714 667 qui
1737 633 1839 658 tamen
1869 628 1900 658 in
1926 629 2122 670 sequentibus

1129 683 1310 715 episcopum
1328 681 1448 705 tantum
1465 683 1566 708 vocat.

1179 729 1243 758 634
1264 730 1298 758 B.
1317 727 1354 758 ad
1373 729 1606 769 praevidendum
1624 732 1737 763 locum.
1753 751 1795 755 —
1812 734 1845 764 Id
1860 739 1902 764 est
1919 735 2008 765 situm
2023 735 2122 766 Melli-

1128 780 1236 811 Fontis
1252 782 1451 819 monasterii,
1471 793 1552 813 anno
1575 787 1656 815 1141
1681 785 1797 816 conditi
1818 787 1847 817 in
1871 787 1991 818 ditrcesi
2014 792 2122 818 Arma-

1129 832 1246 868 chana,
1267 833 1413 875 praefecto
1439 836 1631 867 Metti-ronti
1658 836 1770 868 abb-..ie
1796 838 1970 869 Christiano
1985 864 1991 875 ,
2008 840 2045 870 de
2062 850 2122 880 quo

1129 886 1161 916 in
1180 887 1310 928 epistola
1328 898 1408 918 nuuc
1431 891 1493 920 3:37
1511 913 1518 926 ‚
1542 900 1574 920 ιι.
1595 893 1626 920 3.
1651 893 1697 921 De
1713 890 1770 922 boc
1788 892 1972 922 monasterio
1988 892 2017 922 in
2039 893 2125 923 Actis

1129 941 1160 971 S.
1182 939 1345 970 Malachizr
1370 947 1400 972 et
1426 944 1456 972 S.
1481 943 1629 973 Bernardi
1644 968 1651 981 ‚
1676 949 1705 974 et
1730 944 1761 974 in
1786 945 1914 986 epistola
1936 947 1997 976 254
2014 969 2021 981 ,
2041 944 2122 987 apud

1129 992 1294 1024 Cliesnium
1312 1000 1396 1025 tomo
1416 997 1445 1026 4.

1178 1050 1239 1078 641
1268 1050 1302 1078 Β.
1328 1051 1496 1090 Propterea
1522 1049 1649 1080 minime
1670 1051 1815 1092 competit
1841 1051 1979 1090 religioni
2002 1057 2120 1086 vestra),

1129 1100 1296 1132 medicinas
1312 1112 1450 1143 quterere
1467 1095 1643 1144 corporales
1655 1128 1661 1139 ,
1685 1104 1736 1134 sed
1757 1116 1812 1135 nec
1830 1104 1955 1146 expedit
1973 1104 2122 1134 saluti.—

1129 1154 1246 1185 Mirum
1271 1156 1383 1186 nostris
1412 1155 1604 1197 temporibus
1633 1157 1821 1198 paradoxum
1847 1168 1852 1187 z
1876 1157 1927 1188 sed
1947 1158 2052 1187 saltem
2074 1156 2124 1188 hic

1130 1208 1214 1238 locus
1232 1232 1238 1245 ‚
1261 1219 1329 1239 cum
1349 1209 1409 1240 alio
1430 1220 1466 1239 ex
1484 1220 1625 1240 sermone
1653 1215 1692 1241 [10
1713 1211 1743 1241 in
1765 1210 1889 1244 Cantica
1912 1216 2124 1251 coutparatus,

1129 1261 1316 1299 monachos,
1338 1262 1390 1303 qui
1407 1262 1512 1293 odium
1530 1263 1630 1293 carnis
1649 1274 1710 1293 sna>
1732 1264 1914 1305 profitentur
1927 1287 1934 1299 ‚
1955 1263 1993 1293 ab
2017 1263 2124 1293 immo-

1129 1314 1197 1346 dica
1223 1315 1405 1346 valetudinis
1429 1326 1501 1346 cura
1524 1327 1570 1346 rex
1579 1327 1669 1347 ocare
1685 1316 1811 1347 deberet
1827 1316 1970 1357 exemplo
1988 1322 2124 1346 veterum

1128 1368 1373 1405 monachornm,
1396 1369 1448 1410 qui
1475 1369 1599 1410 quidem
1617 1369 1782 1410 aliquando
1799 1369 1932 1399 medicos
1954 1368 1991 1398 ad
2011 1375 2126 1409 tempe-

1129 1421 1259 1452 randam
1286 1421 1385 1453 rictus
1404 1422 1556 1454 rationem
1576 1422 1629 1463 (ut
1651 1422 1681 1452 in
1699 1423 1773 1453 Vita
1794 1421 1952 1453 l’acboniii
1974 1421 2011 1451 de
2034 1422 2124 1452 Palze-

1129 1485 1238 1509 mone.
1256 1485 1325 1516 cap.
1343 1478 1353 1505 1
1374 1474 1385 1515 )
1404 1475 1550 1506 remedia
1563 1480 1628 1505 arte
1642 1475 1781 1516 quaesita,
1792 1474 1844 1505 sed
1859 1474 1972 1508 rarius.
1983 1474 2124 1505 admitte.-

1130 1523 1216 1559 bant.
1236 1528 1321 1568 Quin
1339 1528 1432 1559 etiam
1456 1528 1672 1560 Cistercienses
1695 1527 1896 1559 medicamina
1911 1528 1972 1558 suis
1991 1527 2124 1568 indulge·

1130 1581 1223 1619 bant,
1247 1588 1279 1612 ut
1294 1588 1413 1613 constat
1427 1593 1464 1613 ex
1484 1582 1611 1624 epistola
1631 1592 1715 1612 nunc
1736 1584 1800 1613 405
1816 1605 1823 1617 ‚
1838 1587 1867 1612 et
1885 1591 1923 1612 ex
1944 1581 2100 1612 Herbvrto
2115 1605 2122 1617 ,

1130 1634 1210 1666 libro
1227 1639 1244 1667 3
1256 1660 1263 1673 ,
1285 1646 1353 1678 cap.
1374 1639 1432 1673 153
1449 1647 1506 1667 nec
1526 1635 1702 1666 Bernardus
1716 1635 1747 1665 in
1765 1635 1823 1665 bac
1842 1634 1967 1676 epistola
1983 1635 2123 1676 denegat,

1130 1687 1184 1718 sed
1204 1699 1281 1730 quas
1299 1688 1408 1719 hortus
1426 1696 1456 1720 et
1472 1689 1582 1720 nativa?
1599 1688 1765 1719 herbarum
1785 1688 1899 1729 species
1916 1688 2122 1730 suppeditent.

1130 1751 1195 1772 nou
1227 1754 1302 1784 quas
1328 1742 1523 1774 medicorum
1547 1742 1714 1784 apothecae.
1740 1742 1868 1773 Interim
1891 1748 2070 1782 sequentes,
2102 1748 2127 1776 si

1137 1794 1241 1831 lubet,
1264 1802 1405 1827 auctores
1419 1820 1426 1833 ,
1450 1807 1542 1838 super
1563 1795 1621 1826 hoc
1640 1795 1832 1837 problemate
1850 1804 1913 1824 non
1929 1794 2073 1824 inutiliter
2087 1794 2127 1824 lc-

1136 1859 1209 1890 ges:
1228 1852 1259 1881 S.
1276 1850 1424 1880 Basilium
1438 1874 1445 1886 ‚
1468 1850 1500 1880 in
1521 1852 1599 1890 Reg.
1619 1848 1676 1879 fus.
1698 1847 1778 1889 disp.
1798 1857 1866 1888 cap.
1884 1851 1943 1883 ὑὸς
1967 1846 2127 1877 Cassiodo-

1134 1913 1214 1939 rum,
1231 1903 1311 1934 libro
1323 1903 1424 1933 Instit.
1443 1902 1540 1933 divin.
1556 1913 1613 1944 cap
1639 1904 1677 1932 31
1695 1912 1702 1937 3
1717 1900 1846 1936 Estium,
1862 1900 1983 1930 fornel.
1998 1906 2028 1930 et
2045 1900 2125 1930 oliv.

1134 1959 1262 1988 Bonart.
1281 1957 1314 1987 in
1327 1967 1396 1998 cap.
1416 1960 1457 1988 38
1472 1956 1565 1987 Eccli.
1581 1955 1743 1996 Rosignol.
1762 1954 1800 1984 de
1816 1953 1888 1984 vita
1902 1953 1985 1994 relig.
2002 1952 2081 1983 libro
2096 1957 2126 1989 2,

1133 2021 1202 2053 cap.
1238 2013 1276 2041 12
1291 2021 1298 2047 ;
1332 2010 1517 2052 Nigronium
1545 2009 1579 2039 in
1608 2011 1685 2050 Reg.
1709 2018 1820 2039 comm.
1850 2009 1908 2043 17;
1932 2006 2127 2037 Franciscum

1133 2064 1245 2101 Arias,
1278 2064 1316 2095 de
1345 2063 1465 2095 Mortif.
1496 2063 1632 2094 Blosium
1647 2086 1654 2099 ‚
1671 2061 1770 2091 ultim.
1802 2059 1874 2091 edit.
1893 2071 1923 2101 p.
1951 2062 2037 2095 6543
2061 2060 2128 2090 Mo-

1133 2117 1238 2148 lanum
1250 2142 1257 2155 ‚
1299 2117 1379 2148 libro
1420 2116 1458 2147 de
1483 2115 1602 2147 Sanctis
1642 2114 1792 2149 Medicis;
1824 2112 1997 2153 Rodriguez
2009 2136 2015 2148 ,
2051 2116 2068 2143 3
2095 2123 2126 2154 p.

1133 2177 1221 2202 tract.
1236 2175 1266 2207 5,
1286 2182 1353 2213 cap.
1375 2174 1412 2202 17
1428 2181 1435 2206 ;
1451 2171 1571 2201 Platum
1587 2168 1625 2199 de
1639 2170 1724 2198 Bono
1735 2170 1822 2197 Statu
1838 2165 1917 2196 libro
1932 2169 1963 2201 3,
1977 2176 2044 2206 cap.
2061 2168 2100 2197 28
2117 2177 2123 2201 ;

1133 2224 1304 2255 Barradum
1321 2225 1352 2255 in
1370 2228 1485 2265 Evang.
1500 2229 1584 2254 tomo
1606 2226 1637 2258 2,
1653 2221 1733 2252 libro
1747 2225 1777 2257 5,
1794 2231 1862 2261 cap.
1885 2222 1938 2249 20.

1182 2280 1247 2309 643
1269 2281 1302 2308 B.
1317 2281 1376 2309 Pro
1395 2276 1528 2309 Arnulfo
1542 2275 1722 2306 Lexoviensi
1736 2273 1880 2316 episcopo
1893 2272 2001 2303 electo.
2013 2290 2057 2294 —
2069 2276 2091 2301 A
2099 2282 2127 2301 r·

1131 2330 1234 2362 nulfus
1256 2342 1293 2362 ex
1319 2330 1538 2361 archidiacono
1556 2328 1690 2370 Sagieusi
1705 2328 1817 2359 electus
1830 2336 1912 2357 anno
1930 2329 1938 2356 1
1953 2327 2008 2356 141
2032 2325 2062 2354 in
2079 2336 2125 2355 se-

1131 2384 1201 2415 dem
1232 2384 1474 2419 Lexovienaem,
1502 2382 1653 2413 Orderico
1680 2381 1794 2422 passim
1816 2379 2061 2413 Lmovieusem,
2093 2377 2123 2407 in

1129 2439 1275 2471 Neustria
1290 2462 1298 2476 ‚
1325 2438 1370 2468 vir
1393 2437 1500 2468 doctus
1515 2461 1521 2471 ,
1541 2435 1661 2477 scriptis
1682 2433 1819 2476 epistolis
1836 2433 1935 2463 clarus
1950 2456 1957 2468 ,
1977 2431 2015 2461 de
2037 2430 2124 2471 cujus

1129 2493 1278 2523 electione
1303 2491 1396 2522 etiam
1419 2493 1525 2520 Petrus
1545 2486 1741 2518 Vmerabitis
1759 2485 1798 2516 ad
1820 2483 2032 2515 Innocentium
2050 2483 2122 2513 scri-

1128 2546 1187 2588 psit
1204 2569 1211 2580 ,
1228 2556 1294 2587 quse
1313 2550 1358 2575 est
1375 2542 1446 2573 libri
1468 2542 1568 2583 quarti
1591 2540 1718 2582 epistola
1738 2542 1769 2570 7.
1790 2541 1864 2568 Haec
1889 2535 2036 2567 Bernardi
2059 2535 2121 2576 epi-

1128 2600 1205 2631 stola
1224 2600 1356 2642 primum
1375 2609 1391 2629 a
1411 2601 1535 2629 Joanne
1548 2593 1677 2626 Picardo
1693 2592 1774 2623 edita
1791 2597 1834 2621 est
1847 2590 1968 2626 ultima,
1986 2600 2017 2619 n.
2035 2591 2096 2620 367
2111 2612 2119 2624 ,

1128 2653 1167 2685 ab
1184 2654 1309 2685 Horstio
1323 2652 1395 2683 dein
1409 2650 1532 2686 omissa,
1548 2654 1577 2679 et
1590 2657 1695 2678 recusa
1709 2646 1741 2676 in
1755 2643 1908 2686 Spicitegii
1919 2648 2002 2673 tomo
2017 2641 2117 2672 tertio.

1127 2713 1176 2741 De
1193 2708 1302 2739 eodem
1320 2704 1454 2737 Arnulfo
1473 2703 1533 2745 agit
1551 2700 1680 2744 epistola
1698 2701 1775 2729 243.

1178 2765 1241 2794 654
1264 2764 1299 2792 Β.
1315 2758 1538 2790 Dilectissimus
1564 2755 1657 2786 frater
1681 2757 1784 2783 noster
1808 2749 1973 2781 Robertus.
1989 2766 2031 2769 —
2047 2747 2124 2787 Quis

1128 2819 1186 2849 iste
1207 2814 1388 2847 Robertus?
1413 2822 1451 2841 an
1477 2808 1632 2841 Robertus
1656 2806 1706 2837 ille
1731 2805 1776 2835 x‘ir
1801 2808 1939 2837 sanctus,
1959 2811 1975 2831 a
1999 2800 2125 2831 Serlone

1129 2869 1271 2902 laudatus
1305 2867 1336 2896 in
1370 2863 1507 2896 Historia
1540 2859 1744 2896 fontanensi,
1773 2855 1938 2889 §lonastici
1963 2852 2125 2895 Anglicani

1132 2930 1214 2955 tomo
1242 2924 1270 2956 1,
1298 2929 1386 2961 pagg.
1413 2919 1477 2948 743
1500 2921 1529 2946 et
1554 2916 1631 2951 749,
1657 2910 1825 2943 monachus
1846 2907 2002 2950 quondam
2026 2906 2126 2936 wite-

1129 2976 1263 3011 l›iensis‚
1280 2972 1412 3004 sociatus
1432 2967 1590 3000 monachis
1613 2966 1651 2997 de
1673 2963 1815 2996 coenobio
1827 2959 2013 2993 Eboracensi
2027 2969 2126 3000 egres-

1130 3030 1188 3065 sis,
1204 3028 1242 3059 de
1268 3025 1381 3067 quibus
1405 3033 1497 3065 supra
1517 3021 1557 3052 ad
1581 3019 1743 3062 epistolam
1768 3020 1809 3049 95
1835 3021 1864 3046 et
1878 3013 2064 3055 sequentes?
2087 3021 2125 3040 ⁸11

1130 3081 1286 3114 Robertus
1298 3103 1305 3117 ‚
1323 3076 1473 3109 Bernardi
1489 3073 1735 3115 consanguineus
1747 3095 1754 3105 ,
1773 3069 1811 3100 ad
1833 3078 1923 3109 quem
1941 3064 2067 3107 epistola
2086 3065 2095 3093 1
2113 3065 2126 3092 ,³

1178 3137 1240 3165 055
1266 3136 1305 3164 A.
1334 3130 1450 3162 amicus
1473 3127 1585 3170 Sponsi
1606 3137 1670 3156 non
1692 3121 1882 3155 contristabit
1901 3130 1981 3150 eum.
1998 3135 2040 3173 -ῖ
2055 3119 2124 3146 Post

1128 3188 1194 3219 haec
1218 3185 1328 3223 xerha,
1357 3185 1476 3213 amicus
1492 3180 1606 3225 Sponsi
1625 3190 1687 3209 non
1706 3171 1902 3207 contristabit
1921 3181 2004 3227 euni,
2024 3179 2054 3199 in
2069 3177 2126 3224 'co-

1130 3242 1197 3272 dice
1213 3237 1385 3269 vedastino
1403 3235 1527 3266 additur
1542 3244 1548 3264 :
1563 3236 1702 3264 Fratrem
1721 3232 1762 3261 Ν.
1782 3233 1895 3257 πεῖνα»
1919 3226 2072 3264 majestati
2095 3225 2124 3248 ει

1131 3290 1411 3325 commendavimus
1427 3296 1456 3319 et
1481 3283 1751 3318 commendamus,
1771 3281 1842 3325 quia
1867 3269 2128 3328 commendandus

1131 3352 1184 3376 est.
1213 3348 1290 3386 Quae
1317 3354 1390 3375 vero
1418 3346 1588 3383 sequuntur
1609 3336 1743 3380 ejusdem
1768 3331 1901 3374 epistola>
1927 3329 1956 3358 in
1980 3324 2126 3367 pra-dicto
