2517 3936
43 204 141 240 1249
692 206 968 240 Annoxriio
999 207 1044 240 ix
1077 208 1373 245 0605661111
1405 213 1464 245 vi.
2013 225 2108 259 1230

90 282 128 319 3.
153 279 244 329 Quo
259 291 364 316 anno
383 279 549 328 scriptus
572 279 620 315 sit
641 280 711 316 iste
729 279 827 317 liber
844 309 852 325 ‚
878 294 956 317 non
976 280 1088 318 facilc
1105 280 1289 320 dixerim.
1312 283 1355 321 Id
1379 285 1526 323 sactum
1548 299 1694 327 constat
1716 293 1862 331 (h-dinc
1886 297 1959 343 iam
1979 298 2109 348 pluri-

38 361 150 385 mum
167 354 282 384 aucto
301 374 311 390 ,
329 353 369 382 et
388 343 564 382 militum
586 344 1046 396 numeromultiplicato.
1072 346 1259 384 Bcrnardi
1280 348 1399 385 verba
1417 349 1490 387 1106
1507 352 1670 400 probant
1693 370 1729 391 n.
1761 361 1803 393 ΙΟ
1826 375 1833 394 ;
1860 378 1873 391 «
1898 361 1982 397 llaw
2004 363 2109 400 Jcro-

41 431 57 445 »
80 411 241 463 solymis
263 411 499 455 actitantur,
528 418 568 446 et
594 409 700 447 orbis
730 412 933 448 excitatur.
960 411 1140 449 Andium
1166 412 1301 451 insulae
1319 443 1328 457 ,
1354 424 1391 451 ct
1416 415 1628 455 attendunt
1656 421 1792 469 populi
1822 423 1870 459 dc
1899 425 2010 476 lom-‚c
2027 458 2035 470 ,
2073 440 2110 466 ct

41 497 58 512 η
85 476 286 516 ebulliunt
314 476 365 515 ab
387 476 550 514 Oriente
570 485 610 513 ct
643 475 920 515 Occidente....
956 475 1156 527 Quodque
1178 479 1351 516 cernitur
1367 480 1600 528 jucundius,
1625 492 1663 521 ct
1692 486 1819 534 agitur
1839 492 2080 530 commodius
2101 525 2109 536 ,

44 563 61 577 »
83 557 228 595 paucos
251 541 472 580 admodum
495 542 535 579 111
550 550 660 580 tanta
675 541 933 580 multitudine
953 542 1167 580 hominum
1191 542 1258 580 illo
1286 544 1482 583 confluere
1513 547 1664 593 videas,
1696 551 1767 587 nisi
1790 553 1925 602 utiquc
1954 557 2114 595 scelera-

46 628 62 644 »
86 618 146 648 tos
163 639 172 657 ,
194 627 208 644 »
223 618 297 647 etc.
318 609 438 659 Atqui
453 615 543 646 ante
562 606 773 645 concilium
791 607 987 645 Trecense
1003 638 1011 651 ,
1031 607 1071 645 id
1087 616 1144 645 est
1158 617 1247 646 ante
1263 623 1414 648 annum
1436 614 1547 658 1127,
1566 627 1708 651 novem
1727 625 1882 654 tantuin
1904 632 2013 659 crant
2032 625 2116 671 vjns.

42 676 212 715 instituti
233 674 404 722 Milites,
429 683 541 712 ut-ex
559 672 776 712 Guillelmo
804 687 896 711 mox
914 672 1152 711 videbimus.
1178 673 1253 711 Vix
1275 689 1367 727 ergo
1384 686 1476 714 ante
1493 691 1645 716 annum
1670 682 1767 718 1132
1784 712 1792 728 ‚
1813 682 1874 719 liic
1901 684 1998 722 liber
2016 701 2118 725 com-

41 743 195 794 positus
209 740 286 780 dici
304 749 459 792 potest,
480 738 549 778 sed.
568 748 700 778 tamen
721 748 814 777 ante
842 753 995 777 31111001
1025 740 1124 778 1136
1144 769 1153 786 ,
1175 753 1256 790 quo
1279 740 1360 778 scre
1389 755 1493 780 anno
1523 743 1720 783 Robcrtus
1750 749 1931 799 magister
1964 752 2118 803 111ιῦουί

43 809 238 847 successit.

99 873 138 912 4.
160 871 485 925 Templariorum
504 871 704 924 Regulam
722 885 769 910 ex
786 870 916 909 codice
944 869 1148 909 Victorino
1176 871 1280 922 typis
1301 872 1504 913 mandavit
1531 875 1692 916 Miraeus
1712 909 1720 925 ‚
1742 894 1908 931 canique
1928 883 2122 922 Chronico

44 938 290 978 Cisterciensi
309 939 476 977 inseruit
495 968 504 986 ,
535 957 551 972 κ
580 946 719 989 utpote
739 951 761 975 a
783 945 916 975 sancto
936 935 1138 974 Bernardo
1153 966 1163 983 ,
1199 955 1215 970 n
1245 938 1373 989 inquit
1391 970 1399 987 ,
1431 958 1444 973 «
1468 941 1607 980 abbate
1642 944 1980 995 Clarae-Yallcnsi,
2015 961 2060 989 ut
2076 966 2122 989 ex

50 1024 66 1040 „
81 1004 245 1057 prologo
262 1014 372 1057 patet
390 1035 400 1053 ,
417 1004 619 1044 dictatam.
651 1023 665 1038 υ
693 1002 846 1057 Regula
864 1003 947 1042 haec
969 1002 1137 1041 totidem
1165 1004 1344 1054 capitulis
1364 1036 1372 1050 ,
1402 1017 1500 1057 quot
1517 1008 1668 1061 Regula
1696 1014 1815 1051 sancti
1833 1013 2028 1054 Benedicti
2045 1047 2053 1063 ‚
2077 1030 2124 1054 ex

47 1085 130 1124 qua
147 1085 293 1124 inagna
317 1086 364 1110 ex
385 1080 496 1123 parte
521 1071 571 1110 de
598 1071 721 1110 verbo
745 1079 906 1121 sumpta
923 1078 982 1108 est
999 1100 1008 1117 ‚
1040 1078 1215 1117 constat,
1248 1070 1289 1108 id
1315 1081 1371 1110 est
1390 1063 1568 1124 capitulis
1588 1080 1832 1130 septuaginta
1858 1080 2029 1121 (luobus.
2063 1082 2123 1121 Sic

49 1150 144 1176 vero
161 1136 388 1175 inscribitur
407 1146 499 1175 ante
523 1136 734 1189 prologum
754 1152 763 1173 ε
788 1154 802 1169 α
822 1135 976 1188 Regula
993 1149 1219 1186 pauperum
1247 1138 1563 1179 commilitonum
1591 1141 1738 1181 Christi
1756 1145 1994 1199 Templiquc.
2014 1149 2126 1188 Salo-

51 1221 66 1238 »
85 1204 244 1242 monici.
264 1221 279 1236 »
306 1203 510 1242 Mam-icus
536 1202 586 1241 ad
614 1216 767 1240 annum
788 1203 888 1240 1128
901 1231 910 1248 ⁷
938 1214 1022 1251 cap.
1049 1203 1072 1238 2
1091 1231 1098 1247 ‚
1131 1201 1233 1240 113116
1264 1203 1459 1255 Regulam
1480 1205 1677 1246 Bernardo
1697 1213 1845 1249 auctori
1865 1228 1955 1251 cum
1988 1215 2031 1252 M
2037 1216 2125 1254 iraeo

49 1269 193 1309 tribuit
208 1300 218 1318 ,
237 1269 289 1308 ad
304 1268 427 1321 idque
440 1267 696 1320 probandum
711 1267 793 1305 duo
807 1266 892 1304 loca
911 1265 1072 1305 adducit
1088 1282 1131 1305 ex
1150 1268 1326 1321 prologo.
1348 1269 1508 1309 Primus
1528 1272 1634 1311 locus
1665 1276 1715 1312 sic
1734 1275 1853 1315 1131161
1874 1294 1882 1315 :
1904 1298 1916 1311 «
1937 1279 2036 1318 Sanc
2056 1295 2127 1318 au—

52 1354 68 1370 »
89 1344 172 1375 tem
185 1349 348 1388 prorsus
369 1334 459 1374 licet
474 1336 597 1373 nostri
612 1333 835 1373 dictaminis
855 1334 1133 1371 auctoritatem
1151 1335 1420 1385 permaximus
1447 1351 1640 1376 numerus
1659 1339 1929 1392 religiosorum
1946 1343 2124 1390 Patrum,

54 1402 217 1453 »quiin
247 1400 316 1438 1110
346 1399 512 1439 60061110
539 1399 675 1438 divina
716 1398 986 1437 admonitione
1019 1409 1316 1447 convenerunt,
1348 1402 1616 1450 commendat;
1645 1418 1723 1442 non
1755 1405 1944 1445 debemus
1973 1408 2129 1448 silenter

54 1486 69 1501 »
92 1468 258 1506 transire
278 1497 288 1516 ,
311 1466 459 1518 quibus
492 1465 720 1505 videntibus
755 1475 794 1504 et
824 1479 936 1504 veras
963 1465 1176 1503 sententias
1203 1464 1525 1515 proferentibus,
1562 1482 1632 1520 ego
1665 1469 1834 1509 Joannes
1854 1472 2131 1513 Michaelensis

54 1551 70 1567 »
84 1534 284 1586 praesentis
303 1534 478 1586 paginae,
496 1533 610 1583 jussu
633 1531 787 1570 concilii
807 1546 850 1569 36
872 1530 1110 1569 venerahilis
1125 1530 1276 1570 abbatis
1292 1531 1632 1573 Cla1·ae-·Valle11sis
1648 1566 1657 1583 ,
1688 1538 1750 1574 cui
1771 1538 1962 1577 creditum
1989 1554 2030 1578 ac
2059 1540 2133 1579 de—

54 1618 70 1634 »
85 1600 218 1639 bitum
244 1599 320 1638 hoc
339 1608 423 1638 erat
437 1629 446 1647 ‚
470 1598 636 1637 humilis
658 1598 783 1636 scriba
798 1612 880 1636 esse
900 1597 1032 1636 divina
1051 1598 1174 1649 gratia
1190 1599 1333 1637 merui.
1352 1618 1365 1633 υ
1387 1599 1543 1638 Verum
1567 1601 1647 1641 haec
1667 1602 1788 1641 verba
1808 1618 1886 1642 11011
1915 1607 2133 1658 significant

56 1665 183 1705 ullam
198 1665 396 1719 Regulam
416 1680 439 1704 a
467 1665 669 1704 Bel-nardo
683 1679 756 1716 pro
772 1664 1012 1716 Templariis
1031 1665 1149 1702 fuisse
1173 1665 1431 1716 compositam
1451 1683 1459 1703 :
1482 1666 1551 1704 sed
1565 1682 1658 1706 60111
1674 1670 1713 1706 111
1730 1669 1751 1706 J
1755 1684 1923 1708 oannem
1950 1672 2134 1710 Michae-

56 1731 206 1770 lensem
227 1731 402 1781 rejecisse
425 1731 659 1782 impositum
693 1730 765 1768 sibi
794 1729 927 1768 scribae
950 1729 1140 1768 officium.
1169 1730 1308 1782 Neque
1329 1732 1549 1784 quidquam
1575 1735 1745 1785 amplius
1764 1737 1964 1775 conficitur
1992 1752 2037 1775 ex
2069 1752 2137 1776 se-

57 1796 275 1848 quentibus
288 1796 420 1835 verbis
436 1826 445 1844 ,
468 1810 556 1847 quae
579 1805 669 1848 post
692 1796 1037 1834 enumerationem
1061 1795 1229 1835 Patrum
1250 1797 1452 1836 Trecensis
1477 1799 1626 1837 concilii
1646 1800 1719 1838 hoc
1740 1801 1859 1839 inodo
1877 1803 2102 1842 reseruntur
2125 1820 2132 1840 :

59 1879 74 1895 u
94 1862 183 1914 Ipse
204 1851 298 1901 vero
321 1862 508 1914 magister
531 1861 681 1901 militiae
700 1892 708 1909 ,
739 1862 856 1913 Hugo
872 1862 1034 1900 nomine
1048 1892 1057 1909 ,
1088 1877 1223 1901 revera
1243 1878 1323 1901 non
1343 1863 1490 1913 defuit,
1516 1875 1554 1903 61
1573 1866 1765 1917 quosdam
1783 1867 1831 1905 de
1850 1867 2036 1906 fratribus
2060 1871 2138 1907 suis

60 1948 74 1964 υ
95 1942 229 1967 secum
247 1927 392 1966 habuit
406 1958 415 1976 ‚
434 1927 544 1967 verbi
574 1929 699 1981 gratia
722 1927 769 1965 F.
793 1927 1055 1966 Godefridum
1071 1958 1080 1975 ,
1113 1927 1159 1966 F.
1184 1928 1421 1977 Rovallmu,
1446 1930 1492 1968 F.
1524 1930 1765 1969 Gaufridum
1786 1932 1915 1981 Bisol,
1947 1934 1991 1971 F.
2015 1933 2136 1986 Paga-

58 2013 74 2029 »
89 2009 190 2033 num
212 1994 262 2032 de
277 1993 643 2033 Monte—Desiderii
656 2025 665 2042 ‚
692 1992 1050 2032 Archembaudum
1073 1993 1121 2032 de
1142 1993 1482 2034 Sancto-Amano.
1503 1997 1578 2035 Iste
1595 2011 1685 2035 vero
1714 1999 1897 2050 magister
1915 2000 2029 2051 Hugo
2049 2014 2139 2037 611111

61 2079 76 2095 υ
95 2061 178 2100 15115
191 2059 394 2112 discipulis
408 2060 577 2099 modum
601 2069 640 2099 et
656 2059 950 2098 observantiam
971 2060 1119 2113 exigua?
1143 2060 1405 2099 inchoationis
1433 2063 1491 2100 sui
1515 2062 1694 2101 militaris
1713 2063 1872 2102 Ordinis
1889 2095 1898 2111 ,
1920 2066 1990 2115 qui
2008 2064 2057 2102 ab
2074 2064 2141 2103 illo

63 2145 78 2161 »
95 2127 168 2178 qui*
182 2126 276 2165 dicit
290 2158 298 2174 ‚
318 2130 400 2177 Ego
414 2132 650 2177 principium
680 2132 746 2176 qui
770 2137 806 2163 et
827 2130 960 2176 loquor
983 2126 1088 2163 vobis
1103 2156 1113 2171 ‚
1133 2129 1303 2178 sumpsit
1324 2129 1529 2167 exordium
1544 2161 1552 2177 ‚
1583 2131 1694 2180 juxta
1713 2132 1908 2169 memoriae
1936 2145 2012 2169 suae
2033 2133 2141 2169 noti-

61 2213 76 2228 »
97 2195 195 2232 tiam
215 2207 337 2245 supra
353 2194 568 2232 nominatis
592 2192 778 2232 Patribus
805 2193 1018 2231 intimavit.
1048 2192 1204 2231 Placuit
1232 2195 1368 2245 itaque
1398 2195 1560 2234 concilio
1575 2227 1584 2242 ‚
1608 2205 1652 2234 ut
1679 2196 1883 2234 consilium
1910 2196 1963 2233 ibi
1986 2196 2081 2234 lima
2101 2206 2139 2234 et

61 2278 77 2295 »
95 2259 406 2298 consideratione
441 2258 668 2297 divinarum
701 2258 999 2309 Scripturarum
1030 2257 1242 2310 diligenter
1275 2262 1546 2300 examinatum
1560 2293 1569 2310 ,
1608 2273 1739 2300 tamen
1774 2277 1864 2300 cum
1895 2262 2139 2313 providentia

62 2343 77 2359 »
94 2325 210 2376 Papae
233 2325 512 2363 Romanorum
527 2338 571 2362 36
591 2323 827 2362 Patriarchae
848 2323 1241 2377 Jerosolymitarum,
1261 2342 1411 2366 necnon
1429 2329 1548 2367 etiam
1569 2343 1726 2367 assensu
1747 2328 1905 2379 capituli
1918 2342 2140 2380 pauperum

65 2409 80 2425 υ
96 2389 417 2429 commilitonum
439 2389 578 2441 templi
602 2388 713 2440 quod
732 2390 847 2427 estin
869 2389 1092 2428 Jerusalem
1108 2421 1116 2437 ,
1139 2392 1282 2443 scripto
1303 2393 1661 2438 connnendaretur,
1691 2403 1729 2432 et
1748 2393 2046 2431 inenodabiliter
2062 2406 2140 2430 ser-

67 2474 82 2490 »
98 2463 274 2495 varetur.
304 2475 320 2489 »ι
342 2454 499 2505 Quibus
527 2455 656 2493 verbis
683 2453 724 2492 id
743 2464 901 2493 tantum
929 2469 951 2492 a
970 2455 1156 2494 Patribus
1183 2459 1377 2497 sancitum
1408 2460 1528 2497 fuisse
1556 2458 1830 2511 intelligimus,
1865 2468 1910 2496 ut
1943 2458 2138 2496 Militibus

66 2520 219 2574 Regula
231 2535 277 2560 ex
292 2535 433 2559 eorum
456 2535 650 2560 consensu
667 2552 675 2569 ‚
696 2520 883 2560 consultis
903 2522 1086 2560 Romano
1102 2523 1288 2562 Pontifice
1306 2534 1343 2562 61
1360 2524 1586 2563 Ρ3111316113
1605 2524 1942 2575 JerosolymitanQ
1961 2525 2139 2574 111665611-

65 2587 256 2626 beretur:
279 2586 346 2625 sed
362 2587 586 2626 Bernardus
604 2588 688 2638 ejus
715 2597 852 2627 auctor
873 2603 1129 2640 nequaquam
1153 2591 1350 2628 asseritur.
1381 2590 1570 2640 Quinimo
1595 2590 1793 2627 Allicricus
1813 2589 1969 2627 Ordinis
1996 2588 2139 2626 Cister-

68 2653 205 2692 ciensis
227 2652 375 2692 eisdem
405 2653 605 2692 Militibus
634 2653 831 2707 Regulam
867 2656 988 2693 sancti
1020 2655 1230 2707 Augustini
1269 2656 1497 2706 impositam
1523 2654 1668 2692 scribit.
1707 2653 1822 2691 [nde
1854 2655 1893 2690 in
1922 2652 2138 2691 Monastico

70 2719 283 2772 Anglicano
301 2719 352 2757 ad
371 2719 564 2758 Ordinem
579 2721 699 2759 sancti
717 2721 926 2774 Augustini
943 2730 1192 2760 revocantur.
1212 2720 1438 2758 Permirum
1458 2729 1555 2757 essct
1568 2750 1576 2766 ‚
1595 2720 1623 2756 si
1646 2718 1844 2756 Albcricus
1864 2717 2139 2756 Trium—Fon-

69 2785 173 2823 tium
194 2783 307 2822 haud
334 2783 448 2836 longe
474 2798 497 2822 a
523 2783 776 2824 Clara-Valle
798 2786 1018 2824 monachus
1037 2786 1298 2824 Cisterciensis
1315 2816 1323 2831 ,
1346 2785 1447 2822 lianc
1476 2783 1664 2822 Bel-nardi
1687 2782 1879 2835 Regulam
1898 2783 2107 2835 ignorasset
2125 2815 2134 2831 ‚

70 2858 109 2888 et
122 2864 196 2902 pro
210 2849 279 2888 illa
297 2849 517 2897 Militibus,
540 2851 609 2901 qui
629 2851 712 2901 ejus
731 2860 908 2903 tempore
927 2862 1158 2903 supererant
1175 2882 1183 2897 ‚
1206 2851 1325 2889 aliam
1342 2850 1551 2888 tribuisset.
1578 2847 1814 2886 Guillelmus
1836 2848 2022 2899 Tyrensis
2051 2849 2141 2899 epi-

70 2928 210 2967 scopus
232 2916 274 2953 in
287 2916 371 2965 jam
390 2915 483 2953 dicti
509 2914 600 2953 libri
620 2915 845 2954 duodecimi
869 2918 993 2968 capite
1014 2919 1204 2968 septimo,
1226 2915 1343 2954 tradit
1359 2946 1367 2961 ,
1397 2914 1541 2952 eisdem
1572 2913 1768 2951 Militibus
1783 2943 1792 2959 ,
1820 2913 1886 2963 qui
1906 2922 1995 2950 ante
2017 2914 2142 2950 conci-

69 2979 172 3019 lium
191 2979 384 3019 Trecense
408 2998 422 3014 «
442 2981 598 3019 nonnisi
622 2995 766 3020 novem
789 2992 900 3021 erant
914 3013 923 3030 ‚
946 2982 993 3021 de
1013 2982 1200 3020 mandato
1229 2981 1379 3019 domini
1402 2980 1566 3018 Honorii
1586 2993 1694 3029 papae
1721 2989 1760 3016 et
1782 2978 1931 3016 domini
1955 2977 2143 3028 Stephani

75 3062 90 3078 »
106 3044 424 3098 Jerosolymitani
460 3046 715 3098 patriarchae,
747 3046 867 3086 fuisse
901 3049 1123 3087 institutam
1148 3046 1342 3099 Regulam
1359 3076 1368 3092 ,
1401 3055 1439 3083 et
1465 3044 1601 3082 album
1630 3044 1813 3082 habitum
1840 3045 2077 3095 assignatum
2095 3073 2103 3089 ,
2128 3062 2142 3075 »

74 3123 167 3148 cum
185 3119 300 3149 antea
326 3110 481 3164 vulgari
507 3112 567 3150 usi
585 3121 726 3150 essent.
765 3131 781 3145 «
805 3112 1068 3151 Postmodum
1085 3126 1176 3151 vero
1201 3123 1377 3162 tempore
1399 3110 1549 3148 domini
1567 3110 1732 3161 Eugenii
1753 3123 1860 3160 papae
1877 3139 1886 3155 ,
1907 3118 1951 3146 ut
1977 3108 2118 3145 dicitur
2131 3137 2140 3153 ,

75 3192 91 3209 2>
107 3189 238 3215 cruces
256 3175 305 3214 de
320 3190 453 3227 panno
470 3176 598 3215 rubeo
614 3176 812 3216 mantellis
833 3179 913 3216 suis
931 3187 1132 3230 coeperunt
1152 3191 1306 3215 assuere
1320 3207 1328 3223 ,
1352 3195 1367 3209 n
1394 3186 1475 3214 tam
1495 3176 1643 3226 equites
1663 3206 1672 3222 ‚
1697 3193 1709 3207 κ
1739 3188 1861 3225 quam
1880 3187 2017 3211 eorum
2041 3173 2072 3209 F
2075 3186 2144 3209 ra-

78 3257 93 3274 »
117 3250 197 3280 tres
213 3272 222 3290 ,
243 3242 314 3293 qui
345 3241 534 3281 dicuntur
552 3241 787 3282 servientes.
809 3243 994 3293 Quorum
1018 3258 1078 3282 res
1099 3243 1195 3282 adeo
1222 3243 1342 3280 crevit
1369 3243 1407 3279 in
1438 3243 1679 3279 immensum
1697 3270 1705 3286 ‚
1730 3249 1773 3277 ut
1802 3238 1940 3284 hodie,
1967 3256 1982 3270 υ
2015 3237 2143 3287 inquit

79 3305 320 3346 Guillelmus
331 3338 341 3355 ‚
357 3326 371 3341 α
389 3317 583 3347 trecentos
602 3308 693 3361 plus
709 3310 891 3348 minusve
908 3311 948 3347 in
967 3318 1162 3348 conventu
1179 3309 1352 3346 habeant
1365 3308 1513 3358 equites
1525 3337 1533 3353 ,
1556 3305 1653 3343 albis
1674 3302 1946 3354 chlamydibus
1966 3301 2122 3338 indutos
2134 3331 2142 3344 ,

85 3388 101 3404 ι)
120 3373 285 3424 exceptis
306 3373 526 3412 Fratribus.
562 3393 578 3408 n
605 3374 664 3412 Ex
693 3373 755 3413 his
774 3375 984 3425 postremis
1006 3374 1138 3413 verbis
1161 3374 1415 3423 conjicimus,
1450 3369 1638 3423 Regulam
1668 3368 1774 3406 illam
1794 3398 1802 3415 ,
1840 3381 1925 3417 (11116
1950 3366 2145 3403 Bernardo

241 3447 331 3470 1011.
363 3449 408 3471 11.
1948 3430 1995 3465 40
