2517 3936
112 203 205 240 1321

638 206 926 244 TRACTATL'S
956 210 1020 244 DE
1048 210 1301 248 GRADIBUS
1332 213 1663 252 HUMILITATIS.

108 289 236 322 autem
271 279 435 317 dixerim
459 279 586 327 illum,
613 281 681 330 qui
712 295 780 319 sua
807 292 963 333 peccata
991 284 1124 321 defen=
1137 287 1182 306 ³⁸¹
1199 300 1312 336 quam
1338 296 1377 324 tu
1397 292 1585 338 quaesisti,
1609 302 1645 329 et
1666 308 1776 343 quam
1800 297 1878 346 ipse

2099 223 2194 260 1322

1908 301 2084 348 promisi,
2110 310 2193 336 tan-

108 340 222 387 dens,
242 340 282 377 in
302 347 480 377 octavum
497 337 577 388 jam
599 341 744 377 corruit
761 343 933 391 gradum.
956 347 987 379 A
1008 357 1114 380 mor·
1131 354 1162 387 A
1183 345 1267 382 dem
1289 347 1523 395 exhibuisse,
1549 365 1632 387 cum
1658 366 1728 402 pro
1754 356 1930 403 gradibus
1946 359 2164 396 humilitatis
2179 390 2188 405 ,

108 408 175 437 tuo
207 400 332 447 enim,
353 407 534 448 tanquam
562 399 629 448 qui
650 413 728 437 non
755 410 827 449 est,
850 403 950 452 perit
976 404 1123 441 confes-

108 461 164 498 sio
182 467 208 497 ¹.
239 464 331 498 Post
359 459 549 496 decimum
579 473 696 505 vero,
725 462 791 510 qui
821 463 955 499 tertius
988 472 1044 500 est
1073 463 1120 500 ab

108 529 265 567 octavo,
293 519 374 570 jam
403 520 563 557 effertur
595 520 635 556 in
664 519 878 558 libertatem
908 524 1117 573 peccandi,

108 581 264 632 quando
296 580 503 631 expellitur
530 594 552 617 a
582 581 776 617 consortio
808 583 1041 620 monasterii.
1069 588 1119 621 At

107 650 314 693 postquam
331 649 511 691 quartum
527 640 736 687 transierit,
753 639 834 689 jam
852 650 953 679 recte
969 643 1117 692 quatri-

109 702 260 740 duanus
286 701 446 749 dicitur,
470 700 560 738 dum
587 700 626 737 in
652 700 830 750 quintum
849 700 1029 739 decidens
1049 715 1119 752 per

108 761 429 800 consuetudinem
449 761 644 811 sepelitur.
1065 773 1068 776 ·

163 824 226 862 56.
255 822 367 861 Absit
392 830 519 859 autern
543 835 565 859 a
589 820 720 865 nobis,
745 830 789 858 ut
814 821 927 858 etiam
948 835 1020 872 pro
1039 823 1124 859 tali-

108 883 201 932 bus,
220 883 291 921 etsi
310 883 436 934 palam
455 896 533 920 non
551 882 820 934 praesumimus
832 912 842 929 ,
857 883 918 920 vel
934 883 974 920 in
995 883 1123 921 cordi-

108 944 182 982 bus
206 943 347 982 nostris
379 957 491 981 orare
520 956 710 981 cessemus
740 958 748 981 ε
779 957 864 980 cum
886 944 1026 981 Paulus
1057 958 1122 982 eos

108 1018 266 1057 quoque
287 1005 457 1055 lugeret,
479 1018 577 1055 quos
600 1004 681 1042 sine
701 1003 928 1054 poenitentia
948 1013 1122 1042 mortuos

1189 406 1377 455 superbiae
1403 410 1542 458 gradus
1570 411 1699 448 videar
1725 413 1976 465 descripsisse.
2004 419 2058 455 Ad
2082 419 2185 468 quod

1187 478 1257 515 ego
1287 481 1294 503 τ
1322 470 1404 504 Non
1429 470 1538 518 potui
1565 470 1701 508 docere
1728 474 1796 509 nisi
1823 475 1925 522 quod
1953 477 2077 514 didici.
2103 482 2184 515 Non

1185 526 1317 573 putavi
1352 540 1562 577 congruum
1599 543 1658 566 me
1691 531 1902 569 describere
1929 537 2184 581 ascensiones,

1184 585 1250 633 qui
1267 586 1351 635 plus
1368 587 1610 635 descendere,
1630 604 1742 640 quam
1763 593 1961 629 ascendere
1983 595 2082 631 nox-i.
2100 600 2188 632 Pro-

1184 655 1304 694 ponat
1333 646 1399 683 tibi
1428 647 1560 686 beatus
1583 651 1808 688 Benedictus
1836 652 1971 701 gradus
2003 654 2187 691 humilita-

1187 706 1257 752 tis,
1288 721 1383 757 quos
1410 708 1489 758 ipse
1520 710 1625 759 prius
1654 711 1692 746 in
1722 711 1836 748 corde
1866 725 1934 748 suo
1963 712 2147 763 disposuit
2176 730 2184 751 :

1189 779 1259 816 ego
1287 768 1379 817 quid
1403 782 1618 820 proponam
1644 784 1720 807 non
1753 770 1896 818 habeo,
1917 772 1987 808 nisi
2014 773 2187 810 ordinem

1190 839 1282 862 meae
1314 826 1584 866 descensionis.
1604 833 1647 866 In
1670 843 1745 880 quo
1775 839 1918 878 tamen,
1936 832 1966 868 si
1989 832 2187 882 diligenter

1188 886 1408 937 inspicitur,
1436 890 1497 926 via
1529 890 1686 927 forsitan
1717 892 1945 928 ascensionis
1986 894 2184 941 reperitur.

1189 948 1226 985 Si
1255 949 1353 985 enim
1378 949 1446 986 tibi
1473 954 1634 988 Romam
1663 952 1835 988 tendenti
1861 951 1975 988 homo
2005 952 2091 989 inde
2118 967 2186 989 ve-

1189 1008 1297 1045 niens
1330 1008 1519 1056 obviaret,
1558 1010 1737 1061 qiiaesitus
1773 1012 1890 1058 viam,
1929 1012 2019 1061 quid
2054 1014 2186 1050 melius

109 1066 224 1104 sciret
241 1072 269 1103 ².
299 1065 379 1104 Etsi
408 1066 511 1103 enim
537 1079 559 1103 a
587 1064 857 1103 communibus
883 1065 1123 1104 orationibus
1143 1077 1170 1111 Β
1191 1080 1304 1116 quam
1334 1069 1457 1117 illam,
1484 1084 1559 1120 qua
1585 1072 1708 1119 venit,
1735 1072 1972 1108 ostenderet?
1995 1076 2091 1109 Dum
2124 1087 2186 1109 ca—

109 1127 184 1178 ipsi
219 1140 259 1165 se
293 1126 522 1174 excludunt,
552 1126 620 1164 sed
648 1125 696 1164 ab
727 1125 927 1163 affectibus
961 1127 1120 1164 omnino

109 1201 191 1225 non
222 1195 397 1238 possunt.
425 1186 602 1225 Viderint
633 1195 761 1224 tamen
787 1187 827 1224 in
853 1195 998 1237 quanto
1024 1188 1123 1238 peri·

110 1249 199 1286 culo
216 1248 313 1296 sint,
331 1261 404 1299 pro
424 1247 564 1299 quibus
584 1248 752 1286 Ecclesia
770 1248 896 1298 palam
913 1261 1024 1286 orare
1043 1262 1123 1285 non

110 1306 270 1354 audeat,
299 1320 384 1357 quae
416 1306 581 1344 fidenter
608 1307 722 1344 etiam
752 1319 825 1357 pro
854 1305 1017 1353 Judaeis,
1052 1320 1123 1357 pro

109 1367 313 1414 haereticis,
331 1380 404 1418 pro
422 1366 639 1406 Gentilibus
656 1375 752 1405 orat.
767 1369 863 1405 Cum
883 1367 986 1404 enim
1002 1368 1041 1405 in
1058 1372 1125 1406 Pa-

111 1441 265 1466 rasceve
287 1429 513 1466 nominatim
537 1437 670 1466 oretur
688 1442 761 1479 pro
789 1427 1026 1479 quibuslibet
1048 1443 1126 1467 ma-

111 1490 175 1537 lis,
193 1490 299 1528 nulla
317 1498 441 1527 tamen
455 1490 600 1528 mentio
616 1490 659 1527 fit
679 1489 727 1527 de
749 1490 1103 1528 excommunicatis.

164 1551 227 1589 57.
256 1551 361 1589 Dicis
384 1551 505 1598 forte,
529 1551 646 1588 frater
675 1550 906 1596 Godefride,
934 1564 995 1588 me
1022 1552 1124 1589 aliud

162 1684 173 1700 ¹
193 1678 292 1711 Eccli.
307 1690 401 1719 xvn,
426 1682 481 1712 26.
495 1698 540 1703 —-—
560 1684 574 1701 ²
593 1682 626 1712 11
645 1681 718 1713 Cor.
736 1691 806 1718 ΧΠ,
830 1682 885 1711 21.

1188 1127 1314 1174 stella,
1333 1129 1460 1176 villas,
1491 1130 1625 1177 urbes,
1659 1132 1813 1178 fluvios,
1841 1146 1882 1169 ac
1910 1140 2078 1179 montes,
2114 1146 2182 1182 per

1188 1201 1284 1237 quos
1328 1191 1537 1238 transierit,
1578 1193 1767 1239 nominat,
1805 1206 1914 1229 suum
1954 1193 2182 1230 denuntians

1190 1247 1284 1295 iter,
1309 1257 1416 1286 tuum
1445 1250 1513 1287 tibi
1536 1253 1766 1301 praenuntiat
1791 1267 1797 1288 :
1823 1253 1872 1288 ita
1893 1260 1933 1288 ut
1953 1252 2083 1289 eadem
2104 1254 2186 1289 loca

1190 1321 1438 1359 recognoscas
1471 1311 1615 1357 eundo,
1649 1325 1732 1361 quae
1767 1312 1828 1348 ille
1872 1313 2187 1365 pertransiitlve-

1190 1369 1343 1406 niendo.
1360 1374 1404 1407 In
1419 1370 1488 1407 hac
1508 1372 1678 1409 similiter
1698 1381 1827 1409 nostra
1842 1372 2085 1409 descensione
2102 1387 2186 1422 gra-

1192 1430 1261 1467 dus
1282 1431 1516 1468 ascensorios
1540 1432 1697 1469 fortasse
1726 1432 1910 1482 reperies,
1941 1446 2036 1482 quos
2062 1446 2188 1469 ascen-

1192 1491 1318 1528 dendo
1342 1492 1476 1529 melius
1496 1501 1536 1529 tu
1561 1493 1600 1529 in
1620 1502 1685 1531 tuo
1708 1493 1822 1531 corde
1836 1522 1845 1539 ‚
1863 1507 1976 1543 quam
1995 1494 2033 1530 in
2058 1502 2186 1531 nostro

1194 1551 1325 1589 codice
1346 1552 1457 1603 leges.
1474 1556 1608 1591 Amen.

322 2364 554 2402 EXPLICIT
581 2361 872 2403 TRACTATUS
902 2367 968 2402 DE
996 2365 1248 2403 GRADIBUS
1277 2364 1597 2403 HUMILITATIS
1622 2365 1680 2400 ET
1708 2362 1971 2399 SUPERBIAE.
