2533 3920
362 242 434 278 183

1034 402 1249 414 ιιιιιιιιινιιιι-

487 514 858 570 EPISTOLA
907 515 1235 576 XXXVII?

481 660 528 681 AD
557 660 805 684 THEOBALDUM
835 662 1008 686 COMITEM
1036 664 1234 689 CAMPANIAE.

352 773 488 805 Miratur
516 786 548 807 se
573 775 605 807 in
629 788 720 809 causa
746 778 915 811 Humberti
937 781 1020 823 justa
1036 788 1066 813 et
1091 792 1180 824 aequa
1206 790 1365 825 petentem

399 828 462 869 pati
484 830 641 872 repulsam
662 842 669 862 :
696 839 864 876 monetque
880 834 995 867 intuitu
1011 837 1149 878 supremi
1169 840 1189 869 J
1193 837 1289 868 udicis
1309 838 1369 869 mi-

396 893 465 914 sero
484 895 549 915 non
564 892 654 928 neget
667 898 759 929 opem
776 895 805 919 et
825 889 1082 922 misericordiam.

348 994 548 1033 Laudabili
568 998 732 1050 principi
749 1005 977 1040 Tnssossxnno
988 1004 1016 1050 *,
1039 1007 1262 1041 Bam-‚mors
1296 1018 1364 1041 eo-

408 1067 492 1090 rum
514 1057 579 1104 qui
607 1058 646 1093 in
676 1059 910 1098 Clara—Valle
942 1072 1048 1109 sunt,
1071 1077 1270 1101 servorum
1291 1065 1361 1102 Dei

400 1115 544 1152 inutilis
564 1129 695 1155 servus
709 1148 718 1165 ,
742 1122 962 1171 sospitatem
984 1132 1021 1160 et
1039 1137 1183 1174 pacem.

404 1234 435 1270 1.
470 1236 582 1282 Quod
619 1238 667 1275 de
706 1249 838 1278 nostra
873 1241 1094 1281 infirmitate
1131 1258 1200 1282 vos
1229 1245 1358 1282 audivi

347 1292 461 1330 fuisse
482 1297 706 1346 sollicitum,
737 1314 816 1337 non
849 1303 1092 1341 mediocriter
1118 1313 1267 1354 gratum
1290 1305 1358 1342 ha-

346 1351 432 1391 beo.
454 1358 496 1392 In
519 1357 590 1394 hoc
604 1360 748 1411 quippe
769 1361 860 1398 dum
877 1373 1045 1401 vestram
1063 1378 1151 1415 erga
1166 1379 1225 1402 me
1247 1379 1361 1415 agno-

343 1426 408 1450 sco
445 1415 726 1468 dignationem,
767 1426 891 1460 Deum
928 1439 1084 1475 quoque
1113 1439 1182 1462 vos
1204 1425 1359 1476 diligere

344 1485 423 1509 non
445 1474 592 1515 dubito.
615 1482 778 1527 Quando
803 1484 902 1520 enim
927 1486 1118 1522 tantillum
1141 1495 1267 1523 tantus
1300 1488 1359 1524 vel

343 1547 454 1571 nosse
486 1536 762 1589 dignaremini,
793 1544 863 1580 nisi
895 1555 1056 1596 propter
1076 1548 1228 1583 Deum?
1262 1549 1356 1584 Cum

340 1607 431 1642 crgo
449 1606 597 1634 constet
613 1601 718 1649 quod
739 1602 892 1653 diligitis
906 1608 1051 1652 Deum,
1067 1614 1104 1642 et
1123 1620 1182 1643 me
1196 1616 1357 1656 propter

341 1653 487 1701 ipsum;
523 1657 642 1695 miror
669 1663 865 1710 quomodo
898 1664 946 1701 ad
977 1678 1091 1701 unam
1126 1666 1197 1702 Dei
1219 1666 1357 1704 fiducia

343 1725 615 1766 praesumptam
642 1721 933 1769 petitiunculam
948 1754 958 1771 ,
990 1738 1061 1761 nec
1081 1724 1284 1774 injustam,
1315 1735 1358 1763 ut

340 1782 436 1823 puto
453 1805 462 1821 ,
482 1790 552 1814 nec
573 1779 876 1820 irrationabilem
890 1815 900 1832 ‚
921 1799 942 1822 a
962 1785 1071 1822 vobis
1089 1794 1215 1823 tamen
1231 1787 1357 1837 repul-

339 1846 401 1870 sus
419 1848 515 1873 sum.
542 1839 579 1876 Si
601 1853 750 1889 aurum,
775 1843 804 1880 si
822 1854 1040 1893 argentum,
1064 1846 1125 1883 vel
1145 1846 1356 1896 quodcum-

339 1907 414 1942 que
429 1895 1002 1952 hujusmodiquaesissem,vere
1015 1935 1024 1952 ,
1042 1916 1161 1956 prout
1180 1907 1226 1944 de
1247 1907 1356 1944 vobis
1378 1904 1405 1940 C

340 1956 493 1993 confido
506 1987 515 2003 ,
537 1959 618 1997 sine
633 1961 749 2000 dubio
768 1966 994 2016 accepissem
1011 1965 1041 2003 b.
1061 1966 1134 2003 Sed
1148 1967 1241 2017 quid
1259 1967 1357 2014 dico,

345 2017 587 2065 qnaesissem?
611 2025 705 2059 Nam
727 2025 840 2061 etiam
858 2039 934 2063 non
958 2040 1154 2076 quaerens,
1173 2026 1252 2076 jam
1273 2028 1358 2077 plu-

345 2075 441 2112 rima
472 2087 609 2117 vestrae
648 2082 831 2132 largitatis
864 2085 1050 2123 beneficia
1081 2087 1241 2136 suscepi.
1273 2090 1356 2123 Hoc

340 2143 468 2172 autem
493 2151 632 2186 unum,
663 2143 768 2191 quod
800 2158 878 2182 non
906 2146 1001 2191 mei,
1039 2146 1104 2183 sed
1124 2147 1194 2184 Dei
1215 2160 1349 2192 causa,

340 2207 410 2231 nec
432 2204 504 2235 tam
528 2200 638 2247 mihi,
662 2216 775 2251 quam
798 2205 910 2243 vobis
937 2220 958 2243 a
979 2206 1090 2243 vobis
1112 2208 1305 2257 postulavi
1320 2215 1350 2251 ¹³,

340 2256 432 2303 quid
452 2272 573 2297 causae
594 2264 753 2311 exstitit,
776 2267 880 2315 quod
898 2267 1070 2317 accipere
1100 2281 1178 2304 non
1201 2268 1353 2305 merui?

341 2318 441 2365 Quid
462 2321 589 2358 enim?
610 2337 750 2374 ergone
769 2326 947 2376 judicatis
962 2328 1161 2378 indignum
1179 2329 1241 2365 vel
1260 2329 1352 2366 mihi

341 2376 388 2412 ad
407 2381 636 2430 petendum,
657 2385 717 2421 vel
738 2386 846 2423 vobis
865 2387 912 2423 ad
933 2387 1205 2438 praebendum,
1227 2397 1270 2425 ut
1285 2389 1352 2426 ho—

342 2439 435 2474 mini
456 2440 680 2489 christiano,
711 2447 950 2494 quantolibet
971 2448 1073 2498 apud
1105 2462 1174 2485 vos
1194 2448 1354 2486 crimine

342 2508 538 2546 accusato,
561 2512 764 2554 postquam
785 2519 823 2542 se
850 2509 1048 2558 purgavit,
1073 2508 1216 2545 faciatis
1238 2509 1354 2545 mise-

341 2557 570 2598 ricordiam?
588 2567 665 2600 Aut
682 2574 802 2612 certe,
826 2566 855 2603 si
873 2581 950 2603 non
976 2568 1128 2605 creditis
1147 2568 1253 2617 quod
1275 2568 1354 2617 ple-

341 2631 388 2655 nc
411 2632 449 2655 se
470 2625 711 2672 purgaverit,
734 2626 822 2675 quia
842 2627 914 2664 hoc
934 2628 973 2663 in
997 2629 1102 2664 curia
1128 2638 1254 2665 vestra
1274 2642 1352 2666 non

1129 248 1165 283 S.
1196 249 1449 285 BERNARDI
1478 251 1680 286 ABBAUS

2371 249 2439 286 184

1403 339 1407 343 '
1434 335 1538 384 quod
1560 350 1711 374 rursum
1732 336 1915 387 scriptum
1941 344 2019 383 est,
2044 338 2146 383 Quia
2169 340 2208 372 in
2232 349 2309 385 qna
2336 350 2443 372 men-

1253 405 1366 415 “““““
1386 385 1412 419 Α
1431 408 1520 431 sura
1533 398 1820 445 mensifizeritis,
1834 401 2050 433 remetietur
2062 396 2167 433 vohis
2177 399 2208 434 ²?
2222 402 2281 434 An
2291 396 2442 433 nescitis

1434 455 1522 504 quia
1545 469 1658 505 quam
1686 458 1792 494 facilc
1814 470 1883 493 vos
1904 456 2159 494 Humbertum
2175 486 2185 503 ,
2208 465 2284 494 tam
2313 456 2419 494 facile
2433 485 2443 504 ‚

1433 514 1512 551 imo
1554 516 1909 568 incomparabiliter
1939 517 2085 554 facilius
2115 521 2220 554 Deus
2253 515 2444 554 Theobal-

1432 574 1522 612 dum
1545 576 1673 627 <quod
1691 577 1811 628 absit)
1842 576 2084 614 exhaeredare
2117 577 2262 628 possit?
2287 580 2335 614 Et
2354 576 2443 626 qui-

1431 634 1518 672 dem
1554 636 1593 672 in
1630 637 1790 682 talibus,
1831 636 1895 673 ubi
1922 638 2035 687 culpa
2068 645 2144 673 tam
2175 644 2308 686 aperta
2329 644 2443 685 atque

1430 695 1699 734 inexcusabilis
1720 711 1801 734 esse
1822 697 1974 733 videtur
1988 726 1997 743 ,
2033 705 2221 746 quatenus
2248 696 2352 733 nulla
2371 695 2443 733 nisi

1431 769 1516 792 cum
1534 755 1692 804 justitiae
1724 758 1896 807 periculo
1919 756 2192 794 misericordiae
2213 757 2362 794 occasio
2382 768 2444 793 re—

1430 814 1644 864 linquatur3
1667 818 1779 854 etiam
1805 826 1895 854 tunc
1916 827 2082 854 tremens
2100 826 2136 854 et
2157 817 2292 854 dolens
2312 815 2442 853 vindi-

1431 888 1512 912 cem
1530 890 1598 914 vos
1619 878 1799 915 exhibere
1816 878 1962 916 debetis
1974 908 1983 925 ‚
2003 878 2121 928 magis
2137 877 2314 915 videlicet
2326 876 2442 914 officii

1430 938 1650 986 compulsus
1677 939 1899 976 necessitate
1916 967 1925 984 ,
1960 952 2074 988 quam
2100 937 2323 975 vindicandi
2353 935 2442 973 libi-

1430 995 1530 1033 dine.
1553 997 1629 1036 Ubi
1651 1007 1776 1035 autem
1798 998 1992 1048 objectum
2024 999 2170 1036 crimen
2186 1028 2196 1045 ‚
2227 1007 2293 1035 aut
2313 998 2439 1034 minus

1428 1065 1575 1093 certum
1593 1071 1672 1095 csse
1693 1059 1958 1108 cognoscitur,
1980 1067 2044 1096 aut
2070 1058 2330 1096 excusandum
2353 1072 2439 1095 sus-

1379 1117 1407 1152 B
1429 1117 1589 1167 cipitur;
1614 1119 1685 1156 hoc
1714 1132 1791 1156 non
1823 1120 1947 1156 solum
1980 1133 2059 1156 non
2090 1132 2272 1164 renuere,
2303 1118 2369 1156 sed
2404 1126 2442 1155 et

1426 1176 1673 1216 libentissime
1711 1178 1857 1218 debetis
1889 1180 2087 1229 amplecti,
2119 1180 2229 1216 laetus
2258 1178 2440 1215 nimirum

1425 1238 1529 1286 quod
1550 1239 1652 1275 salva
1668 1238 1840 1288 justitia,
1863 1240 1984 1290 pietas
1998 1248 2127 1277 vestra
2141 1239 2266 1276 locum
2279 1238 2440 1275 invene-

1424 1298 1485 1335 rit.
1508 1301 1605 1335 Ecce
1623 1299 1696 1336 hoc
1717 1300 1885 1337 secundo
1905 1309 2042 1337 vestrae
2067 1299 2243 1350 supplico
2263 1298 2437 1336 Eximie-

1427 1359 1513 1405 tati,
1538 1368 1581 1396 ut
1600 1360 1697 1397 sicut
1732 1364 1854 1397 Deum
1884 1360 1995 1397 vobis
2027 1360 2142 1397 vultis
2163 1358 2352 1405 misereri,
2383 1358 2437 1394 ita

1427 1433 1496 1456 vos
1533 1420 1748 1457 Humberto
1778 1421 2033 1458 misereamini
2071 1436 2078 1457 :
2113 1421 2192 1457 sive
2227 1419 2292 1456 illa
2330 1417 2440 1455 vobis

1426 1481 1680 1530 promissione
1711 1481 1903 1518 dominica
1930 1481 2171 1527 blandiente,
2201 1483 2315 1516 Beati
2335 1482 2440 1514 mise-

1427 1543 1611 1584 ricordes,
1653 1545 1833 1590 quoniam
1873 1546 1949 1589 [psi
1977 1542 2274 1577 771i587·{'cor(lianz
2309 1552 2439 1574 conse-

1423 1599 1607 1650 querum-³
1623 1617 1634 1648 5
1651 1602 1730 1638 sive
1757 1602 1822 1638 illa
1846 1615 1914 1639 vos
1940 1601 2238 1638 comminatione
2256 1607 2436 1644 terrente,

1422 1664 1614 1698 judicium
1639 1667 1722 1698 sine
1747 1665 2004 1699 nn'sericordia
2027 1665 2087 1698 illi
2119 1666 2183 1711 qai
2214 1675 2288 1698 non
2303 1659 2440 1710 fecerit

1425 1725 1722 1759 misericordianz
1740 1724 1767 1760 4.
1789 1724 1930 1761 Valete.

1424 1868 1741 1878 v==xv=================
1746 1869 1885 1879 =x=s====z-
1891 1869 2075 1879 ==sxsx==s====
2081 1869 2090 1878 ι

1540 1992 1908 2049 EPISTULA
1967 1981 2324 2048 XXXVIII.d

1771 2155 1825 2176 AD
1869 2154 2078 2177 EUMDEM.

1826 2267 1908 2292 Unde
1935 2274 2031 2300 supra.

1420 2376 1486 2413 Pio
1513 2375 1680 2426 principi
1714 2379 1963 2421 Tnaommo,
1987 2379 2215 2414 Bssmmnncs
2240 2376 2357 2416 abbas
2384 2376 2433 2416 de

1565 2436 1817 2482 Clara—Valle,
1841 2437 2001 2473 salutem
2021 2445 2059 2474 et
2079 2437 2285 2475 orationes.

1483 2570 1516 2606 1.
1551 2570 1669 2607 Valde
1708 2570 1823 2607 timeo
1857 2583 1905 2607 ne
1944 2571 2244 2621 occupatissimis
2275 2571 2432 2609 auribus

1420 2630 1577 2676 vestris,
1617 2629 1761 2667 crebris
1797 2630 2168 2682 interpellationibus
2196 2631 2290 2669 meis
2328 2645 2432 2682 prae-

342 2679 451 2726 fccit;
482 2681 651 2730 ejusdem
687 2699 817 2722 rursus
849 2700 919 2724 vos
941 2682 987 2724 ⁶in
1006 2688 1121 2724 vestri
1145 2690 1350 2738 praesentia
1372 2698 1402 2731 D
1423 2691 1682 2740 sumptuosius
1710 2704 1769 2727 mc
1795 2691 2005 2741 ingerendo
2031 2692 2213 2729 molestus
2235 2692 2334 2729 fiam.
2357 2691 2431 2730 Sed

342 2740 533 2789 recipiatis
550 2744 863 2793 satisfactionem,
886 2755 922 2783 et
943 2747 995 2783 sic
1017 2757 1275 2797 consequatur
1295 2749 1354 2785 in-

344 2797 591 2848 dulgentiam.

396 2858 430 2894 2.
452 2864 510 2896 An
531 2861 715 2910 ignoratis
741 2866 825 2914 quis
846 2866 1030 2914 minetur,
1063 2868 1150 2904 Cum
1172 2882 1352 2917 accepero

345 2926 512 2966 tempus,
533 2935 601 2972 ego
623 2923 984 2972 J'ustitiasjudicabo
1000 2934 1007 2949 ¹
1023 2930 1038 2966 Ρ
1056 2927 1168 2976 Quod
1189 2928 1219 2964 si
1238 2927 1352 2977 justi—

344 2977 434 3025 tias,
456 2990 600 3029 quanto
639 2985 756 3035 magis
791 2986 972 3036 injurias?
1001 2992 1059 3025 An
1096 3001 1174 3025 non
1212 2988 1351 3026 timetis

1421 2749 1513 2799 quid
1536 2750 1696 2787 faciam?
1728 2751 1764 2788 Si
1800 2764 1868 2788 vos
1898 2751 2096 2789 offendere
2128 2752 2244 2789 timeo
2262 2779 2272 2797 ‚
2294 2753 2431 2803 saepius

1422 2810 1468 2846 ad
1489 2824 1556 2847 vos
1577 2810 1849 2861 scriptitand03
1871 2820 2014 2861 quanto
2038 2812 2156 2862 magis
2188 2816 2312 2850 Deum
2326 2841 2336 2859 ,
2369 2813 2430 2850 cui

1419 2870 1551 2919 utique
1566 2871 1682 2920 magis
1701 2871 1847 2908 timoris
1861 2871 1984 2909 debeo
1997 2901 2006 2918 ‚
2027 2871 2237 2909 timendum
2251 2880 2308 2909 est
2322 2872 2427 2917 mihi,

1419 2944 1466 2966 nc
1502 2931 1695 2967 offendam
1733 2945 1812 2968 non
1847 2931 2128 2982 interpellando
2162 2945 2235 2981 pro
2263 2931 2430 2970 misero?

1416 2990 1519 3029 Alias
1539 2999 1666 3029 autem
1697 2991 1893 3042 indulgeat
1918 2992 2010 3030 mihi
2037 2991 2254 3042 Benignitas
2283 3000 2427 3040 vestra,

397 3119 407 3134 ¹
427 3115 507 3147 Psal.
526 3128 646 3156 xxxxv,
665 3121 696 3151 3.
710 3138 757 3143 —
774 3127 786 3142 ²
803 3121 918 3154 Mauh.
936 3134 1003 3161 vn,
1024 3127 1055 3155 2.
1072 3143 1117 3146 —
1132 3123 1250 3162 ³1d.v‚
1268 3129 1297 3158 7.
1313 3144 1357 3148 —
1373 3125 1387 3153 4
1407 3126 1519 3158 Jacobi
1541 3138 1581 3165 11,
1609 3131 1660 3160 13.

392 3175 405 3190 “
419 3175 540 3217 Scripta
559 3187 641 3209 anno
657 3178 771 3211 Christi
792 3184 801 3211 1
816 3184 892 3213 128.

395 3226 412 3247 ¹³
427 3230 474 3258 Ita
490 3229 587 3260 codex
604 3232 636 3262 S.
655 3233 816 3264 Germani.
837 3234 924 3266 Alias
937 3235 1089 3266 omittitur
1103 3261 1110 3275 ‚
1130 3248 1212 3275 vere,
1225 3246 1323 3282 prou!
1339 3237 1376 3269 sle
1400 3238 1486 3270 robis
1504 3239 1631 3280 confido
1643 3264 1652 3277 ‚
1672 3240 1738 3271 sine
1756 3239 1852 3271 dubio
1871 3240 2070 3284 accepissem.

397 3284 410 3299 Β
428 3279 510 3311 Hinc
526 3288 609 3324 patet
624 3295 687 3315 non
701 3296 766 3318 esse
780 3285 860 3318 hanc
877 3287 1010 3329 primam
1030 3299 1087 3330 pro
1107 3289 1285 3323 Humbcrto
1303 3292 1466 3335 epistolam
1481 3317 1488 3331 ‚
1508 3293 1562 3325 sed
1580 3293 1716 3336 priorem
1734 3303 1800 3324 esse
1817 3299 1958 3336 tempore
1973 3293 2137 3336 epistolam
2161 3295 2217 3333 39,
2235 3304 2273 3326 ex
2292 3304 2353 3337 qua
2379 3294 2426 3326 di-

348 3332 460 3363 scimus
481 3334 791 3379 ]lumberli'patriam
812 3345 840 3370 ct
858 3340 1001 3382 supplicii
1021 3352 1126 3383 genus.

406 3386 420 3405 ‘¹
436 3387 554 3430 Scripta
571 3399 632 3420 ann
668 3391 782 3423 Christi
803 3396 811 3423 l
826 3396 899 3424 128.
