2517 3920
338 232 437 268 1339
1105 231 1139 264 S.
1172 229 1424 264 BERNARDI
1452 231 1479 264 A
1490 229 1655 264 BBATIS
2314 232 2412 271 1340

336 318 409 345 tur.
428 309 487 345 Sic.
506 308 700 358 profecto,
722 307 773 344 sie
792 320 932 357 sponsa
953 316 989 344 et
1006 306 1184 344 columba
1203 304 1447 344 Christi⁵⁸⁹in
1466 319 1563 356 opus
1588 307 1718 343 salutis
1747 305 1829 355 ejus
1850 306 1994 343 intenta
2013 307 2270 358 conspicitur?
2291 312 2411 349 Deni-

333 377 468 419 pausat
504 368 574 405 sibi
607 368 783 414 interim,
818 377 855 405 et
888 368 1030 405 dormit
1062 368 1162 404 inter
1195 366 1340 403 medios
1358 364 1387 398 A
1409 379 1483 415 que
1513 371 1566 402 sic
1587 369 1688 403 Dens
1716 369 1852 403 dilexit
1879 369 2084 412 nuendum,
2107 377 2147 404 nt
2177 371 2410 418 Unigenitum

293 458 296 460 .
337 429 472 474 cleros,
491 429 625 465 sortita
637 427 715 477 jam
733 428 770 464 in
790 428 1078 478 praesentiarum
1094 428 1139 464 de
1158 427 1342 463 memoria

337 487 579 525 abundantiae
600 489 794 525 suavitatis
820 497 893 524 tuae
906 518 915 534 ,
935 489 1098 525 Domine
1117 491 1225 533 Jesu,
1246 499 1343 536 pen-

338 562 406 586 nas
427 549 711 599 deargentatas,
732 548 960 585 innocentiae
986 548 1163 584 videlicet
1189 546 1340 596 pudici-

339 610 477 660 tiaeque
493 610 721 656 candorem3
743 618 779 645 et
796 622 951 658 sperans
969 609 1125 658 insuper
1143 606 1343 657 adimpleri

334 670 464 707 laetitia
479 684 564 707 cum
580 671 689 706 vultu
707 678 770 705 tuo
783 698 792 715 ,
808 668 873 705 ubi
890 669 1003 705 etiam
1022 669 1114 705 fiant
1130 667 1345 718 posteriora

335 729 439 767 dorsi
457 730 539 779 ejus
561 731 598 767 in
616 731 761 780 pallore.
782 730 885 765 auri¹
906 744 913 766 ε
933 729 1087 778 quando
1106 728 1144 765 in
1163 727 1345 777 splendo—

337 789 442 827 ribus
457 799 674 827 sanctorum
689 790 907 826 introducta
924 803 1010 825 cum
1026 789 1184 838 gaudio,
1198 789 1344 837 sapien-

340 851 398 887 tiae
428 851 579 900 plenius
606 850 720 886 suerit
745 850 932 886 illustrata
954 848 1179 897 fulgoribus.
1208 847 1344 884 Merito

337 912 502 960 proinde
514 910 591 959 jam
610 923 713 946 nunc
730 909 934 958 gloriatur,
951 917 988 944 et
1006 908 1115 953 dicit,
1132 910 1248 943 Lceva
1268 908 1345 952 (jus

337 971 404 1006 sub
425 975 548 1020 capile
568 983 648 1005 meo
660 997 670 1014 ,
696 978 732 1005 et
759 971 916 1004 dextera
937 971 1038 1004 illius
1063 967 1347 1016 amplexabitur

337 1037 424 1066 me²
457 1045 464 1066 :
496 1031 535 1065 in
566 1030 660 1065 laeva
692 1037 873 1078 reputans
901 1028 1209 1065 recordationem
1243 1027 1344 1064 illius

337 1090 550 1135 charitatis,
573 1103 646 1139 qua
671 1090 775 1126 nulla
804 1089 928 1139 major
947 1098 1021 1136 est,
1042 1089 1147 1139 quod
1176 1089 1340 1125 animam
1361 1091 1389 1125 B

336 1164 443 1188 suam
466 1151 595 1201 posuit
620 1163 692 1200 pro
716 1150 845 1187 amicis
871 1150 969 1197 suis,
998 1150 1037 1186 in
1065 1149 1222 1186 dextera
1249 1162 1342 1186 vero

337 1211 487 1248 beatam
507 1212 693 1248 visionem
708 1240 717 1256 ,
748 1224 861 1260 quam
883 1210 1060 1261 promisit
1085 1210 1214 1246 amicis
1246 1209 1342 1255 suis,

339 1281 376 1308 et
392 1271 572 1321 gaudium
591 1270 637 1307 de
654 1271 857 1320 praesentia
877 1270 1097 1320 majestatis.
1120 1270 1259 1307 Merito
1281 1270 1346 1306 illa

336 1332 407 1368 Dei
426 1340 464 1368 et
493 1331 625 1368 deifica
654 1331 773 1378 visio,
801 1332 867 1368 illa
888 1331 1026 1368 divinae
1053 1331 1265 1382 praesentire
1282 1330 1345 1365 in-

339 1391 572 1429 aestimabilis
593 1392 794 1429 delectatio
816 1393 855 1428 in
875 1392 1031 1429 dextera
1058 1392 1277 1442 deputatur,
1299 1390 1346 1426 de

337 1467 412 1503 qua
432 1462 469 1490 et
489 1453 765 1490 delectabiliter
789 1454 938 1490 canitur
965 1469 972 1490 ε
1000 1456 1277 1490 Delectationes
1309 1457 1346 1487 in

340 1516 496 1549 deoetera
517 1523 581 1549 tna
602 1528 718 1562 iisqne
739 1513 940 1562 infinem3.
960 1515 1096 1551 Merito
1113 1514 1152 1550 in
1170 1514 1264 1549 laeva
1285 1511 1348 1548 ad-

339 1572 521 1609 mirabilis
542 1574 607 1610 illa
627 1583 837 1611 memorata
864 1584 901 1611 et
929 1588 1080 1625 semper
1100 1572 1349 1610 memoranda

338 1634 490 1670 dilectio
509 1635 719 1671 collocatur
732 1664 742 1681 ,
757 1636 861 1684 quod
880 1635 1003 1672 donec
1025 1643 1191 1671 transeat
1207 1634 1349 1683 iniqui-

338 1703 413 1740 tas,
438 1709 553 1745 super
579 1708 662 1731 eam
692 1708 831 1745 sponsa
851 1695 1047 1732 recumbat
1067 1703 1104 1731 et
1123 1695 1346 1743 requiescat.

397 1757 454 1792 13.
476 1756 614 1792 Merito
632 1769 722 1805 ergo
739 1757 833 1792 laeva
851 1756 982 1805 sponsi
1003 1754 1072 1791 sub
1094 1754 1215 1803 capite
1235 1765 1349 1802 spon-

341 1828 410 1862 Sae,
430 1829 547 1865 super
563 1829 677 1865 quam
699 1816 877 1852 videlicet
900 1823 1014 1865 caput
1031 1827 1142 1851 suum
1169 1813 1350 1850 reclinata

1410 429 1517 462 daret
1532 426 1564 472 53
1582 426 1681 463 haud
1699 426 1860 464 dubium
1877 428 1969 477 quin
1986 427 2032 464 de
2052 432 2162 466 Patre
2176 429 2287 466 dicat.
2300 433 2410 478 Item,

1416 488 1591 523 Tradidit
1601 492 1640 523 in
1655 497 1808 524 mortem
1821 491 1988 524 animam
2004 503 2108 526 suam
2118 488 2134 512 ⁶
2147 505 2156 535 3
2168 503 2240 527 nec
2253 490 2413 529 dubium

1408 548 1512 597 quod
1527 548 1572 585 de
1586 549 1681 586 Filio
1698 549 1890 598 loquatur.
1910 549 1973 586 Ait
1987 557 2024 586 et
2037 549 2084 586 de
2098 550 2242 600 Spiritu
2255 560 2386 588 sancto
2401 566 2410 588 :

1410 610 1569 657 Spiritus
1585 611 1801 646 Paraclitlcs
1813 639 1824 655 ,
1846 624 1954 658 quem
1971 613 2085 646 mittit
2102 612 2221 647 Pater
2238 615 2278 646 in
2293 613 2414 648 nomi-

1410 683 1456 704 ne
1489 683 1568 705 meo
1582 699 1593 715 ,
1632 672 1693 705 ille
1725 683 1793 705 vos
1820 669 1962 706 docebit
1993 674 2122 706 omnia
2132 700 2144 717 ‚
2181 680 2219 707 et
2248 680 2416 720 suggeret

1410 729 1518 766 vobis
1541 735 1669 766 onmia
1696 744 1946 779 quaecumque
1971 733 2106 767 dicero
2125 731 2233 768 vobis
2248 738 2276 768 7.
2302 735 2415 768 Amat

1412 803 1503 840 ergo
1524 794 1626 827 Deus
1639 819 1648 837 ,
1672 800 1709 828 et
1729 804 1775 828 ex
1795 803 1834 828 se
1856 800 1936 828 toto
1967 800 2092 839 amat,
2121 792 2211 842 quia
2232 799 2312 829 tota
2329 792 2415 829 Tri-

1412 851 1510 888 nitas
1539 860 1640 888 amat
1661 866 1668 888 ε
1691 852 1721 888 si
1742 860 1867 888 tamen
1891 860 2011 888 totum
2038 852 2112 889 dici
2140 860 2267 903 potest
2285 852 2332 889 de
2353 851 2415 888 in-

1412 912 1521 948 finito
1539 920 1577 948 et
1602 911 2009 962 incomprehensibili,
2041 921 2107 950 aut
2126 922 2228 950 certe
2249 912 2297 950 de
2325 911 2416 949 sim·
2462 940 2469 946 „

1411 971 1512 1020 plici.

1767 1090 1944 1129 CAPUT
1973 1091 2024 1131 V.-

1515 1206 1689 1238 Christiano
1703 1213 1855 1248 quantum
1869 1207 2029 1239 incumbat
2042 1208 2184 1240 debitum
2196 1208 2323 1240 amoris.

1471 1334 1528 1370 14.
1553 1337 1711 1370 Intuens
1733 1346 1824 1382 ergo
1852 1333 1952 1378 haec,
1983 1334 2120 1380 credo,
2141 1334 2231 1371 satis
2250 1333 2420 1383 agnoscit

1413 1407 1531 1444 quare
1549 1397 1651 1431 Deus
1674 1393 1888 1443 diligendus
1904 1395 1953 1431 sit
1967 1424 1976 1440 ,
1999 1394 2071 1431 hoc
2093 1403 2172 1440 est,
2194 1394 2298 1431 unde
2317 1393 2421 1443 diligi

1414 1463 1617 1492 mereatur.
1632 1457 1820 1492 Caeterum
1835 1455 1873 1492 in
1881 1455 2000 1492 fidelis
2015 1469 2091 1492 non
2109 1455 2255 1492 habens
2269 1455 2421 1500 Filium,

1415 1528 1485 1552 nec
1513 1519 1663 1553 Patrem
1686 1515 1850 1564 proinde
1869 1515 2007 1562 habet,
2029 1529 2101 1553 nec
2122 1515 2306 1566 Spiritum
2332 1528 2422 1552 san-

1416 1585 1532 1613 ctum.
1559 1575 1632 1623 Qui
1664 1575 1765 1612 enim
1797 1589 1875 1612 non
1902 1576 2131 1613 honorificat
2149 1576 2313 1621 Filium,
2343 1587 2422 1611 non

1416 1635 1647 1672 honorificat
1676 1639 1827 1671 Patrem
1849 1636 1914 1684 qui
1942 1636 2044 1673 misit
2070 1634 2229 1682 illum83
2259 1634 2324 1672 sed
2353 1646 2423 1671 nec

1416 1696 1599 1746 Spiritum
1634 1703 1805 1732 sanctum
1837 1709 1951 1745 quem
1987 1696 2089 1733 misit
2120 1697 2196 1732 ille.
2228 1699 2265 1732 Is
2295 1695 2424 1744 itaque

1416 1748 1555 1792 mirum
1574 1768 1651 1791 non
1673 1763 1747 1801 est,
1770 1756 1799 1792 si
1816 1769 1931 1805 quem
1949 1756 2075 1793 minus
2090 1755 2282 1806 agnoscit,
2299 1754 2425 1792 minus

1417 1824 1454 1852 et
1471 1815 1601 1864 diligit.
1632 1818 1810 1852 Attamen
1833 1824 1870 1852 et
1888 1816 1970 1865 ipse
1990 1825 2115 1853 totum
2131 1817 2167 1853 ei
2185 1828 2266 1853 sese
2285 1813 2424 1852 debere

341 1884 546 1922 sustentet,
574 1876 648 1911 hoc
669 1884 724 1911 est
750 1876 888 1912 mentis
910 1888 985 1911 suae
1006 1874 1278 1918 intentionem,
1303 1885 1350 1908 ne
1372 1875 1398 1911 C
1417 1889 1494 1912 non
1515 1875 1688 1924 ignorat,
1717 1888 1831 1924 quem
1853 1875 1911 1912 sui
1931 1876 2049 1912 totius
2071 1889 2152 1912 non
2178 1875 2329 1925 ignorat
2357 1887 2425 1911 au-

340 1934 544 1970 inclinetur
563 1942 601 1969 et
630 1933 856 1970 incurvetur
882 1934 922 1970 in
950 1933 1115 1970 carnalia
1135 1941 1171 1969 et
1194 1931 1350 1969 saecula-

341 1994 397 2031 ria
427 1993 638 2030 desideria:
664 1995 752 2044 quia
775 2008 915 2044 corpus
944 1994 1049 2044 quod
1071 1992 1347 2042 corrumpitur,

340 2063 517 2104 aggravat
536 2055 720 2100 animam;
749 2063 785 2090 et
819 2055 998 2104 deprimit
1024 2062 1174 2090 terrena
1195 2051 1351 2088 inhabi-

342 2116 434 2152 tatio
455 2128 607 2152 sensum
628 2115 747 2151 multa
767 2115 997 2164 cogitantem
1011 2114 1039 2150 ⁴⁷.
1061 2113 1161 2162 Quid
1186 2125 1351 2161 namque

342 2175 444 2211 aliud
474 2175 584 2211 faciat
608 2174 846 2211 considerata
875 2183 979 2211 tanta
1006 2183 1043 2211 et
1076 2182 1152 2210 tam
1180 2171 1352 2209 indebita

343 2236 555 2281 miseratio,
579 2244 654 2272 tam
675 2236 840 2285 gratuita
858 2244 895 2272 et
916 2236 968 2272 sic
987 2233 1151 2285 probata
1173 2233 1325 2269 dilectio
1339 2261 1348 2278 ,

342 2304 417 2332 tam
434 2296 632 2346 inopinata
653 2295 844 2345 dignatio,
870 2304 945 2332 tam
965 2295 1109 2332 invicta
1131 2302 1353 2330 mansuetu-

341 2355 390 2392 do
403 2385 412 2402 ,
434 2364 509 2392 tam
524 2355 714 2406 stupenda
730 2355 921 2392 dulcedo?
939 2355 1032 2405 quid
1046 2384 1055 2401 ,
1074 2356 1231 2405 inquam
1245 2383 1254 2400 ,
1272 2354 1352 2390 haec

342 2415 469 2451 omnia
501 2416 639 2452 faciant
673 2415 874 2465 diligenter
907 2415 1147 2452 considerata
1166 2444 1175 2462 ,
1210 2414 1282 2451 nisi
1312 2422 1354 2450 ut

343 2475 619 2513 considerantis
640 2477 809 2513 animum
824 2506 833 2523 ,
856 2476 903 2513 ab
931 2477 1037 2513 omni
1057 2476 1212 2526 penitus
1231 2487 1352 2526 pravo

342 2535 576 2573 vindicatum
600 2550 754 2582 amore,
786 2537 833 2574 ad
866 2550 904 2574 se
932 2536 1158 2573 mirabiliter
1178 2536 1351 2586 rapiant,

340 2596 589 2633 veliementer
612 2597 797 2643 afficiant,
832 2598 1048 2647 faciantque
1074 2611 1154 2647 prae
1186 2610 1224 2633 se
1258 2609 1352 2632 con-

1418 1945 1575 1973 ctorem.
1598 1934 1698 1983 Quid
1717 1948 1808 1985 ergo
1829 1949 1899 1985 ego
1911 1965 1920 1983 ,
1939 1936 2006 1985 qui
2025 1938 2150 1973 Deum
2171 1949 2299 1973 meum
2314 1944 2424 1973 teneo

1418 1997 1505 2033 vitae
1540 2008 1634 2032 meae
1671 2008 1750 2032 non
1784 1996 1908 2032 solum
1940 1997 2148 2045 gratuitum
2179 1997 2398 2046 largitorem
2411 2024 2422 2041 ‚

1418 2056 1671 2106 largissimum
1700 2055 2049 2094 administratorem
2067 2086 2078 2103 ,
2109 2057 2218 2108 pium
2250 2057 2425 2094 consola—

1419 2120 1562 2162 torem,
1599 2115 1805 2153 sollicitum
1834 2116 2150 2166 gubernatorem3
2180 2117 2246 2155 sed
2270 2118 2426 2168 insuper

1420 2178 1533 2214 etiam
1564 2177 1870 2227 copiosissimum
1899 2178 2208 2229 redemptorem,
2240 2187 2424 2215 aeternum

1422 2246 1734 2274 conservatorem
1749 2267 1759 2285 ,
1785 2238 2006 2286 ditatorem,
2037 2239 2356 2289 glorificatorem?
2374 2237 2425 2274 si-

1420 2306 1484 2335 cut
1521 2298 1706 2348 scriptum
1734 2307 1810 2345 est,
1838 2299 2000 2348 Copiosa
2028 2301 2138 2348 apud
2162 2313 2246 2336 eum
2283 2300 2427 2335 redem-

1412 2363 1497 2408 ptio
1511 2365 1527 2390 9
1547 2373 1554 2395 :
1577 2366 1615 2394 et
1630 2359 1719 2394 item
1736 2387 1746 2405 ,
1766 2361 1935 2395 Introivit
1952 2362 2072 2396 semel
2086 2364 2126 2395 in
2144 2360 2304 2405 Sancta,
2322 2367 2427 2395 oeter-

1420 2432 1470 2454 na
1493 2420 1748 2466 redemptione
1764 2423 1955 2455 inventa1⁰
1974 2434 1982 2456 :
2005 2428 2042 2456 et
2060 2419 2107 2456 de
2125 2418 2426 2464 conservatione,

1420 2482 1506 2516 Non
1527 2482 1711 2527 relinquet
1726 2489 1875 2516 sanctos
1894 2494 1997 2525 suos,
2021 2484 2060 2516 in
2080 2488 2264 2516 oecernum
2279 2492 2427 2516 conser-

1419 2539 1604 2575 vabantur
1624 2545 1651 2560 ¹¹
1677 2553 1685 2575 :
1710 2547 1748 2576 et
1779 2539 1826 2576 de
1856 2539 2178 2589 locupletatione,
2205 2532 2425 2576 Mensarum

1420 2599 1571 2643 bonam,
1588 2608 1623 2635 et
1637 2598 1841 2646 confertam
1852 2628 1864 2644 ,
1886 2608 1921 2635 et
1939 2604 2185 2649 coagitatam,
2205 2608 2242 2636 et
2254 2596 2425 2650 superef-

341 2664 529 2703 temncre,
561 2657 749 2706 quidquid
782 2657 853 2693 nisi
878 2658 918 2693 in
954 2665 1179 2707 contemptu
1209 2657 1349 2692 horum
1366 2659 1400 2692 D
1407 2660 1592 2705 fluentem
1611 2658 1755 2694 (labant
1778 2663 1816 2694 in
1830 2662 1952 2695 sinum
1974 2665 2251 2697 vestrum¹²zet
2262 2672 2426 2705 rursum,

343 2717 469 2765 appeti
492 2730 569 2753 non
590 2718 742 2767 potest?
767 2717 955 2754 Nimirum
974 2717 1136 2768 proinde
1165 2717 1204 2753 in
1225 2716 1344 2753 odore

341 2786 625 2825 unguentorum
656 2778 795 2814 horum
825 2792 965 2828 sponsa
1000 2778 1118 2815 currit
1148 2777 1346 2822 alacriter,

343 2844 442 2872 amat
462 2837 662 2884 ardenter3
686 2847 724 2875 et
749 2852 886 2888 parum
912 2839 983 2876 sibi
1007 2852 1134 2876 amare
1153 2839 1206 2874 sic
1226 2846 1349 2874 amata

341 2895 512 2940 videtur,
531 2898 641 2934 etiam
665 2912 751 2935 cum
769 2912 807 2935 se
823 2908 941 2936 totam
956 2900 994 2936 in
1012 2912 1142 2936 amore
1164 2898 1349 2948 perstrin-

341 2955 451 2991 xerit.
473 2959 548 2992 Nec
569 2956 772 2995 immerito.
791 2959 892 3007 Quid
915 2973 1097 3009 magnum
1120 2958 1221 2995 enim
1243 2966 1348 2994 tanto

342 3024 380 3051 et
411 3015 505 3051 tanti
538 3026 762 3065 repensatur
794 3020 934 3065 amori,
972 3020 1002 3057 si
1034 3019 1162 3069 pulvis
1190 3018 1350 3067 exiguus

345 3083 466 3111 totum
487 3088 526 3111 se
554 3075 600 3112 ad
625 3077 899 3115 redamandum
916 3080 1129 3129 collegerit,
1156 3091 1270 3128 quem
1289 3077 1352 3114 illa

343 3135 521 3172 nimirum
548 3134 724 3185 Majestas
753 3138 792 3173 in
822 3152 951 3176 amore
977 3140 1239 3189 p1·aevenien5‚
1270 3146 1348 3175 tota

1413 2722 1492 2756 Nec
1515 2721 1640 2754 oculus
1659 2720 1778 2763 vidit,
1803 2733 1872 2755 nec
1893 2725 1997 2756 auris
2023 2721 2190 2764 audivit,
2216 2733 2284 2756 nec
2303 2724 2342 2756 in
2363 2731 2428 2756 cor

1415 2779 1579 2814 bominis
1610 2781 1805 2823 ascendit,
1839 2793 1926 2828 quoe
1948 2784 2186 2829 praeparavit
2210 2781 2314 2816 Deus
2333 2781 2426 2816 dili-

1416 2838 1589 2889 gentibus
1610 2852 1648 2875 se
1667 2839 1697 2862 ¹3
1722 2855 1730 2876 :
1750 2848 1787 2875 et
1804 2839 1850 2876 de
1879 2840 2178 2889 glorificatione,
2200 2840 2425 2876 Salvatorem

1417 2908 1678 2948 exspectamus
1690 2902 1896 2935 Dominum
1911 2908 2077 2936 nostrum
2087 2902 2115 2936 J
2114 2913 2214 2936 esum
2230 2900 2425 2944 Christum,

1418 2964 1483 3009 qai
1500 2958 1716 3008 reformabit
1736 2973 1869 3008 corpus
1888 2961 2116 2997 humilitatis
2131 2968 2288 3004 nostroe,
2310 2973 2378 2996 con
2405 2979 2426 2986 -

1416 3029 1594 3070 gnratum
1613 3025 1758 3068 corpori
1773 3023 1958 3057 claritatis
1972 3035 2052 3058 suoe
2069 3021 2098 3048 ¹4
2118 3036 2126 3058 :
2146 3029 2183 3058 et
2203 3020 2299 3058 illud
2313 3049 2324 3067 ,
2343 3020 2424 3056 Non

1418 3089 1506 3117 sunt
1520 3082 1719 3129 condigna?
1732 3085 1930 3129 passiones
1950 3082 2058 3127 hujus
2073 3085 2252 3130 temporis
2265 3082 2321 3116 ad
2321 3079 2426 3128 fictu-

1418 3154 1499 3177 ram
1517 3143 1678 3189 gloriam
1693 3169 1703 3187 ,
1724 3154 1810 3189 quoe
1828 3140 2048 3177 revelabitur
2058 3145 2098 3177 in
2113 3139 2261 3178 nobis¹5
2278 3155 2287 3178 z
2303 3147 2340 3177 ct
2354 3139 2426 3177 ite-

393 3283 403 3297 1
422 3276 504 3307 Psal.
518 3287 626 3313 mmm,
651 3277 702 3307 14.
716 3294 762 3298 -
779 3281 792 3296 2
811 3276 929 3307 Cantic.
948 3289 987 3315 11,
1009 3282 1040 3308 ὓ.
1052 3296 1090 3300 —-
1109 3277 1123 3300 3
1138 3280 1219 3310 Psal.
1237 3292 1293 3318 xv,
1316 3284 1366 3312 11.
1381 3299 1427 3303 —
1441 3279 1455 3307 4
1472 3282 1546 3324 Sap.
1563 3293 1612 3319 tx,
1637 3285 1689 3314 15.
1703 3300 1747 3305 ——
1763 3280 1777 3304 5
1791 3285 1885 3314 Joan.
1901 3294 1957 3321 111,
1979 3285 2032 3314 10.
2046 3301 2092 3305 —
2106 3281 2122 3305 ⁶
2141 3282 2215 3314 Isai.
2231 3292 2306 3319 Lux,
2327 3282 2421 3312 12.—'—

341 3336 354 3359 7
370 3332 462 3359 Joan.
486 3340 559 3366 xiv,
590 3331 645 3359 20.
667 3346 714 3350 κ-
734 3326 745 3349 3
771 3328 818 3359 Id.
842 3340 874 3366 v,
902 3332 955 3359 23.
976 3347 1020 3351 ss
1046 3335 1061 3358 9
1079 3331 1159 3362 Psal.
1178 3343 1299 3370 cxmx,
1322 3336 1353 3365 7.
1368 3352 1415 3356 -—
1434 3339 1464 3354 ¹⁰
1479 3334 1577 3366 Hebr.
1603 3332 1658 3374 1x,
1682 3339 1733 3368 12.
1750 3355 1794 3359 —
1814 3342 1842 3357 ¹¹
1858 3336 1940 3369 Psal.
1956 3347 2083 3375 xxxvx,
2101 3339 2155 3368 28.
2170 3354 2216 3358 -
2231 3339 2263 3356 '²
2275 3337 2349 3366 Luc.
2368 3342 2422 3370 vt,

341 3385 397 3413 33.
416 3400 458 3404 --
479 3379 508 3402 ¹3
523 3385 537 3412 1
553 3383 624 3413 Cor.
644 3392 688 3419 11,
707 3384 738 3412 9.
757 3399 800 3403 —
819 3380 846 3406 '⁴'
864 3380 999 3423 Philipp.
1016 3394 1076 3419 111,
1100 3387 1154 3419 20,
1173 3387 1227 3414 21.
1244 3402 1285 3407 -ν
1306 3383 1335 3406 ¹5
1351 3389 1443 3417 Rom.
1467 3398 1529 3416 v111
1543 3411 1550 3424 ‚
1571 3390 1628 3419 18.
