<?xml version="1.0" encoding="UTF-8"?>
<!DOCTYPE html PUBLIC "-//W3C//DTD XHTML 1.0 Transitional//EN"
    "http://www.w3.org/TR/xhtml1/DTD/xhtml1-transitional.dtd">
<html xmlns="http://www.w3.org/1999/xhtml" xml:lang="en" lang="en">
 <head>
  <title>
</title>
<meta http-equiv="Content-Type" content="text/html;charset=utf-8" />
  <meta name='ocr-system' content='tesseract 3.04.00' />
  <meta name='ocr-capabilities' content='ocr_page ocr_carea ocr_par ocr_line ocrx_word'/>
</head>
<body>
  <div class='ocr_page' id='page_1' title='image "./operaomniapostho01bernuoft/operaomniapostho01bernuoft_0779.png"; bbox 0 0 2517 3936; ppageno 0'>
   <div class='ocr_carea' id='block_1_1' title="bbox 0 2119 40 3800">
    <p class='ocr_par' dir='ltr' id='par_1_1' title="bbox 0 2119 40 3800">
     <span class='ocr_line' id='line_1_1' title="bbox 0 2119 40 3800; baseline 0 0"><span class='ocrx_word' id='word_1_1' title='bbox 0 2119 40 3800; x_wconf 95' lang='lat' dir='ltr'> </span> 
     </span>
    </p>
   </div>
   <div class='ocr_carea' id='block_1_2' title="bbox 112 203 205 241">
    <p class='ocr_par' dir='ltr' id='par_1_2' title="bbox 112 203 205 241">
     <span class='ocr_line' id='line_1_2' title="bbox 112 203 205 241; baseline 0.011 -1"><span class='ocrx_word' id='word_1_2' title='bbox 112 203 205 241; x_wconf 65' lang='lat'>15:51</span> 
     </span>
    </p>
   </div>
   <div class='ocr_carea' id='block_1_3' title="bbox 858 214 1440 255">
    <p class='ocr_par' dir='ltr' id='par_1_3' title="bbox 858 214 1440 255">
     <span class='ocr_line' id='line_1_3' title="bbox 858 214 1440 255; baseline 0.007 -6"><span class='ocrx_word' id='word_1_3' title='bbox 858 214 1144 252; x_wconf 62' lang='lat' dir='ltr'><strong>TRACTATI‘S</strong></span> <span class='ocrx_word' id='word_1_4' title='bbox 1174 219 1237 253; x_wconf 85' lang='lat' dir='ltr'>DE</span> <span class='ocrx_word' id='word_1_5' title='bbox 1267 219 1440 255; x_wconf 65' lang='lat' dir='ltr'>CANTF.</span> 
     </span>
    </p>
   </div>
   <div class='ocr_carea' id='block_1_4' title="bbox 2089 232 2186 269">
    <p class='ocr_par' dir='ltr' id='par_1_4' title="bbox 2089 232 2186 269">
     <span class='ocr_line' id='line_1_4' title="bbox 2089 232 2186 269; baseline 0.021 -2"><span class='ocrx_word' id='word_1_6' title='bbox 2089 232 2186 269; x_wconf 77' lang='lat'>1542</span> 
     </span>
    </p>
   </div>
   <div class='ocr_carea' id='block_1_5' title="bbox 107 285 2184 358">
    <p class='ocr_par' dir='ltr' id='par_1_5' title="bbox 107 285 2184 358">
     <span class='ocr_line' id='line_1_5' title="bbox 107 285 2184 358; baseline 0.014 -42"><span class='ocrx_word' id='word_1_7' title='bbox 107 289 239 318; x_wconf 86' lang='lat' dir='ltr'>cantus</span> <span class='ocrx_word' id='word_1_8' title='bbox 276 289 378 318; x_wconf 86' lang='lat' dir='ltr'>totus</span> <span class='ocrx_word' id='word_1_9' title='bbox 423 285 774 334; x_wconf 76' lang='lat' dir='ltr'>comprehenditur,</span> <span class='ocrx_word' id='word_1_10' title='bbox 813 301 922 325; x_wconf 90' lang='lat' dir='ltr'>suum</span> <span class='ocrx_word' id='word_1_11' title='bbox 969 304 1106 328; x_wconf 87' lang='lat' dir='ltr'>neuma</span> <span class='ocrx_word' id='word_1_12' title='bbox 1119 292 1166 310; x_wconf 81' lang='lat'>⁷⁰⁰</span> <span class='ocrx_word' id='word_1_13' title='bbox 1179 294 1281 343; x_wconf 88' lang='lat' dir='ltr'>quod</span> <span class='ocrx_word' id='word_1_14' title='bbox 1309 293 1505 332; x_wconf 77' lang='lat' dir='ltr'>brevitatis</span> <span class='ocrx_word' id='word_1_15' title='bbox 1526 296 1754 337; x_wconf 83' lang='lat' dir='ltr'>desiderium</span> <span class='ocrx_word' id='word_1_16' title='bbox 1779 302 1856 339; x_wconf 84' lang='lat' dir='ltr'>haec</span> <span class='ocrx_word' id='word_1_17' title='bbox 1888 316 2062 343; x_wconf 79' lang='lat' dir='ltr'>neumata</span> <span class='ocrx_word' id='word_1_18' title='bbox 2089 323 2184 358; x_wconf 84' lang='lat' dir='ltr'>qua-</span> 
     </span>
    </p>
   </div>
   <div class='ocr_carea' id='block_1_6' title="bbox 107 340 1772 405">
    <p class='ocr_par' dir='ltr' id='par_1_6' title="bbox 107 340 1772 405">
     <span class='ocr_line' id='line_1_6' title="bbox 107 340 1772 405; baseline 0.011 -28"><span class='ocrx_word' id='word_1_19' title='bbox 107 340 212 390; x_wconf 90' lang='lat' dir='ltr'>quod</span> <span class='ocrx_word' id='word_1_20' title='bbox 231 341 349 392; x_wconf 90' lang='lat' dir='ltr'>ipsius</span> <span class='ocrx_word' id='word_1_21' title='bbox 372 352 544 381; x_wconf 90' lang='lat' dir='ltr'>naturam</span> <span class='ocrx_word' id='word_1_22' title='bbox 561 345 675 383; x_wconf 86' lang='lat' dir='ltr'>debet</span> <span class='ocrx_word' id='word_1_23' title='bbox 700 349 902 387; x_wconf 76' lang='lat' dir='ltr'><strong>ostendere</strong></span> <span class='ocrx_word' id='word_1_24' title='bbox 915 379 924 396; x_wconf 91' lang='lat'>,</span> <span class='ocrx_word' id='word_1_25' title='bbox 945 352 1113 401; x_wconf 88' lang='lat' dir='ltr'>recipere</span> <span class='ocrx_word' id='word_1_26' title='bbox 1132 355 1161 386; x_wconf 86' lang='lat' dir='ltr'><strong>A</strong></span> <span class='ocrx_word' id='word_1_27' title='bbox 1180 354 1209 389; x_wconf 89' lang='lat' dir='ltr'>si</span> <span class='ocrx_word' id='word_1_28' title='bbox 1243 355 1434 404; x_wconf 82' lang='lat' dir='ltr'>superflua</span> <span class='ocrx_word' id='word_1_29' title='bbox 1467 359 1772 405; x_wconf 77' lang='lat' dir='ltr'>praetermittant.</span> 
     </span>
    </p>
   </div>
   <div class='ocr_carea' id='block_1_7' title="bbox 106 402 1123 1053">
    <p class='ocr_par' dir='ltr' id='par_1_7' title="bbox 106 402 1123 1053">
     <span class='ocr_line' id='line_1_7' title="bbox 108 402 1112 457; baseline 0.012 -21"><span class='ocrx_word' id='word_1_30' title='bbox 108 414 187 438; x_wconf 91' lang='lat' dir='ltr'>non</span> <span class='ocrx_word' id='word_1_31' title='bbox 208 402 348 451; x_wconf 85' lang='lat' dir='ltr'>possit,</span> <span class='ocrx_word' id='word_1_32' title='bbox 371 404 474 452; x_wconf 91' lang='lat' dir='ltr'>quod</span> <span class='ocrx_word' id='word_1_33' title='bbox 497 404 564 441; x_wconf 92' lang='lat' dir='ltr'>tibi</span> <span class='ocrx_word' id='word_1_34' title='bbox 581 407 767 457; x_wconf 74' lang='lat' dir='ltr'>contingit</span> <span class='ocrx_word' id='word_1_35' title='bbox 784 409 820 445; x_wconf 92' lang='lat' dir='ltr'>in</span> <span class='ocrx_word' id='word_1_36' title='bbox 844 410 916 446; x_wconf 90' lang='lat' dir='ltr'>hoc</span> <span class='ocrx_word' id='word_1_37' title='bbox 943 411 1057 448; x_wconf 91' lang='lat' dir='ltr'>modo</span> <span class='ocrx_word' id='word_1_38' title='bbox 1076 413 1112 448; x_wconf 93' lang='lat' dir='ltr'>in</span> 
     </span>
     <span class='ocr_line' id='line_1_8' title="bbox 107 460 1113 517; baseline 0.012 -20"><span class='ocrx_word' id='word_1_39' title='bbox 107 460 283 498; x_wconf 86' lang='lat' dir='ltr'>cantibus</span> <span class='ocrx_word' id='word_1_40' title='bbox 315 464 608 502; x_wconf 81' lang='lat' dir='ltr'>ascendentibus</span> <span class='ocrx_word' id='word_1_41' title='bbox 642 481 710 517; x_wconf 88' lang='lat' dir='ltr'>per</span> <span class='ocrx_word' id='word_1_42' title='bbox 746 469 941 507; x_wconf 89' lang='lat' dir='ltr'>tritonum.</span> <span class='ocrx_word' id='word_1_43' title='bbox 972 475 1113 508; x_wconf 88' lang='lat' dir='ltr'>Iterum</span> 
     </span>
     <span class='ocr_line' id='line_1_9' title="bbox 107 521 1114 581; baseline 0.01 -25"><span class='ocrx_word' id='word_1_44' title='bbox 107 521 298 572; x_wconf 85' lang='lat' dir='ltr'>singulare</span> <span class='ocrx_word' id='word_1_45' title='bbox 335 535 412 559; x_wconf 90' lang='lat' dir='ltr'>non</span> <span class='ocrx_word' id='word_1_46' title='bbox 449 533 529 569; x_wconf 88' lang='lat' dir='ltr'>est,</span> <span class='ocrx_word' id='word_1_47' title='bbox 555 526 644 574; x_wconf 92' lang='lat' dir='ltr'>quia</span> <span class='ocrx_word' id='word_1_48' title='bbox 664 530 885 566; x_wconf 75' lang='lat' dir='ltr'>naturaliter</span> <span class='ocrx_word' id='word_1_49' title='bbox 906 539 942 567; x_wconf 76' lang='lat' dir='ltr'>et</span> <span class='ocrx_word' id='word_1_50' title='bbox 959 533 1114 581; x_wconf 76' lang='lat' dir='ltr'>proprie</span> 
     </span>
     <span class='ocr_line' id='line_1_10' title="bbox 109 582 1114 639; baseline 0.009 -21"><span class='ocrx_word' id='word_1_51' title='bbox 109 582 306 618; x_wconf 87' lang='lat' dir='ltr'>terminari</span> <span class='ocrx_word' id='word_1_52' title='bbox 336 582 452 619; x_wconf 88' lang='lat' dir='ltr'>habet</span> <span class='ocrx_word' id='word_1_53' title='bbox 486 585 524 620; x_wconf 92' lang='lat' dir='ltr'>in</span> <span class='ocrx_word' id='word_1_54' title='bbox 559 588 614 630; x_wconf 92' lang='lat' dir='ltr'>G,</span> <span class='ocrx_word' id='word_1_55' title='bbox 641 599 725 635; x_wconf 85' lang='lat' dir='ltr'>quae</span> <span class='ocrx_word' id='word_1_56' title='bbox 748 597 804 624; x_wconf 87' lang='lat' dir='ltr'>est</span> <span class='ocrx_word' id='word_1_57' title='bbox 831 590 952 626; x_wconf 84' lang='lat' dir='ltr'>finalis</span> <span class='ocrx_word' id='word_1_58' title='bbox 972 600 1114 639; x_wconf 75' lang='lat' dir='ltr'>qaartae</span> 
     </span>
     <span class='ocr_line' id='line_1_11' title="bbox 108 642 1115 701; baseline 0.011 -24"><span class='ocrx_word' id='word_1_59' title='bbox 108 642 300 678; x_wconf 82' lang='lat' dir='ltr'>maneriae.</span> <span class='ocrx_word' id='word_1_60' title='bbox 339 643 547 681; x_wconf 75' lang='lat' dir='ltr'>Considera</span> <span class='ocrx_word' id='word_1_61' title='bbox 586 659 751 696; x_wconf 88' lang='lat' dir='ltr'>namque</span> <span class='ocrx_word' id='word_1_62' title='bbox 786 662 924 687; x_wconf 89' lang='lat' dir='ltr'>neuma</span> <span class='ocrx_word' id='word_1_63' title='bbox 967 652 1115 701; x_wconf 88' lang='lat' dir='ltr'>septimi</span> 
     </span>
     <span class='ocr_line' id='line_1_12' title="bbox 109 701 1116 759; baseline 0.009 -21"><span class='ocrx_word' id='word_1_64' title='bbox 109 701 207 748; x_wconf 90' lang='lat' dir='ltr'>toni,</span> <span class='ocrx_word' id='word_1_65' title='bbox 237 710 276 738; x_wconf 90' lang='lat' dir='ltr'>et</span> <span class='ocrx_word' id='word_1_66' title='bbox 303 702 378 740; x_wconf 90' lang='lat' dir='ltr'>hoc</span> <span class='ocrx_word' id='word_1_67' title='bbox 410 703 463 740; x_wconf 93' lang='lat' dir='ltr'>illi</span> <span class='ocrx_word' id='word_1_68' title='bbox 491 705 688 743; x_wconf 84' lang='lat' dir='ltr'>conferas:</span> <span class='ocrx_word' id='word_1_69' title='bbox 709 706 878 756; x_wconf 89' lang='lat' dir='ltr'>ejusdem</span> <span class='ocrx_word' id='word_1_70' title='bbox 911 719 1116 759; x_wconf 87' lang='lat' dir='ltr'>utrumque</span> 
     </span>
     <span class='ocr_line' id='line_1_13' title="bbox 108 761 1116 818; baseline 0.008 -20"><span class='ocrx_word' id='word_1_71' title='bbox 108 761 371 813; x_wconf 77' lang='lat' dir='ltr'>dispositionis</span> <span class='ocrx_word' id='word_1_72' title='bbox 401 777 561 813; x_wconf 89' lang='lat' dir='ltr'>prorsus</span> <span class='ocrx_word' id='word_1_73' title='bbox 590 765 763 802; x_wconf 69' lang='lat' dir='ltr'>invenies</span> <span class='ocrx_word' id='word_1_74' title='bbox 786 776 823 804; x_wconf 89' lang='lat' dir='ltr'>et</span> <span class='ocrx_word' id='word_1_75' title='bbox 845 768 1014 818; x_wconf 84' lang='lat' dir='ltr'>ejusdem</span> <span class='ocrx_word' id='word_1_76' title='bbox 1042 770 1116 805; x_wconf 65' lang='lat' dir='ltr'>sere</span> 
     </span>
     <span class='ocr_line' id='line_1_14' title="bbox 107 822 1116 876; baseline 0.008 -18"><span class='ocrx_word' id='word_1_77' title='bbox 107 822 398 873; x_wconf 84' lang='lat' dir='ltr'>compositionis</span> <span class='ocrx_word' id='word_1_78' title='bbox 411 851 420 868; x_wconf 94' lang='lat'>,</span> <span class='ocrx_word' id='word_1_79' title='bbox 439 824 491 860; x_wconf 87' lang='lat' dir='ltr'>ita</span> <span class='ocrx_word' id='word_1_80' title='bbox 510 833 553 861; x_wconf 91' lang='lat' dir='ltr'>ut</span> <span class='ocrx_word' id='word_1_81' title='bbox 572 825 645 862; x_wconf 84' lang='lat' dir='ltr'>hoc</span> <span class='ocrx_word' id='word_1_82' title='bbox 659 827 822 876; x_wconf 83' lang='lat' dir='ltr'>septimo</span> <span class='ocrx_word' id='word_1_83' title='bbox 839 837 931 865; x_wconf 88' lang='lat' dir='ltr'>tono</span> <span class='ocrx_word' id='word_1_84' title='bbox 948 858 956 874; x_wconf 82' lang='lat'>,</span> <span class='ocrx_word' id='word_1_85' title='bbox 975 838 1010 866; x_wconf 87' lang='lat' dir='ltr'>et</span> <span class='ocrx_word' id='word_1_86' title='bbox 1025 830 1116 866; x_wconf 90' lang='lat' dir='ltr'>illud</span> 
     </span>
     <span class='ocr_line' id='line_1_15' title="bbox 107 882 1117 939; baseline 0.01 -22"><span class='ocrx_word' id='word_1_87' title='bbox 107 882 267 932; x_wconf 86' lang='lat' dir='ltr'>quinto,</span> <span class='ocrx_word' id='word_1_88' title='bbox 283 882 415 920; x_wconf 88' lang='lat' dir='ltr'>eadem</span> <span class='ocrx_word' id='word_1_89' title='bbox 436 885 560 934; x_wconf 89' lang='lat' dir='ltr'>possis</span> <span class='ocrx_word' id='word_1_90' title='bbox 587 895 717 936; x_wconf 89' lang='lat' dir='ltr'>aptare</span> <span class='ocrx_word' id='word_1_91' title='bbox 744 887 959 938; x_wconf 79' lang='lat' dir='ltr'>diligentia,</span> <span class='ocrx_word' id='word_1_92' title='bbox 983 903 1058 939; x_wconf 88' lang='lat' dir='ltr'>qua</span> <span class='ocrx_word' id='word_1_93' title='bbox 1082 900 1117 927; x_wconf 92' lang='lat' dir='ltr'>et</span> 
     </span>
     <span class='ocr_line' id='line_1_16' title="bbox 106 942 1123 996; baseline 0.009 -18"><span class='ocrx_word' id='word_1_94' title='bbox 106 942 181 979; x_wconf 90' lang='lat' dir='ltr'>hoc</span> <span class='ocrx_word' id='word_1_95' title='bbox 197 943 356 992; x_wconf 89' lang='lat' dir='ltr'>quinto,</span> <span class='ocrx_word' id='word_1_96' title='bbox 376 952 414 981; x_wconf 90' lang='lat' dir='ltr'>et</span> <span class='ocrx_word' id='word_1_97' title='bbox 429 944 523 981; x_wconf 86' lang='lat' dir='ltr'>illud</span> <span class='ocrx_word' id='word_1_98' title='bbox 544 947 720 996; x_wconf 88' lang='lat' dir='ltr'>septimO.</span> <span class='ocrx_word' id='word_1_99' title='bbox 742 949 853 986; x_wconf 69' lang='lat' dir='ltr'>L&#39;nde</span> <span class='ocrx_word' id='word_1_100' title='bbox 875 959 912 986; x_wconf 87' lang='lat' dir='ltr'>et</span> <span class='ocrx_word' id='word_1_101' title='bbox 932 951 1004 988; x_wconf 91' lang='lat' dir='ltr'>hoc</span> <span class='ocrx_word' id='word_1_102' title='bbox 1024 964 1123 989; x_wconf 85' lang='lat' dir='ltr'>neu-</span> 
     </span>
     <span class='ocr_line' id='line_1_17' title="bbox 109 1002 1122 1053; baseline 0.012 -16"><span class='ocrx_word' id='word_1_103' title='bbox 109 1014 170 1038; x_wconf 89' lang='lat' dir='ltr'>ma</span> <span class='ocrx_word' id='word_1_104' title='bbox 193 1002 346 1052; x_wconf 84' lang='lat' dir='ltr'>septimi</span> <span class='ocrx_word' id='word_1_105' title='bbox 378 1003 459 1040; x_wconf 93' lang='lat' dir='ltr'>toni</span> <span class='ocrx_word' id='word_1_106' title='bbox 488 1004 800 1044; x_wconf 83' lang='lat' dir='ltr'>irrationabiliter</span> <span class='ocrx_word' id='word_1_107' title='bbox 830 1018 886 1046; x_wconf 83' lang='lat' dir='ltr'>est</span> <span class='ocrx_word' id='word_1_108' title='bbox 911 1010 1122 1053; x_wconf 78' lang='lat' dir='ltr'>inventum,</span> 
     </span>
    </p>
   </div>
   <div class='ocr_carea' id='block_1_8' title="bbox 107 1065 1161 1114">
    <p class='ocr_par' dir='ltr' id='par_1_8' title="bbox 107 1065 1161 1114">
     <span class='ocr_line' id='line_1_18' title="bbox 107 1065 1161 1114; baseline 0.012 -17"><span class='ocrx_word' id='word_1_109' title='bbox 107 1074 194 1098; x_wconf 89' lang='lat' dir='ltr'>cum</span> <span class='ocrx_word' id='word_1_110' title='bbox 229 1071 448 1113; x_wconf 80' lang='lat' dir='ltr'>competere</span> <span class='ocrx_word' id='word_1_111' title='bbox 483 1065 602 1114; x_wconf 86' lang='lat' dir='ltr'>possit</span> <span class='ocrx_word' id='word_1_112' title='bbox 634 1067 736 1104; x_wconf 85' lang='lat' dir='ltr'>finali</span> <span class='ocrx_word' id='word_1_113' title='bbox 773 1069 891 1106; x_wconf 86' lang='lat' dir='ltr'>tertiae</span> <span class='ocrx_word' id='word_1_114' title='bbox 923 1073 1111 1109; x_wconf 72' lang='lat' dir='ltr'>manerize.</span> <span class='ocrx_word' id='word_1_115' title='bbox 1135 1075 1161 1108; x_wconf 91' lang='lat' dir='ltr'>B</span> 
     </span>
    </p>
   </div>
   <div class='ocr_carea' id='block_1_9' title="bbox 107 1122 1126 1834">
    <p class='ocr_par' dir='ltr' id='par_1_9' title="bbox 107 1122 1126 1834">
     <span class='ocr_line' id='line_1_19' title="bbox 107 1122 1115 1178; baseline 0.011 -20"><span class='ocrx_word' id='word_1_116' title='bbox 107 1125 174 1158; x_wconf 88' lang='lat' dir='ltr'>Est</span> <span class='ocrx_word' id='word_1_117' title='bbox 192 1122 295 1160; x_wconf 90' lang='lat' dir='ltr'>aliud</span> <span class='ocrx_word' id='word_1_118' title='bbox 314 1123 426 1160; x_wconf 85' lang='lat' dir='ltr'>valde</span> <span class='ocrx_word' id='word_1_119' title='bbox 453 1124 635 1162; x_wconf 82' lang='lat' dir='ltr'>indecens</span> <span class='ocrx_word' id='word_1_120' title='bbox 657 1126 695 1163; x_wconf 90' lang='lat' dir='ltr'>in</span> <span class='ocrx_word' id='word_1_121' title='bbox 722 1136 890 1178; x_wconf 84' lang='lat' dir='ltr'>utroque</span> <span class='ocrx_word' id='word_1_122' title='bbox 907 1141 1084 1169; x_wconf 90' lang='lat' dir='ltr'>neumate</span> <span class='ocrx_word' id='word_1_123' title='bbox 1108 1148 1115 1169; x_wconf 76' lang='grc' dir='ltr'>ε</span> 
     </span>
     <span class='ocr_line' id='line_1_20' title="bbox 107 1181 1117 1241; baseline 0.012 -24"><span class='ocrx_word' id='word_1_124' title='bbox 107 1181 224 1218; x_wconf 88' lang='lat' dir='ltr'>habet</span> <span class='ocrx_word' id='word_1_125' title='bbox 238 1182 340 1219; x_wconf 89' lang='lat' dir='ltr'>enim</span> <span class='ocrx_word' id='word_1_126' title='bbox 357 1191 564 1234; x_wconf 89' lang='lat' dir='ltr'>utrumque</span> <span class='ocrx_word' id='word_1_127' title='bbox 580 1186 620 1222; x_wconf 90' lang='lat' dir='ltr'>in</span> <span class='ocrx_word' id='word_1_128' title='bbox 636 1199 705 1223; x_wconf 88' lang='lat' dir='ltr'>suo</span> <span class='ocrx_word' id='word_1_129' title='bbox 724 1188 915 1239; x_wconf 87' lang='lat' dir='ltr'>principio</span> <span class='ocrx_word' id='word_1_130' title='bbox 932 1192 1117 1241; x_wconf 78' lang='lat' dir='ltr'>plagalem</span> 
     </span>
     <span class='ocr_line' id='line_1_21' title="bbox 108 1241 1119 1296; baseline 0.011 -19"><span class='ocrx_word' id='word_1_131' title='bbox 108 1241 382 1289; x_wconf 84' lang='lat' dir='ltr'>elevationem,</span> <span class='ocrx_word' id='word_1_132' title='bbox 415 1244 624 1282; x_wconf 90' lang='lat' dir='ltr'>ascendens</span> <span class='ocrx_word' id='word_1_133' title='bbox 655 1259 725 1296; x_wconf 86' lang='lat' dir='ltr'>per</span> <span class='ocrx_word' id='word_1_134' title='bbox 753 1256 885 1285; x_wconf 90' lang='lat' dir='ltr'>tonum</span> <span class='ocrx_word' id='word_1_135' title='bbox 905 1259 941 1286; x_wconf 79' lang='lat' dir='ltr'>et</span> <span class='ocrx_word' id='word_1_136' title='bbox 964 1252 1119 1288; x_wconf 87' lang='lat' dir='ltr'>semito-</span> 
     </span>
     <span class='ocr_line' id='line_1_22' title="bbox 110 1301 1120 1360; baseline 0.012 -24"><span class='ocrx_word' id='word_1_137' title='bbox 110 1301 229 1347; x_wconf 87' lang='lat' dir='ltr'>nium,</span> <span class='ocrx_word' id='word_1_138' title='bbox 247 1309 285 1337; x_wconf 81' lang='lat' dir='ltr'>et</span> <span class='ocrx_word' id='word_1_139' title='bbox 304 1315 448 1339; x_wconf 86' lang='lat' dir='ltr'>moram</span> <span class='ocrx_word' id='word_1_140' title='bbox 468 1303 607 1341; x_wconf 88' lang='lat' dir='ltr'>faciens</span> <span class='ocrx_word' id='word_1_141' title='bbox 623 1306 661 1341; x_wconf 94' lang='lat' dir='ltr'>in</span> <span class='ocrx_word' id='word_1_142' title='bbox 679 1315 826 1355; x_wconf 87' lang='lat' dir='ltr'>quarta,</span> <span class='ocrx_word' id='word_1_143' title='bbox 848 1309 943 1345; x_wconf 88' lang='lat' dir='ltr'>sicut</span> <span class='ocrx_word' id='word_1_144' title='bbox 963 1323 1120 1360; x_wconf 86' lang='lat' dir='ltr'>prorsus</span> 
     </span>
     <span class='ocr_line' id='line_1_23' title="bbox 109 1361 1120 1419; baseline 0.011 -23"><span class='ocrx_word' id='word_1_145' title='bbox 109 1361 282 1398; x_wconf 88' lang='lat' dir='ltr'>invenies</span> <span class='ocrx_word' id='word_1_146' title='bbox 317 1361 356 1398; x_wconf 91' lang='lat' dir='ltr'>in</span> <span class='ocrx_word' id='word_1_147' title='bbox 391 1371 570 1400; x_wconf 89' lang='lat' dir='ltr'>neumate</span> <span class='ocrx_word' id='word_1_148' title='bbox 590 1366 714 1401; x_wconf 78' lang='lat' dir='ltr'>octavi</span> <span class='ocrx_word' id='word_1_149' title='bbox 750 1368 854 1414; x_wconf 81' lang='lat' dir='ltr'>toni,</span> <span class='ocrx_word' id='word_1_150' title='bbox 877 1369 941 1418; x_wconf 88' lang='lat' dir='ltr'>qui</span> <span class='ocrx_word' id='word_1_151' title='bbox 963 1370 1120 1419; x_wconf 79' lang='lat' dir='ltr'>plagalis</span> 
     </span>
     <span class='ocr_line' id='line_1_24' title="bbox 111 1423 1121 1479; baseline 0.009 -21"><span class='ocrx_word' id='word_1_152' title='bbox 111 1430 178 1459; x_wconf 90' lang='lat' dir='ltr'>est.</span> <span class='ocrx_word' id='word_1_153' title='bbox 193 1424 295 1472; x_wconf 84' lang='lat' dir='ltr'>Ergo</span> <span class='ocrx_word' id='word_1_154' title='bbox 311 1423 372 1459; x_wconf 66' lang='lat' dir='ltr'>vel</span> <span class='ocrx_word' id='word_1_155' title='bbox 393 1436 636 1461; x_wconf 88' lang='lat' dir='ltr'>communem</span> <span class='ocrx_word' id='word_1_156' title='bbox 650 1425 938 1473; x_wconf 82' lang='lat' dir='ltr'>authentorum,</span> <span class='ocrx_word' id='word_1_157' title='bbox 956 1431 1014 1466; x_wconf 70' lang='lat' dir='ltr'>vel</span> <span class='ocrx_word' id='word_1_158' title='bbox 1032 1443 1121 1479; x_wconf 86' lang='lat' dir='ltr'>pro-</span> 
     </span>
     <span class='ocr_line' id='line_1_25' title="bbox 114 1481 1122 1536; baseline 0.008 -18"><span class='ocrx_word' id='word_1_159' title='bbox 114 1483 238 1533; x_wconf 81' lang='lat' dir='ltr'>priam</span> <span class='ocrx_word' id='word_1_160' title='bbox 273 1481 433 1532; x_wconf 86' lang='lat' dir='ltr'>alicujus</span> <span class='ocrx_word' id='word_1_161' title='bbox 469 1484 640 1521; x_wconf 88' lang='lat' dir='ltr'>authenti</span> <span class='ocrx_word' id='word_1_162' title='bbox 675 1488 994 1536; x_wconf 85' lang='lat' dir='ltr'>compositionem</span> <span class='ocrx_word' id='word_1_163' title='bbox 1027 1503 1122 1526; x_wconf 84' lang='lat' dir='ltr'>neu-</span> 
     </span>
     <span class='ocr_line' id='line_1_26' title="bbox 112 1544 1121 1597; baseline 0.007 -18"><span class='ocrx_word' id='word_1_164' title='bbox 112 1551 213 1580; x_wconf 90' lang='lat' dir='ltr'>trum</span> <span class='ocrx_word' id='word_1_165' title='bbox 247 1544 450 1593; x_wconf 82' lang='lat' dir='ltr'>exprimit,</span> <span class='ocrx_word' id='word_1_166' title='bbox 479 1557 550 1581; x_wconf 92' lang='lat' dir='ltr'>nec</span> <span class='ocrx_word' id='word_1_167' title='bbox 584 1546 710 1582; x_wconf 89' lang='lat' dir='ltr'>minus</span> <span class='ocrx_word' id='word_1_168' title='bbox 743 1557 1007 1597; x_wconf 78' lang='lat' dir='ltr'>competenter</span> <span class='ocrx_word' id='word_1_169' title='bbox 1029 1550 1121 1586; x_wconf 82' lang='lat' dir='ltr'>assi—</span> 
     </span>
     <span class='ocr_line' id='line_1_27' title="bbox 111 1602 1120 1657; baseline 0.007 -18"><span class='ocrx_word' id='word_1_170' title='bbox 111 1602 220 1653; x_wconf 86' lang='lat' dir='ltr'>gnari</span> <span class='ocrx_word' id='word_1_171' title='bbox 255 1611 383 1652; x_wconf 89' lang='lat' dir='ltr'>potest</span> <span class='ocrx_word' id='word_1_172' title='bbox 431 1612 567 1641; x_wconf 85' lang='lat' dir='ltr'>octavo</span> <span class='ocrx_word' id='word_1_173' title='bbox 603 1613 695 1641; x_wconf 88' lang='lat' dir='ltr'>tono</span> <span class='ocrx_word' id='word_1_174' title='bbox 712 1634 721 1650; x_wconf 94' lang='lat'>,</span> <span class='ocrx_word' id='word_1_175' title='bbox 758 1607 824 1655; x_wconf 82' lang='lat' dir='ltr'>qui</span> <span class='ocrx_word' id='word_1_176' title='bbox 856 1608 1014 1657; x_wconf 73' lang='lat' dir='ltr'>plagalis</span> <span class='ocrx_word' id='word_1_177' title='bbox 1052 1618 1120 1646; x_wconf 90' lang='lat' dir='ltr'>est.</span> 
     </span>
     <span class='ocr_line' id='line_1_28' title="bbox 112 1663 1122 1714; baseline 0.004 -14"><span class='ocrx_word' id='word_1_178' title='bbox 112 1666 275 1712; x_wconf 83' lang='lat' dir='ltr'>Propter</span> <span class='ocrx_word' id='word_1_179' title='bbox 301 1663 376 1699; x_wconf 93' lang='lat' dir='ltr'>hoc</span> <span class='ocrx_word' id='word_1_180' title='bbox 405 1671 613 1713; x_wconf 89' lang='lat' dir='ltr'>utrumque</span> <span class='ocrx_word' id='word_1_181' title='bbox 635 1673 823 1701; x_wconf 89' lang='lat' dir='ltr'>mutatum</span> <span class='ocrx_word' id='word_1_182' title='bbox 858 1668 1049 1714; x_wconf 67' lang='lat' dir='ltr'>invenie53</span> <span class='ocrx_word' id='word_1_183' title='bbox 1071 1669 1122 1704; x_wconf 92' lang='lat' dir='ltr'>ita</span> 
     </span>
     <span class='ocr_line' id='line_1_29' title="bbox 111 1722 1126 1774; baseline 0.006 -16"><span class='ocrx_word' id='word_1_184' title='bbox 111 1722 226 1772; x_wconf 87' lang='lat' dir='ltr'>plane</span> <span class='ocrx_word' id='word_1_185' title='bbox 243 1731 286 1759; x_wconf 90' lang='lat' dir='ltr'>ut</span> <span class='ocrx_word' id='word_1_186' title='bbox 313 1736 382 1760; x_wconf 93' lang='lat' dir='ltr'>suo</span> <span class='ocrx_word' id='word_1_187' title='bbox 402 1723 516 1760; x_wconf 91' lang='lat' dir='ltr'>modo</span> <span class='ocrx_word' id='word_1_188' title='bbox 544 1724 849 1774; x_wconf 88' lang='lat' dir='ltr'>unumquodque</span> <span class='ocrx_word' id='word_1_189' title='bbox 871 1727 1062 1763; x_wconf 84' lang='lat' dir='ltr'>sufficiens</span> <span class='ocrx_word' id='word_1_190' title='bbox 1079 1728 1126 1763; x_wconf 90' lang='lat' dir='ltr'>sit</span> 
     </span>
     <span class='ocr_line' id='line_1_30' title="bbox 112 1782 1124 1834; baseline 0.005 -15"><span class='ocrx_word' id='word_1_191' title='bbox 112 1791 151 1819; x_wconf 86' lang='lat' dir='ltr'>et</span> <span class='ocrx_word' id='word_1_192' title='bbox 177 1782 390 1832; x_wconf 85' lang='lat' dir='ltr'>singulare,</span> <span class='ocrx_word' id='word_1_193' title='bbox 413 1797 483 1820; x_wconf 90' lang='lat' dir='ltr'>nec</span> <span class='ocrx_word' id='word_1_194' title='bbox 505 1784 696 1834; x_wconf 89' lang='lat' dir='ltr'>superflua</span> <span class='ocrx_word' id='word_1_195' title='bbox 728 1794 858 1822; x_wconf 87' lang='lat' dir='ltr'>utatur</span> <span class='ocrx_word' id='word_1_196' title='bbox 888 1787 1124 1824; x_wconf 88' lang='lat' dir='ltr'>circuitione.</span> 
     </span>
    </p>
   </div>
   <div class='ocr_carea' id='block_1_10' title="bbox 1181 363 2190 1846">
    <p class='ocr_par' dir='ltr' id='par_1_10' title="bbox 1181 363 2184 569">
     <span class='ocr_line' id='line_1_31' title="bbox 1810 363 2184 416; baseline 0.021 -19"><span class='ocrx_word' id='word_1_197' title='bbox 1810 363 1964 413; x_wconf 72' lang='lat' dir='ltr'>Adcpta:</span> <span class='ocrx_word' id='word_1_198' title='bbox 1999 367 2184 416; x_wconf 84' lang='lat' dir='ltr'>siquidem</span> 
     </span>
     <span class='ocr_line' id='line_1_32' title="bbox 1181 412 2183 475; baseline 0.015 -26"><span class='ocrx_word' id='word_1_199' title='bbox 1181 412 1377 451; x_wconf 81' lang='lat' dir='ltr'>brevitatis</span> <span class='ocrx_word' id='word_1_200' title='bbox 1418 428 1493 451; x_wconf 88' lang='lat' dir='ltr'>non</span> <span class='ocrx_word' id='word_1_201' title='bbox 1537 425 1680 454; x_wconf 89' lang='lat' dir='ltr'>tantum</span> <span class='ocrx_word' id='word_1_202' title='bbox 1725 421 1865 458; x_wconf 64' lang='lat' dir='ltr'>valeret</span> <span class='ocrx_word' id='word_1_203' title='bbox 1897 427 2183 475; x_wconf 80' lang='lat' dir='ltr'>compendium,</span> 
     </span>
     <span class='ocr_line' id='line_1_33' title="bbox 1181 474 2184 535; baseline 0.015 -27"><span class='ocrx_word' id='word_1_204' title='bbox 1181 482 1364 522; x_wconf 90' lang='lat' dir='ltr'>quantum</span> <span class='ocrx_word' id='word_1_205' title='bbox 1389 474 1534 511; x_wconf 71' lang='lat' dir='ltr'>amissae</span> <span class='ocrx_word' id='word_1_206' title='bbox 1559 480 1837 516; x_wconf 79' lang='lat' dir='ltr'>commoditatis</span> <span class='ocrx_word' id='word_1_207' title='bbox 1859 493 2011 520; x_wconf 72' lang='lat' dir='ltr'>noct-ret</span> <span class='ocrx_word' id='word_1_208' title='bbox 2029 485 2184 535; x_wconf 90' lang='lat' dir='ltr'>dispen-</span> 
     </span>
     <span class='ocr_line' id='line_1_34' title="bbox 1183 533 1298 569; baseline 0.009 -2"><span class='ocrx_word' id='word_1_209' title='bbox 1183 533 1298 569; x_wconf 87' lang='lat' dir='ltr'>dium.</span> 
     </span>
    </p>

    <p class='ocr_par' dir='ltr' id='par_1_11' title="bbox 1183 594 2190 1846">
     <span class='ocr_line' id='line_1_35' title="bbox 1242 594 2183 651; baseline 0.012 -22"><span class='ocrx_word' id='word_1_210' title='bbox 1242 595 1298 630; x_wconf 92' lang='lat' dir='ltr'>ll.</span> <span class='ocrx_word' id='word_1_211' title='bbox 1344 594 1411 630; x_wconf 79' lang='lat' dir='ltr'>His</span> <span class='ocrx_word' id='word_1_212' title='bbox 1440 603 1476 631; x_wconf 83' lang='lat' dir='ltr'>ct</span> <span class='ocrx_word' id='word_1_213' title='bbox 1506 597 1587 633; x_wconf 87' lang='lat' dir='ltr'>aliis</span> <span class='ocrx_word' id='word_1_214' title='bbox 1627 599 1813 636; x_wconf 86' lang='lat' dir='ltr'>rationum</span> <span class='ocrx_word' id='word_1_215' title='bbox 1854 602 2183 651; x_wconf 64' lang='lat' dir='ltr'>1›robabilitatilum</span> 
     </span>
     <span class='ocr_line' id='line_1_36' title="bbox 1183 656 2182 714; baseline 0.015 -27"><span class='ocrx_word' id='word_1_216' title='bbox 1183 661 1318 688; x_wconf 89' lang='lat' dir='ltr'>contra</span> <span class='ocrx_word' id='word_1_217' title='bbox 1342 666 1449 690; x_wconf 90' lang='lat' dir='ltr'>usum</span> <span class='ocrx_word' id='word_1_218' title='bbox 1469 656 1638 692; x_wconf 85' lang='lat' dir='ltr'>omnium</span> <span class='ocrx_word' id='word_1_219' title='bbox 1666 659 1914 697; x_wconf 79' lang='lat' dir='ltr'>Ecclesiarum</span> <span class='ocrx_word' id='word_1_220' title='bbox 1943 665 2182 714; x_wconf 76' lang='lat' dir='ltr'>Antiphona-</span> 
     </span>
     <span class='ocr_line' id='line_1_37' title="bbox 1184 713 2183 772; baseline 0.015 -25"><span class='ocrx_word' id='word_1_221' title='bbox 1184 713 1281 748; x_wconf 85' lang='lat' dir='ltr'>rium</span> <span class='ocrx_word' id='word_1_222' title='bbox 1299 713 1372 749; x_wconf 89' lang='lat' dir='ltr'>hoc</span> <span class='ocrx_word' id='word_1_223' title='bbox 1393 715 1582 763; x_wconf 72' lang='lat' dir='ltr'>corrigere</span> <span class='ocrx_word' id='word_1_224' title='bbox 1602 718 1719 753; x_wconf 79' lang='lat' dir='ltr'>coacti</span> <span class='ocrx_word' id='word_1_225' title='bbox 1746 733 1897 766; x_wconf 74' lang='lat' dir='ltr'>sumus5</span> <span class='ocrx_word' id='word_1_226' title='bbox 1933 724 2047 772; x_wconf 77' lang='lat' dir='ltr'>magis</span> <span class='ocrx_word' id='word_1_227' title='bbox 2071 726 2183 761; x_wconf 86' lang='lat' dir='ltr'>nimi-</span> 
     </span>
     <span class='ocr_line' id='line_1_38' title="bbox 1186 781 2183 823; baseline 0.014 -16"><span class='ocrx_word' id='word_1_228' title='bbox 1186 785 1267 807; x_wconf 91' lang='lat' dir='ltr'>rum</span> <span class='ocrx_word' id='word_1_229' title='bbox 1291 781 1483 819; x_wconf 86' lang='lat' dir='ltr'>naturam,</span> <span class='ocrx_word' id='word_1_230' title='bbox 1505 789 1617 823; x_wconf 89' lang='lat' dir='ltr'>quam</span> <span class='ocrx_word' id='word_1_231' title='bbox 1635 790 1744 813; x_wconf 87' lang='lat' dir='ltr'>usum</span> <span class='ocrx_word' id='word_1_232' title='bbox 1764 781 1996 819; x_wconf 62' lang='lat' dir='ltr'>annulantes.</span> <span class='ocrx_word' id='word_1_233' title='bbox 2019 787 2094 820; x_wconf 62' lang='lat' dir='ltr'>Mc</span> <span class='ocrx_word' id='word_1_234' title='bbox 2113 785 2183 821; x_wconf 80' lang='lat' dir='ltr'>hoc</span> 
     </span>
     <span class='ocr_line' id='line_1_39' title="bbox 1186 832 2185 890; baseline 0.015 -23"><span class='ocrx_word' id='word_1_235' title='bbox 1186 832 1315 881; x_wconf 88' lang='lat' dir='ltr'>utique</span> <span class='ocrx_word' id='word_1_236' title='bbox 1336 836 1517 883; x_wconf 65' lang='lat' dir='ltr'>suggessit</span> <span class='ocrx_word' id='word_1_237' title='bbox 1538 839 1802 887; x_wconf 80' lang='lat' dir='ltr'>praesumptio‚</span> <span class='ocrx_word' id='word_1_238' title='bbox 1825 841 1888 877; x_wconf 89' lang='lat' dir='ltr'>sed</span> <span class='ocrx_word' id='word_1_239' title='bbox 1912 842 2076 890; x_wconf 82' lang='lat' dir='ltr'>injunxit</span> <span class='ocrx_word' id='word_1_240' title='bbox 2098 845 2185 881; x_wconf 79' lang='lat' dir='ltr'>obc-</span> 
     </span>
     <span class='ocr_line' id='line_1_40' title="bbox 1185 891 2186 946; baseline 0.015 -19"><span class='ocrx_word' id='word_1_241' title='bbox 1185 891 1337 928; x_wconf 87' lang='lat' dir='ltr'>dientia.</span> <span class='ocrx_word' id='word_1_242' title='bbox 1368 894 1403 930; x_wconf 89' lang='lat' dir='ltr'>Si</span> <span class='ocrx_word' id='word_1_243' title='bbox 1435 908 1524 943; x_wconf 75' lang='lat' dir='ltr'>ergo</span> <span class='ocrx_word' id='word_1_244' title='bbox 1551 908 1648 945; x_wconf 89' lang='lat' dir='ltr'>opus</span> <span class='ocrx_word' id='word_1_245' title='bbox 1673 898 1860 946; x_wconf 67' lang='lat' dir='ltr'>singulare</span> <span class='ocrx_word' id='word_1_246' title='bbox 1881 910 1916 937; x_wconf 87' lang='lat' dir='ltr'>ct</span> <span class='ocrx_word' id='word_1_247' title='bbox 1934 901 1979 938; x_wconf 85' lang='lat' dir='ltr'>ab</span> <span class='ocrx_word' id='word_1_248' title='bbox 2008 905 2186 942; x_wconf 71' lang='lat' dir='ltr'>omnibus</span> 
     </span>
     <span class='ocr_line' id='line_1_41' title="bbox 1190 952 2181 1009; baseline 0.015 -22"><span class='ocrx_word' id='word_1_249' title='bbox 1190 952 1476 1001; x_wconf 84' lang='lat' dir='ltr'>Antiphonariis</span> <span class='ocrx_word' id='word_1_250' title='bbox 1494 954 1684 992; x_wconf 79' lang='lat' dir='ltr'>diversum</span> <span class='ocrx_word' id='word_1_251' title='bbox 1704 957 1831 994; x_wconf 83' lang='lat' dir='ltr'>fecisse</span> <span class='ocrx_word' id='word_1_252' title='bbox 1856 962 2181 1009; x_wconf 84' lang='lat' dir='ltr'>reprehendimur,</span> 
     </span>
     <span class='ocr_line' id='line_1_42' title="bbox 1191 1011 2185 1065; baseline 0.014 -18"><span class='ocrx_word' id='word_1_253' title='bbox 1191 1011 1227 1047; x_wconf 91' lang='lat' dir='ltr'>id</span> <span class='ocrx_word' id='word_1_254' title='bbox 1253 1011 1362 1047; x_wconf 82' lang='lat' dir='ltr'>nobis</span> <span class='ocrx_word' id='word_1_255' title='bbox 1385 1022 1498 1049; x_wconf 69' lang='lat' dir='ltr'>restat</span> <span class='ocrx_word' id='word_1_256' title='bbox 1527 1015 1669 1061; x_wconf 86' lang='lat' dir='ltr'>solatii,</span> <span class='ocrx_word' id='word_1_257' title='bbox 1691 1018 1791 1065; x_wconf 88' lang='lat' dir='ltr'>quod</span> <span class='ocrx_word' id='word_1_258' title='bbox 1828 1028 1997 1057; x_wconf 84' lang='lat' dir='ltr'>nostrum</span> <span class='ocrx_word' id='word_1_259' title='bbox 2028 1022 2075 1059; x_wconf 86' lang='lat' dir='ltr'>ab</span> <span class='ocrx_word' id='word_1_260' title='bbox 2104 1025 2185 1061; x_wconf 80' lang='lat' dir='ltr'>aliis</span> 
     </span>
     <span class='ocr_line' id='line_1_43' title="bbox 1184 1071 2182 1120; baseline 0.015 -15"><span class='ocrx_word' id='word_1_261' title='bbox 1184 1071 1278 1106; x_wconf 87' lang='lat' dir='ltr'>ratio</span> <span class='ocrx_word' id='word_1_262' title='bbox 1308 1072 1391 1107; x_wconf 83' lang='lat' dir='ltr'>fecit</span> <span class='ocrx_word' id='word_1_263' title='bbox 1421 1072 1611 1109; x_wconf 79' lang='lat' dir='ltr'>diversum</span> <span class='ocrx_word' id='word_1_264' title='bbox 1631 1089 1638 1110; x_wconf 92' lang='lat'><strong>:</strong></span> <span class='ocrx_word' id='word_1_265' title='bbox 1661 1076 1731 1112; x_wconf 89' lang='lat' dir='ltr'>alia</span> <span class='ocrx_word' id='word_1_266' title='bbox 1760 1090 1848 1113; x_wconf 79' lang='lat' dir='ltr'>vero</span> <span class='ocrx_word' id='word_1_267' title='bbox 1867 1079 1963 1116; x_wconf 88' lang='lat' dir='ltr'>iuter</span> <span class='ocrx_word' id='word_1_268' title='bbox 1982 1094 2020 1117; x_wconf 89' lang='lat' dir='ltr'>se</span> <span class='ocrx_word' id='word_1_269' title='bbox 2038 1082 2182 1120; x_wconf 74' lang='lat' dir='ltr'>diversa</span> 
     </span>
     <span class='ocr_line' id='line_1_44' title="bbox 1186 1130 2184 1193; baseline 0.015 -27"><span class='ocrx_word' id='word_1_270' title='bbox 1186 1130 1270 1167; x_wconf 87' lang='lat' dir='ltr'>fecit</span> <span class='ocrx_word' id='word_1_271' title='bbox 1286 1145 1405 1178; x_wconf 84' lang='lat' dir='ltr'>casus,</span> <span class='ocrx_word' id='word_1_272' title='bbox 1419 1146 1496 1169; x_wconf 91' lang='lat' dir='ltr'>non</span> <span class='ocrx_word' id='word_1_273' title='bbox 1515 1135 1628 1179; x_wconf 88' lang='lat' dir='ltr'>ratio,</span> <span class='ocrx_word' id='word_1_274' title='bbox 1649 1136 1704 1171; x_wconf 68' lang='lat' dir='ltr'>vel</span> <span class='ocrx_word' id='word_1_275' title='bbox 1727 1137 1828 1174; x_wconf 88' lang='lat' dir='ltr'>aliud</span> <span class='ocrx_word' id='word_1_276' title='bbox 1850 1140 2062 1190; x_wconf 81' lang='lat' dir='ltr'>quidpiam,</span> <span class='ocrx_word' id='word_1_277' title='bbox 2081 1146 2184 1193; x_wconf 83' lang='lat' dir='ltr'>quod</span> 
     </span>
     <span class='ocr_line' id='line_1_45' title="bbox 1185 1190 2183 1244; baseline 0.016 -19"><span class='ocrx_word' id='word_1_278' title='bbox 1185 1190 1220 1225; x_wconf 92' lang='lat' dir='ltr'>in</span> <span class='ocrx_word' id='word_1_279' title='bbox 1239 1204 1349 1227; x_wconf 86' lang='lat' dir='ltr'>causa</span> <span class='ocrx_word' id='word_1_280' title='bbox 1367 1192 1469 1228; x_wconf 92' lang='lat' dir='ltr'>casui</span> <span class='ocrx_word' id='word_1_281' title='bbox 1497 1206 1574 1229; x_wconf 88' lang='lat' dir='ltr'>non</span> <span class='ocrx_word' id='word_1_282' title='bbox 1592 1196 1868 1244; x_wconf 81' lang='lat' dir='ltr'>praeponderat.</span> <span class='ocrx_word' id='word_1_283' title='bbox 1891 1201 1994 1237; x_wconf 88' lang='lat' dir='ltr'>Licet</span> <span class='ocrx_word' id='word_1_284' title='bbox 2015 1204 2113 1239; x_wconf 89' lang='lat' dir='ltr'>enim</span> <span class='ocrx_word' id='word_1_285' title='bbox 2147 1206 2183 1240; x_wconf 87' lang='lat' dir='ltr'>iu</span> 
     </span>
     <span class='ocr_line' id='line_1_46' title="bbox 1185 1250 2183 1308; baseline 0.017 -24"><span class='ocrx_word' id='word_1_286' title='bbox 1185 1250 1286 1286; x_wconf 64' lang='lat' dir='ltr'>vitiis</span> <span class='ocrx_word' id='word_1_287' title='bbox 1306 1252 1434 1288; x_wconf 86' lang='lat' dir='ltr'>onmia</span> <span class='ocrx_word' id='word_1_288' title='bbox 1466 1252 1541 1289; x_wconf 87' lang='lat' dir='ltr'>fere</span> <span class='ocrx_word' id='word_1_289' title='bbox 1561 1256 1811 1302; x_wconf 76' lang='lat' dir='ltr'>conveniant;</span> <span class='ocrx_word' id='word_1_290' title='bbox 1836 1259 1872 1294; x_wconf 90' lang='lat' dir='ltr'>in</span> <span class='ocrx_word' id='word_1_291' title='bbox 1892 1260 2028 1308; x_wconf 86' lang='lat' dir='ltr'>quibus</span> <span class='ocrx_word' id='word_1_292' title='bbox 2060 1271 2183 1300; x_wconf 72' lang='lat' dir='ltr'>tamen</span> 
     </span>
     <span class='ocr_line' id='line_1_47' title="bbox 1186 1309 2186 1364; baseline 0.017 -20"><span class='ocrx_word' id='word_1_293' title='bbox 1186 1309 1459 1363; x_wconf 81' lang='lat' dir='ltr'>rationabiliter</span> <span class='ocrx_word' id='word_1_294' title='bbox 1487 1314 1691 1350; x_wconf 66' lang='lat' dir='ltr'>convenire</span> <span class='ocrx_word' id='word_1_295' title='bbox 1723 1326 1898 1364; x_wconf 79' lang='lat' dir='ltr'>possent,</span> <span class='ocrx_word' id='word_1_296' title='bbox 1920 1320 2013 1357; x_wconf 88' lang='lat' dir='ltr'>adeo</span> <span class='ocrx_word' id='word_1_297' title='bbox 2035 1321 2186 1360; x_wconf 80' lang='lat' dir='ltr'>discon-</span> 
     </span>
     <span class='ocr_line' id='line_1_48' title="bbox 1187 1370 2186 1424; baseline 0.016 -19"><span class='ocrx_word' id='word_1_298' title='bbox 1187 1370 1356 1417; x_wconf 72' lang='lat' dir='ltr'>veniunt,</span> <span class='ocrx_word' id='word_1_299' title='bbox 1369 1381 1411 1408; x_wconf 90' lang='lat' dir='ltr'>ut</span> <span class='ocrx_word' id='word_1_300' title='bbox 1427 1372 1525 1409; x_wconf 89' lang='lat' dir='ltr'>idem</span> <span class='ocrx_word' id='word_1_301' title='bbox 1540 1375 1858 1424; x_wconf 81' lang='lat' dir='ltr'>Antiphonarium</span> <span class='ocrx_word' id='word_1_302' title='bbox 1875 1393 1943 1416; x_wconf 92' lang='lat' dir='ltr'>nec</span> <span class='ocrx_word' id='word_1_303' title='bbox 1957 1381 2039 1417; x_wconf 78' lang='lat' dir='ltr'>duae</span> <span class='ocrx_word' id='word_1_304' title='bbox 2052 1394 2186 1420; x_wconf 83' lang='lat' dir='ltr'>canant</span> 
     </span>
     <span class='ocr_line' id='line_1_49' title="bbox 1187 1430 2186 1491; baseline 0.016 -27"><span class='ocrx_word' id='word_1_305' title='bbox 1187 1430 1406 1478; x_wconf 75' lang='lat' dir='ltr'>provinciae.</span> <span class='ocrx_word' id='word_1_306' title='bbox 1428 1433 1565 1469; x_wconf 74' lang='lat' dir='ltr'>Mirum</span> <span class='ocrx_word' id='word_1_307' title='bbox 1589 1435 1750 1483; x_wconf 87' lang='lat' dir='ltr'>proinde</span> <span class='ocrx_word' id='word_1_308' title='bbox 1768 1437 1887 1474; x_wconf 62' lang='lat' dir='ltr'>videri</span> <span class='ocrx_word' id='word_1_309' title='bbox 1908 1449 2054 1489; x_wconf 88' lang='lat' dir='ltr'>potest,</span> <span class='ocrx_word' id='word_1_310' title='bbox 2071 1456 2186 1491; x_wconf 86' lang='lat' dir='ltr'>quare</span> 
     </span>
     <span class='ocr_line' id='line_1_50' title="bbox 1188 1488 2186 1546; baseline 0.015 -22"><span class='ocrx_word' id='word_1_311' title='bbox 1188 1488 1341 1538; x_wconf 86' lang='lat' dir='ltr'>majoris</span> <span class='ocrx_word' id='word_1_312' title='bbox 1367 1492 1506 1528; x_wconf 89' lang='lat' dir='ltr'>suerint</span> <span class='ocrx_word' id='word_1_313' title='bbox 1527 1495 1760 1531; x_wconf 81' lang='lat' dir='ltr'>auctoritatis</span> <span class='ocrx_word' id='word_1_314' title='bbox 1781 1505 1892 1546; x_wconf 88' lang='lat' dir='ltr'>atque</span> <span class='ocrx_word' id='word_1_315' title='bbox 1914 1503 2186 1539; x_wconf 81' lang='lat' dir='ltr'>communioris</span> 
     </span>
     <span class='ocr_line' id='line_1_51' title="bbox 1189 1550 2186 1608; baseline 0.015 -24"><span class='ocrx_word' id='word_1_316' title='bbox 1189 1550 1332 1585; x_wconf 65' lang='lat' dir='ltr'>notitiae</span> <span class='ocrx_word' id='word_1_317' title='bbox 1365 1551 1451 1586; x_wconf 84' lang='lat' dir='ltr'>salsa</span> <span class='ocrx_word' id='word_1_318' title='bbox 1485 1566 1597 1601; x_wconf 88' lang='lat' dir='ltr'>quam</span> <span class='ocrx_word' id='word_1_319' title='bbox 1632 1566 1742 1598; x_wconf 70' lang='lat' dir='ltr'>vera,</span> <span class='ocrx_word' id='word_1_320' title='bbox 1777 1557 1911 1594; x_wconf 65' lang='lat' dir='ltr'>vitiosa</span> <span class='ocrx_word' id='word_1_321' title='bbox 1944 1573 2054 1608; x_wconf 85' lang='lat' dir='ltr'>quam</span> <span class='ocrx_word' id='word_1_322' title='bbox 2087 1575 2186 1599; x_wconf 83' lang='lat' dir='ltr'>sana.</span> 
     </span>
     <span class='ocr_line' id='line_1_52' title="bbox 1188 1609 2185 1665; baseline 0.013 -20"><span class='ocrx_word' id='word_1_323' title='bbox 1188 1612 1240 1645; x_wconf 68' lang='lat' dir='ltr'>[t</span> <span class='ocrx_word' id='word_1_324' title='bbox 1256 1609 1353 1644; x_wconf 84' lang='lat' dir='ltr'>enim</span> <span class='ocrx_word' id='word_1_325' title='bbox 1374 1609 1418 1645; x_wconf 89' lang='lat' dir='ltr'>de</span> <span class='ocrx_word' id='word_1_326' title='bbox 1436 1612 1824 1660; x_wconf 78' lang='lat' dir='ltr'>comprovincialibus</span> <span class='ocrx_word' id='word_1_327' title='bbox 1846 1616 1978 1665; x_wconf 88' lang='lat' dir='ltr'>loquar</span> <span class='ocrx_word' id='word_1_328' title='bbox 1999 1621 2185 1665; x_wconf 82' lang='lat' dir='ltr'>Ecclesiis,</span> 
     </span>
     <span class='ocr_line' id='line_1_53' title="bbox 1191 1672 2187 1721; baseline 0.014 -18"><span class='ocrx_word' id='word_1_329' title='bbox 1191 1681 1296 1704; x_wconf 84' lang='lat' dir='ltr'>sume</span> <span class='ocrx_word' id='word_1_330' title='bbox 1319 1673 1505 1706; x_wconf 85' lang='lat' dir='ltr'>Remense</span> <span class='ocrx_word' id='word_1_331' title='bbox 1530 1672 1869 1721; x_wconf 77' lang='lat' dir='ltr'>Antiphonarium,</span> <span class='ocrx_word' id='word_1_332' title='bbox 1890 1685 1925 1712; x_wconf 88' lang='lat' dir='ltr'>et</span> <span class='ocrx_word' id='word_1_333' title='bbox 1942 1679 2071 1715; x_wconf 84' lang='lat' dir='ltr'>confer</span> <span class='ocrx_word' id='word_1_334' title='bbox 2095 1681 2187 1717; x_wconf 88' lang='lat' dir='ltr'>illud</span> 
     </span>
     <span class='ocr_line' id='line_1_54' title="bbox 1192 1727 2190 1778; baseline 0.015 -16"><span class='ocrx_word' id='word_1_335' title='bbox 1192 1727 1429 1774; x_wconf 71' lang='lat' dir='ltr'>Belvacensi,</span> <span class='ocrx_word' id='word_1_336' title='bbox 1463 1730 1520 1765; x_wconf 73' lang='lat' dir='ltr'>vel</span> <span class='ocrx_word' id='word_1_337' title='bbox 1552 1730 1797 1769; x_wconf 81' lang='lat' dir='ltr'>Ambianensi</span> <span class='ocrx_word' id='word_1_338' title='bbox 1833 1748 1896 1771; x_wconf 89' lang='lat' dir='ltr'>seu</span> <span class='ocrx_word' id='word_1_339' title='bbox 1932 1739 2190 1778; x_wconf 84' lang='lat' dir='ltr'>Suessionensi</span> 
     </span>
     <span class='ocr_line' id='line_1_55' title="bbox 1194 1787 2188 1846; baseline 0.013 -22"><span class='ocrx_word' id='word_1_340' title='bbox 1194 1787 1494 1837; x_wconf 83' lang='lat' dir='ltr'>Antiphonario,</span> <span class='ocrx_word' id='word_1_341' title='bbox 1513 1790 1615 1838; x_wconf 90' lang='lat' dir='ltr'>quod</span> <span class='ocrx_word' id='word_1_342' title='bbox 1633 1793 1738 1840; x_wconf 85' lang='lat' dir='ltr'>quasi</span> <span class='ocrx_word' id='word_1_343' title='bbox 1763 1793 1808 1828; x_wconf 90' lang='lat' dir='ltr'>ad</span> <span class='ocrx_word' id='word_1_344' title='bbox 1825 1794 1977 1842; x_wconf 86' lang='lat' dir='ltr'>januam</span> <span class='ocrx_word' id='word_1_345' title='bbox 2001 1798 2132 1846; x_wconf 80' lang='lat' dir='ltr'>habes3</span> <span class='ocrx_word' id='word_1_346' title='bbox 2160 1801 2188 1837; x_wconf 87' lang='lat' dir='ltr'>si</span> 
     </span>
    </p>
   </div>
   <div class='ocr_carea' id='block_1_11' title="bbox 109 1844 2188 1903">
    <p class='ocr_par' dir='ltr' id='par_1_12' title="bbox 109 1844 2188 1903">
     <span class='ocr_line' id='line_1_56' title="bbox 109 1844 2188 1903; baseline 0.007 -22"><span class='ocrx_word' id='word_1_347' title='bbox 109 1847 256 1882; x_wconf 89' lang='lat' dir='ltr'>Neuma</span> <span class='ocrx_word' id='word_1_348' title='bbox 272 1844 445 1881; x_wconf 88' lang='lat' dir='ltr'>similiter</span> <span class='ocrx_word' id='word_1_349' title='bbox 465 1845 566 1881; x_wconf 87' lang='lat' dir='ltr'>tertii</span> <span class='ocrx_word' id='word_1_350' title='bbox 584 1846 664 1882; x_wconf 92' lang='lat' dir='ltr'>toni</span> <span class='ocrx_word' id='word_1_351' title='bbox 685 1846 918 1883; x_wconf 87' lang='lat' dir='ltr'>insufficiens</span> <span class='ocrx_word' id='word_1_352' title='bbox 937 1856 1013 1893; x_wconf 88' lang='lat' dir='ltr'>est,</span> <span class='ocrx_word' id='word_1_353' title='bbox 1032 1848 1122 1897; x_wconf 86' lang='lat' dir='ltr'>quia</span> <span class='ocrx_word' id='word_1_354' title='bbox 1143 1849 1169 1884; x_wconf 94' lang='lat' dir='ltr'>C</span> <span class='ocrx_word' id='word_1_355' title='bbox 1187 1847 1422 1884; x_wconf 83' lang='lat' dir='ltr'>identitatem</span> <span class='ocrx_word' id='word_1_356' title='bbox 1452 1849 1664 1896; x_wconf 74' lang='lat' dir='ltr'>inveneris,</span> <span class='ocrx_word' id='word_1_357' title='bbox 1687 1864 1753 1899; x_wconf 78' lang='lat' dir='ltr'>age</span> <span class='ocrx_word' id='word_1_358' title='bbox 1781 1857 1861 1889; x_wconf 89' lang='lat' dir='ltr'>Deo</span> <span class='ocrx_word' id='word_1_359' title='bbox 1893 1858 2038 1903; x_wconf 75' lang='lat' dir='ltr'>gratias.</span> <span class='ocrx_word' id='word_1_360' title='bbox 2070 1861 2188 1896; x_wconf 72' lang='lat' dir='ltr'>Nolu—</span> 
     </span>
    </p>
   </div>
   <div class='ocr_carea' id='block_1_12' title="bbox 114 1903 1130 2615">
    <p class='ocr_par' dir='ltr' id='par_1_13' title="bbox 114 1903 1130 2615">
     <span class='ocr_line' id='line_1_57' title="bbox 114 1903 1123 1957; baseline 0.005 -17"><span class='ocrx_word' id='word_1_361' title='bbox 114 1903 308 1941; x_wconf 86' lang='lat' dir='ltr'>anthentis</span> <span class='ocrx_word' id='word_1_362' title='bbox 318 1904 385 1954; x_wconf 89' lang='lat' dir='ltr'>qui</span> <span class='ocrx_word' id='word_1_363' title='bbox 402 1905 599 1942; x_wconf 87' lang='lat' dir='ltr'>terminari</span> <span class='ocrx_word' id='word_1_364' title='bbox 613 1915 776 1957; x_wconf 89' lang='lat' dir='ltr'>possunt</span> <span class='ocrx_word' id='word_1_365' title='bbox 792 1907 828 1943; x_wconf 90' lang='lat' dir='ltr'>in</span> <span class='ocrx_word' id='word_1_366' title='bbox 840 1911 868 1944; x_wconf 89' lang='lat' dir='ltr'>B</span> <span class='ocrx_word' id='word_1_367' title='bbox 880 1908 1123 1957; x_wconf 88' lang='lat' dir='ltr'>quadratum,</span> 
     </span>
     <span class='ocr_line' id='line_1_58' title="bbox 114 1964 1125 2016; baseline 0.005 -16"><span class='ocrx_word' id='word_1_368' title='bbox 114 1964 323 2001; x_wconf 87' lang='lat' dir='ltr'>convenire</span> <span class='ocrx_word' id='word_1_369' title='bbox 345 1978 424 2001; x_wconf 91' lang='lat' dir='ltr'>non</span> <span class='ocrx_word' id='word_1_370' title='bbox 453 1974 604 2016; x_wconf 83' lang='lat' dir='ltr'>potest3</span> <span class='ocrx_word' id='word_1_371' title='bbox 626 1975 663 2002; x_wconf 91' lang='lat' dir='ltr'>et</span> <span class='ocrx_word' id='word_1_372' title='bbox 683 1966 769 2003; x_wconf 92' lang='lat' dir='ltr'>ideo</span> <span class='ocrx_word' id='word_1_373' title='bbox 791 1967 861 2004; x_wconf 91' lang='lat' dir='ltr'>sub</span> <span class='ocrx_word' id='word_1_374' title='bbox 884 1977 988 2005; x_wconf 69' lang='lat' dir='ltr'>sexta</span> <span class='ocrx_word' id='word_1_375' title='bbox 1009 1970 1125 2005; x_wconf 89' lang='lat' dir='ltr'>semi-</span> 
     </span>
     <span class='ocr_line' id='line_1_59' title="bbox 116 2024 1124 2065; baseline 0.004 -4"><span class='ocrx_word' id='word_1_376' title='bbox 116 2025 264 2062; x_wconf 87' lang='lat' dir='ltr'>tonium</span> <span class='ocrx_word' id='word_1_377' title='bbox 284 2024 453 2062; x_wconf 87' lang='lat' dir='ltr'>ablatum</span> <span class='ocrx_word' id='word_1_378' title='bbox 475 2025 660 2064; x_wconf 87' lang='lat' dir='ltr'>invenies.</span> <span class='ocrx_word' id='word_1_379' title='bbox 696 2031 772 2064; x_wconf 84' lang='lat' dir='ltr'>Has</span> <span class='ocrx_word' id='word_1_380' title='bbox 805 2037 1025 2065; x_wconf 87' lang='lat' dir='ltr'>neumatum</span> <span class='ocrx_word' id='word_1_381' title='bbox 1054 2043 1124 2065; x_wconf 76' lang='lat' dir='ltr'>ex—</span> 
     </span>
     <span class='ocr_line' id='line_1_60' title="bbox 115 2085 1126 2136; baseline 0.005 -14"><span class='ocrx_word' id='word_1_382' title='bbox 115 2085 274 2135; x_wconf 87' lang='lat' dir='ltr'>quisitas</span> <span class='ocrx_word' id='word_1_383' title='bbox 285 2086 540 2136; x_wconf 87' lang='lat' dir='ltr'>proprietates</span> <span class='ocrx_word' id='word_1_384' title='bbox 561 2100 641 2124; x_wconf 89' lang='lat' dir='ltr'>esse</span> <span class='ocrx_word' id='word_1_385' title='bbox 655 2088 748 2124; x_wconf 89' lang='lat' dir='ltr'>scias</span> <span class='ocrx_word' id='word_1_386' title='bbox 765 2087 973 2125; x_wconf 88' lang='lat' dir='ltr'>admodum</span> <span class='ocrx_word' id='word_1_387' title='bbox 994 2103 1126 2127; x_wconf 87' lang='lat' dir='ltr'>neces-</span> 
     </span>
     <span class='ocr_line' id='line_1_61' title="bbox 115 2145 1127 2197; baseline 0.004 -15"><span class='ocrx_word' id='word_1_388' title='bbox 115 2145 233 2183; x_wconf 87' lang='lat' dir='ltr'>sarias</span> <span class='ocrx_word' id='word_1_389' title='bbox 252 2146 301 2183; x_wconf 85' lang='lat' dir='ltr'>ad</span> <span class='ocrx_word' id='word_1_390' title='bbox 330 2146 621 2197; x_wconf 84' lang='lat' dir='ltr'>distinguendos</span> <span class='ocrx_word' id='word_1_391' title='bbox 656 2148 841 2197; x_wconf 88' lang='lat' dir='ltr'>quosdam</span> <span class='ocrx_word' id='word_1_392' title='bbox 874 2149 1075 2186; x_wconf 87' lang='lat' dir='ltr'>authentos</span> <span class='ocrx_word' id='word_1_393' title='bbox 1105 2163 1127 2186; x_wconf 90' lang='lat' dir='ltr'>a</span> 
     </span>
     <span class='ocr_line' id='line_1_62' title="bbox 116 2205 1127 2260; baseline 0.001 -16"><span class='ocrx_word' id='word_1_394' title='bbox 116 2205 195 2244; x_wconf 91' lang='lat' dir='ltr'>suis</span> <span class='ocrx_word' id='word_1_395' title='bbox 211 2205 436 2256; x_wconf 85' lang='lat' dir='ltr'>plagalibus.</span> <span class='ocrx_word' id='word_1_396' title='bbox 459 2210 550 2244; x_wconf 78' lang='lat' dir='ltr'>Haec</span> <span class='ocrx_word' id='word_1_397' title='bbox 566 2208 666 2244; x_wconf 90' lang='lat' dir='ltr'>enim</span> <span class='ocrx_word' id='word_1_398' title='bbox 686 2208 915 2260; x_wconf 87' lang='lat' dir='ltr'>antiphona,</span> <span class='ocrx_word' id='word_1_399' title='bbox 933 2225 946 2239; x_wconf 66' lang='lat' dir='ltr'>r&lt;</span> <span class='ocrx_word' id='word_1_400' title='bbox 963 2212 1040 2245; x_wconf 86' lang='lat' dir='ltr'>Lex</span> <span class='ocrx_word' id='word_1_401' title='bbox 1058 2223 1127 2259; x_wconf 89' lang='lat' dir='ltr'>per</span> 
     </span>
     <span class='ocr_line' id='line_1_63' title="bbox 117 2265 1124 2318; baseline 0.002 -16"><span class='ocrx_word' id='word_1_402' title='bbox 117 2282 132 2296; x_wconf 83' lang='lat'>«</span> <span class='ocrx_word' id='word_1_403' title='bbox 145 2269 307 2315; x_wconf 86' lang='lat' dir='ltr'>Moysen</span> <span class='ocrx_word' id='word_1_404' title='bbox 325 2265 411 2302; x_wconf 87' lang='lat' dir='ltr'>data</span> <span class='ocrx_word' id='word_1_405' title='bbox 427 2273 521 2313; x_wconf 77' lang='lat' dir='ltr'>est⁰,</span> <span class='ocrx_word' id='word_1_406' title='bbox 534 2285 548 2299; x_wconf 75' lang='grc' dir='ltr'><strong>υ</strong></span> <span class='ocrx_word' id='word_1_407' title='bbox 569 2281 654 2317; x_wconf 86' lang='lat' dir='ltr'>quae</span> <span class='ocrx_word' id='word_1_408' title='bbox 671 2268 785 2304; x_wconf 88' lang='lat' dir='ltr'>semel</span> <span class='ocrx_word' id='word_1_409' title='bbox 801 2267 971 2317; x_wconf 89' lang='lat' dir='ltr'>quintam</span> <span class='ocrx_word' id='word_1_410' title='bbox 991 2268 1124 2318; x_wconf 79' lang='lat' dir='ltr'>tangit,</span> 
     </span>
     <span class='ocr_line' id='line_1_64' title="bbox 117 2326 1128 2378; baseline 0.002 -15"><span class='ocrx_word' id='word_1_411' title='bbox 117 2334 156 2362; x_wconf 89' lang='lat' dir='ltr'>et</span> <span class='ocrx_word' id='word_1_412' title='bbox 173 2339 212 2363; x_wconf 89' lang='lat' dir='ltr'>se</span> <span class='ocrx_word' id='word_1_413' title='bbox 229 2334 346 2363; x_wconf 89' lang='lat' dir='ltr'>totam</span> <span class='ocrx_word' id='word_1_414' title='bbox 361 2326 432 2363; x_wconf 90' lang='lat' dir='ltr'>sub</span> <span class='ocrx_word' id='word_1_415' title='bbox 448 2340 491 2364; x_wconf 88' lang='lat' dir='ltr'>ea</span> <span class='ocrx_word' id='word_1_416' title='bbox 505 2328 661 2377; x_wconf 83' lang='lat' dir='ltr'>colligit,</span> <span class='ocrx_word' id='word_1_417' title='bbox 680 2328 836 2372; x_wconf 82' lang='lat' dir='ltr'>omnino</span> <span class='ocrx_word' id='word_1_418' title='bbox 854 2328 1009 2378; x_wconf 77' lang='lat' dir='ltr'>plagalis</span> <span class='ocrx_word' id='word_1_419' title='bbox 1018 2337 1128 2375; x_wconf 85' lang='lat' dir='ltr'>esset,</span> 
     </span>
     <span class='ocr_line' id='line_1_65' title="bbox 117 2385 1128 2441; baseline 0.002 -19"><span class='ocrx_word' id='word_1_420' title='bbox 117 2385 190 2422; x_wconf 90' lang='lat' dir='ltr'>nisi</span> <span class='ocrx_word' id='word_1_421' title='bbox 208 2386 407 2441; x_wconf 80' lang='lat' dir='ltr'>propriam</span> <span class='ocrx_word' id='word_1_422' title='bbox 430 2387 489 2423; x_wconf 89' lang='lat' dir='ltr'>sui</span> <span class='ocrx_word' id='word_1_423' title='bbox 517 2387 689 2423; x_wconf 90' lang='lat' dir='ltr'>authenti</span> <span class='ocrx_word' id='word_1_424' title='bbox 711 2388 1028 2437; x_wconf 85' lang='lat' dir='ltr'>compositionem</span> <span class='ocrx_word' id='word_1_425' title='bbox 1060 2388 1128 2424; x_wconf 91' lang='lat' dir='ltr'>ha-</span> 
     </span>
     <span class='ocr_line' id='line_1_66' title="bbox 117 2443 1128 2496; baseline 0.003 -15"><span class='ocrx_word' id='word_1_426' title='bbox 117 2443 250 2492; x_wconf 88' lang='lat' dir='ltr'>beret,</span> <span class='ocrx_word' id='word_1_427' title='bbox 273 2459 389 2495; x_wconf 92' lang='lat' dir='ltr'>quam</span> <span class='ocrx_word' id='word_1_428' title='bbox 408 2445 447 2482; x_wconf 90' lang='lat' dir='ltr'>in</span> <span class='ocrx_word' id='word_1_429' title='bbox 466 2455 644 2483; x_wconf 88' lang='lat' dir='ltr'>neumate</span> <span class='ocrx_word' id='word_1_430' title='bbox 665 2446 784 2496; x_wconf 88' lang='lat' dir='ltr'>ipsius</span> <span class='ocrx_word' id='word_1_431' title='bbox 806 2447 976 2483; x_wconf 74' lang='lat' dir='ltr'>invenies</span> <span class='ocrx_word' id='word_1_432' title='bbox 991 2462 1001 2493; x_wconf 90' lang='lat'>;</span> <span class='ocrx_word' id='word_1_433' title='bbox 1018 2447 1128 2484; x_wconf 87' lang='lat' dir='ltr'>vide—</span> 
     </span>
     <span class='ocr_line' id='line_1_67' title="bbox 116 2505 1129 2557; baseline 0.003 -16"><span class='ocrx_word' id='word_1_434' title='bbox 116 2505 224 2551; x_wconf 87' lang='lat' dir='ltr'>licet,</span> <span class='ocrx_word' id='word_1_435' title='bbox 239 2519 260 2542; x_wconf 90' lang='lat' dir='ltr'>a</span> <span class='ocrx_word' id='word_1_436' title='bbox 276 2505 380 2543; x_wconf 88' lang='lat' dir='ltr'>finali</span> <span class='ocrx_word' id='word_1_437' title='bbox 396 2519 467 2557; x_wconf 88' lang='lat' dir='ltr'>per</span> <span class='ocrx_word' id='word_1_438' title='bbox 481 2505 641 2543; x_wconf 90' lang='lat' dir='ltr'>tonumb</span> <span class='ocrx_word' id='word_1_439' title='bbox 657 2510 685 2543; x_wconf 94' lang='grc' dir='ltr'>Β</span> <span class='ocrx_word' id='word_1_440' title='bbox 705 2507 934 2544; x_wconf 84' lang='lat' dir='ltr'>descendere</span> <span class='ocrx_word' id='word_1_441' title='bbox 949 2536 958 2552; x_wconf 91' lang='lat'>,</span> <span class='ocrx_word' id='word_1_442' title='bbox 984 2516 1021 2544; x_wconf 91' lang='lat' dir='ltr'>et</span> <span class='ocrx_word' id='word_1_443' title='bbox 1040 2508 1129 2544; x_wconf 90' lang='lat' dir='ltr'>inde</span> 
     </span>
     <span class='ocr_line' id='line_1_68' title="bbox 116 2566 1130 2615; baseline 0.003 -14"><span class='ocrx_word' id='word_1_444' title='bbox 116 2578 273 2614; x_wconf 86' lang='lat' dir='ltr'>surgere</span> <span class='ocrx_word' id='word_1_445' title='bbox 304 2579 375 2615; x_wconf 91' lang='lat' dir='ltr'>per</span> <span class='ocrx_word' id='word_1_446' title='bbox 408 2566 644 2604; x_wconf 87' lang='lat' dir='ltr'>diatessaron</span> <span class='ocrx_word' id='word_1_447' title='bbox 660 2597 669 2614; x_wconf 88' lang='lat'>‚</span> <span class='ocrx_word' id='word_1_448' title='bbox 707 2576 886 2604; x_wconf 86' lang='lat' dir='ltr'>constans</span> <span class='ocrx_word' id='word_1_449' title='bbox 909 2581 956 2604; x_wconf 78' lang='lat' dir='ltr'>ex</span> <span class='ocrx_word' id='word_1_450' title='bbox 977 2567 1130 2604; x_wconf 90' lang='lat' dir='ltr'>duobus</span> 
     </span>
    </p>
   </div>
   <div class='ocr_carea' id='block_1_13' title="bbox 1192 1908 2189 2623">
    <p class='ocr_par' dir='ltr' id='par_1_14' title="bbox 1192 1908 2189 2623">
     <span class='ocr_line' id='line_1_69' title="bbox 1192 1908 2189 1961; baseline 0.015 -20"><span class='ocrx_word' id='word_1_451' title='bbox 1192 1920 1274 1943; x_wconf 88' lang='lat' dir='ltr'>mus</span> <span class='ocrx_word' id='word_1_452' title='bbox 1295 1915 1421 1943; x_wconf 88' lang='lat' dir='ltr'>autem</span> <span class='ocrx_word' id='word_1_453' title='bbox 1445 1908 1560 1944; x_wconf 87' lang='lat' dir='ltr'>latere</span> <span class='ocrx_word' id='word_1_454' title='bbox 1580 1918 1770 1958; x_wconf 86' lang='lat' dir='ltr'>posteros,</span> <span class='ocrx_word' id='word_1_455' title='bbox 1783 1914 1885 1961; x_wconf 90' lang='lat' dir='ltr'>quod</span> <span class='ocrx_word' id='word_1_456' title='bbox 1903 1915 2053 1954; x_wconf 86' lang='lat' dir='ltr'>hortatu</span> <span class='ocrx_word' id='word_1_457' title='bbox 2066 1918 2189 1956; x_wconf 91' lang='lat' dir='ltr'>domi—</span> 
     </span>
     <span class='ocr_line' id='line_1_70' title="bbox 1193 1971 2189 2015; baseline 0.014 -14"><span class='ocrx_word' id='word_1_458' title='bbox 1193 1979 1331 2002; x_wconf 88' lang='lat' dir='ltr'>norum</span> <span class='ocrx_word' id='word_1_459' title='bbox 1349 1975 1385 2002; x_wconf 90' lang='lat' dir='ltr'>et</span> <span class='ocrx_word' id='word_1_460' title='bbox 1398 1971 1549 2003; x_wconf 86' lang='lat' dir='ltr'>Patrum</span> <span class='ocrx_word' id='word_1_461' title='bbox 1588 1978 1807 2009; x_wconf 87' lang='lat' dir='ltr'>nostrorum</span> <span class='ocrx_word' id='word_1_462' title='bbox 1828 1975 1947 2011; x_wconf 88' lang='lat' dir='ltr'>multa</span> <span class='ocrx_word' id='word_1_463' title='bbox 1967 1977 2189 2015; x_wconf 78' lang='lat' dir='ltr'>retinuimus</span> 
     </span>
     <span class='ocr_line' id='line_1_71' title="bbox 1192 2026 2187 2083; baseline 0.014 -22"><span class='ocrx_word' id='word_1_464' title='bbox 1192 2026 1238 2062; x_wconf 86' lang='lat' dir='ltr'>de</span> <span class='ocrx_word' id='word_1_465' title='bbox 1256 2027 1377 2062; x_wconf 68' lang='lat' dir='ltr'>veteri</span> <span class='ocrx_word' id='word_1_466' title='bbox 1397 2028 1692 2077; x_wconf 83' lang='lat' dir='ltr'>Antiphonario,</span> <span class='ocrx_word' id='word_1_467' title='bbox 1704 2045 1787 2080; x_wconf 81' lang='lat' dir='ltr'>qnae</span> <span class='ocrx_word' id='word_1_468' title='bbox 1801 2033 1953 2081; x_wconf 89' lang='lat' dir='ltr'>quidem</span> <span class='ocrx_word' id='word_1_469' title='bbox 1967 2037 2187 2083; x_wconf 85' lang='lat' dir='ltr'>tolerabilia,</span> 
     </span>
     <span class='ocr_line' id='line_1_72' title="bbox 1192 2086 2187 2138; baseline 0.014 -17"><span class='ocrx_word' id='word_1_470' title='bbox 1192 2086 1258 2122; x_wconf 88' lang='lat' dir='ltr'>sed</span> <span class='ocrx_word' id='word_1_471' title='bbox 1285 2087 1405 2123; x_wconf 89' lang='lat' dir='ltr'>multo</span> <span class='ocrx_word' id='word_1_472' title='bbox 1433 2088 1565 2124; x_wconf 86' lang='lat' dir='ltr'>melius</span> <span class='ocrx_word' id='word_1_473' title='bbox 1596 2100 1750 2138; x_wconf 88' lang='lat' dir='ltr'>possent</span> <span class='ocrx_word' id='word_1_474' title='bbox 1780 2092 1922 2131; x_wconf 84' lang='lat' dir='ltr'>haberi.</span> <span class='ocrx_word' id='word_1_475' title='bbox 1948 2098 2033 2132; x_wconf 91' lang='lat' dir='ltr'>Duo</span> <span class='ocrx_word' id='word_1_476' title='bbox 2065 2106 2187 2135; x_wconf 89' lang='lat' dir='ltr'>tamen</span> 
     </span>
     <span class='ocr_line' id='line_1_73' title="bbox 1192 2147 2188 2202; baseline 0.012 -20"><span class='ocrx_word' id='word_1_477' title='bbox 1192 2147 1404 2184; x_wconf 86' lang='lat' dir='ltr'>incorrecta</span> <span class='ocrx_word' id='word_1_478' title='bbox 1430 2148 1663 2197; x_wconf 85' lang='lat' dir='ltr'>reliquimus,</span> <span class='ocrx_word' id='word_1_479' title='bbox 1684 2150 1795 2199; x_wconf 81' lang='lat' dir='ltr'>digna</span> <span class='ocrx_word' id='word_1_480' title='bbox 1811 2154 1962 2202; x_wconf 89' lang='lat' dir='ltr'>penitus</span> <span class='ocrx_word' id='word_1_481' title='bbox 1983 2159 2188 2193; x_wconf 86' lang='lat' dir='ltr'>correctio—</span> 
     </span>
     <span class='ocr_line' id='line_1_74' title="bbox 1193 2206 2186 2266; baseline 0.013 -25"><span class='ocrx_word' id='word_1_482' title='bbox 1193 2219 1254 2252; x_wconf 88' lang='lat' dir='ltr'>ne,</span> <span class='ocrx_word' id='word_1_483' title='bbox 1271 2206 1449 2243; x_wconf 78' lang='lat' dir='ltr'>videlicet</span> <span class='ocrx_word' id='word_1_484' title='bbox 1465 2237 1474 2251; x_wconf 95' lang='lat'>‚</span> <span class='ocrx_word' id='word_1_485' title='bbox 1495 2217 1657 2245; x_wconf 87' lang='lat' dir='ltr'>metrum</span> <span class='ocrx_word' id='word_1_486' title='bbox 1675 2212 1798 2259; x_wconf 87' lang='lat' dir='ltr'>quarti</span> <span class='ocrx_word' id='word_1_487' title='bbox 1821 2214 1923 2259; x_wconf 87' lang='lat' dir='ltr'>toni,</span> <span class='ocrx_word' id='word_1_488' title='bbox 1948 2224 2186 2266; x_wconf 88' lang='lat' dir='ltr'>metrumque</span> 
     </span>
     <span class='ocr_line' id='line_1_75' title="bbox 1194 2267 2185 2325; baseline 0.011 -23"><span class='ocrx_word' id='word_1_489' title='bbox 1194 2267 1365 2316; x_wconf 89' lang='lat' dir='ltr'>septimi:</span> <span class='ocrx_word' id='word_1_490' title='bbox 1383 2269 1566 2316; x_wconf 66' lang='lat' dir='ltr'>quaelicet</span> <span class='ocrx_word' id='word_1_491' title='bbox 1583 2269 1620 2305; x_wconf 88' lang='lat' dir='ltr'>in</span> <span class='ocrx_word' id='word_1_492' title='bbox 1637 2270 1813 2307; x_wconf 83' lang='lat' dir='ltr'>Graduali</span> <span class='ocrx_word' id='word_1_493' title='bbox 1830 2275 2076 2321; x_wconf 74' lang='lat' dir='ltr'>correximus,</span> <span class='ocrx_word' id='word_1_494' title='bbox 2094 2290 2185 2325; x_wconf 87' lang='lat' dir='ltr'>pro-</span> 
     </span>
     <span class='ocr_line' id='line_1_76' title="bbox 1195 2330 2186 2384; baseline 0.011 -22"><span class='ocrx_word' id='word_1_495' title='bbox 1195 2335 1280 2376; x_wconf 89' lang='lat' dir='ltr'>pter</span> <span class='ocrx_word' id='word_1_496' title='bbox 1300 2341 1410 2364; x_wconf 90' lang='lat' dir='ltr'>usum</span> <span class='ocrx_word' id='word_1_497' title='bbox 1441 2336 1564 2365; x_wconf 88' lang='lat' dir='ltr'>tamen</span> <span class='ocrx_word' id='word_1_498' title='bbox 1593 2330 1822 2378; x_wconf 89' lang='lat' dir='ltr'>psalmorum</span> <span class='ocrx_word' id='word_1_499' title='bbox 1852 2333 1890 2368; x_wconf 91' lang='lat' dir='ltr'>in</span> <span class='ocrx_word' id='word_1_500' title='bbox 1911 2335 2186 2384; x_wconf 76' lang='lat' dir='ltr'>Antiphonario</span> 
     </span>
     <span class='ocr_line' id='line_1_77' title="bbox 1195 2388 2184 2438; baseline 0.01 -16"><span class='ocrx_word' id='word_1_501' title='bbox 1195 2399 1272 2423; x_wconf 91' lang='lat' dir='ltr'>non</span> <span class='ocrx_word' id='word_1_502' title='bbox 1291 2388 1486 2436; x_wconf 86' lang='lat' dir='ltr'>potuimus</span> <span class='ocrx_word' id='word_1_503' title='bbox 1507 2390 1712 2438; x_wconf 72' lang='lat' dir='ltr'>corrigere,</span> <span class='ocrx_word' id='word_1_504' title='bbox 1736 2391 2025 2430; x_wconf 86' lang='lat' dir='ltr'>reclamantibus</span> <span class='ocrx_word' id='word_1_505' title='bbox 2047 2395 2184 2432; x_wconf 88' lang='lat' dir='ltr'>eisdem</span> 
     </span>
     <span class='ocr_line' id='line_1_78' title="bbox 1196 2447 2187 2498; baseline 0.009 -15"><span class='ocrx_word' id='word_1_506' title='bbox 1196 2447 1371 2484; x_wconf 90' lang='lat' dir='ltr'>Patribus</span> <span class='ocrx_word' id='word_1_507' title='bbox 1401 2449 1559 2493; x_wconf 89' lang='lat' dir='ltr'>nostris,</span> <span class='ocrx_word' id='word_1_508' title='bbox 1595 2463 1757 2498; x_wconf 86' lang='lat' dir='ltr'>quorum</span> <span class='ocrx_word' id='word_1_509' title='bbox 1793 2464 1943 2488; x_wconf 83' lang='lat' dir='ltr'>assensu</span> <span class='ocrx_word' id='word_1_510' title='bbox 1965 2462 2001 2489; x_wconf 88' lang='lat' dir='ltr'>et</span> <span class='ocrx_word' id='word_1_511' title='bbox 2028 2453 2187 2491; x_wconf 83' lang='lat' dir='ltr'>benedi-</span> 
     </span>
     <span class='ocr_line' id='line_1_79' title="bbox 1197 2506 2187 2557; baseline 0.009 -15"><span class='ocrx_word' id='word_1_512' title='bbox 1197 2506 1322 2543; x_wconf 89' lang='lat' dir='ltr'>ctione</span> <span class='ocrx_word' id='word_1_513' title='bbox 1339 2515 1473 2544; x_wconf 73' lang='lat' dir='ltr'>caetera</span> <span class='ocrx_word' id='word_1_514' title='bbox 1490 2521 1560 2557; x_wconf 91' lang='lat' dir='ltr'>pro</span> <span class='ocrx_word' id='word_1_515' title='bbox 1577 2508 1720 2545; x_wconf 71' lang='lat' dir='ltr'>viribus</span> <span class='ocrx_word' id='word_1_516' title='bbox 1740 2512 1905 2547; x_wconf 73' lang='lat' dir='ltr'>exsecuti</span> <span class='ocrx_word' id='word_1_517' title='bbox 1925 2525 2064 2549; x_wconf 88' lang='lat' dir='ltr'>sumus.</span> <span class='ocrx_word' id='word_1_518' title='bbox 2086 2517 2187 2550; x_wconf 73' lang='lat' dir='ltr'>Prae-</span> 
     </span>
     <span class='ocr_line' id='line_1_80' title="bbox 1197 2566 2187 2623; baseline 0.008 -21"><span class='ocrx_word' id='word_1_519' title='bbox 1197 2566 1293 2603; x_wconf 87' lang='lat' dir='ltr'>dicta</span> <span class='ocrx_word' id='word_1_520' title='bbox 1308 2576 1427 2604; x_wconf 87' lang='lat' dir='ltr'>metra</span> <span class='ocrx_word' id='word_1_521' title='bbox 1444 2581 1559 2617; x_wconf 89' lang='lat' dir='ltr'>quare</span> <span class='ocrx_word' id='word_1_522' title='bbox 1578 2569 1711 2605; x_wconf 66' lang='lat' dir='ltr'>vitiosa</span> <span class='ocrx_word' id='word_1_523' title='bbox 1729 2570 1819 2615; x_wconf 85' lang='lat' dir='ltr'>sint,</span> <span class='ocrx_word' id='word_1_524' title='bbox 1838 2571 1933 2607; x_wconf 88' lang='lat' dir='ltr'>ratio</span> <span class='ocrx_word' id='word_1_525' title='bbox 1953 2572 1990 2607; x_wconf 93' lang='lat' dir='ltr'>in</span> <span class='ocrx_word' id='word_1_526' title='bbox 2006 2582 2187 2623; x_wconf 89' lang='lat' dir='ltr'>promptu</span> 
     </span>
    </p>
   </div>
   <div class='ocr_carea' id='block_1_14' title="bbox 116 2624 2189 2678">
    <p class='ocr_par' dir='ltr' id='par_1_15' title="bbox 116 2624 2189 2678">
     <span class='ocr_line' id='line_1_81' title="bbox 116 2624 2189 2678; baseline 0.005 -19"><span class='ocrx_word' id='word_1_527' title='bbox 116 2624 218 2661; x_wconf 87' lang='lat' dir='ltr'>tonis</span> <span class='ocrx_word' id='word_1_528' title='bbox 245 2633 283 2661; x_wconf 90' lang='lat' dir='ltr'>et</span> <span class='ocrx_word' id='word_1_529' title='bbox 309 2625 535 2673; x_wconf 86' lang='lat' dir='ltr'>semitonio;</span> <span class='ocrx_word' id='word_1_530' title='bbox 558 2636 688 2678; x_wconf 88' lang='lat' dir='ltr'>postea</span> <span class='ocrx_word' id='word_1_531' title='bbox 715 2641 785 2678; x_wconf 90' lang='lat' dir='ltr'>per</span> <span class='ocrx_word' id='word_1_532' title='bbox 806 2628 902 2664; x_wconf 89' lang='lat' dir='ltr'>duos</span> <span class='ocrx_word' id='word_1_533' title='bbox 930 2636 1042 2664; x_wconf 90' lang='lat' dir='ltr'>tonos</span> <span class='ocrx_word' id='word_1_534' title='bbox 1059 2628 1128 2664; x_wconf 88' lang='lat' dir='ltr'>ad-</span> <span class='ocrx_word' id='word_1_535' title='bbox 1146 2632 1178 2666; x_wconf 92' lang='lat' dir='ltr'>D</span> <span class='ocrx_word' id='word_1_536' title='bbox 1196 2635 1264 2664; x_wconf 88' lang='lat' dir='ltr'>est.</span> <span class='ocrx_word' id='word_1_537' title='bbox 1285 2629 1423 2664; x_wconf 88' lang='lat' dir='ltr'>Cantus</span> <span class='ocrx_word' id='word_1_538' title='bbox 1455 2628 1554 2663; x_wconf 85' lang='lat' dir='ltr'>enim</span> <span class='ocrx_word' id='word_1_539' title='bbox 1578 2628 1806 2677; x_wconf 87' lang='lat' dir='ltr'>psalmorum</span> <span class='ocrx_word' id='word_1_540' title='bbox 1836 2630 1959 2678; x_wconf 87' lang='lat' dir='ltr'>quarti</span> <span class='ocrx_word' id='word_1_541' title='bbox 1989 2631 2088 2677; x_wconf 92' lang='lat' dir='ltr'>toni,</span> <span class='ocrx_word' id='word_1_542' title='bbox 2117 2633 2189 2668; x_wconf 90' lang='lat' dir='ltr'>im—</span> 
     </span>
    </p>
   </div>
   <div class='ocr_carea' id='block_1_15' title="bbox 116 2684 1131 3099">
    <p class='ocr_par' dir='ltr' id='par_1_16' title="bbox 116 2684 1131 3099">
     <span class='ocr_line' id='line_1_82' title="bbox 116 2684 1130 2738; baseline 0.004 -18"><span class='ocrx_word' id='word_1_543' title='bbox 116 2684 298 2721; x_wconf 82' lang='lat' dir='ltr'>scendere</span> <span class='ocrx_word' id='word_1_544' title='bbox 317 2684 365 2722; x_wconf 91' lang='lat' dir='ltr'>ad</span> <span class='ocrx_word' id='word_1_545' title='bbox 382 2686 579 2735; x_wconf 83' lang='lat' dir='ltr'>quintam3</span> <span class='ocrx_word' id='word_1_546' title='bbox 597 2696 635 2724; x_wconf 90' lang='lat' dir='ltr'>et</span> <span class='ocrx_word' id='word_1_547' title='bbox 654 2688 742 2724; x_wconf 87' lang='lat' dir='ltr'>inde</span> <span class='ocrx_word' id='word_1_548' title='bbox 762 2702 831 2738; x_wconf 89' lang='lat' dir='ltr'>per</span> <span class='ocrx_word' id='word_1_549' title='bbox 859 2688 1041 2737; x_wconf 84' lang='lat' dir='ltr'>quasdam</span> <span class='ocrx_word' id='word_1_550' title='bbox 1066 2688 1130 2724; x_wconf 84' lang='lat' dir='ltr'>in-</span> 
     </span>
     <span class='ocr_line' id='line_1_83' title="bbox 119 2745 1131 2798; baseline 0.005 -18"><span class='ocrx_word' id='word_1_551' title='bbox 119 2745 390 2794; x_wconf 86' lang='lat' dir='ltr'>terpositiones</span> <span class='ocrx_word' id='word_1_552' title='bbox 411 2746 536 2783; x_wconf 88' lang='lat' dir='ltr'>redire</span> <span class='ocrx_word' id='word_1_553' title='bbox 551 2747 598 2784; x_wconf 83' lang='lat' dir='ltr'>ad</span> <span class='ocrx_word' id='word_1_554' title='bbox 618 2748 784 2785; x_wconf 88' lang='lat' dir='ltr'>finalem.</span> <span class='ocrx_word' id='word_1_555' title='bbox 806 2751 923 2786; x_wconf 87' lang='lat' dir='ltr'>Curre</span> <span class='ocrx_word' id='word_1_556' title='bbox 939 2761 1008 2798; x_wconf 89' lang='lat' dir='ltr'>per</span> <span class='ocrx_word' id='word_1_557' title='bbox 1021 2762 1131 2798; x_wconf 84' lang='lat' dir='ltr'>quas-</span> 
     </span>
     <span class='ocr_line' id='line_1_84' title="bbox 118 2804 1130 2858; baseline 0.004 -17"><span class='ocrx_word' id='word_1_558' title='bbox 118 2804 213 2842; x_wconf 84' lang='lat' dir='ltr'>libet</span> <span class='ocrx_word' id='word_1_559' title='bbox 238 2806 468 2856; x_wconf 88' lang='lat' dir='ltr'>antiphonas</span> <span class='ocrx_word' id='word_1_560' title='bbox 490 2808 624 2858; x_wconf 89' lang='lat' dir='ltr'>primi,</span> <span class='ocrx_word' id='word_1_561' title='bbox 645 2809 744 2846; x_wconf 90' lang='lat' dir='ltr'>hanc</span> <span class='ocrx_word' id='word_1_562' title='bbox 775 2809 853 2846; x_wconf 88' lang='lat' dir='ltr'>fere</span> <span class='ocrx_word' id='word_1_563' title='bbox 882 2809 920 2846; x_wconf 88' lang='lat' dir='ltr'>in</span> <span class='ocrx_word' id='word_1_564' title='bbox 951 2809 1130 2846; x_wconf 86' lang='lat' dir='ltr'>omnibus</span> 
     </span>
     <span class='ocr_line' id='line_1_85' title="bbox 121 2867 1128 2920; baseline 0.004 -18"><span class='ocrx_word' id='word_1_565' title='bbox 121 2867 440 2916; x_wconf 89' lang='lat' dir='ltr'>compositionem</span> <span class='ocrx_word' id='word_1_566' title='bbox 468 2868 652 2906; x_wconf 88' lang='lat' dir='ltr'>invenies.</span> <span class='ocrx_word' id='word_1_567' title='bbox 684 2869 790 2906; x_wconf 89' lang='lat' dir='ltr'>Idem</span> <span class='ocrx_word' id='word_1_568' title='bbox 819 2870 989 2920; x_wconf 85' lang='lat' dir='ltr'>reperire</span> <span class='ocrx_word' id='word_1_569' title='bbox 1021 2878 1128 2919; x_wconf 83' lang='lat' dir='ltr'>potes</span> 
     </span>
     <span class='ocr_line' id='line_1_86' title="bbox 119 2925 1129 2966; baseline 0.004 -5"><span class='ocrx_word' id='word_1_570' title='bbox 119 2925 160 2962; x_wconf 89' lang='lat' dir='ltr'>in</span> <span class='ocrx_word' id='word_1_571' title='bbox 189 2925 433 2964; x_wconf 88' lang='lat' dir='ltr'>neumatibus</span> <span class='ocrx_word' id='word_1_572' title='bbox 453 2927 614 2965; x_wconf 89' lang='lat' dir='ltr'>aliorum</span> <span class='ocrx_word' id='word_1_573' title='bbox 648 2929 933 2966; x_wconf 84' lang='lat' dir='ltr'>authentorum.</span> <span class='ocrx_word' id='word_1_574' title='bbox 964 2931 1129 2966; x_wconf 80' lang='lat' dir='ltr'>Caveant</span> 
     </span>
     <span class='ocr_line' id='line_1_87' title="bbox 121 2986 1129 3038; baseline 0.004 -17"><span class='ocrx_word' id='word_1_575' title='bbox 121 2993 248 3022; x_wconf 88' lang='lat' dir='ltr'>autem</span> <span class='ocrx_word' id='word_1_576' title='bbox 268 2986 501 3037; x_wconf 87' lang='lat' dir='ltr'>quicumque</span> <span class='ocrx_word' id='word_1_577' title='bbox 518 2988 565 3025; x_wconf 89' lang='lat' dir='ltr'>de</span> <span class='ocrx_word' id='word_1_578' title='bbox 585 2998 768 3026; x_wconf 85' lang='lat' dir='ltr'>cantuum</span> <span class='ocrx_word' id='word_1_579' title='bbox 785 2988 1027 3026; x_wconf 86' lang='lat' dir='ltr'>distinctione</span> <span class='ocrx_word' id='word_1_580' title='bbox 1043 3002 1129 3038; x_wconf 89' lang='lat' dir='ltr'>per-</span> 
     </span>
     <span class='ocr_line' id='line_1_88' title="bbox 121 3044 1127 3099; baseline 0.004 -18"><span class='ocrx_word' id='word_1_581' title='bbox 121 3044 257 3082; x_wconf 86' lang='lat' dir='ltr'>fectam</span> <span class='ocrx_word' id='word_1_582' title='bbox 277 3046 415 3084; x_wconf 83' lang='lat' dir='ltr'>volunt</span> <span class='ocrx_word' id='word_1_583' title='bbox 430 3047 573 3085; x_wconf 87' lang='lat' dir='ltr'>habere</span> <span class='ocrx_word' id='word_1_584' title='bbox 598 3049 772 3086; x_wconf 90' lang='lat' dir='ltr'>notitiam</span> <span class='ocrx_word' id='word_1_585' title='bbox 790 3077 799 3094; x_wconf 93' lang='lat'>,</span> <span class='ocrx_word' id='word_1_586' title='bbox 823 3062 871 3085; x_wconf 90' lang='lat' dir='ltr'>ne</span> <span class='ocrx_word' id='word_1_587' title='bbox 886 3057 1048 3099; x_wconf 87' lang='lat' dir='ltr'>propter</span> <span class='ocrx_word' id='word_1_588' title='bbox 1063 3049 1127 3085; x_wconf 76' lang='lat' dir='ltr'>ali-</span> 
     </span>
    </p>
   </div>
   <div class='ocr_carea' id='block_1_16' title="bbox 171 3169 1032 3214">
    <p class='ocr_par' dir='ltr' id='par_1_17' title="bbox 171 3169 1032 3214">
     <span class='ocr_line' id='line_1_89' title="bbox 171 3169 1032 3214; baseline 0.001 -11"><span class='ocrx_word' id='word_1_589' title='bbox 171 3177 186 3194; x_wconf 68' lang='lat'>2</span> <span class='ocrx_word' id='word_1_590' title='bbox 205 3173 294 3205; x_wconf 80' lang='lat' dir='ltr'>Alias</span> <span class='ocrx_word' id='word_1_591' title='bbox 305 3197 313 3211; x_wconf 95' lang='lat'>,</span> <span class='ocrx_word' id='word_1_592' title='bbox 332 3172 412 3204; x_wconf 80' lang='lat' dir='ltr'>Sede</span> <span class='ocrx_word' id='word_1_593' title='bbox 426 3186 446 3205; x_wconf 89' lang='lat' dir='ltr'>a</span> <span class='ocrx_word' id='word_1_594' title='bbox 462 3173 583 3206; x_wconf 67' lang='lat' dir='ltr'>dextris</span> <span class='ocrx_word' id='word_1_595' title='bbox 602 3176 687 3207; x_wconf 82' lang='lat' dir='ltr'>meis.</span> <span class='ocrx_word' id='word_1_596' title='bbox 710 3194 753 3199; x_wconf 93' lang='lat'>——</span> <span class='ocrx_word' id='word_1_597' title='bbox 768 3169 784 3192; x_wconf 83' lang='lat' dir='ltr'><strong>b</strong></span> <span class='ocrx_word' id='word_1_598' title='bbox 801 3176 888 3208; x_wconf 85' lang='lat' dir='ltr'>Alias</span> <span class='ocrx_word' id='word_1_599' title='bbox 899 3200 907 3214; x_wconf 89' lang='lat'>,</span> <span class='ocrx_word' id='word_1_600' title='bbox 925 3182 1032 3206; x_wconf 78' lang='lat' dir='ltr'>lolam.</span> 
     </span>
    </p>
   </div>
   <div class='ocr_carea' id='block_1_17' title="bbox 1194 2686 2191 3095">
    <p class='ocr_par' dir='ltr' id='par_1_18' title="bbox 1194 2686 2191 3095">
     <span class='ocr_line' id='line_1_90' title="bbox 1197 2686 2190 2741; baseline 0.005 -18"><span class='ocrx_word' id='word_1_601' title='bbox 1197 2686 1373 2737; x_wconf 87' lang='lat' dir='ltr'>pediente</span> <span class='ocrx_word' id='word_1_602' title='bbox 1404 2688 1485 2723; x_wconf 86' lang='lat' dir='ltr'>solo</span> <span class='ocrx_word' id='word_1_603' title='bbox 1513 2696 1654 2732; x_wconf 90' lang='lat' dir='ltr'>metro,</span> <span class='ocrx_word' id='word_1_604' title='bbox 1682 2689 1793 2724; x_wconf 84' lang='lat' dir='ltr'>nullis</span> <span class='ocrx_word' id='word_1_605' title='bbox 1819 2689 2046 2739; x_wconf 85' lang='lat' dir='ltr'>Antiphonis</span> <span class='ocrx_word' id='word_1_606' title='bbox 2065 2699 2190 2741; x_wconf 89' lang='lat' dir='ltr'>potest</span> 
     </span>
     <span class='ocr_line' id='line_1_91' title="bbox 1197 2748 2189 2797; baseline 0.005 -14"><span class='ocrx_word' id='word_1_607' title='bbox 1197 2748 1319 2797; x_wconf 86' lang='lat' dir='ltr'>aptari</span> <span class='ocrx_word' id='word_1_608' title='bbox 1349 2760 1432 2796; x_wconf 82' lang='lat' dir='ltr'>quae</span> <span class='ocrx_word' id='word_1_609' title='bbox 1464 2748 1711 2784; x_wconf 86' lang='lat' dir='ltr'>terminentur</span> <span class='ocrx_word' id='word_1_610' title='bbox 1740 2751 1766 2784; x_wconf 93' lang='lat' dir='ltr'>B</span> <span class='ocrx_word' id='word_1_611' title='bbox 1797 2749 2000 2797; x_wconf 80' lang='lat' dir='ltr'>qnadrat03</span> <span class='ocrx_word' id='word_1_612' title='bbox 2026 2759 2189 2788; x_wconf 87' lang='lat' dir='ltr'>metrum</span> 
     </span>
     <span class='ocr_line' id='line_1_92' title="bbox 1196 2808 2191 2859; baseline 0.004 -16"><span class='ocrx_word' id='word_1_613' title='bbox 1196 2820 1288 2844; x_wconf 70' lang='lat' dir='ltr'>vero</span> <span class='ocrx_word' id='word_1_614' title='bbox 1309 2808 1458 2857; x_wconf 87' lang='lat' dir='ltr'>septimi</span> <span class='ocrx_word' id='word_1_615' title='bbox 1488 2808 1567 2844; x_wconf 90' lang='lat' dir='ltr'>toni</span> <span class='ocrx_word' id='word_1_616' title='bbox 1595 2808 1633 2843; x_wconf 91' lang='lat' dir='ltr'>in</span> <span class='ocrx_word' id='word_1_617' title='bbox 1660 2820 1702 2843; x_wconf 90' lang='lat' dir='ltr'>ea</span> <span class='ocrx_word' id='word_1_618' title='bbox 1732 2808 1853 2844; x_wconf 87' lang='lat' dir='ltr'>littera</span> <span class='ocrx_word' id='word_1_619' title='bbox 1872 2818 2023 2858; x_wconf 86' lang='lat' dir='ltr'>pausat,</span> <span class='ocrx_word' id='word_1_620' title='bbox 2043 2810 2081 2846; x_wconf 87' lang='lat' dir='ltr'>in</span> <span class='ocrx_word' id='word_1_621' title='bbox 2117 2824 2191 2859; x_wconf 86' lang='lat' dir='ltr'>qua</span> 
     </span>
     <span class='ocr_line' id='line_1_93' title="bbox 1196 2868 2190 2918; baseline 0.003 -15"><span class='ocrx_word' id='word_1_622' title='bbox 1196 2875 1309 2904; x_wconf 88' lang='lat' dir='ltr'>tonus</span> <span class='ocrx_word' id='word_1_623' title='bbox 1329 2868 1391 2903; x_wconf 91' lang='lat' dir='ltr'>ille</span> <span class='ocrx_word' id='word_1_624' title='bbox 1409 2868 1553 2903; x_wconf 88' lang='lat' dir='ltr'>nullum</span> <span class='ocrx_word' id='word_1_625' title='bbox 1575 2868 1803 2917; x_wconf 89' lang='lat' dir='ltr'>principium</span> <span class='ocrx_word' id='word_1_626' title='bbox 1823 2869 1935 2904; x_wconf 85' lang='lat' dir='ltr'>sumit</span> <span class='ocrx_word' id='word_1_627' title='bbox 1952 2884 1959 2905; x_wconf 77' lang='grc' dir='ltr'>ε</span> <span class='ocrx_word' id='word_1_628' title='bbox 1979 2869 2081 2918; x_wconf 90' lang='lat' dir='ltr'>quod</span> <span class='ocrx_word' id='word_1_629' title='bbox 2098 2871 2190 2906; x_wconf 79' lang='lat' dir='ltr'>nulli</span> 
     </span>
     <span class='ocr_line' id='line_1_94' title="bbox 1195 2927 2189 2979; baseline 0.003 -16"><span class='ocrx_word' id='word_1_630' title='bbox 1195 2935 1286 2963; x_wconf 84' lang='lat' dir='ltr'>tono</span> <span class='ocrx_word' id='word_1_631' title='bbox 1319 2927 1416 2963; x_wconf 87' lang='lat' dir='ltr'>licet.</span> <span class='ocrx_word' id='word_1_632' title='bbox 1438 2930 1481 2963; x_wconf 91' lang='lat' dir='ltr'>In</span> <span class='ocrx_word' id='word_1_633' title='bbox 1500 2927 1573 2963; x_wconf 90' lang='lat' dir='ltr'>illis</span> <span class='ocrx_word' id='word_1_634' title='bbox 1603 2927 1701 2964; x_wconf 86' lang='lat' dir='ltr'>enirn</span> <span class='ocrx_word' id='word_1_635' title='bbox 1732 2928 1863 2964; x_wconf 88' lang='lat' dir='ltr'>litteris</span> <span class='ocrx_word' id='word_1_636' title='bbox 1891 2928 2004 2965; x_wconf 87' lang='lat' dir='ltr'>debet</span> <span class='ocrx_word' id='word_1_637' title='bbox 2034 2942 2189 2979; x_wconf 85' lang='lat' dir='ltr'>pausare</span> 
     </span>
     <span class='ocr_line' id='line_1_95' title="bbox 1194 2985 2188 3037; baseline 0.002 -15"><span class='ocrx_word' id='word_1_638' title='bbox 1194 2985 1354 3035; x_wconf 88' lang='lat' dir='ltr'>quilibet</span> <span class='ocrx_word' id='word_1_639' title='bbox 1389 2995 1519 3032; x_wconf 88' lang='lat' dir='ltr'>tonus,</span> <span class='ocrx_word' id='word_1_640' title='bbox 1555 2987 1592 3022; x_wconf 87' lang='lat' dir='ltr'>in</span> <span class='ocrx_word' id='word_1_641' title='bbox 1631 2985 1767 3036; x_wconf 89' lang='lat' dir='ltr'>quibus</span> <span class='ocrx_word' id='word_1_642' title='bbox 1805 2987 1918 3024; x_wconf 88' lang='lat' dir='ltr'>habet</span> <span class='ocrx_word' id='word_1_643' title='bbox 1959 2988 2188 3037; x_wconf 72' lang='lat' dir='ltr'>frequentius</span> 
     </span>
     <span class='ocr_line' id='line_1_96' title="bbox 1194 3046 1373 3095; baseline -0.006 -13"><span class='ocrx_word' id='word_1_644' title='bbox 1194 3046 1373 3095; x_wconf 87' lang='lat' dir='ltr'>incipere.</span> 
     </span>
    </p>
   </div>
   <div class='ocr_carea' id='block_1_18' title="bbox 806 3350 1540 3389">
    <p class='ocr_par' dir='ltr' id='par_1_19' title="bbox 806 3350 1540 3389">
     <span class='ocr_line' id='line_1_97' title="bbox 806 3350 1540 3389; baseline -0.008 0"><span class='ocrx_word' id='word_1_645' title='bbox 806 3355 929 3389; x_wconf 63' lang='lat' dir='ltr'>FIXIS</span> <span class='ocrx_word' id='word_1_646' title='bbox 958 3352 1243 3389; x_wconf 66' lang='lat' dir='ltr'><strong>TRACTATI&#39;S</strong></span> <span class='ocrx_word' id='word_1_647' title='bbox 1274 3352 1336 3385; x_wconf 79' lang='lat' dir='ltr'>DE</span> <span class='ocrx_word' id='word_1_648' title='bbox 1367 3350 1540 3386; x_wconf 63' lang='lat' dir='ltr'>CANTL‘.</span> 
     </span>
    </p>
   </div>
  </div>
 </body>
</html>
