2517 3920
343 206 436 243 1151

1121 204 1156 239 S.
1187 203 1441 239 BERNARDI
1470 202 1671 237 ABBATIS

2322 206 2418 241 1152

337 285 415 321 rius
435 281 558 319 adhuc
581 279 791 318 reddiderit
811 279 881 316 illa·
897 292 1121 329 responsum
1136 309 1145 326 ,
1163 287 1205 316 ut
1227 277 1396 324 dicat,⁴⁸⁷
1413 277 1501 314 litiae
1518 275 1707 326 stipendia
1727 274 1978 325 deputantur3
1998 288 2067 312 nec
2090 276 2137 312 ad
2156 277 2318 315 futuram
2339 293 2417 330 per.

335 345 423 394 quia
443 343 571 380 multae
592 342 839 391 cogitationes
857 340 904 378 ad
925 341 1107 377 insaniam
1129 348 1163 376 te
1180 339 1346 376 adduxe·
1364 337 1395 370 A
1417 337 1556 382 tinent,
1573 335 1638 372 sed
1660 335 1706 371 ad
1724 348 1806 372 eam
1825 336 1942 385 magis
1960 349 2044 385 quae
2063 349 2164 373 nunc
2179 346 2235 374 est
2249 339 2423 377 Ecclesiae

337 413 440 441 runt.
463 403 655 442 Sustineat
682 402 835 439 interim
868 401 1150 451 aequanimiter,
1173 413 1215 436 ac
1237 399 1348 435 dissi-

318 465 456 501 'mulet
488 464 648 500 omnino
687 462 790 512 quod
824 462 969 511 agitur,
1003 461 1125 496 donec
1155 461 1256 496 inter
1290 460 1349 495 lo-

337 523 534 574 quendum
566 522 751 559 inducens
783 522 853 557 alia
890 533 961 570 pro
993 520 1092 565 aliis,
1128 527 1349 568 opportune

338 583 545 633 aliquando
567 584 723 628 inferat,
745 581 873 617 dicens
896 595 903 616 :
931 579 1066 616 Inveni
1085 585 1098 600 ²¹
1124 578 1238 614 hodie
1259 578 1350 614 hor-

338 653 417 680 tum
447 643 772 693 pulcherrimum,
807 648 844 676 et
874 639 1174 676 amoenissimum
1206 638 1345 674 locum.

335 708 485 741 Bonum
513 712 610 739 esset
629 702 706 739 illic
738 713 808 736 1105
833 713 912 736 csse
940 714 948 736 ε
977 712 1062 735 nam
1087 706 1123 734 et
1146 697 1213 734 tibi
1235 706 1349 734 nocet

336 764 375 800 in
398 764 470 800 hoe
490 763 588 799 lecto
611 759 868 811 aegritudinis,
898 760 937 795 in
960 759 1032 795 hoc
1061 758 1204 794 doloris
1229 765 1348 794 strato

338 824 500 869 versari,
517 824 557 859 in
574 824 644 859 hoc
662 821 777 859 cubili
796 829 860 856 tuo
875 820 979 869 gravi
996 819 1111 855 corde
1129 818 1347 868 compungi.

338 885 471 922 Aderit
497 884 683 921 Dominus
712 881 897 931 quaerenti
929 893 990 926 se,
1019 880 1154 916 animae
1181 878 1351 927 speranti

291 973 297 981 .
337 945 376 982 in
406 959 443 982 se
465 960 472 981 :
495 944 614 981 aderit
636 943 731 979 votis
761 940 1017 992 supplicibus,
1046 949 1084 976 et
1114 938 1241 975 verbis
1269 937 1351 987 ejus

338 1005 544 1041 efficaciam
575 1002 816 1040 ministrabit.
852 1000 1089 1039 Excitabitur
1119 998 1350 1035 desiderium

1415 396 1723 445 promissionem.
1743 399 1826 433 Hoc
1843 395 1944 431 enim
1974 396 2198 445 centuplum
2226 406 2302 443 est,
2321 391 2425 448 quod

1415 456 1452 491 in
1488 455 1561 492 hoc
1594 456 1734 492 saeculo
1754 456 1881 492 saeculi
1912 455 2244 505 contemptoribus
2268 457 2424 495 exhibe-

1417 523 1478 551 tur
1500 521 1525 552 ².
1557 519 1634 552 Nec
1655 515 1723 551 tihi
1752 515 1846 552 illud
1875 524 2008 552 nostro
2037 516 2249 565 speraveris
2272 517 2424 567 eloquio

1416 575 1778 612 commendandum.
1800 576 1909 612 Solus
1927 575 2081 625 spiritus
2101 583 2158 612 est
2174 576 2239 624 qui
2257 577 2398 614 revelat
2413 592 2422 615 :

1416 637 1498 673 sine
1519 650 1630 673 causa
1649 637 1824 686 paginam
1844 635 2028 681 consulis,
2051 635 2327 685 experientiam
2344 650 2425 674 ma-

1415 696 1469 745 gis
1491 697 1653 745 require.
1677 695 1867 746 Sapientia
1889 703 1963 742 est,
1982 693 2091 744 cujus
2116 695 2283 744 pretium
2309 697 2426 735 nescit

1416 756 1544 792 homo.
1566 760 1621 793 De
1644 756 1803 792 occultis
1825 755 2006 801 trahitur,
2025 755 2148 791 necin
2178 763 2279 791 terra
2300 757 2425 794 suavi—

1417 823 1475 851 ter
1491 816 1702 852 viventium
1721 815 1913 851 invenitur
1942 815 2013 851 ista
2038 814 2216 851 suavitas.
2238 815 2424 854 Nimirum

1417 876 1583 912 suavitas
1600 876 1756 913 Domini
1773 884 1829 912 est
1852 891 1860 912 z
1881 876 1953 912 nisi
1977 876 2207 925 gustaveris,
2226 889 2304 913 non
2323 877 2426 914 vide-

1418 934 1488 971 bis.
1515 938 1682 980 castate,
1702 936 1847 984 inquit,
1872 945 1907 971 et
1929 938 2056 972 videte
2070 964 2080 979 ,
2102 941 2282 984 quonlam
2307 943 2427 974 suavis

1419 1005 1471 1031 est
1490 998 1671 1031 Dominus
1689 995 1715 1031 3.
1736 999 1878 1032 Manna
1899 994 2165 1032 absconditum
2192 1004 2269 1043 est,
2288 1010 2427 1035 nomen

338 1065 564 1111 voluntatis,
588 1073 628 1101 ut
647 1078 723 1100 non
754 1063 870 1100 modo
896 1061 1027 1098 videre
1056 1061 1181 1097 locum
1195 1089 1204 1103 ,
1230 1059 1296 1096 sed
1315 1067 1352 1095 et
1371 1060 1399 1095 B
1421 1070 1566 1093 novum
1582 1065 1656 1103 est,
1672 1056 1776 1106 quod
1793 1069 1907 1093 nemo
1924 1057 1993 1093 scit
2010 1057 2082 1093 nisi
2096 1057 2161 1106 qui
2179 1058 2327 1107 accipit.
2345 1062 2427 1096 Non

338 1126 497 1162 introire
524 1125 728 1175 paulatim,
759 1132 797 1160 et
830 1122 1066 1159 mansionem
1103 1119 1197 1156 inibi
1230 1120 1352 1156 facere

339 1187 594 1236 concupiscat.

671 1312 851 1350 CAPUT
882 1311 1000 1350 XIII.

339 1433 513 1468 Conversus
528 1435 605 1467 mira
618 1434 769 1466 suavitate
786 1445 821 1465 ac
838 1433 954 1464 deliciis
967 1432 1037 1463 vita?
1056 1432 1116 1474 pize
1136 1442 1171 1462 ac
1185 1429 1354 1473 spiritualis

798 1487 894 1518 refici.

396 1604 456 1640 25.
479 1607 555 1640 Nec
575 1616 668 1639 vero
690 1602 815 1638 locum
838 1609 997 1650 -reputes
1023 1599 1263 1648 corporalem
1285 1610 1353 1647 pa-

342 1664 508 1701 radisum
531 1663 632 1699 hunc
654 1661 863 1711 voluptatis
887 1661 1060 1697 internae.
1084 1663 1169 1696 Non
1192 1657 1355 1708 pedibus

342 1725 380 1761 iu
411 1724 511 1760 hunc
538 1723 712 1768 hortum,
742 1721 807 1758 sed
838 1719 1037 1757 affectibus
1060 1719 1254 1755 introitur.
1278 1721 1355 1754 Nec

344 1794 582 1822 terrenarum
607 1783 674 1819 tibi
701 1781 996 1818 commendatur
1016 1779 1197 1817 arborum
1221 1778 1351 1827 copia,

343 1845 409 1882 sed
430 1845 614 1880 virtutum
637 1842 767 1891 utique
786 1840 1038 1891 spiritualium
1054 1837 1227 1888 jucunda
1246 1837 1356 1873 deco·
1374 1840 1401 1876 C

345 1917 460 1953 raque
499 1903 696 1953 plantatio.
732 1906 876 1939 Hortus
916 1901 1141 1945 conclusus,
1174 1897 1240 1935 ubi
1273 1898 1357 1934 fons

344 1965 513 2014 signatus
532 1964 571 2000 in
593 1971 759 2012 quatuor
777 1962 902 2011 capita
917 1961 1113 1998 derivatur
1126 1988 1134 2004 ,
1156 1967 1193 1996 et
1217 1972 1263 1994 ex
1282 1970 1358 1994 una

345 2024 539 2074 sapientiae
568 2037 666 2060 vena
702 2023 822 2059 virtus
855 2021 1133 2071 quadripartita
1167 2017 1354 2069 procedit.

345 2084 659 2135 Splendidissima
687 2096 841 2133 quoque
873 2081 968 2118 inibi
999 2081 1076 2117 lilia
1098 2087 1264 2116 vernant
1291 2093 1298 2115 ε
1321 2087 1357 2115 et

345 2159 431 2182 cum
448 2145 561 2181 flores
575 2151 782 2194 apparent,
799 2143 911 2179 etiam
926 2155 1005 2179 vox
1019 2140 1178 2178 turturis
1190 2138 1355 2176 auditur.

345 2206 427 2243 Illic
462 2204 603 2241 nardus
636 2217 786 2254 sponsae
824 2202 1163 2253 fragrantissimum
1203 2208 1358 2250 praestat

346 2265 525 2311 odorem,
545 2274 582 2302 et
603 2274 738 2301 caetera
755 2277 909 2314 quoque
929 2271 1100 2300 aromata
1116 2262 1263 2307 fluunt3
1286 2274 1357 2297 au-

346 2334 424 2363 stro
452 2325 639 2375 spirante,
671 2325 848 2374 aquilone
881 2325 1023 2374 fugato.
1058 2322 1117 2359 Ibi
1146 2321 1271 2358 media
1302 2329 1359 2357 est

346 2385 461 2422 arbor
477 2386 581 2432 vitae,
604 2386 725 2422 malus
745 2386 808 2422 illa
829 2385 875 2422 de
899 2384 1074 2428 CanticO,
1094 2382 1242 2419 cunctis
1267 2394 1359 2431 pre-

347 2446 480 2483 tiosior
498 2446 608 2496 lignis
628 2446 807 2482 silv-arim]
822 2475 830 2492 ‚
849 2444 957 2494 cujus
971 2452 1008 2481 et
1025 2442 1161 2480 umbra
1179 2455 1358 2492 sponsam

347 2506 561 2555 refrigerat,
589 2514 626 2542 et
649 2506 794 2542 fructus
820 2505 942 2542 dulcis
968 2503 1111 2554 gutturi
1144 2501 1226 2551 ejus
1247 2508 1271 2538 ¹.
1301 2500 1360 2538 Ibi

346 2567 590 2603 continentiae
613 2567 738 2611 nitor,
763 2575 799 2602 et
819 2566 974 2602 sincerae
1003 2563 1173 2601 veritatis
1198 2561 1360 2598 intuitus

1418 1117 1513 1154 illud
1539 1117 1724 1163 eruditio,
1751 1116 1817 1153 sed
1840 1117 1972 1153 unctio
2000 1116 2111 1153 docet
2131 1131 2138 1153 :
2160 1130 2230 1154 nec
2249 1118 2425 1165 scientia,

1420 1177 1487 1214 sed
1524 1177 1756 1214 conscientia
1791 1177 2097 1228 comprehendit.
2133 1181 2314 1216 Sanctum
2352 1187 2428 1226 est,

1419 1238 1633 1287 margaritae
1652 1246 1761 1284 sunt,
1777 1251 1847 1274 nec
1865 1238 1976 1274 faciet
1989 1238 2070 1288 ipse
2087 1237 2191 1287 quod
2209 1237 2387 1288 prohibet
2399 1239 2427 1286 ⁴,

1419 1298 1485 1347 qui
1505 1298 1619 1348 coepit
1647 1298 1770 1335 facere
1800 1307 1838 1334 et
1866 1297 2016 1335 docere.
2037 1301 2170 1348 Neque
2190 1298 2290 1335 enim
2321 1312 2429 1336 canes

1419 1367 1484 1395 aut
1511 1372 1652 1409 porcos
1676 1358 1755 1408 jam
1786 1367 1960 1409 reputat,
1981 1373 2078 1410 quos
2102 1358 2296 1409 prioribus
2322 1360 2431 1397 abre-

1419 1420 1640 1456 nuntiantes
1657 1419 1890 1456 facinoribus
1905 1428 2020 1469 atque
2040 1419 2190 1469 flagitiis
2207 1420 2319 1456 etiam
2340 1434 2432 1457 con-

1420 1480 1566 1517 solatur
1587 1494 1657 1531 per
1684 1480 1934 1530 Apostolum,
1961 1480 2092 1517 dicens
2119 1494 2128 1517 :
2162 1482 2256 1516 Hoec
2283 1481 2430 1528 quidem

1412 1539 1565 1589 stultas,
1595 1543 1664 1578 sed
1686 1541 1805 1578 abluti
1827 1547 1934 1587 estis,
1955 1544 2023 1578 sed
2046 1542 2274 1589 sanctificati
2299 1546 2383 1577 estis
2403 1540 2429 1578 ⁵.

1421 1605 1582 1638 Tantum
1611 1610 1765 1648 caveat,
1792 1615 1840 1638 ne
1865 1609 2082 1638 revertatur
2110 1601 2214 1638 canis
2241 1601 2288 1638 ad
2311 1601 2433 1638 vomi-

1423 1669 1502 1698 tum
1514 1691 1523 1708 ,
1542 1675 1611 1698 nec
1629 1661 1647 1684 b
1670 1676 1732 1699 sus
1750 1663 1828 1698 lota
1843 1661 1891 1698 ad
1906 1660 2154 1698 volutabrum
2175 1661 2255 1697 luti.

1784 1781 1964 1820 CAPUT
1993 1781 2106 1821 XIV.

1424 1907 1461 1935 In
1481 1905 1611 1935 terrenis
1630 1915 1695 1935 nou
1713 1915 1779 1935 esse
1802 1904 1899 1935 ullam
1923 1904 2114 1943 satietatem,
2136 1903 2195 1935 nisi
2213 1903 2336 1935 fastidio
2360 1914 2433 1935 con-

1467 1959 1609 2001 junctam
1635 1970 1642 1990 :
1671 1965 1701 1990 at
1726 1959 1897 1990 coelestium
1927 1958 2080 1990 desideria
2104 1958 2293 2002 experiendo
2315 1969 2433 2002 semper

1472 2025 1623 2045 crescere.

1479 2129 1538 2165 26.
1564 2131 1606 2165 In
1623 2126 1738 2176 hujus
1752 2139 1843 2176 ergo
1857 2127 1956 2164 ostio
1970 2125 2136 2177 paradisi
2154 2125 2272 2162 divini
2290 2126 2434 2164 susurri

1423 2202 1499 2226 vox
1533 2187 1707 2233 auditur,
1741 2187 2038 2224 sacratissimum
2066 2186 2433 2236 secretissimumque

1425 2249 1626 2286 consilium
1640 2278 1649 2294 ,
1666 2248 1772 2298 quod
1792 2248 2060 2286 absconditum
2078 2256 2136 2285 est
2156 2261 2178 2284 a
2202 2246 2432 2298 sapientibus

1425 2319 1462 2347 et
1483 2308 1760 2360 prudentibus,
1782 2309 1953 2359 parvulis
1975 2308 2178 2345 revelatur.
2201 2307 2317 2357 Cujus
2345 2320 2432 2344 sane

1424 2371 1529 2408 vocis
1545 2370 1715 2407 auditum
1731 2383 1809 2406 non
1831 2370 1911 2406 sola
1922 2369 2002 2419 jam
2020 2369 2116 2406 ratio
2131 2369 2254 2418 capit,
2274 2367 2339 2405 sed
2354 2381 2432 2417 gra—

1426 2440 1549 2468 tanter
1569 2444 1656 2467 eum
1678 2431 1934 2467 communicat
1956 2439 1993 2466 et
2013 2429 2216 2466 voluntati.
2233 2432 2346 2465 Beati
2369 2432 2432 2477 qui

1426 2496 1593 2528 esuriant
1608 2502 1644 2528 et
1658 2496 1791 2528 sitiunt
1810 2492 2015 2537 justitiam,
2039 2492 2216 2539 quoniam
2240 2495 2315 2539 ipsi
2337 2498 2432 2526 satu-

1428 2554 1610 2590 rabuntur
1626 2552 1654 2590 ⁶.
1674 2553 1909 2591 Altissimum
1925 2553 2038 2602 plane
2055 2552 2277 2598 consilium,
2295 2560 2331 2588 et
2347 2551 2433 2588 inae-

346 2627 477 2663 oculos
497 2627 623 2664 cordis
642 2626 797 2664 irradiat
815 2641 823 2662 z
845 2625 991 2663 auditui
1009 2636 1164 2675 quoque
1184 2622 1249 2659 dat
1265 2635 1356 2671 gau-
1373 2622 1407 2657 D
1426 2615 1614 2652 stimssbile
1646 2622 1938 2651 sacramentum·
1969 2613 2108 2651 Fidelis
2130 2626 2256 2650 sermo
2276 2621 2313 2649 et
2331 2610 2432 2649 omni

348 2686 452 2722 dium
482 2695 520 2723 et
548 2687 715 2723 laetitiam
754 2685 972 2722 dulcissima
1002 2697 1079 2721 vox
1107 2680 1359 2719 consolatoris

348 2747 496 2783 interni.
524 2746 581 2784 Ibi
602 2746 831 2796 quibusdam
856 2745 937 2796 spei
963 2743 1118 2782 naribus
1146 2742 1272 2779 influit
1288 2740 1359 2790 ju-

350 2805 601 2843 cundissimus
621 2807 718 2843 odor
747 2806 826 2856 agri
846 2805 971 2856 pleni,
995 2804 1055 2841 cui
1082 2803 1271 2841 Dominus
1292 2800 1361 2837 be-

351 2865 507 2902 nedixit.
538 2867 595 2903 Ibi
629 2867 844 2904 avidissime
877 2865 1128 2917 praelibantur
1159 2864 1360 2912 incompa—

351 2924 488 2961 rabiles
519 2925 660 2962 deliciae
689 2927 898 2973 charitati53
921 2936 958 2963 et
987 2925 1139 2963 succisis
1167 2923 1286 2974 spinis
1317 2936 1359 2959 ac

350 2983 550 3033 vepribus,
579 2985 716 3034 quibus
742 2995 850 3023 antea
883 2986 1146 3036 pungebatur,
1175 2983 1358 3020 unctione

353 3043 622 3080 misericordiae
654 3045 830 3094 perfusus
862 3047 1010 3083 animus
1047 3046 1086 3082 in
1125 3041 1359 3081 conscientia

352 3103 454 3140 bona
470 3104 627 3140 feliciter
644 3104 857 3153 requiescit.
879 3108 971 3153 Qua:
992 3105 1146 3155 quidem
1164 3117 1241 3140 non
1259 3103 1360 3139 inter

354 3165 438 3202 vitae
463 3173 615 3201 aeternae
635 3165 810 3214 praemia,
833 3165 898 3201 sed
924 3166 1023 3202 inter
1052 3163 1271 3215 temporalis
1293 3162 1360 3199 mi-

1426 2676 1648 2725 acceptione
1678 2675 1836 2724 dignus,
1865 2675 1931 2724 qui
1968 2674 2014 2711 de
2043 2674 2141 2711 coelo
2170 2673 2282 2710 nobis
2314 2687 2334 2710 a
2368 2685 2430 2709 re-

1426 2735 1572 2786 galibus
1601 2734 1754 2772 sedibus
1789 2735 1906 2771 venit.
1946 2738 2060 2773 Facta
2090 2742 2148 2770 est
2178 2733 2279 2770 enim
2312 2730 2432 2769 valida

1428 2798 1544 2833 fames
1566 2796 1604 2832 in
1621 2803 1721 2832 terra
1735 2823 1744 2840 ,
1764 2803 1801 2831 et
1827 2807 1961 2831 omnes
1976 2793 2055 2843 jam
2085 2806 2163 2830 non
2181 2806 2292 2843 egere
2317 2790 2431 2841 coepi-

1426 2870 1529 2901 mus,
1561 2855 1627 2892 scd
1654 2855 1700 2892 ad
1728 2863 1936 2892 extremam
1966 2854 2189 2891 devenimus
2219 2860 2429 2903 egestatem.

1428 2917 1600 2966 Denique
1621 2924 1659 2952 et
1682 2916 1891 2965 comparati
1911 2928 2040 2952 sumus
2053 2913 2238 2963 jumentis
2259 2912 2432 2962 insipien-

1427 2977 1546 3023 tibus,
1568 2985 1604 3013 et
1624 2976 1765 3013 similes
1789 2975 1877 3012 facti
1892 2987 2023 3011 sumus
2042 2974 2116 3010 illis
2136 2988 2143 3010 :
2163 2973 2275 3010 etiam
2296 2983 2431 3022 porco-

1426 3051 1510 3074 rum
1535 3038 1689 3086 siliquas
1713 3035 1977 3073 insatiabiliter
1999 3034 2200 3071 esurimus.
2225 3034 2298 3081 Qui
2318 3044 2432 3083 pecu·

1428 3099 1528 3135 niam
1551 3097 1694 3147 diligit,
1714 3109 1791 3133 non
1813 3097 1969 3133 satiatur
1996 3110 2004 3132 :
2033 3094 2099 3144 qui
2121 3094 2332 3140 luxuriam,
2356 3103 2430 3129 non

1428 3159 1587 3196 satiatur
1606 3173 1613 3194 ε
1631 3157 1695 3206 qui
1710 3157 1869 3205 gloriam
1887 3155 2043 3205 quaerit,
2066 3167 2142 3191 non
2157 3153 2316 3190 satiatur
2334 3167 2342 3189 z
2363 3151 2430 3188 de-

401 3309 411 3324 ¹
428 3302 548 3334 Cantic.
565 3313 610 3339 11,
629 3304 660 3332 3.
675 3320 720 3324 -
736 3307 748 3322 ²
765 3301 882 3333 Mauh.
899 3313 971 3339 x1x,
994 3306 1046 3334 29.
1062 3321 1106 3325 ——
1122 3299 1134 3322 3
1153 3302 1364 3333 Psal.xxx111
1376 3324 1384 3337 ‚
1402 3302 1434 3330 9.
1448 3316 1490 3321 —--
1502 3296 1515 3323 4
1534 3295 1649 3329 Manli.
1666 3306 1734 3333 vn,
1752 3299 1834 3326 6.-
1850 3291 1863 3314 5
1878 3296 1892 3324 1
1906 3294 1977 3325 Cor.
1994 3303 2027 3323 vt
2039 3316 2047 3330 ‚
2068 3295 2120 3323 11.
2133 3309 2177 3314 —
2191 3288 2207 3313 ⁶
2220 3289 2334 3323 Matth.
2349 3300 2381 3327 v,
2397 3293 2428 3320 6·

401 3363 536 3400 ³Alias‚
560 3361 686 3393 intravi.
711 3380 755 3386 -
778 3354 793 3378 ¹¹
807 3361 906 3399 Alias,
929 3360 991 3392 rivel.
