2517 3936
70 138 142 176 729

988 134 1251 169 EPISTOLAE.

2074 147 2150 184 730

68 221 174 265 ritas,
205 217 256 255 sic
285 226 444 264 parcens
475 212 662 248 monacho
689 210 905 260 injurianti,
933 220 974 248 ut
996 207 1210 246 non³⁶⁴tua
1232 210 1464 259 perdurante
1485 210 1646 258 duritia,
1666 227 1742 250 non
1769 216 1906 254 sinitur
1928 223 2152 271 emendare,

67 280 211 317 deesset
245 275 391 312 novitio
422 272 644 309 fluctuanti!
670 276 862 319 Quantum
889 284 981 320 ergo
1007 284 1075 321 po·
1093 269 1246 318 Aquod
1277 271 1497 320 compulsus
1530 281 1585 308 est
1610 272 1837 311 indiscretus
1868 278 1996 325 egisse.
2025 284 2152 330 Rogo,

71 340 124 377 tui
143 337 430 378 confirmatum,
449 341 486 369 et
512 332 640 368 omnia
658 360 666 377 ,
692 340 879 381 quantum
904 344 1009 377 reor,
1028 330 1074 366 (lc

68 400 202 453 quibus
223 405 376 434 notatus
397 403 474 440 est,
495 393 700 430 emendare
720 401 894 442 paratum
909 420 917 436 ,
939 391 986 428 ad
1006 405 1074 427 vos

67 475 152 501 eum
180 458 354 501 remitto,
381 464 454 491 tam
482 453 654 504 probatae
683 461 819 489 vestrae
847 451 1074 500 benignitati

68 520 284 564 consulens,
303 525 359 562 et,
378 516 407 552 si
428 527 581 551 necesse
599 522 674 558 est,
695 514 936 563 supplicans,
959 521 1002 549 ut
1020 526 1076 549 re-

68 582 244 633 cipiatur,
273 586 315 614 ut
344 585 469 613 tamen
499 574 724 624 praedictum
754 574 930 617 fratrem,
955 573 1014 610 cui
1039 581 1077 609 et

68 642 205 680 litteras
229 636 392 689 proinde
416 635 652 685 precatorias
674 634 778 679 misi,
802 648 820 670 a
843 648 909 671 sua
930 634 1074 684 priori,

68 701 99 741 si
116 700 194 739 fieri
215 706 361 750 potest,
385 696 573 733 sententia
598 694 737 731 flectat.
758 695 898 732 Valete.

70 837 403 853 uum========s=m==qsu
409 836 463 845 ιιι·
469 836 493 844 ιι
499 835 636 844 ======uu
643 834 812 844 msa-unx„
818 835 842 843 »ι
848 835 929 844 »ιικκι
936 835 958 844 u
965 834 1073 844 ussus-

200 950 575 1010 EPISTOLA
644 948 931 1008 CDXIV.a

323 1100 371 1122 AD
401 1099 580 1122 ALARDL'M
608 1099 834 1122 MONACHfM.

447 1209 530 1234 L’nde
555 1216 656 1240 supra.

70 1318 244 1361 Perstringit
258 1328 348 1355 eum,
365 1315 450 1359 quod
469 1315 620 1359 praedicto
642 1314 760 1346 noxitio
783 1315 914 1357 expulso
927 1339 934 1352 ‚
958 1326 993 1346 ac
1010 1316 1075 1357 jam

113 1373 245 1406 reditum
273 1378 367 1414 atque
396 1370 649 1403 emendationem
681 1369 850 1407 molienti,
885 1371 1075 1412 pertinacius

113 1429 251 1462 obsistat.

67 1538 209 1578 Dilecto
248 1536 326 1574 filio
360 1549 430 1573 suo
465 1540 647 1582 ALARDO,
672 1535 787 1573 frater
822 1539 1074 1584 Bana-Annus,

246 1605 417 1648 paternae
447 1596 664 1634 dilectionis
693 1596 885 1633 affectum.

120 1720 152 1758 l.
182 1718 439 1769 Conqueritur
468 1718 585 1754 frater
610 1715 878 1763 Admnarusb,
909 1718 1015 1767 quod
1041 1718 1074 1755 ei

68 1779 174 1819 nimis
207 1792 358 1817 amarus
383 1779 574 1816 exstiteris
605 1794 614 1816 ι

70 1849 196 1892 agente
217 1840 333 1878 domo
353 1840 537 1890 expulsus
558 1839 627 1886 sit,
655 1838 721 1876 sed
743 1839 833 1889 quia
858 1847 893 1876 te
918 1854 1075 1890 quoque

69 1900 289 1953 prohibente
313 1901 554 1938 reconciliari
575 1914 654 1937 non
675 1900 808 1950 possit.
831 1904 879 1938 Et
898 1914 968 1950 ego
990 1902 1077 1951 qui-

70 1960 152 1999 dem
179 1975 257 1999 non
285 1961 357 1998 nisi
383 1960 488 1998 bono
513 1961 594 1998 zelo
624 1970 660 1998 te
685 1961 725 1998 id
752 1962 874 1998 facere
903 1962 1080 2000 credide-

70 2021 137 2059 rim
156 2037 164 2059 :
185 2022 251 2060 sed
271 2036 357 2059 cum
377 2022 563 2060 recordor
584 2030 658 2059 tuae
674 2022 776 2059 illius
795 2020 1076 2069 obstinationis,

70 2095 178 2134 quam
211 2082 280 2120 tibi
309 2082 564 2130 amicissima,
594 2091 636 2119 ut
671 2082 767 2128 scis,
800 2081 939 2119 fiducia
973 2083 1079 2119 soleo

70 2156 164 2194 saepe
189 2143 475 2195 improperare3
494 2157 654 2190 vereor,
676 2157 724 2180 ne
745 2143 846 2180 idem
868 2144 971 2181 zelus
992 2153 1080 2182 tuus

33 2231 37 2234 -
71 2217 145 2242 non
173 2204 223 2242 sit
242 2205 453 2243 secundum
481 2205 691 2243 scientiam.
708 2207 804 2242 Nam
834 2213 876 2241 ut
906 2205 988 2255 ipsa
1008 2209 1081 2243 Re-

71 2264 162 2314 gulae
181 2265 297 2303 verba
317 2279 481 2316 ponam,
504 2273 658 2316 quantae
679 2264 848 2302 audaciae
869 2273 925 2302 est
942 2279 1080 2315 quem-

71 2338 180 2376 quam
206 2326 371 2374 caedere,
388 2335 455 2364 aut
470 2327 826 2370 excommunicare,
845 2325 986 2363 nedum
1009 2327 1080 2363 eli-

72 2385 225 2434 minare,
238 2386 376 2425 abbate
387 2388 529 2425 scilicet
542 2387 699 2425 absente
710 2395 748 2424 et
762 2387 957 2423 nesciente
971 2394 980 2408 ¹
996 2388 1078 2424 ?An

73 2459 147 2485 non
165 2449 283 2498 magis
305 2457 379 2486 tuae
398 2449 623 2486 humilitatis
640 2457 742 2495 erat,
765 2448 828 2485 alii
854 2461 932 2484 non
955 2448 1079 2485 facere

73 2507 174 2558 quod
189 2508 257 2547 tibi
273 2510 394 2547 nolles
411 2510 516 2547 fieri?
537 2513 621 2547 Iino
640 2518 714 2547 tuae
734 2509 982 2560 perfectionis
999 2523 1080 2547 esse

1142 344 1226 380 quse
1263 339 1318 366 est
1359 331 1437 367 haec
1479 334 1681 378 securitas,
1720 343 1761 371 ut
1797 338 1941 374 caeteris
1977 342 2155 379 omnibus

1143 390 1410 427 miserantibus
1424 420 1434 437 ,
1459 392 1542 442 ipso
1560 407 1714 442 quoque
1736 394 1893 432 domino
1911 397 2046 435 abbate
2064 415 2155 450 pro-

1142 451 1258 499 pitio,
1290 460 1328 487 tu
1358 453 1461 489 solus
1486 453 1736 502 implacabilis
1759 456 1858 491 flecti
1881 471 1956 493 non
1979 473 2094 508 queas
2115 471 2157 498 ut

1145 513 1374 562 recipiatur?
1396 518 1454 550 An
1478 528 1554 549 non
1575 515 1715 562 legisti,
1733 518 1926 553 sicilicium
1948 525 2029 554 siue
2049 527 2157 557 mise-

1143 575 1308 608 ricordia
1338 578 1373 609 ei
1399 579 1464 622 qui
1493 588 1566 609 non
1589 573 1689 621 jecit
1717 579 2009 614 miis-erico)vllam
2030 580 2068 615 ³⁸?
2096 586 2155 618 An

1143 632 1287 670 oblitus
1311 648 1349 671 es
1378 635 1482 684 quod
1518 649 1670 672 rursum
1695 637 1879 686 scriptum
1908 647 1982 684 cst,
2008 644 2053 676 In
2081 657 2156 690 qua

1144 707 1319 730 mensura
1352 698 1472 731 mensi
1486 694 1655 742 flavitas,
1677 702 1889 734 remetietur
1911 700 2015 735 vobis
2033 701 2074 737 ⁵?
2096 707 2155 739 An

1143 767 1236 791 vcro
1272 757 1486 793 contemnis
1516 757 1621 806 quod
1647 757 1959 796 misericordibus
1995 763 2156 811 promis-

1142 827 1225 851 sum
1259 824 1338 862 est,
1376 818 1565 863 Quoniam
1594 818 1667 866 ipsi
1698 821 1994 856 miverit-ordiam
2026 836 2155 859 conse-

1141 885 1300 923 quentur
1313 875 1328 898 ⁶
1343 879 1357 913 Ξ)

1196 938 1229 974 2.
1248 938 1319 975 Sed
1343 939 1483 985 nescis,
1501 940 1639 989 inquis,
1657 954 1770 990 quam
1784 939 1885 990 juste
1903 944 2085 993 expulsus
2099 947 2156 982 sit.

1090 1001 1118 1035 B
1139 997 1336 1047 Sedjuste,
1350 1013 1396 1036 an
1412 999 1551 1049 injuste¹
1566 1001 1748 1050 expulsus
1765 1002 1825 1047 sit,
1842 1015 1919 1039 non
1932 1017 2076 1053 quaere,
2089 1020 2159 1043 nec,

1147 1071 1240 1095 curo
1269 1059 1384 1095 modo
1404 1075 1411 1096 :
1436 1061 1501 1097 sed
1522 1061 1594 1098 hoc
1623 1069 1769 1098 tantum
1787 1076 1948 1112 queror,
1979 1064 2051 1102 hoc
2073 1080 2158 1103 cau-

1147 1132 1228 1165 sor,
1251 1119 1323 1156 hoc
1353 1121 1599 1158 veliementer
1621 1121 1810 1168 admiror,
1836 1124 1940 1172 quod
1962 1125 2157 1164 humiliter

1146 1179 1399 1226 satisfaciens,
1429 1181 1613 1218 instanter
1645 1190 1800 1231 petens,
1831 1185 2020 1232 patienter
2044 1187 2156 1223 susti—

1144 1252 1258 1285 nen5,
1287 1241 1595 1277 emendationem
1623 1242 1871 1291 promittens,
1895 1258 1964 1280 nec
1993 1245 2044 1282 sic
2067 1248 2156 1296 qui-

1145 1299 1232 1336 dem
1271 1301 1444 1337 exaudiri
1482 1310 1669 1347 meretur,
1707 1310 1748 1338 ut
1776 1302 1887 1351 juxta
1925 1307 2153 1355 Apostolum

1144 1361 1394 1398 confirmetur
1413 1362 1450 1398 in
1474 1376 1519 1398 eo
1541 1362 1728 1399 charitas7
1743 1392 1751 1408 ,
1775 1373 1811 1400 et
1837 1366 2048 1403 secundum
2071 1381 2154 1404 ma-

1143 1421 1302 1470 gistrum
1328 1431 1503 1460 nostrum
1528 1422 1714 1473 probetur
1737 1424 1874 1461 iterum
1897 1426 1935 1462 in
1959 1428 2065 1464 omni
2086 1442 2155 1478 pa-

1144 1482 1276 1520 tientia
1290 1482 1317 1520 8.
1344 1487 1454 1522 Certe
1478 1484 1509 1520 si
1531 1483 1672 1533 injuste
1696 1486 1877 1535 expulsus
1899 1487 1967 1524 fuit
1982 1517 1990 1533 ,
2006 1488 2154 1538 justum

1144 1552 1200 1580 cst
1219 1552 1263 1580 ut
1283 1554 1486 1581 revocetur
1507 1560 1514 1582 :
1534 1545 1562 1581 si
1577 1544 1680 1594 juste
1694 1573 1703 1590 ,
1729 1546 1836 1595 pium
1859 1557 1914 1584 est
1933 1557 1974 1585 ut
1992 1551 2153 1600 recipia-

1144 1613 1217 1642 tur.
1230 1605 1344 1643 Unde
1364 1614 1401 1642 et
1417 1606 1489 1642 hoc
1508 1615 1683 1642 nostrum
1699 1607 1915 1652 consilium,
1934 1609 2022 1646 licet
2038 1611 2155 1648 indis-

1143 1679 1252 1702 cussa
1276 1679 1401 1713 causa,
1427 1666 1630 1703 arbitratus
1653 1680 1735 1703 sum
1758 1681 1838 1705 esse
1858 1681 2054 1718 securum,
2076 1686 2154 1721 quo

1143 1728 1198 1772 fit,
1216 1735 1259 1763 ut
1279 1728 1358 1765 sive
1375 1741 1445 1778 per
1461 1727 1662 1777 justitiam,
1681 1728 1758 1764 sive
1775 1742 1844 1777 per
1858 1730 2157 1769 misericordiam

648 1792 728 1816 110ss
760 1779 884 1815 SOlUm
916 1780 1002 1829 (luia
1037 1788 1072 1817 te
1093 1790 1121 1826 C
1142 1787 1282 1837 ajusto
1301 1796 1338 1825 et
1358 1788 1605 1825 misericorde
1622 1792 1705 1825 Deo
1722 1801 1800 1824 non
1821 1790 2033 1828 recedatur.
2050 1795 2159 1842 Rogo

1144 1862 1234 1898 ergo
1259 1857 1315 1896 te,
1333 1849 1576 1886 dilectissime
1599 1849 1672 1895 fili,
1695 1857 1736 1885 ut
1753 1849 1859 1898 quod
1875 1850 1937 1887 ille
1958 1852 2035 1889 suis
2056 1853 2157 1902 apud

1147 1918 1182 1945 te
1210 1909 1390 1960 precibus
1416 1924 1495 1947 non
1524 1910 1679 1955 meruit,
1699 1911 1761 1947 vel
1783 1913 1946 1960 nostris,
1966 1927 2060 1963 quas
2083 1922 2158 1951 tam

1146 1969 1259 2020 longe
1280 1971 1478 2020 quaesivit,
1498 1971 1623 2008 valeat
1639 1970 1810 2020 adipisci.

1335 2115 1637 2127 xmvunxswxx-xxxumns

1641 2119 1782 2129 mmm-Assum
1788 2120 1811 2128 ==
1816 2119 2015 2129 ιυνιυ-Λιιιιιιι
2032 2120 2044 2128 ι

1310 2236 1693 2298 EPISTOLA
1756 2242 2012 2302 CDXV.⁰

1228 2397 1276 2418 AD
1298 2397 1483 2427 QUEMDAM
1505 2399 1615 2422 PacTt
1637 2400 1695 2423 SL'I
1720 2400 2079 2423 PRAEVARICATOREM.

1147 2515 1317 2551 Hortatur,
1335 2519 1369 2544 ut
1382 2524 1512 2545 excusso
1526 2516 1695 2558 voluptatis
1712 2517 1844 2547 carnalis
1860 2517 1936 2558 jugo
1947 2541 1954 2555 ,
1974 2516 2162 2559 promissum

73 2565 252 2606 debuerat
276 2570 508 2620 Apostolum
535 2570 664 2621 potius
691 2569 832 2607 imitari
863 2569 1075 2616 dicentem,
1097 2582 1130 2616 D
1394 2569 1551 2611 religionis
1580 2577 1688 2602 votum
1715 2577 1913 2613 exsequatur-

74 2629 206 2666 Faetus
214 2644 294 2667 sum
313 2632 472 2680 infirmis
489 2631 672 2678 ilfirmus,
687 2640 726 2667 ut
741 2631 910 2677 itfirmos
925 2629 1085 2678 lucrifa—

74 2701 188 2726 cerem
205 2697 219 2713 ’
240 2706 249 2728 z
271 2699 310 2728 et
329 2704 496 2738 rursum,
511 2694 583 2727 Vos
594 2695 660 2740 qai
670 2693 888 2742 spirituales
905 2696 1004 2737 estis,
1026 2695 1084 2726 in-
1205 2694 1284 2730 Etsi
1316 2703 1357 2731 tu
1389 2694 1532 2732 oblitus
1563 2697 1639 2743 tui,
1666 2696 1731 2734 sed
1751 2710 1829 2733 non
1853 2709 1923 2746 ego
1946 2711 1953 2733 :
1973 2696 2162 2747 siquidem

1151 2753 1267 2804 diligo
1303 2763 1360 2802 te,
1393 2765 1430 2793 et
1462 2766 1648 2806 quantum
1681 2757 1821 2806 diligo,
1857 2765 2006 2793 tantum
2037 2757 2163 2793 doleo.

1150 2818 1271 2852 Porro
1292 2816 1445 2853 dilectio
1464 2818 1552 2854 facit
1572 2826 1614 2854 ut
1633 2817 1806 2864 doleam3
1826 2817 1937 2854 dolor
1957 2826 2083 2854 autem
2096 2846 2105 2862 ,
2126 2825 2167 2853 ut

1150 2888 1227 2911 non
1258 2875 1473 2914 obliviscar.
1506 2877 1579 2915 Sed
1607 2878 1704 2914 lieu!
1738 2878 1914 2915 miseram
1943 2878 2166 2927 tristemque

73 2755 198 2787 struite
211 2752 424 2799 hujusmodi
436 2757 475 2788 in
487 2757 624 2802 spiritu
640 2755 805 2789 leuitatis
815 2767 829 2796 ,·
841 2753 1084 2788 considerans

74 2818 109 2846 te
123 2815 240 2860 ipsum
252 2841 263 2857 ,
291 2827 339 2849 ne
355 2822 393 2850 et
413 2822 452 2850 tic
474 2815 622 2849 tenteris
640 2813 676 2850 3?
704 2817 754 2850 At
770 2813 891 2858 Prior,
910 2813 1080 2863 inquies,

74 2870 177 2910 illum
193 2872 315 2922 ejecit,
337 2888 417 2912 non
429 2887 512 2925 ego.
530 2878 578 2912 Et
598 2875 671 2911 hoc
691 2874 846 2924 quidem
864 2874 944 2924 ipse
963 2875 1054 2911 novi
1073 2890 1080 2912 :

76 2930 141 2969 sed
170 2940 206 2985 te
239 2934 439 2982 suadente,
471 2943 507 2972 te
543 2934 776 2972 omnimodis
812 2935 1078 2984 compellente.

75 2991 185 3030 Unde
215 3002 254 3030 et
283 3008 386 3032 nunc
420 3009 507 3032 cum
543 3009 652 3042 eum,
689 2995 787 3032 sicut
818 2995 967 3041 audivi,
998 2996 1080 3046 ipse

76 3063 225 3103 quoque
248 3055 357 3092 Prior
380 3056 582 3094 miseratus
609 3057 738 3106 cupiat
763 3070 963 3103 revocare,
986 3065 1021 3094 te
1041 3057 1080 3094 in

1148 2937 1390 2974 memoriam!
1426 2937 1593 2976 Mirabar
1626 2939 1719 2989 quid
1757 2948 1792 2976 te
1827 2939 2052 2989 impediret,
2093 2947 2159 2983 ut,

1148 2997 1474 3047 quemadmodum
1504 3000 1756 3049 promiseras,
1787 3014 1866 3038 non
1896 3000 2058 3036 venires.
2086 3002 2162 3036 'Nec

1149 3058 1251 3095 enim
1276 3058 1432 3096 credere
1458 3068 1653 3109 poteram,
1676 3069 1710 3098 te
1733 3069 1839 3098 tuum
1861 3068 2034 3111 pactum,
2056 3067 2093 3095 et
2114 3059 2161 3094 il-

124 3190 228 3230 ¹Reg.
247 3191 279 3221 S.
297 3189 476 3230 Benedicti,
499 3202 570 3234 cap.
592 3194 648 3223 70.
665 3209 710 3214 -—
727 3196 740 3211 ²
763 3195 777 3222 I
792 3193 864 3223 Cor.
884 3203 937 3229 ix,
965 3195 1021 3223 22.
1041 3211 1086 3215 -—-
1105 3190 1119 3213 3
1136 3193 1242 3224 Galat.
1268 3204 1320 3232 vi,
1351 3198 1378 3224 1.
1393 3213 1437 3216 —
1457 3194 1470 3221 4
1487 3195 1598 3227 Jacob}
1615 3207 1656 3233 ιι,
1683 3199 1736 3228 13.
1756 3215 1798 3218 »-
1815 3193 1828 3217 5
1845 3194 1959 3227 Manh.
1984 3203 2047 3227 vu,
2072 3194 2103 3222 2.
2118 3209 2161 3214 -ν-

78 3235 95 3260 ⁶
111 3239 159 3272 Id.
174 3252 207 3279 v,
231 3244 263 3273 7.
280 3259 319 3264 —
342 3249 356 3273 7
370 3247 401 3275 ΙΙ
422 3246 494 3276 Cor.
512 3255 556 3281 tt,
577 3247 609 3276 8.
626 3262 666 3266 —
691 3242 704 3265 8
730 3247 810 3286 Reg.
832 3247 864 3276 S.
888 3245 1069 3282 Benedicti,
1089 3256 1159 3288 cap.
1179 3249 1234 3276 58.

122 3301 136 3317 ⁸
149 3303 250 3333 Antea
262 3303 392 3345 epistola
409 3307 488 3336 328.
505 3324 549 3328 —
565 3298 580 3321 ι’
595 3305 682 3337 Alias
694 3329 702 3343 ‚
727 3304 901 3337 Admarus.
923 3325 962 3328 ——
983 3312 995 3326 ε
1013 3310 1114 3338 Antea
1135 3306 1264 3349 epistola
1290 3310 1367 3338 5:953.
