2517 3920
1062 750 1726 840 ADMONITIO

1159 961 1211 995 IN
1239 960 1425 996 OPUSCU
1433 961 1539 995 LUM
1566 961 1619 994 III
1627 985 1634 993 .

406 1278 527 1318 Varia
542 1286 600 1316 est
618 1277 819 1328 sequentis
844 1275 1022 1328 opusculi
1038 1276 1254 1327 inscriptio.
1282 1276 1328 1314 In
1360 1277 1490 1326 prima
1510 1276 1596 1327 ejus
1618 1274 1813 1323 editione,
1836 1273 1980 1313 scilicet
2008 1273 2185 1326 Spirensi
2204 1275 2297 1313 anni
2312 1276 2426 1324 1501,

352 1344 592 1392 inscribitur,
618 1361 634 1377 α
657 1342 716 1381 De
745 1343 1018 1387 conversione,
1045 1341 1095 1379 ad
1119 1341 1326 1380 Scholares
1354 1340 1536 1390 libellus,
1573 1360 1589 1375 »
1618 1341 1769 1392 absque
1798 1339 1989 1379 divisione
2023 1341 2213 1391 capitum.
2243 1340 2292 1378 In
2317 1340 2428 1380 editis

352 1410 447 1447 anni
469 1411 585 1456 1520,
607 1427 623 1442 «
647 1408 706 1446 De
736 1408 1010 1456 conversione,
1040 1407 1091 1445 ad
1122 1406 1290 1445 Clericos
1319 1420 1478 1445 sermo:
1500 1425 1516 1441 »
1538 1421 1662 1459 quem
1694 1407 1917 1459 genuinum
1946 1405 2112 1445 titulum
2141 1407 2424 1446 existimamus.

352 1475 589 1514 Sermonem
624 1483 736 1513 vocat
762 1473 988 1512 Bernardus
1016 1474 1120 1524 ipse,
1157 1487 1200 1511 n.
1229 1474 1274 1511 31
1298 1489 1307 1510 ε
1344 1491 1361 1507 «
1395 1473 1666 1525 Fatigavimus
1699 1486 1767 1511 vos
1794 1471 2023 1523 prolixitate
2053 1472 2285 1521 sermonisa,
2313 1490 2330 1506 ν)
2352 1481 2423 1511 etc.

352 1541 526 1591 Quidam
551 1540 699 1580 codices
722 1541 958 1592 praeferunt,
982 1559 998 1574 ιι
1022 1540 1073 1578 ad
1095 1539 1262 1578 Clericos
1280 1540 1534 1579 Parisienses.
1560 1558 1576 1574 n
1598 1538 1818 1578 Exordium
1847 1537 2104 1577 Cisterciense
2125 1538 2232 1577 favet
2257 1538 2299 1576 in
2327 1537 2427 1577 libro

350 1607 522 1658 septimo
551 1605 600 1644 de
616 1606 712 1644 Vita
744 1605 956 1653 Bernardi,
987 1620 1070 1656 cap.
1108 1607 1170 1644 13.
1192 1606 1413 1656 «Quadam
1443 1616 1633 1657 praeterea
1655 1606 1759 1653 vice,
1786 1619 1876 1643 cum
1912 1605 1973 1643 vir
2005 1604 2169 1643 Domini
2202 1603 2427 1644 Bernardus

352 1689 370 1705 »
403 1685 519 1710 causa
553 1671 730 1724 exigente
759 1671 934 1709 Parisius
962 1670 1136 1719 adesset,
1166 1680 1306 1723 rogatu
1327 1671 1562 1710 clericorum
1587 1673 1785 1724 ingressus
1806 1680 1864 1709 est
1881 1670 1930 1709 de
1949 1685 2059 1710 more
2079 1670 2232 1709 scholas
2259 1685 2423 1710 eorum:

354 1756 371 1771 »
402 1736 549 1789 quibus
579 1736 789 1775 ostendens
817 1737 990 1775 formam
1023 1750 1124 1775 verae
1148 1736 1430 1788 philosophiae,
1452 1736 1641 1775 monebat
1675 1751 1740 1775 eos
1773 1737 1965 1775 attentius
1994 1735 2044 1774 de
2072 1735 2213 1774 mundi
2248 1745 2426 1774 contem-

354 1821 371 1836 »
403 1810 497 1854 ptu,
535 1820 551 1835 »
576 1810 648 1840 etc.
683 1801 903 1840 Gaufridus
930 1801 1082 1840 factum
1116 1810 1251 1840 narrat
1282 1802 1323 1840 in
1346 1802 1448 1841 libro
1476 1803 1615 1852 quinto
1645 1802 1694 1840 de
1731 1801 1871 1841 eadem
1902 1801 2017 1849 Vita,
2039 1816 2080 1839 n.
2106 1805 2184 1840 10:
2213 1819 2229 1835 «
2264 1801 2426 1840 Patrem

355 1887 372 1902 η
405 1877 609 1917 sanctum,
650 1869 748 1906 fines
778 1868 1023 1907 Parisiorum
1055 1867 1272 1920 aliquando
1302 1876 1603 1920 peragrantem,
1637 1875 1685 1905 ut
1719 1866 1769 1905 ad
1798 1868 1925 1917 ipsam
1954 1865 2170 1904 diverteret
2200 1867 2422 1915 civitatem,

354 1950 371 1966 n
405 1934 609 1985 episcopus
640 1933 866 1984 Stephanus
894 1942 933 1971 et
964 1934 1090 1972 caeteri
1111 1947 1249 1972 omnes
1270 1934 1340 1985 qui
1368 1933 1517 1984 pariter
1547 1932 1732 1981 aderant,
1754 1932 1898 1971 obnixe
1924 1940 2106 1985 rogantes
2135 1946 2216 1971 non
2241 1941 2425 1984 poterant

354 2016 371 2031 »
404 1998 598 2037 obtinere.
622 1999 771 2051 Magno
791 1998 988 2050 siquidem
1008 1998 1110 2046 zelo,
1134 2000 1210 2054 nisi
1237 2013 1353 2037 causa
1379 1999 1507 2051 gravis
1534 2008 1716 2051 urgeret,
1741 2008 1960 2037 conventus
1984 1997 2164 2050 publicos
2185 1997 2421 2038 declinabat.

355 2081 372 2097 »
405 2062 588 2115 Cumque
604 2065 766 2115 vespere
782 2065 857 2102 iter
873 2077 993 2102 suum
1009 2063 1104 2102 alias
1120 2063 1362 2112 ordinasset,
1380 2078 1520 2113 mane,
1543 2064 1611 2103 ubi
1627 2065 1807 2116 primum
1826 2064 1982 2104 locutus
2000 2074 2059 2104 est
2075 2064 2279 2114 fratribus,
2297 2064 2422 2105 dicere

354 2146 372 2162 »
401 2128 518 2179 jubet
546 2130 748 2180 episcopo,
770 2130 865 2181 quia
889 2129 1063 2168 Parisius
1092 2129 1261 2177 ibimus,
1286 2139 1331 2168 ut
1351 2131 1508 2182 rogasti.
1541 2130 1808 2169 Conveniente
1834 2131 1956 2183 igitur
1974 2129 2077 2169 clero
2108 2130 2328 2169 admodum
2359 2144 2424 2169 co-

353 2211 370 2227 »
403 2195 533 2246 pioso,
553 2194 652 2233 sicut
677 2208 834 2245 semper
861 2193 912 2232 ab
942 2208 988 2233 eo
1016 2193 1195 2233 solebant
1218 2204 1401 2246 expetere
1423 2195 1593 2234 verbum
1612 2196 1704 2243 Dei,
1736 2196 1923 2234 continuo
1943 2204 2020 2234 tres
2039 2210 2086 2234 ex
2106 2195 2182 2234 illis
2200 2197 2421 2247 compuncti

404 2269 517 2307 sunt,
538 2270 577 2298 et
596 2261 769 2299 conversi
790 2260 840 2298 ab
862 2261 1052 2299 inanibus
1068 2261 1206 2299 studiis
1231 2261 1282 2299 ad
1302 2275 1403 2300 verae
1423 2262 1621 2313 sapientiae
1648 2262 1802 2302 cultum
1816 2293 1825 2311 ,
1855 2262 2182 2301 abrenuntiantes
2205 2262 2363 2310 saeculo,
2384 2271 2422 2301 et

404 2325 477 2364 Dei
498 2326 651 2364 famulo
671 2326 905 2365 inhaerentes
918 2357 926 2373 ,
950 2345 966 2360 »
984 2335 1056 2365 ete.
1080 2327 1221 2366 Gravis
1243 2336 1281 2365 et
1296 2326 1524 2378 patheticus
1542 2337 1599 2366 est
1615 2328 1679 2367 hie
1703 2342 1834 2367 sermo
1852 2337 1988 2366 contra
2006 2327 2183 2376 clericos,
2205 2329 2274 2379 qui
2297 2327 2423 2366 Eccle-

348 2392 414 2430 siae
432 2390 640 2443 dignitates
663 2391 869 2440 ambiunt,
892 2400 931 2430 et
950 2401 1098 2431 temere
1126 2392 1177 2431 ad
1206 2406 1332 2431 sacros
1362 2392 1531 2431 Ordines
1562 2393 1767 2432 accedunt.
1800 2392 2078 2445 Capitulorum
2109 2392 2417 2440 distinctionem,

350 2456 478 2508 qualis
493 2458 534 2494 in
554 2456 667 2495 editis
686 2457 737 2495 ab
756 2471 861 2495 anno
880 2458 982 2497 1520
1001 2457 1183 2496 adhibita
1202 2467 1281 2506 est,
1301 2459 1556 2497 retinuimus.

353 2279 362 2294 )

364 2279 371 2293 υ

354 2343 362 2359 >

412 2591 425 2605 ³
452 2584 557 2620 Potior
575 2588 704 2621 forsitan
724 2590 802 2621 ratio
817 2601 853 2621 ex
870 2590 959 2622 initio
977 2590 1069 2632 primi
1086 2590 1215 2633 capitis:
1239 2605 1251 2617 υ
1274 2590 1324 2622 Ad
1341 2591 1530 2623 audiendum
1543 2616 1550 2629 ‚
1573 2598 1607 2623 ut
1623 2591 1796 2629 credimus,
1820 2590 1950 2622 verbum
1966 2590 2025 2622 Dei
2047 2590 2244 2624 convenistis.
2262 2606 2278 2619 a
2325 2592 2367 2624 N.
2383 2593 2417 2622 E.
