2517 3920
360 243 435 279 875)

371 332 444 362 guin
465 331 529 352 non
548 319 642 351 modo
660 319 740 357 suis,
761 318 816 349 sed
843 324 876 349 et
900 317 1108 360 optimatum,
1128 321 1157 346 et
1177 314 1271 345 etiam
1291 316 1348 344 Ju-

354 390 368 401 »
391 375 529 406 dirorum
542 374 726 405 muneribus
743 373 886 415 dignatus
905 378 961 402 est.
978 387 990 397 »ι
1006 373 1147 411 Rogerus
1162 366 1352 399 Hovedenus

354 436 384 460 et
406 429 471 472 ipse
490 428 522 459 in
543 428 721 460 Annalibus
738 427 878 458 eamdem
897 430 1121 457 commemorat
1142 420 1353 463 receptionem

355 494 439 514 auno
465 486 560 515 1131.
586 487 684 515 Porro
709 493 791 513 anno
814 484 919 517 1132,
949 485 982 510 ut
1000 477 1094 509 habet
1119 476 1228 513 Fulco,
1255 477 1356 505 Bene-

356 537 483 568 ventani
519 537 665 570 Chronici
701 536 848 578 scriptor,
881 544 953 564 01110
982 530 1146 563 Lotharius
1188 529 1357 570 imperator

356 591 534 623 Innocentii
564 590 748 622 restituendi
782 587 880 631 gratIa
912 591 1046 619 Romam
1078 583 1266 618 obsedisset,
1300 591 1358 611 nec

356 645 429 676 satis
444 644 571 676 haberet
586 644 696 675 virium
721 643 760 674 ad
782 653 850 674 eam
873 638 1133 683 expugnandam,
1152 641 1261 678 utpote
1283 634 1358 665 duo<

357 709 427 729 rum
456 699 586 730 millium
613 699 765 729 duntaxat
791 694 935 738 praesidio
961 694 1151 728 111511·1101115’,
1180 688 1358 721 Bernardus

356 751 408 792 qui
439 757 468 782 et
497 752 561 794 ipse
588 751 712 788 aderat,
743 760 761 780 a
788 759 858 789 rege
887 746 1060 787 Anglorum
1088 741 1246 784 suppetias
1271 740 1358 771 hisce

356 805 469 836 litteris
495 805 644 847 expetiit3
673 803 757 845 quod
782 809 885 832 tamen
905 799 971 841 ipse
992 802 1140 840 praestare
1160 806 1224 826 non
1242 794 1355 836 potuit.

356 859 502 900 Denique
530 869 625 900 quam
653 856 794 898 religiose
828 860 859 886 ct
902 851 1070 883 christiane
1106 848 1250 879 ultimum
1276 847 1357 878 diem

356 912 504 943 clauserit
524 923 608 943 anno
630 914 728 948 1135,
744 908 892 939 discimus
914 917 955 936 ex
972 903 1112 945 Hugonis
1132 900 1359 943 archiepiscopi

356 964 597 1006 Rotomagensis
622 963 752 1006 epistola
774 961 813 993 ad
838 958 1057 991 Innocentium
1083 967 1195 998 papam
1220 955 1356 997 scripta,

358 1018 539 1059 dignissima
561 1023 646 1048 certe
668 1027 737 1057 quae
755 1016 876 1056 legatur
889 1012 973 1055 apud
994 1011 1199 1043 Guillelmum
1212 1009 1359 1040 Malmes-

357 1071 533 1102 buriensem
546 1095 553 1109 ,
572 1069 717 1101 Historia}
734 1068 872 1101 Novellae
895 1066 976 1097 libro
996 1069 1025 1103 l,
1042 1071 1072 1096 et
1085 1063 1169 1106 apud
1187 1062 1360 1094 Baroniuni

356 1125 394 1156 ad
410 1135 527 1155 annum
547 1128 644 1155 1135.

404 1181 467 1210 347
489 1181 530 1209 D.
549 1176 737 1209 Benedictus
754 1179 840 1207 Deus
857 1174 910 1217 qui
928 1184 982 1205 vos
999 1171 1102 1214 elegit.
1117 1190 1162 1194 —
1177 1168 1362 1201 Lotharium

355 1232 473 1262 scilicet
498 1232 641 1263 Saxoniae
675 1229 805 1267 ducem,
831 1229 933 1259 virum
957 1238 1013 1270 per
1038 1225 1143 1257 omnia
1161 1223 1362 1256 commenda-

356 1285 469 1323 bilem,
496 1291 571 1316 teste
593 1284 762 1316 Guillclmo
782 1283 896 1326 Tyrio,
916 1282 972 1313 lib.
993 1285 1031 1312 12
1045 1305 1051 1317 ,
1074 1291 1142 1323 cap.
1164 1282 1224 1317 163
1244 1281 1362 1309 Ottone

356 1338 564 1381 Frisingensi,
586 1338 668 1369 libro
693 1342 723 1376 7,
751 1348 818 1379 cap.
846 1340 903 1374 17;
926 1335 1071 1378 Sigonio,
1090 1334 1145 1376 (1111
1170 1344 1235 1364 000
1259 1332 1361 1363 11110115

356 1393 497 1435 pietatis,
522 1403 615 1434 quam
645 1391 771 1422 111-111115
793 1390 885 1422 laude
907 1390 1071 1421 hominum
1097 1386 1254 1419 memoriae
1280 1397 1362 1417 com-

358 1447 537 1478 mendatum
565 1448 626 1485 ait;
652 1446 766 1477 abbate
790 1448 940 1487 Ursperg.
963 1443 1017 1485 qui
1033 1449 1197 1473 strenuum
1216 1439 1364 1471 1101111111-

357 1508 490 1536 ctorem,
509 1499 675 1542 providum
696 1500 730 1529 111
751 1498 898 1535 consilio,
914 1496 1088 1528 terribilem
1111 1494 1246 1526 inimicis
1259 1493 1319 1526 Dei
1333 1499 1364 1524 et

357 1561 471 1586 sanctie
484 1553 647 1592 Ecclesiae,
668 1560 727 1584 etc.
742 1552 881 1583 celebrat
895 1563 902 1590 ;
920 1554 1013 1582 Petro
1027 1549 1171 1581 Diacono
1182 1574 1189 1587 ,
1208 1548 1262 1592 qui
1276 1546 1364 1578 miris

356 1620 392 1639 ac
406 1608 577 1649 magnificis
591 1606 736 1637 eumdem
751 1605 860 1647 elogiis
874 1604 1077 1647 depraedicat.
1098 1619 1109 1629 ιι
1129 1602 1210 1643 Quis
1224 1601 1322 1640 tanti,
1348 1617 1360 1628 ι»

354 1661 472 1703 111111111,
495 1676 506 1687 «

360 1732 372 1742 ι»
391 1715 428 1746 ad
452 1714 606 1746 sedandas
629 1714 760 1745 fratrum
782 1713 992 1745 dissensiones
1010 1713 1041 1743 in
1063 1711 1201 1755 capitulo
1224 1722 1241 1742 a
1263 1710 1366 1753 prima

362 1770 456 1801 »diei
480 1769 560 1800 hora
583 1780 681 1810 usque
707 1768 748 1800 ad
772 1771 950 1811 Vesperas,
981 1767 1101 1810 absque
1126 1766 1198 1798 cibo
1225 1771 1366 1808 potuque

360 1840 372 1851 n
391 1824 585 1866 perduranS,
613 1823 689 1854 dum
718 1823 789 1866 paci
815 1823 992 1864 unitatique
1020 1821 1211 1853 consuleret.
1242 1822 1366 1862 Nempe

362 1894 374 1905 »2
394 1877 452 1908 sub
487 1877 610 1920 imperii
635 1877 797 1920 chlamyde
824 1876 943 1908 coelesti
964 1876 1121 1908 militabat
1145 1874 1236 1917 Regi.
1262 1877 1364 1913 Nam,

362 1948 374 1959 u
394 1938 427 1962 ut
451 1931 515 1974 ipse
538 1932 623 1962 testis
644 1942 729 1969 sum,
743 1931 776 1962 in
798 1930 1004 1973 expeditione
1018 1929 1226 1967 constitutus,
1242 1939 1364 1959 summo

361 2002 373 2013 n
393 1986 531 2017 diluculo
552 1985 683 2017 Missam
705 1997 762 2028 pro
784 1985 960 2024 defunctis,
978 1984 1094 2016 dehinc
1118 1996 1173 2027 pro
1196 1983 1363 2022 exercitu,

362 2056 374 2066 ›=
394 2040 515 2070 tertiam
539 2045 698 2082 postremo
713 2039 810 2080 (forte
823 2051 881 2082 pro
895 2041 1005 2081 semet)
1021 2039 1083 2070 diei
1106 2039 1241 2071 Missam
1259 2038 1366 2070 audie-

363 2110 375 2120 »
394 2093 457 2124 bat.
474 2110 486 2120 ιι
500 2093 582 2125 Vide
595 2099 704 2124 caetera
719 2093 849 2124 omnino
863 2092 956 2135 digna
970 2092 1046 2135 legi,
1061 2092 1153 2123 bonis
1167 2092 1365 2135 principibus

356 2148 501 2190 exempla
534 2147 642 2179 futura
669 2158 676 2179 :
704 2154 739 2179 ut
763 2158 827 2181 non
852 2146 1010 2178 immerito
1044 2145 1226 2178 Bernardus
1259 2145 1368 2177 laudet

356 2204 460 2232 Deum
470 2226 477 2237 ,
492 2202 544 2242 qui
560 2202 653 2232 talem
676 2201 808 2244 imperio
822 2200 996 2244 principem
1011 2200 1194 2243 providerit.

407 2258 471 2286 348
502 2259 540 2286 A.
568 2255 601 2286 in
626 2261 717 2286 tanta
742 2254 951 2297 prosperitate
979 2254 1154 2297 peregistis.
1180 2271 1223 2276 —-
1245 2256 1368 2296 Nempe

357 2321 428 2341 eum
443 2310 569 2341 hortatu
583 2309 734 2341 Bernardi
747 2321 786 2340 ex
799 2308 972 2341 Germania
985 2308 1017 2339 in
1032 2308 1175 2343 Italiam,
1190 2314 1221 2339 et
1233 2312 1368 2339 Romam

362 2375 478 2406 usque,
500 2364 574 2396 licet
595 2363 714 2406 exiguis
738 2364 870 2406 stipatus
893 2363 1009 2406 copiis,
1023 2362 1204 2400 contendit,
1222 2368 1256 2393 ut
1275 2365 1368 2392 Inno-

359 2417 500 2449 centium
514 2418 545 2449 in
558 2418 663 2449 sedem
676 2418 872 2453 restitueret,
889 2425 921 2449 et
938 2418 978 2449 ab
992 2429 1029 2449 eo
1044 2416 1179 2448 vicissim
1194 2416 1368 2447 solemnem

360 2472 484 2514 imperii
499 2483 648 2503 coronam
662 2472 826 2514 reciperet.
842 2472 936 2513 Quod
951 2479 981 2503 et
998 2472 1114 2503 factum
1128 2471 1160 2502 in
1174 2471 1242 2514 ipsa
1256 2471 1344 2502 Urbe
1359 2495 1366 2509 ,

360 2526 391 2556 in
410 2531 578 2564 Laterano,
602 2537 674 2557 cum
700 2525 825 2557 interim
847 2525 996 2568 antipapa
1013 2525 1185 2558 Anacletus
1208 2524 1368 2556 basilicam

360 2580 563 2617 Vaticanam,
593 2586 623 2611 et
651 2579 860 2611 munitissima
892 2591 1024 2622 quaeque
1053 2579 1150 2611 Urbis
1178 2579 1266 2617 loca,
1297 2590 1369 2611 cum

360 2635 440 2671 suis,
462 2641 528 2665 tum
553 2634 717 2676 operibus,
737 2639 805 2665 tum
825 2634 970 2676 praesidio
990 2634 1112 2665 firmata
1134 2640 1267 2665 teneret.
1287 2633 1371 2666 Vide

363 2689 530 2719 Baronium
542 2712 549 2725 ,
567 2699 651 2719 anno
669 2691 774 2723 1132:
791 2688 968 2729 Sigonium,
986 2688 1042 2719 lib.
1068 2691 1077 2719 1
1092 2690 1120 2724 1,
1137 2687 1247 2718 eodem
1261 2699 1365 2727 31111ος

367 2742 467 2774 Vitam
484 2746 514 2774 S.
533 2743 686 2773 Bernardi
700 2767 707 2780 ,
723 2742 779 2773 lib.
795 2746 812 2773 2
825 2767 832 2779 ,
848 2753 917 2785 cap.
939 2746 968 2773 2.
984 2745 1023 2773 Et
1046 2747 1154 2773 tamen
1173 2742 1346 2774 Ordericus
1359 2767 1367 2781 ,

364 2796 444 2826 libro
470 2799 527 2833 13,
553 2807 623 2837 pag.
648 2800 733 2834 890,
760 2795 813 2826 ubi
836 2795 976 2827 Lotharii
1004 2799 1186 2827 Romanum
1207 2795 1267 2826 iter
1287 2806 1371 2826 anno

370 2853 380 2880 1
397 2852 455 2879 133
481 2855 658 2890 susceptum
681 2849 849 2886 describit,
866 2849 909 2880 ait
932 2849 1100 2880 mandasse
1114 2852 1220 2887 Petro,
1241 2864 1253 2875 «
1273 2855 1306 2880 ut
1319 2849 1372 2880 alii

370 2918 382 2928 »
401 2901 523 2932 cederet
538 2926 545 2939 ,
569 2907 622 2932 aut
639 2901 791 2948 judicium
814 2902 853 2933 de
876 2902 1073 2933 ordinatione
1095 2914 1150 2934 5113
1173 2903 1294 2934 subiret
1316 2913 1324 2934 :
1354 2918 1366 2930 »

366 2955 512 2996 idemque
525 2954 709 2985 Innocentio
723 2955 895 2987 mandasse.
909 2959 947 2987 Et
960 2960 1088 2987 Petrum
1102 2957 1230 2998 quidem
1247 2956 1372 2998 acquie-

366 3011 465 3047 visse,
498 3020 563 3040 1100
590 3019 664 3039 vero
688 3009 919 3041 Innocentium.
941 3011 1033 3041 Unde
1056 3010 1238 3042 Lotharimn
1264 3017 1372 3043 contra

366 3074 438 3094 eum
466 3061 679 3103 indignatum,
707 3064 797 3091 Petro
831 3073 900 3103 (11110
936 3063 1115 3105 possidebat
1143 3064 1313 3102 dimisisse,
1340 3070 1371 3096 ct

366 3117 491 3159 negotio
505 3115 687 3158 imperfecto
700 3114 876 3146 recessisse.

416 3174 481 3203 348
501 3174 537 3201 R.
561 3169 601 3200 ab
624 3174 807 3210 usurpatore
830 3168 945 3200 Siculo.
962 3188 1006 3190 —
1020 3173 1067 3201 De
1080 3173 1158 3203 Jure
1171 3171 1259 3211 regni
1274 3170 1372 3201 Siculi

367 3235 479 3266 magna
495 3223 571 3254 alias
591 3222 647 3253 fuit
670 3221 867 3263 disceptatio.
890 3225 936 3252 De
958 3222 1016 3252 hac
1033 3223 1108 3253 nihil
1132 3223 1225 3254 modo
1245 3224 1285 3254 ad
1302 3235 1371 3256 005.

369 3277 477 3309 Videat
495 3288 531 3307 ea
556 3276 594 3307 dc
617 3286 667 3311 re,
685 3276 739 3316 qui
756 3275 855 3311 volet,
871 3275 1021 3317 scriptum
1048 3277 1192 3313 baronii,
1218 3277 1243 3307 si
1270 3284 1374 3308 tamen

365 3338 462 3363 exstet
483 3330 592 3368 bodie,
613 3330 711 3370 etqui
733 3334 841 3359 conii-a
855 3340 926 3359 eum
947 3329 1110 3371 scripsere.
1128 3334 1201 3361 Nou
1217 3331 1374 3362 immerito

535 1660 730 1702 imperatoris
760 1660 901 1690 animum
922 1669 985 1689 non
1009 1657 1211 1689 admiretur?
1233 1655 1366 1688 Sederat

365 3392 580 3427 usurpatorem
595 3383 733 3415 Siculum
752 3389 838 3413 vocat
861 3383 1052 3420 bernardus,
1070 3383 1123 3424 11111
1151 3384 1267 3425 apulia*
1289 3385 1373 3416 (tata-

366 3440 504 3482 brssawlue
519 3438 649 3470 ducatus
666 3438 737 3479 jure
756 3437 928 3470 clientelari
944 3436 1122 3467 commissos
1138 3437 1306 3468 (luillelmo
1321 3449 1375 3469 suo

866 242 911 275 ΙΝ
944 240 1123 275 TOMUM
1152 236 1349 273 PRIMUM
1379 233 1583 270 OPERUM
1612 233 1647 267 S.
1679 229 1930 264 BERNARDI

2357 231 2432 269 880

1417 309 1609 340 consobrino
1623 306 1795 349 usurpavit,
1814 313 1845 337 et
1859 306 1962 337 tenuit
1976 316 1994 337 a
2008 305 2127 337 Calixti
2146 307 2333 348 pontificatu
2348 320 2428 352 usqu

1419 363 1458 394 ad
1473 373 1589 393 annmn
1606 364 1616 392 1
1630 365 1706 399 136,
1719 371 1782 402 (1110
1792 359 1962 391 Lotbarius
1973 360 2113 391 secundo
2125 360 2247 391 Italiam
2265 361 2432 404 ingressus,

1421 416 1614 458 (secundum
1632 415 1799 457 Ursperg.)
1818 414 1968 456 Apuliam
1989 413 2122 450 invasit,
2142 414 2376 458 Rogeriumque
2390 417 2434 449 vi-

1421 471 1476 509 cit,
1498 470 1557 501 hoc
1570 471 1601 500 in
1615 468 1724 511 primis
1743 479 1887 499 sermone
1901 479 1974 499 suos
1989 467 2028 498 ad
2042 478 2179 510 pugnam
2192 468 2309 500 milites
2324 464 2432 502 accen-

1423 525 1512 562 dens,
1537 523 1622 565 quod
1638 529 1746 554 eontra
1765 522 1960 564 perduellem
1987 522 2156 558 Ecclesiae,
2182 522 2312 564 ejusque
2341 524 2435 557 sacris

1423 583 1561 609 emotum
1573 601 1580 614 ,
1606 588 1693 608 arina
1716 582 1891 607 sumerent.
1909 575 1992 606 Vide
2011 578 2163 607 Ottonem
2184 575 2432 618 Frisingensem,

1424 632 1479 663 lib.
1496 635 1526 668 7,
1540 641 1632 673 capp.
1657 635 1693 662 16
1711 637 1741 662 et
1760 634 1822 668 203
1840 630 1953 661 Fazell.
1967 629 2022 661 lib.
2042 633 2074 668 7,
2094 635 2211 672 poster.
2226 629 2334 662 decad.
2349 631 2434 664 Idem

1424 691 1529 715 tamen
1551 690 1656 726 postea
1674 683 1821 726 resipuit,
1839 682 2004 725 agentibus
2022 683 2186 714 Bernardo
2202 689 2234 714 et
2252 687 2345 716 Petro
2361 685 2436 718 Clu-

1424 738 1562 770 niacensi
1574 763 1581 776 ‚
1604 737 1657 779 qui
1673 737 1784 769 litteris
1799 749 1871 769 01110
1889 737 2155 768 reconciliationis
2172 737 2349 769 admonuit.

1472 795 1537 824 348
1566 794 1599 824 C.
1626 791 1767 823 Ecclesia
1787 791 1907 823 Sancti·
1917 790 2069 833 Jengulfi.
2085 810 2131 813 —
2145 794 2194 822 De
2215 793 2247 823 S.
2265 792 2437 834 Gengulfo,

1423 845 1491 877 aliis
1521 844 1697 889 Gangulfo,
1717 856 1773 876 seu
1798 843 1964 889 Jangulso,
1993 845 2036 876 ita
2061 845 2244 887 sigebertus
2262 844 2302 876 ad
2324 856 2438 878 annum

1427 904 1490 932 759
1521 911 1528 931 :
1560 914 1572 926 «
1600 902 1631 932 S.
1656 899 1832 942 Gengulfus
1856 900 1954 931 claret
1978 899 2011 930 in
2036 900 2240 942 Burgundia‚
2270 900 2325 943 qui
2347 901 2438 934 etiam

1430 970 1442 981 >1
1470 954 1611 997 martyrii
1638 954 1751 985 claruit
1778 954 1888 996 gloria.
1920 970 1933 982 n
1963 958 2000 985 In
2024 955 2091 997 ejus
2112 954 2269 986 honorem
2298 955 2381 986 Tulli
2406 954 2440 988 in

1425 1008 1624 1050 Lotharingia
1650 1014 1831 1040 constructa
1858 1014 1924 1047 est,
1951 1008 2011 1039 sub
2035 1019 2155 1040 annum
2182 1012 2286 1047 1065,
2311 1008 2440 1051 insignis

1426 1063 1553 1095 basilica
1567 1074 1582 1094 a
1598 1066 1630 1094 S.
1647 1063 1790 1094 Gerardo
1803 1062 1943 1105 ejusdem
1957 1062 2091 1094 civitatis
2104 1062 2266 1105 episcopo,
2284 1067 2317 1093 ut
2332 1062 2440 1095 litteris

1427 1117 1505 1148 mihi
1521 1117 1728 1159 significatum
1754 1123 1801 1148 est
1824 1117 1865 1148 ab
1890 1116 2103 1148 illustrissimo
2126 1122 2158 1148 et
2180 1116 2442 1149 reverendissimo

1427 1174 1467 1202 D.
1492 1171 1620 1202 Andrea
1645 1174 1798 1214 Saussayo
1816 1171 1966 1214 episcopo
1992 1182 2030 1202 ac
2048 1170 2163 1202 comite
2189 1169 2352 1209 Tullensi,
2378 1181 2440 1203 non

1428 1224 1533 1255 minus
1553 1224 1681 1256 scientia
1705 1230 1735 1256 et
1757 1225 1898 1267 scriptis,
1916 1236 2008 1267 quam
2030 1225 2183 1267 dignitate
2197 1224 2379 1267 conspicuo.
2392 1225 2441 1257 Sic

1427 1278 1512 1310 enim
1536 1279 1568 1310 in
1595 1279 1693 1310 reteri
1717 1279 1824 1310 codice
1846 1290 1938 1321 quein
1959 1289 2057 1321 penes
2083 1289 2116 1310 se
2135 1278 2231 1310 habet
2258 1288 2266 1309 :
2297 1292 2310 1304 «
2337 1276 2441 1310 Sancti

1433 1348 1446 1360 »
1465 1344 1590 1375 quoque
1618 1333 1765 1375 Gengulfi
1796 1332 1957 1364 abbatiam
1983 1332 2023 1364 ad
2042 1332 2254 1364 meridianum
2280 1330 2442 1364 introitum

1434 1403 1446 1414 »ι
1464 1387 1605 1430 ejusdem
1629 1387 1763 1418 civitatis
1788 1387 1909 1430 primus
1937 1387 2115 1418 construxit
2143 1388 2177 1417 S.
2205 1385 2383 1423 Gerardus,
2413 1392 2444 1417 et

1433 1457 1446 1468 υ
1464 1441 1629 1472 brachium
1645 1441 1764 1483 praffati
1790 1441 1890 1473 sancti
1908 1441 1939 1472 in
1956 1441 2015 1472 hac
2034 1440 2113 1472 urbe
2135 1439 2320 1482 asportavit.
2343 1454 2355 1466 n
2372 1439 2442 1472 Udo

1430 1506 1523 1533 vero,
1558 1495 1716 1526 Tullensis
1754 1495 1863 1526 itidem
1892 1493 2077 1537 episcopus,
2109 1494 2252 1525 eamdem
2281 1493 2441 1526 eeclesiam

1430 1549 1577 1581 restituit.
1596 1548 1660 1580 Ubi
1677 1549 1764 1580 vides
1780 1552 1812 1580 S.
1831 1548 1977 1590 Gengulfi
1990 1548 2153 1579 ecclesiam
2168 1547 2303 1579 abbatiae
2319 1548 2444 1580 nomine

1430 1604 1624 1646 insignitam,
1656 1603 1741 1645 quod
1775 1603 1965 1634 vocabulum
1994 1602 2157 1634 nonnullis
2186 1601 2281 1633 etiam
2307 1601 2444 1633 ecclesiis

1431 1658 1600 1700 collegiatis
1618 1658 1691 1688 olim
1711 1657 1921 1694 tribuebatur,
1940 1662 1973 1687 ut
1990 1657 2083 1688 etiam
2106 1666 2193 1687 nunc
2217 1656 2381 1687 advertere
2398 1660 2444 1687 est

1432 1714 1464 1744 in
1501 1711 1802 1754 Sancto-Exsuperio
1832 1710 2027 1744 Corboliensi
2039 1735 2047 1750 ‚
2081 1710 2137 1741 ubi
2176 1709 2364 1752 przepositus
2389 1720 2444 1741 seu

1432 1768 1532 1810 prima
1545 1766 1680 1809 dignitas
1697 1765 1825 1809 capituli
1847 1765 1956 1797 Abbas
1970 1764 2157 1808 appellatur.
2176 1764 2260 1795 Vide
2283 1763 2443 1806 epistolam

1439 1826 1449 1854 l
1461 1826 1501 1854 78
1509 1848 1516 1854 .

1484 1881 1551 1910 350
1580 1881 1620 1909 A.

1434 1932 1651 1969 Humbertus,
1668 1943 1707 1963 ex
1727 1929 1889 1962 Casae-Dei
1910 1929 2068 1961 monacho
2085 1928 2188 1960 factus
2205 1927 2445 1959 Clarae-vatteu-

1434 1986 1494 2024 sis3
1517 1986 1591 2017 dein
1611 1996 1630 2017 a
1646 1984 1811 2016 Bernardo
1830 1983 1952 2026 primus
1975 1983 2073 2014 abbas
2092 1987 2176 2013 anno
2197 1983 2297 2017 1127,
2314 1980 2445 2022 praefici·

1433 2046 1485 2071 tur
1514 2038 1705 2070 monasterio
1740 2036 1938 2080 Igniacensi,
1977 2034 2121 2067 dioecesis
2156 2033 2335 2066 Remensis.
2364 2032 2446 2064 Viiae

1434 2092 1564 2136 111-113133
1591 2092 1697 2124 studio
1717 2092 1859 2133 regimen
1879 2090 2038 2121 abdicavit
2056 2099 2141 2120 anno
2159 2091 2265 2124 1138,
2284 2098 2348 2129 quo
2363 2097 2447 2119 anno

1433 2146 1549 2189 scripta
1578 2146 1645 2177 haec
1670 2145 1804 2188 epistola
1831 2155 1870 2175 ex
1891 2144 1994 2176 Italia.
2020 2142 2163 2175 Perstitit
2187 2141 2391 2174 nihilominus
2415 2141 2446 2173 in

1433 2210 1490 2230 sua
1525 2198 1725 2231 abdicatione
1756 2199 1975 2236 Humbertus‚
2009 2196 2142 2227 suffecto
2171 2195 2203 2226 in
2242 2197 2310 2237 ejus
2345 2194 2446 2225 locum

1435 2253 1591 2285 Guerrico
1617 2264 1625 2284 :
1655 2258 1799 2283 mortuus
1827 2249 1913 2293 apud
1939 2249 2205 2283 Claram-Vallem
2230 2259 2315 2279 anno
2337 2250 2443 2286 1148,

1434 2314 1468 2339 ut
1485 2307 1517 2339 in
1536 2314 1621 2339 tomo
1637 2306 1777 2338 secundo
1795 2305 1936 2336 dicemus
1947 2329 1954 2343 ,
1972 2303 2142 2336 referendo
2155 2302 2316 2345 egregium
2332 2312 2449 2333 sermo-

1435 2372 1525 2399 nem,
1547 2372 1639 2403 (1110111
1656 2359 1837 2391 Bernardus
1856 2359 1888 2389 in
1906 2359 1973 2400 ejus
1993 2357 2082 2389 obitu
2100 2356 2225 2388 habuit.

1651 1889 1693 1907 AD
1719 1887 1935 1907 HUMBERTUM
1964 1886 2117 1905 ABBATEM
2145 1883 2445 1904 IGNIACENSEM.—

1484 2426 1546 2454 351
1581 2423 1617 2454 C.
1646 2432 1687 2451 An
1713 2430 1886 2450 1100301105
1912 2429 2083 2449 ALPENSES.
2108 2435 2153 2439 -
2175 2416 2316 2458 Alpcnse
2345 2424 2447 2446 000110-

1435 2477 1540 2514 bium,
1559 2475 1700 2506 dioecesis
1717 2473 1914 2505 Genevensis
1932 2472 1961 2503 in
1981 2471 2151 2510 Sabaudia,
2170 2470 2265 2502 hodie
2278 2469 2448 2502 Annicien-

1435 2531 1488 2561 sis.
1525 2529 1702 2561 Fundatum
1723 2528 1763 2559 ab
1788 2527 1966 2559 Humberto
1990 2529 2022 2557 II
2045 2525 2211 2557 Sabaudiae
2233 2525 2363 2563 comite,
2390 2515 2448 2554 su'b

1436 2584 1538 2626 primo
1555 2584 1670 2615 abbate
1696 2581 1857 2618 Guarino,
1875 2580 1927 2623 qui
1951 2580 2066 2612 deinde
2092 2579 2326 2611 Sedunensium
2349 2577 2447 2609 factus

1437 2639 1600 2681 episcopus
1612 2663 1619 2677 ‚
1647 2637 1845 2668 occasionem
1861 2635 1935 2666 huic
1955 2635 2095 2678 epistolae
2115 2632 2268 2676 praebuit,
2293 2642 2356 2674 qua
2375 2633 2449 2662 Ber-

1437 2691 1555 2723 nardus
1573 2689 1745 2721 monachos
1762 2689 1918 2731 Alpenses
1942 2699 1999 2719 suo
2017 2687 2132 2718 abbate
2156 2685 2322 2717 destitutos
2338 2694 2447 2716 conso-

1438 2747 1530 2777 latur.
1549 2748 1674 2787 Gaspar
1684 2743 1872 2785 Jongeliuus
1887 2743 1920 2774 in
1935 2742 2054 2775 Notitia
2067 2741 2188 2774 Abbat.
2208 2739 2339 2771 Cisterc.
2356 2738 2447 2780 hujus

1437 2798 1622 2830 monasterii
1642 2797 1861 2828 fundationem
1878 2795 1973 2827 refert
1989 2795 2029 2826 ad
2044 2805 2164 2826 annum
2186 2796 2284 2824 1136.
2299 2791 2360 2824 Sed
2376 2797 2448 2822 ante

1438 2862 1510 2882 eum
1529 2862 1647 2882 aunum
1670 2849 1833 2881 fundatum
1851 2860 1936 2886 esse,
1953 2859 2011 2879 nec
2035 2846 2206 2878 monachos
2223 2845 2262 2876 ab
2287 2844 2377 2876 initio
2394 2843 2447 2874 ha-

1437 2904 1539 2936 bitum
1554 2910 1584 2935 ct
1602 2903 1742 2935 instituta
1761 2902 2014 2934 Cisterciensium
2030 2901 2126 2932 fuisse
2142 2899 2302 2942 amplexos
2314 2923 2322 2937 ,
2344 2897 2398 2930 sed
2411 2897 2448 2928 iis

1438 2969 1471 2988 se
1500 2957 1627 2988 tandem
1653 2956 1848 2994 submisisse,
1874 2955 1967 2987 facile
1993 2960 2043 2986 est
2067 2953 2214 2995 colligere
2238 2963 2280 2983 ex
2304 2948 2449 2994 praesenti

1438 3012 1591 3056 epistola,
1613 3011 1788 3055 przesertim
1807 3010 1912 3043 verbis
1929 3009 2007 3048 illis,
2029 3023 2042 3035 «
2060 3012 2163 3050 Quam
2182 3007 2253 3038 laeto
2271 3005 2341 3037 sinu
2356 3003 2448 3036 colle-

1444 3082 1456 3094 »
1478 3067 1520 3108 git
1548 3078 1602 3098 vos
1628 3065 1795 3097 multitudo
1817 3063 2052 3097 Cisterciensis!
2081 3077 2094 3090 »
2120 3064 2159 3093 Et
2184 3059 2312 3102 quidem
2336 3058 2446 3091 Clarae-

1438 3120 1522 3151 Valii
1545 3131 1578 3151 se
1602 3119 1804 3162 peculiariter
1820 3127 2017 3159 aggregasse,
2038 3119 2159 3147 constat
2184 3124 2223 3144 ex
2244 3109 2446 3153 sequentibus

1439 3172 1593 3203 Bel-nardi
1618 3171 1737 3205 verbis.
1754 3171 1837 3201 Vide
1861 3171 1955 3201 etiam
1977 3168 2141 3211 epistolam
2165 3169 2249 3202 253,
2273 3163 2312 3196 ad
2333 3162 2448 3194 dictum

1440 3226 1621 3259 Guarinum
1632 3250 1639 3264 ‚
1659 3232 1690 3256 et
1702 3225 1883 3257 Mauricum
1903 3224 1936 3254 in
1950 3222 2129 3255 Annalibus
2147 3220 2187 3252 ad
2200 3229 2320 3251 annum
2340 3220 2350 3248 1
2363 3219 2423 3248 136
2436 3238 2445 3252 ,

1441 3292 1503 3321 11111)
1527 3279 1639 3311 factam
1663 3278 1774 3309 asserit
1800 3276 2064 3318 aggregationem.
2100 3277 2147 3305 De
2180 3273 2241 3304 hoc
2262 3267 2450 3302 monasterio

1442 3333 1508 3373 lege
1526 3333 1653 3375 iusuper
1670 3332 1779 3361 Vitam
1796 3333 1827 3361 S.
1846 3329 2018 3367 Bernardi,
2039 3328 2094 3359 lib.
2116 3332 2142 3364 t,
2157 3338 2189 3358 0.
2207 3328 2262 3357 (37.

1491 3388 1555 3415 :553
1576 3387 1610 3415 Γ».
1625 3384 1797 3415 conversis.
1812 3404 1839 3405 ψ
1871 3381 2024 3415 Conversi
2043 3381 2118 3413 olim
2135 3379 2330 3414 dicebantur,
2344 3374 2446 3416 quiex

1442 3436 1555 3467 adultis
1578 3430 1721 3468 voni-ersi
1746 3437 1785 3468 ad
1816 3437 2015 3479 religionem,
2039 3445 2101 3478 11110
2126 3433 2254 3466 nomine
2282 3429 2447 3470 distingue-
