2517 3920
329 195 423 231 1467

322 272 457 309 videor
487 271 577 309 milii
607 283 683 307 non
711 283 948 320 supervacue
971 283 1018 306 ex
1045 270 1103 306 his
1123 270 1189 319 qui
1210 277 1329 319 empti

1098 194 1132 229 S.
1164 192 1417 228 BERNARDI
1446 191 1649 228 ABBATIS

1320 268 1326 275 ⁸
1340 267 1388 285 (158

2313 194 2412 230 1468

1399 283 1476 305 non
1499 268 1616 318 magis
1641 281 1754 317 quam
1779 268 1825 305 de
1847 269 1922 306 sale
1949 277 2122 306 materno
2140 271 2262 321 pisces
2285 272 2410 309 maris.

323 341 413 370 sunt
440 332 486 368 de
507 340 624 376 terra,
644 343 824 367 revocare
841 329 888 366 ad
911 329 1078 367 medium
1107 329 1331 366 Malachiam
1351 330 1380 363 A
1399 333 1520 378 Quam
1543 341 1636 365 vero
1658 342 1786 376 suave,
1803 329 1907 378 quod
1929 330 2072 367 inculta
2089 329 2201 367 nobis
2217 329 2413 368 barbaries

325 393 548 442 episcopum
562 421 571 437 ,
589 391 714 427 virum
736 404 826 427 vere
847 399 1033 436 sanctum,
1055 398 1092 426 et
1112 398 1333 426 nostrorum

324 453 479 503 quidem
497 461 734 502 temporum,
755 451 957 500 singularis
979 450 1172 500 sapientiae
1195 457 1232 486 et
1252 449 1334 485 vir-

327 514 428 550 tutis.
455 517 530 550 Iste
563 521 643 549 erat
673 513 830 548 lucerna
858 511 996 548 ardens
1025 519 1063 547 et
1088 512 1244 547 lucens:
1267 523 1336 546 nee

326 575 513 612 exstincta
541 581 597 610 est
632 581 779 618 tamen,
805 571 870 608 sed
906 571 1092 608 submota.
1121 571 1213 618 Quis
1245 570 1337 606 mihi

324 633 413 684 jure
433 640 672 677 succenseat,
691 631 720 667 si
747 630 998 667 readmovero
1019 631 1128 667 eam?
1144 633 1226 666 Imo
1242 642 1335 665 vero

327 707 405 731 non
427 701 482 730 est
501 691 605 741 quod
626 690 716 727 mihi
740 689 879 739 ingrati
904 702 984 726 esse
1013 690 1085 726 mei
1107 689 1235 726 saeculi
1261 688 1334 724 lio-

328 756 448 792 mines
481 752 670 796 debeant,
706 759 743 787 et
772 750 896 786 omnis
929 750 1108 800 deinceps
1139 749 1334 800 generatio

326 824 506 860 ventura,
522 813 551 850 si
572 825 686 862 quem
704 811 873 847 conditio
895 811 1002 857 tulit,
1025 824 1202 847 revocem
1224 810 1331 854 stilo;

327 876 357 914 si
378 874 523 912 mundo
541 872 750 916 restituam,
771 884 848 920 quo
868 870 1005 918 dignus
1026 883 1104 906 non
1126 878 1205 906 crat
1227 882 1337 905 mun-

327 937 421 981 dus;
443 935 473 971 si
500 946 647 971 servem
671 930 866 967 memoriae
894 930 1096 966 hominum
1124 929 1336 975 hominem,

327 995 434 1044 cujus
466 992 651 1030 memoria
681 991 719 1027 in
756 989 1024 1026 benedictione
1060 989 1108 1026 sit
1141 988 1335 1035 omnibus,

1401 399 1476 427 tam
1501 389 1689 426 urbanum
1708 390 1869 439 protulit
1887 391 2009 427 civem
2030 399 2264 438 sanctorum,
2283 399 2321 427 et
2339 390 2412 428 do·

1404 450 1602 487 mesticum
1638 449 1730 487 Dei!
1766 450 1840 497 Qui
1875 451 2054 500 producit
2095 451 2167 487 mel
2201 451 2248 488 de
2277 459 2412 501 petra,

1403 512 1608 560 oleumque
1641 510 1687 547 de
1717 524 1809 547 saxo
1846 509 2070 557 durissimo,
2102 511 2183 561 ipse
2210 511 2298 547 fecit
2326 511 2413 547 hoe.

1404 576 1583 609 Parentes
1624 579 1751 607 tamen
1782 570 1836 607 illi
1869 570 1974 607 fuere
2004 583 2144 620 genere
2172 579 2209 607 et
2241 571 2415 621 potentia

1405 632 1549 682 magni,
1577 630 1690 680 juxta
1724 644 1865 668 nomen
1898 644 2127 681 magnorum
2159 631 2226 681 qui
2253 639 2342 667 sunt
2374 631 2415 667 iu

1402 701 1514 729 terra.
1534 697 1584 730 At
1611 699 1733 728 mater
1762 699 1913 738 mente,
1935 705 2051 741 quam
2078 691 2262 741 sanguine
2300 703 2416 740 gene-

1402 753 1538 799 rosior,
1562 751 1755 802 satagebat
1774 752 1813 788 in
1833 752 1917 802 ipso
1935 752 2044 789 initio
2061 752 2211 789 viarum
2231 764 2385 788 suarum
2402 779 2412 793 ‚

1402 821 1509 849 notas
1530 813 1694 862 parvulo
1717 812 1840 848 facere
1862 812 1940 849 vias
1966 812 2053 849 vitae
2076 825 2083 847 :
2109 812 2206 848 hanc
2223 811 2345 862 pluris
2360 811 2416 848 illi

1402 872 1624 908 existimans
1655 881 1815 908 ventosa
1848 872 2005 909 scientia
2035 873 2258 909 litteraturae
2296 884 2417 908 saecu—

1402 932 1502 970 laris.
1523 931 1582 969 Ad
1607 939 1810 981 utramque
1839 941 1966 969 tamen
1988 932 2079 969 huic
2109 946 2189 969 non
2209 931 2330 968 desuit
2356 931 2417 968 in—

1403 993 1557 1042 genium
1586 1006 1658 1042 pro
1679 1001 1800 1030 aetate.
1818 996 1862 1030 In
1882 993 2021 1030 scholis
2050 993 2216 1038 litteras,
2240 992 2344 1029 domi
2369 992 2417 1028 ti—

326 1056 391 1105 qui
406 1055 529 1103 legere
544 1049 823 1101 dignabuntur3
840 1050 870 1086 si
889 1062 949 1086 me
965 1050 1154 1086 excitante
1172 1049 1335 1086 amicum
1355 1051 1384 1085 Β
1405 1067 1551 1090 morem
1575 1053 1733 1090 Domini
1754 1052 1964 1090 docebatur
1977 1083 1986 1099 ‚
2007 1061 2045 1090 et
2072 1053 2304 1109 quotidjimis
2323 1066 2418 1103 pro-

327 1115 579 1152 dormientem
595 1141 604 1157 ,
625 1124 702 1147 vox
724 1110 883 1147 turturis
900 1109 1028 1146 audita
1049 1110 1162 1147 fuerit
1179 1110 1218 1146 in
1238 1118 1339 1146 terra

325 1183 473 1220 nostra,
497 1173 651 1210 dicens:
673 1174 772 1207 Ecce
791 1184 859 1218 ego
889 1170 1080 1206 vobiscum
1101 1185 1180 1207 sam
1213 1175 1338 1206 omm'-

328 1236 392 1272 lms
414 1234 543 1270 (liebus
567 1247 682 1281 usque
708 1234 761 1268 acl
779 1236 1136 1267 consummationem
1164 1233 1298 1267 soeculi
1311 1237 1335 1267 ¹.

326 1296 472 1335 Deinde
493 1295 663 1345 sepultus
679 1293 783 1343 apud
803 1306 873 1329 nos
894 1301 972 1329 est:
992 1291 1103 1329 nobis
1124 1292 1338 1343 specialiter

325 1358 398 1394 hoc
420 1369 516 1406 opus
534 1353 730 1391 incumbit.
747 1352 848 1401 Quid
869 1351 974 1402 quod
997 1366 1056 1389 me
1073 1352 1175 1389 inter
1194 1352 1337 1402 specia-

327 1419 381 1455 les
402 1417 543 1454 amicos
571 1419 731 1454 Sanctus
750 1414 813 1450 ille
834 1412 997 1451 habebat
1013 1442 1022 1460 ,
1040 1421 1077 1450 et
1097 1426 1143 1449 eo
1173 1413 1245 1449 loci
1260 1441 1269 1457 ,
1294 1420 1337 1448 ut

328 1479 421 1515 nulli
452 1478 490 1514 in
511 1477 580 1512 liae
601 1484 708 1525 parte
734 1474 864 1524 gloriae
893 1474 1103 1511 secundum
1134 1474 1247 1510 fuisse
1278 1486 1337 1510 me

328 1538 508 1575 credam?
530 1541 606 1575 Nec
638 1535 812 1572 mercede
835 1543 944 1571 vacat
976 1534 1068 1571 mihi
1092 1543 1206 1571 tautae
1227 1535 1338 1571 sami-

328 1599 469 1636 liaritas
504 1597 712 1634 sanctitatis
742 1610 749 1632 :
785 1595 973 1645 primitias
1004 1594 1082 1644 jam
1120 1595 1261 1645 accepi.
1294 1599 1338 1632 In

329 1660 509 1697 extremis
532 1658 680 1708 positus
708 1664 808 1702 erat,
831 1656 908 1691 imo
929 1656 967 1691 in
995 1656 1213 1705 principiis,
1229 1654 1341 1704 juxta

329 1721 423 1758 illud
444 1736 451 1756 :
475 1722 565 1756 Cum
588 1726 862 1753 consnmmalus
879 1714 1005 1763 faerit
1023 1716 1152 1761 homo,
1177 1726 1261 1751 tunc
1279 1720 1340 1751 itl-

331 1786 419 1830 cipit
431 1788 457 1818 ².
471 1779 629 1818 Accurri
646 1791 730 1827 ego,
742 1787 784 1813 ut
797 1776 1016 1813 benedictio
1031 1777 1209 1812 morituri
1226 1789 1342 1825 super

1406 1112 1566 1150 fectibus
1599 1112 1858 1163 respondebat
1880 1113 2069 1151 ambobus
2096 1113 2209 1161 satis,
2235 1113 2417 1163 magistro

1404 1182 1442 1210 et
1472 1174 1594 1211 matri.
1624 1178 1770 1226 Nempe
1791 1188 1812 1212 a
1841 1175 2032 1226 principio
2059 1175 2233 1226 spiritum
2263 1175 2420 1212 sortitus

1405 1243 1460 1271 est
1479 1234 1641 1282 bonum,
1656 1248 1727 1285 per
1746 1249 1859 1285 quem
1875 1244 1957 1272 erat
1973 1249 2072 1286 puer
2088 1235 2242 1280 docilis,
2265 1243 2303 1272 et
2321 1248 2421 1272 ama-

1404 1294 1491 1332 bilis
1510 1295 1635 1341 valde,
1659 1296 1754 1333 mire
1776 1295 1983 1333 admodum
2001 1295 2182 1334 omnibus
2201 1309 2272 1347 per
2291 1296 2421 1333 omnia

1406 1356 1606 1405 gratiosus.
1628 1355 1789 1393 Bibebat
1809 1365 1935 1394 autem
1964 1371 2036 1408 pro
2053 1357 2151 1394 lacte
2180 1357 2228 1394 de
2260 1365 2420 1407 pectore

1403 1424 1579 1453 materno
1608 1430 1725 1466 aquas
1752 1417 1948 1467 sapientiae
1968 1417 2142 1454 salutaris
2156 1446 2165 1463 ,
2189 1425 2225 1454 et
2247 1416 2362 1454 fiebat
2381 1417 2421 1453 in

1405 1476 1484 1514 dies
1508 1491 1547 1514 se
1565 1477 1648 1527 ipso
1669 1477 1912 1528 prudentior.
1935 1477 2180 1525 Prudentior‚
2210 1477 2355 1524 dicam,
2373 1491 2421 1514 an

1406 1538 1599 1575 sanctior?
1626 1542 1845 1589 Utrumque
1876 1539 1906 1575 si
1928 1538 2076 1585 dixero,
2106 1552 2184 1575 non
2216 1552 2277 1575 me
2296 1538 2422 1589 poeni-

1407 1597 1502 1634 tebit
1539 1612 1546 1633 :
1575 1598 1777 1636 veritatem
1816 1599 1916 1635 enim
1948 1599 2084 1636 dicam.
2117 1598 2265 1648 Agebat
2293 1612 2423 1636 senem

1408 1658 1600 1706 moribus,
1631 1660 1740 1696 annis
1768 1673 1879 1710 puer,
1910 1673 2047 1709 expers
2066 1659 2231 1696 lasciviae
2251 1659 2421 1709 puerilis.

1408 1722 1580 1769 Cumque
1597 1733 1643 1756 ex
1661 1720 1734 1757 hoc
1755 1720 1902 1757 cunctis
1922 1729 2020 1758 esset
2041 1721 2265 1758 reverentiae
2285 1734 2327 1757 ac
2343 1728 2423 1757 stu-

1408 1780 1519 1829 pori,
1551 1794 1629 1817 non
1654 1789 1780 1818 tamen
1805 1781 1914 1827 iude,
1935 1790 1978 1818 ut
2007 1782 2167 1827 assolet,
2196 1781 2424 1819 insolentior

332 1856 393 1879 me
413 1842 572 1878 veniret.
595 1845 645 1877 At
670 1839 731 1874 ille
762 1850 849 1874 cum
874 1836 952 1885 jam
977 1835 1146 1872 membra
1168 1836 1239 1872 alia
1260 1849 1342 1872 mo-
1363 1837 1389 1872 C
1412 1840 1702 1888 inveniebatur3
1726 1842 1791 1879 sed
1812 1842 1930 1891 magis
1959 1842 2110 1892 quietus
2129 1850 2166 1879 et
2187 1841 2362 1879 subditus
2385 1842 2423 1878 in

331 1917 420 1940 vere
439 1915 515 1939 non
534 1908 684 1951 posset,
712 1898 822 1934 fortis
850 1897 896 1934 ad
919 1897 1084 1933 dandam
1103 1896 1342 1933 benedictio-

332 1977 419 2001 nem
435 1993 444 2009 ,
476 1961 631 1999 elevatis
675 1959 812 1996 sanctis
857 1957 1033 1994 manibus
1074 1971 1189 2007 super
1228 1965 1343 2008 caput

332 2037 480 2069 meum,
501 2020 698 2059 benedixit
728 2019 841 2064 mihi,
866 2027 901 2055 et
930 2018 1240 2055 benedictionem
1261 2017 1341 2054 hae-

331 2085 490 2122 feditate
513 2081 688 2133 possideo
706 2096 712 2117 :
736 2089 771 2116 et
792 2080 988 2130 quomodo
1007 2093 1077 2129 ego
1104 2080 1211 2115 illum
1231 2079 1342 2115 silere

331 2146 496 2196 queam?
527 2147 726 2181 Postremo
755 2149 796 2177 tu
824 2140 863 2176 id
886 2140 997 2187 mihi,
1017 2139 1114 2177 abba
1145 2144 1342 2190 Congane,

332 2205 523 2255 injungis,
559 2201 796 2240 reverendus
830 2202 958 2248 frater,
986 2210 1023 2237 et
1054 2201 1174 2238 dulcis
1200 2202 1344 2238 amicus

332 2280 438 2304 meus
451 2296 460 2313 ,
477 2280 518 2303 ac
543 2273 667 2301 tecum
691 2263 836 2313 pariter
851 2262 908 2313 (ut
926 2276 971 2299 ex
989 2262 1176 2299 Hibernia
1194 2262 1341 2313 scribis)

331 2336 456 2364 vestra
492 2327 555 2362 illa
586 2325 710 2361 omnis
747 2323 905 2360 ecelesia
940 2331 1174 2360 sanctorum.
1202 2323 1343 2360 Libens

332 2387 485 2434 obedio,
502 2386 714 2437 praesertim
736 2384 841 2434 quod
863 2397 940 2420 non
963 2384 1158 2433 eloquium
1180 2384 1342 2434 exigitis,

333 2448 399 2485 sed
422 2446 692 2484 narrationem.
715 2444 826 2483 Dabo
847 2457 940 2481 vero
965 2457 1142 2494 operam,
1165 2453 1208 2481 ut
1233 2459 1277 2482 ea
1297 2445 1344 2482 sit

336 2521 432 2558 pura
453 2516 491 2545 et
506 2507 719 2551 luculenta,
741 2505 903 2541 devotos
918 2504 1132 2541 informans
1145 2533 1155 2550 ,
1174 2505 1345 2541 fastidio-

334 2582 395 2605 sos
423 2581 502 2604 non
535 2579 711 2604 onerans.
743 2569 840 2603 Sane
873 2565 1103 2602 narrationis
1124 2565 1264 2602 veritas
1285 2579 1344 2602 se-

1411 1902 1514 1938 omni
1538 1903 1843 1939 mansuetudine.
1863 1906 1949 1941 Non
1970 1903 2174 1953 impatiens
2194 1903 2422 1953 magisterii,

1410 1976 1488 2000 non
1509 1963 1674 2012 fugitans
1692 1963 1915 2014 disciplinae,
1931 1977 2009 2001 non
2024 1963 2199 2001 lectionis
2214 1964 2422 2009 fastidiens,

1411 2037 1489 2060 non
1530 2024 1712 2061 ludorum
1751 2024 1917 2074 denique
1958 2033 2144 2075 appetens
2183 2039 2190 2062 :
2226 2024 2331 2074 quod
2363 2025 2423 2062 vel

1411 2083 1575 2120 maxime
1596 2084 1661 2121 illa
1688 2093 1777 2121 aetas
1799 2084 1910 2121 dulce
1933 2098 1976 2122 ac
2001 2085 2185 2122 familiare
2204 2084 2344 2122 habere
2363 2098 2424 2122 so-

1411 2145 1473 2181 let.
1500 2148 1545 2181 Et
1567 2144 1793 2195 proficiebat
1813 2159 1929 2196 supra
1949 2159 2083 2182 omnes
2103 2154 2318 2182 coaetaneos
2335 2159 2425 2183 suos

1411 2205 1449 2241 in
1468 2218 1510 2241 ea
1532 2204 1687 2255 quidem
1715 2205 1954 2251 litteratura,
1983 2219 2069 2255 quae
2097 2206 2150 2242 illi
2180 2205 2425 2256 competebat

1411 2267 1523 2304 aetati.
1557 2271 1651 2304 Nam
1683 2267 1721 2303 in
1751 2267 1950 2317 disciplina
1986 2280 2139 2304 morum
2171 2267 2424 2317 profectuque

1411 2328 1597 2364 virtutum
1615 2357 1624 2374 ,
1651 2328 1764 2364 etiam
1793 2341 1910 2378 super
1940 2340 2074 2364 omnes
2105 2326 2286 2364 docentes
2317 2340 2356 2364 se
2386 2327 2425 2363 in

1410 2387 1519 2424 brevi
1555 2388 1710 2435 enituit,
1743 2401 1821 2425 non
1867 2396 1942 2424 tam
1972 2396 2093 2424 matre
2126 2395 2251 2424 tamen
2266 2415 2275 2433 ,
2309 2400 2425 2436 quam

1410 2448 1591 2485 unctione
1613 2449 1801 2498 magistra.
1821 2452 1902 2485 Hac
1918 2448 2162 2494 sollicitante,
2179 2446 2279 2484 haud
2299 2446 2426 2496 segni-

1411 2517 1468 2545 ter
1486 2518 1523 2545 et
1546 2509 1585 2545 in
1609 2509 1748 2545 divinis
1768 2508 2033 2555 exercebatur,
2054 2516 2186 2558 petere
2207 2516 2396 2544 secretum
2411 2535 2421 2551 ‚

1411 2570 1622 2619 anticipare
1641 2570 1788 2619 vigilias
1801 2599 1810 2615 ,
1829 2569 2005 2606 meditari
2025 2569 2064 2605 in
2086 2569 2186 2618 lege,
2210 2568 2315 2605 refici
2335 2581 2426 2618 par-

335 2642 426 2665 cum
451 2626 553 2678 apud
579 2640 638 2663 me
657 2634 736 2671 est,
759 2625 932 2662 intimata
952 2639 973 2662 a
989 2624 1120 2671 vobis,
1142 2625 1244 2662 haud
1274 2626 1345 2663 alia
1362 2632 1394 2666 D
1413 2630 1513 2675 cius,
1540 2643 1651 2666 orare
1684 2629 1932 2679 frequentius.
1954 2632 2002 2666 Et
2023 2628 2113 2678 quia
2137 2628 2333 2665 ecclesiam
2356 2627 2427 2664 sre-

334 2689 468 2738 procul
492 2686 609 2724 dubio
635 2685 950 2736 protestantibus,
972 2699 1087 2736 quam
1109 2700 1194 2737 quae
1211 2688 1345 2724 certis-

336 2749 428 2785 sime
449 2756 645 2798 comperta
665 2755 754 2784 sunt
773 2745 896 2783 vobis.

718 2871 896 2910 CAPUT
926 2872 958 2910 I.

503 2988 637 3019 Pueritia
663 2994 693 3019 et
720 2987 931 3020 adolescentia
947 2990 978 3020 S.
998 2988 1177 3020 Malachiae.

395 3114 429 3150 1.
457 3110 660 3149 Malachias
686 3118 828 3155 noster,
857 3118 963 3147 ortus
993 3109 1180 3147 Hibernia
1201 3110 1247 3147 de
1270 3125 1344 3161 po—

339 3173 432 3224 pulo
458 3170 638 3217 barbaro,
658 3169 710 3206 ibi
731 3169 931 3215 educatus,
952 3169 1006 3206 ibi
1023 3171 1167 3207 litteras
1187 3171 1346 3210 edoctus

341 3243 408 3271 est.
439 3236 625 3271 Caeterum
653 3231 699 3268 (le
733 3230 847 3267 natali
879 3229 1053 3267 barbarie
1080 3232 1195 3269 traxit
1224 3233 1344 3279 nihil,

394 3371 402 3386 ¹
420 3362 533 3394 Manli.
554 3373 682 3399 xxviii,
702 3364 754 3392 20.
770 3380 809 3382 -Ϋ
831 3366 842 3382 ²
858 3358 951 3390 Eceli.
968 3370 1052 3388 xvut
1068 3382 1074 3395 ,
1093 3364 1122 3390 fl.

1413 2699 1598 2741 quentare
1620 2704 1689 2727 nec
1718 2689 1878 2727 vacabat
1896 2698 2058 2740 propter
2077 2689 2268 2735 studium,
2291 2696 2329 2726 et
2353 2701 2426 2739 pro

1411 2751 1643 2788 verecundia
1675 2765 1754 2788 non
1787 2750 1948 2798 libebat3
1987 2752 2114 2788 levare
2147 2763 2264 2801 puras
2291 2763 2426 2787 manus

1412 2812 1450 2848 in
1476 2812 1581 2848 omni
1604 2813 1689 2849 loco
1711 2812 1758 2849 ad
1786 2812 1924 2849 coelum
1942 2841 1952 2859 ,
1978 2811 2046 2849 ubi
2069 2820 2194 2848 tamen
2222 2818 2366 2848 secrete
2386 2810 2426 2847 id

1413 2880 1556 2922 posset.
1580 2877 1663 2909 Jam
1686 2881 1776 2909 tunc
1789 2872 1976 2922 siquidem
1995 2880 2125 2908 cautus
2146 2870 2218 2908 fuit
2234 2869 2426 2907 declinare

1412 2932 1517 2969 x-irus
1532 2932 1737 2978 virtutum,
1757 2932 1908 2968 inanem
1929 2931 2103 2982 gloriam.

1467 2993 1501 3030 2.
1524 2996 1589 3029 Est
1605 2993 1712 3030 vicus
1729 3006 1851 3043 prope
1872 2993 2084 3038 civitatem,
2099 2992 2139 3029 in
2159 3005 2235 3042 qua
2256 2989 2426 3029 discebat

1413 3068 1524 3104 puer,
1545 3067 1622 3104 quo
1645 3054 1824 3103 magister
1844 3052 1927 3102 ejus
1946 3053 2167 3102 frequenter
2187 3065 2346 3102 pergere
2366 3065 2425 3089 so-

1413 3115 1502 3151 litus
1517 3123 1615 3161 erat,
1633 3115 1716 3165 ipso
1731 3115 1813 3151 solo
1828 3114 1977 3151 comite.
1996 3113 2068 3150 Illo
2089 3111 2270 3149 euntibus
2289 3111 2425 3148 ambo-

1411 3174 1483 3212 bus
1498 3175 1653 3225 pariter,
1672 3175 1765 3225 ipse,
1784 3183 1826 3211 ut
1840 3183 1972 3224 postca
1989 3172 2191 3218 referebat,
2208 3171 2425 3209 retrahebat

1413 3235 1571 3286 pedem,
1596 3235 1752 3272 sistebat
1773 3234 1951 3284 gradum,
1983 3242 2021 3271 ct
2049 3241 2152 3270 stans
2169 3246 2190 3269 a
2211 3241 2316 3282 tergo
2341 3245 2424 3268 ma-
