2533 3920
397 216 479 252 {359

1170 220 1205 255 S.
1234 219 1488 254 BERNARDI
1517 220 1718 255 ABBATIS

1418 291 1470 310 52⁵

2396 218 2467 258 660
2494 251 2497 255 .

1527 295 1561 331 2.
1583 299 1662 345 Age
1674 324 1684 342 ,
1701 295 1878 344 inquam,
1897 293 2157 340 dilectissime,
2174 306 2245 343 pro
2263 293 2348 330 loco
2361 308 2466 344 quem
2494 318 2497 329 .

406 392 1303 405 ..............................................................
1309 395 1404 404 .....-
1425 354 1455 386 Α
1476 364 1602 402 tenes,
1624 368 1695 405 1)Γο
1716 369 1759 391 0²¹
1783 368 1897 404 ‘luam
1918 354 2077 404 adeptus
2097 367 2136 390 ‘³⁵
2156 353 2338 403 dignitate
2355 369 2362 392 ²
2382 356 2468 394 Viri·
2495 367 2497 397 ἶ

513 525 886 580 EPISTOLA
938 524 1288 583 CCCLXIIJ'

395 695 439 715 ΑΙ)
469 694 673 718 ROBERTUM
700 695 847 719 PULLUM
869 683 885 698 *
906 697 1143 720 CARDINALEM
1172 698 1218 721 ET
1248 698 1403 721 CANCEL-

823 757 977 780 LARIUM.

394 888 547 916 Hortatur
564 892 595 916 ut
618 886 776 927 Eugenio,
795 897 903 917 recens
927 887 1026 918 electo
1051 887 1216 925 Pontifici,
1243 893 1404 918 strenuum

444 950 502 981 pro
516 940 619 971 officio
637 951 692 971 suo
714 952 747 972 se
761 941 937 982 adjutorem
963 942 1101 984 praebeat
1127 942 1159 973 in
1183 943 1315 983 negotiis
1344 945 1401 974 Ec-

444 994 557 1023 clesise.

396 1120 563 1156 Domino
579 1129 616 1157 et
633 1122 754 1158 amico
773 1123 994 1160 charissimo
1009 1127 1210 1171 Romznro,
1228 1126 1299 1162 Dei
1318 1139 1400 1175 gra-

447 1180 496 1217 tia
516 1190 655 1218 sanctae
675 1186 858 1220 Romanae
880 1185 1057 1221 Ecclesiae
1077 1185 1304 1234 presbytero
1321 1201 1400 1224 car-

443 1240 558 1278 dinali
574 1251 611 1278 et
628 1244 854 1281 cancellario
866 1274 874 1288 ‚
892 1246 1007 1282 frater
1024 1249 1248 1283 Bmmnnns
1265 1248 1400 1285 Clarae-

444 1302 558 1338 Vallis
589 1312 744 1341 vocatus
791 1304 925 1352 abbas,
966 1307 1125 1343 salutem
1169 1316 1206 1344 et
1243 1307 1400 1346 devotas

446 1363 651 1400 orationes.

448 1482 479 1517 1.
498 1482 644 1531 Scripta
660 1484 883 1521 Dilectionis
900 1494 1034 1522 vestrae
1051 1499 1096 1523 eo
1117 1487 1255 1524 affectu
1274 1500 1403 1525 susce-

392 1541 538 1590 pimus,
568 1556 645 1591 quo
678 1556 828 1594 semper
859 1546 961 1595 apud
988 1560 1058 1583 nos
1090 1556 1145 1584 est
1171 1548 1211 1584 in
1241 1547 1402 1585 benedi—

391 1600 518 1637 ctione
557 1603 743 1645 mcmoria
776 1613 913 1642 vestra.
952 1610 1029 1643 Nec
1068 1620 1157 1643 sanc
1191 1621 1301 1657 egere
1333 1622 1402 1646 vos

393 1660 583 1698 credimus
608 1662 785 1701 humanae
801 1666 931 1714 gratiae
950 1666 1099 1713 verbis,
1121 1676 1186 1704 aut
1202 1682 1401 1705 commen-

393 1719 532 1757 datitiis
553 1723 723 1771 epistolis
744 1725 790 1761 ad
811 1739 880 1762 nos
899 1741 907 1762 z
929 1727 1110 1776 quoniam
1131 1727 1286 1776 quidem
1307 1730 1404 1765 utri-

393 1793 468 1829 que
488 1790 659 1819 nostrum
690 1784 959 1832 indubitabile,
980 1787 1051 1823 nisi
1074 1788 1206 1833 fallor,
1231 1789 1404 1825 testimo-

394 1840 500 1875 nium
526 1842 702 1890 perhibet
729 1844 890 1894 Spiritus
907 1846 1075 1883 veritatis
1088 1876 1097 1893 ‚
1116 1861 1228 1896 quam
1258 1848 1403 1885 sincere
1421 1847 1448 1883 C

393 1908 431 1935 et
449 1899 648 1949 diligamus
668 1916 736 1939 vos
749 1931 758 1948 ,
781 1913 818 1940 et
840 1904 1042 1954 diligamur
1061 1920 1082 1943 a
1098 1906 1228 1953 vobis;
1246 1908 1328 1954 ille,
1347 1909 1402 1944 in-

394 1972 531 2007 quam,
553 1961 737 2009 Spiritus,
765 1976 835 2012 per
855 1977 968 2012 quem
995 1973 1033 2001 et
1059 1965 1286 2003 diffunditur
1310 1968 1401 2004 cha-

394 2018 485 2055 ritas
501 2019 571 2056 ista
590 2020 628 2056 in
654 2021 834 2058 cordibus
858 2023 1008 2060 nostris.
1033 2026 1257 2062 Benedictus
1276 2031 1399 2073 Deus,

395 2078 461 2126 qui
481 2079 689 2115 secundum
723 2094 828 2117 suam
860 2082 1158 2120 misericordiam
1189 2086 1400 2134 Eugenium

394 2145 587 2183 nostrum,
608 2139 684 2175 imo
707 2153 838 2186 suum,
860 2142 1044 2190 praevenit
1062 2143 1099 2179 in
1121 2143 1402 2182 benedictioni—

393 2197 465 2234 bus
483 2198 710 2245 dulcedinis,
726 2214 861 2250 pararc
879 2202 1021 2239 scilicet
1035 2204 1229 2241 lucernam
1251 2206 1400 2242 Christo

395 2271 484 2303 suo3
498 2266 535 2293 ct
551 2260 781 2307 praemittcre
795 2261 919 2297 virum
937 2262 1084 2299 fidelem
1101 2264 1147 2300 ad
1165 2264 1399 2313 adjutorium

393 2317 497 2366 ejus,
520 2327 558 2354 et
578 2328 743 2356 nostram
767 2335 921 2371 quoque
948 2324 1151 2373 plurimam
1170 2327 1402 2363 consolatio—

396 2389 495 2413 nem.
519 2381 612 2414 Nam
635 2393 719 2415 cum
743 2382 900 2418 molesta
919 2392 1017 2420 esset
1046 2385 1169 2421 amico
1193 2386 1303 2422 amici
1332 2400 1399 2423 vo-

395 2437 493 2471 catio
522 2445 559 2472 et
591 2436 822 2485 absentatio,
853 2440 962 2489 cujus
994 2443 1174 2480 nimirum
1198 2446 1401 2494 praesentia

396 2495 467 2530 l'rui
489 2495 698 2533 delectatur
714 2498 752 2534 in
770 2500 958 2548 Domin03
976 2501 1055 2551 jam
1084 2511 1194 2551 tunc,
1218 2513 1259 2540 ut
1280 2505 1402 2541 mani—

396 2554 490 2590 l'cste
516 2555 650 2602 video,
678 2557 868 2606 cogitabat
888 2560 968 2610 ipse
996 2562 1243 2611 cogitationes
1274 2565 1399 2614 pacis,

392 2622 430 2650 et
451 2627 528 2650 non
559 2616 793 2663 afflictionis,
815 2627 852 2655 ct
878 2619 1028 2657 dicebat
1059 2636 1066 2657 :

391 2679 460 2717 cio,
482 2684 517 2709 tu
536 2681 653 2710 nescis
672 2680 795 2723 modo,
814 2683 907 2713 scies
924 2690 1048 2716 autem
1065 2689 1233 2729 postea&
1255 2687 1399 2731 Quam-

391 2732 523 2769 obrem
558 2735 740 2771 sollicitus
781 2737 852 2782 sis,
892 2738 1130 2787 charissime,
1160 2755 1231 2791 pro
1261 2756 1307 2779 eo
1337 2746 1396 2782 cui

391 2800 426 2827 tc
444 2794 722 2830 consolatorem
739 2804 775 2831 et
790 2798 1046 2835 consiliarium
1064 2801 1255 2839 ordinavit
1274 2808 1395 2851 Deus,

390 2859 428 2886 ct
454 2851 613 2889 observa
634 2862 741 2890 caute
770 2856 978 2893 secundum
1011 2859 1133 2896 datam
1157 2860 1222 2897 tibi
1246 2864 1396 2912 sapien-

391 2911 501 2958 tiam,
520 2926 566 2949 nc
593 2914 689 2953 forte
713 2916 811 2954 inter
833 2926 906 2954 tam
930 2921 1196 2970 multiplicium
1222 2925 1398 2974 negotio-

390 2985 472 3008 rum
509 2975 692 3012 tumultus
725 2977 977 3027 malignorum
1017 2981 1148 3018 fraude
1187 2983 1398 3021 circumw-

389 3032 461 3068 uiri
495 3034 631 3082 possit,
661 3044 702 3071 ut
740 3036 975 3087 subripiatur
1005 3041 1038 3076 ci
1079 3041 1260 3089 verbum,
1293 3045 1397 3093 quod

390 3091 587 3141 indignum
608 3093 654 3130 sit
671 3096 830 3144 Eugenii
846 3099 1074 3147 apostolatu.

443 3236 451 3251 ¹
469 3234 562 3263 Joau.
582 3245 645 3264 xm
659 3257 667 3271 ,
690 3238 720 3266 7.
743 3254 785 3257 —
804 3242 816 3257 ²
833 3240 845 3267 J
860 3240 930 3268 Cor.
953 3250 1008 3274 xv,
1035 3242 1086 3270 10.

1100 2624 1213 2667 Quod
1237 2638 1303 2671 ego
1325 2624 1397 2672 fa—
1416 2633 1448 2666 D

1470 416 1556 453 liter
1580 425 1617 453 et
1647 415 1858 466 prudenter
1884 427 2019 451 exerce
2047 414 2111 463 qui
2135 413 2174 449 in
2206 421 2242 449 te
2269 422 2325 450 est
2353 414 2467 453 zelum
2496 449 2497 454 ,

1470 476 1539 513 Dei
1556 505 1565 523 ,
1582 476 1628 512 ad
1649 476 1807 525 gloriam
1837 473 1938 524 ejus,
1958 482 1996 510 et
2015 474 2175 511 salutem
2198 480 2319 518 tuam,
2343 481 2380 510 et
2400 477 2467 512 Ec-

1471 536 1592 572 clesiae
1623 544 1760 572 sanctae
1797 534 2002 585 plurimam
2031 533 2255 578 utilitatem,
2284 541 2326 569 ut
2350 532 2468 572 dicere

1469 596 1591 647 possis
1610 604 1647 632 et
1673 604 1731 642 tu,
1754 596 1843 645 quia
1861 599 1990 643 gratia
2012 597 2083 630 Dei
2110 597 2146 628 in
2173 605 2232 628 me
2258 605 2379 628 vacua
2398 607 2468 631 non

1461 654 1540 703 suit
1555 662 1580 692 ².
1599 659 1791 692 Hactenus
1814 655 1957 704 quippe
1976 653 2183 690 eruditioni
2204 652 2409 690 multorum
2424 654 2469 692 fi—

1469 715 1604 752 deliter
1630 724 1668 751 et
1688 715 1831 751 utiliter
1851 713 2018 751 instabas
2031 743 2040 760 ,
2075 714 2173 750 coelo
2199 720 2236 749 et
2255 720 2354 749 terra
2373 713 2469 751 testi·
2496 739 2497 744 ,

1469 774 1541 812 bus
1559 790 1566 811 :
1589 775 1654 812 sed
1675 774 1754 823 jam
1777 783 1928 825 tempus
1950 773 2112 811 faciendi
2133 771 2320 818 Domino,
2339 784 2384 809 ne
2403 785 2469 823 pa—

1471 834 1574 870 tiaris
1588 862 1598 879 ,
1619 834 1723 883 quod
1744 834 1781 870 in
1805 842 1840 870 te
1860 842 1936 880 cst,
1956 832 2131 883 dissipari
2149 831 2196 869 ab
2213 831 2340 882 impiis
2355 832 2468 882 legem
2496 859 2499 875 f

1469 892 1566 942 ejus,
1588 896 1686 930 Cura
1708 893 1891 943 proinde,
1915 893 2156 930 dilectissime
2175 900 2213 928 et
2233 890 2467 930 desideratis-
2496 926 2498 931 .

1470 952 1562 988 sime
1580 961 1706 1002 pater,
1724 953 1836 989 etiam
1854 952 1892 989 in
1914 952 1985 989 hac
2011 951 2294 1001 dispensatione
2313 950 2469 990 inveniri

1470 1012 1590 1049 fidelis
1611 1013 1766 1049 Domini
1786 1026 1919 1049 servus
1945 1021 1982 1049 et
2007 1012 2178 1062 prudens
2199 1026 2206 1048 :
2235 1019 2419 1060 quatenus
2435 1021 2470 1049 et
2496 1035 2499 1040 ·

1422 1070 1449 1104 B
1468 1085 1540 1122 pro
1570 1080 1605 1108 te
1634 1072 1744 1108 faciat
1765 1071 1985 1108 columbina
2008 1072 2246 1122 simplicitas,
2265 1079 2302 1107 et
2319 1084 2389 1120 pro
2408 1084 2468 1120 ea,

1467 1146 1552 1182 quae
1586 1141 1660 1169 tuae
1691 1146 1805 1182 quam
1843 1132 2017 1169 maximae
2043 1132 2132 1168 fidei
2164 1140 2202 1168 et
2233 1131 2469 1168 sollicitudini
2496 1150 2499 1171 ς

1467 1193 1611 1230 credita
1629 1202 1704 1239 est,
1732 1193 1889 1230 Domini
1910 1193 1964 1229 tui
1984 1205 2123 1243 sponsa
2136 1222 2146 1239 ,
2164 1191 2345 1228 adversus
2361 1204 2470 1229 vene-

1466 1262 1573 1290 natas
1589 1253 1743 1303 maligni
1757 1253 1956 1303 etz-antiqui
1970 1252 2158 1303 serpentis
2171 1252 2327 1289 astutias
2344 1251 2470 1289 militet

1468 1314 1674 1365 prudentia
1688 1314 1930 1363 serpentina,
1951 1322 1989 1350 et
2008 1313 2047 1349 in
2068 1321 2230 1362 utraque
2247 1312 2471 1361 glorificetur

1467 1377 1583 1410 Deus.
1614 1373 1733 1409 Multa
1753 1373 1909 1422 quidem
1938 1371 2062 1409 habeo
2092 1371 2204 1409 vobis
2234 1371 2387 1408 dicere:
2409 1370 2470 1425 sed

1468 1446 1547 1469 non
1569 1441 1626 1469 est
1655 1446 1752 1483 opus
1781 1434 1896 1482 longa
1921 1432 2103 1483 epistola,
2130 1431 2197 1468 ubi
2225 1443 2392 1481 praesens
2418 1439 2471 1468 est

1468 1506 1544 1529 vox
1563 1493 1660 1530 viva.
1683 1492 1943 1541 Quamobrem
1963 1492 2100 1529 vestris
2119 1492 2263 1542 pariter
2282 1499 2320 1527 et
2338 1491 2471 1528 nostris
2496 1510 2498 1513 v

1468 1552 1786 1603 occupationibus
1807 1566 1988 1603 parcens,
2003 1552 2115 1603 posui
2129 1551 2247 1589 verba
2262 1552 2345 1587 nie'a
2357 1551 2394 1587 in
2408 1564 2470 1588 ore
2496 1601 2498 1603 Ι

1467 1614 1713 1663 praesentium
1736 1614 1895 1650 fratrum
1926 1628 1934 1650 :
1958 1622 2138 1662 tanquam
2167 1625 2250 1658 me,
2276 1611 2380 1662 ipsos
2403 1624 2468 1648 au·
2496 1666 2498 1669 ι

1469 1673 1558 1710 dite.
1576 1674 1717 1710 Valete.

1700 1821 1725 1829 «s
1732 1820 2013 1830 =«--==u====s==1====
2019 1820 2158 1829 =x====v==1
2164 1819 2471 1829 ῃῑαιιι-ιιηιιπκηιυιιιιι

1578 1938 1958 1996 EPISTOLA
2020 1929 2403 1997 CCCLXIII.¹'

1492 2106 1537 2128 AD
1566 2106 1789 2130 ORIENTALIS
1819 2107 1981 2130 FRANCIAE
2009 2108 2160 2131 CLERUM
2188 2109 2235 2131 ET
2263 2108 2447 2133 POPULUM.

1467 2229 1518 2260 Ad
1540 2240 1627 2260 arma
1649 2235 1758 2260 contra
1782 2229 1924 2261 infideles
1951 2241 2010 2272 pro
2033 2229 2214 2261 defensione
2229 2230 2397 2262 Orientalis
2414 2233 2468 2263 Ec'-
2496 2238 2498 2245 ’

1515 2283 1615 2314 clesiae
1632 2283 1829 2325 suscipienda
1842 2283 1996 2315 hortatur.
2014 2288 2168 2316 Praeterea
2187 2291 2296 2316 contra
2314 2285 2468 2318 turbulen-

1516 2344 1582 2369 tum
1595 2337 1762 2379 quemdam
1783 2338 2022 2380 przedicatorem
2040 2338 2153 2378 docet,
2174 2339 2302 2371 Judaeos
2323 2350 2386 2370 non
2407 2349 2469 2371 esse
2495 2357 2498 2363 ·

1513 2391 1762 2434 persequendos,
1781 2392 1897 2423 nedum
1921 2392 2119 2424 occidendos.

1469 2512 1643 2549 Dominis
1659 2520 1696 2548 et
1710 2511 1883 2562 patribus
1898 2512 2145 2560 charissimis,
2160 2513 2468 2565 archiepiscopis,
2496 2523 2497 2530 ¹

1521 2572 1728 2622 episcopis,
1745 2581 1782 2609 et
1797 2573 1977 2609 universo
1992 2574 2094 2610 clero
2107 2602 2117 2619 ,
2131 2581 2169 2610 et
2182 2574 2329 2624 populo
2349 2574 2469 2611 orien-
2495 2610 2502 2626 Ι,

1522 2632 1603 2668 talis
1625 2632 1792 2670 Frauciae
1812 2641 1849 2669 ct
1866 2631 2068 2681 Baj0ariae,
2086 2637 2306 2671 Bmmnnus
2332 2634 2467 2671 Clarae-

1518 2692 1702 2728 Vallensis
1720 2701 1877 2729 vocatus
1902 2692 2019 2731 abbas
2031 2722 2041 2740 ,
2058 2693 2099 2730 in
2119 2693 2257 2743 spiritu
2278 2692 2465 2730 fortitudi-

1519 2752 1576 2788 nis
1596 2751 1793 2789 abundare.
1812 2752 1840 2789 *.

1523 2866 1554 2901 1.
1574 2868 1706 2902 Sermo
1726 2865 1819 2903 mihi
1839 2865 1886 2902 ad
1906 2879 1976 2903 vos
2006 2865 2053 2903 de
2083 2867 2237 2917 negotio
2258 2866 2414 2914 Christi,
2430 2866 2466 2904 in

1467 2938 1544 2974 quo
1561 2934 1617 2961 cst
1640 2926 1772 2975 utique
1791 2926 1891 2963 salus
1907 2934 2050 2963 nostra.
2066 2930 2158 2964 Haec
2179 2927 2284 2974 dico,
2301 2936 2343 2964 ut
2359 2939 2466 2964 excu-
2494 2941 2496 2949 ·

1465 2993 1522 3021 set
1551 2985 1814 3035 indignitatem
1842 2999 2016 3036 personae
2043 2987 2236 3036 loquentis
2266 2987 2466 3024 auctoritas

1463 3045 1638 3092 Domini;
1665 3054 1820 3082 excuset
1843 3054 1881 3082 ct
1900 3045 2156 3083 consideratio
2177 3047 2343 3098 propriae
2361 3046 2462 3084 utili-

1465 3105 1562 3142 tatis.
1582 3106 1755 3143 Modicus
1775 3105 1930 3155 quidcm
1954 3119 2058 3152 sum,
2081 3106 2147 3144 scd
2169 3120 2248 3144 non
2278 3107 2463 3144 modicum

438 3293 449 3305 '¹
463 3291 550 3322 Alias
569 3293 698 3335 epistola
723 3298 786 3326 33ss
809 3306 816 3326 :
835 3308 903 3337 qua¹
929 3308 1000 3327 vero
1024 3306 1112 3330 antra
1136 3303 1200 3331 (ΗΥ),
1221 3310 1282 3333 crat
1299 3327 1306 3339 ,
1328 3315 1410 3335 nunc
1429 3308 1507 3336 380.
1526 3304 1646 3347 Scripta
1662 3315 1745 3335 aimo
1765 3304 1880 3335 Christi
1903 3307 2001 3336 1145.

439 3336 454 3357 '³
473 3344 555 3376 Alias
574 3347 704 3387 epistola
725 3352 788 3379 532'1,

813 3360 819 3379 .-
843 3360 910 3390 qua*
930 3362 1001 3381 wro
1020 3358 1109 3383 autea
1132 3357 1196 3385 5103
1220 3362 1283 3386 crat
1299 3382 1305 3390 ,
1333 3369 1414 3387 uuor
1436 3361 1513 3389 371.
1536 3358 1656 3401 Scripta
1677 3369 1760 3389 anuo
1776 3357 1890 3390 Christi
1917 3361 2017 3390 tt'ifi.
