2517 3920
352 202 443 238 1311
1107 203 1141 237 S.
1175 200 1425 235 BERNARDI
1455 198 1658 233 ABBATIS
2322 197 2412 232 1311

345 287 531 327 quatenus
562 278 600 313 in
629 290 707 327 quo
737 277 817 327 ipse
837 276 988 313 videtur
1014 278 1251 327 praecellerc,
1284 275 1406 313 eii-⁵⁷⁵
1417 283 1454 311 et
1474 274 1553 310 sitit
1570 273 1784 318 auditores,
1802 270 1941 321 quibus
1958 284 2043 308 suas
2058 270 2206 320 jactitet
2223 273 2417 319 vanitates,

347 338 483 374 riosius
515 345 641 381 notet3
681 337 718 373 in
753 349 830 386 quo
854 337 948 373 alter
970 337 1173 386 pra2cellit,
1200 349 1351 385 semper
1365 338 1398 370 A
1418 334 1556 384 quibus
1584 346 1699 369 omne
1722 331 1827 382 quod
1856 331 1987 376 sentit,
2023 331 2196 367 effundat
2220 346 2227 367 :
2252 331 2391 381 quibus
2407 361 2417 380 ‚

345 397 581 433 dissimulet:
610 405 651 433 ut
679 396 769 432 dum
798 396 939 432 devitat
967 396 1070 445 quod
1105 397 1208 432 triste
1235 405 1348 445 puta-

347 465 421 503 tur,
443 457 570 493 laetitia
585 457 840 493 continuetur.
863 456 999 505 Sicque
1017 456 1056 491 fit
1082 463 1123 491 ut
1147 468 1258 504 quem
1277 454 1347 490 sibi

345 517 511 553 vicissim
535 516 781 553 vindicabant
802 516 980 566 gaudium
1010 524 1046 552 et
1071 516 1239 561 tristitia,
1268 516 1347 552 sola

346 577 540 627 possidere
563 577 720 627 incipiat
736 577 863 626 inepta
884 576 1022 612 laetitia.
1047 579 1090 612 In
1115 576 1183 612 hac
1200 584 1346 622 autem,

346 637 384 674 in
409 651 484 686 qua
514 637 666 674 tertium
693 636 759 673 tibi
785 636 943 686 gradum
973 637 1187 682 constituo,
1220 636 1348 686 accipe

346 696 485 746 quibus
503 710 585 734 eam
601 696 716 746 signis
735 696 795 732 vel
814 696 853 732 in
873 704 907 732 te
927 695 1210 746 deprehendas,
1230 696 1289 731 vel
1310 696 1347 732 in

346 759 479 795 altero.
511 758 623 795 Illun'i
645 757 710 807 qui
731 756 922 806 ejusmodi
943 765 1021 803 est,
1044 765 1109 793 aut
1130 770 1323 806 nunquam
1337 786 1346 803 ‚

345 827 410 855 aut
442 832 528 855 raro
557 825 770 867 gementem
803 816 952 862 audies,
984 825 1049 853 aut
1075 817 1346 865 lacrymantem

344 877 503 914 videbis.
534 880 672 922 Putes,
704 876 734 912 si
766 870 938 913 attendas
953 905 962 923 ,
985 884 1050 912 aut
1081 876 1137 912 sui
1159 875 1346 922 oblitum,

344 946 409 974 aut
428 937 599 974 ablutum
622 950 642 973 a
662 936 795 986 culpis.
825 939 868 974 In
896 936 1012 985 signis
1043 936 1250 973 scurrilitas
1266 964 1275 982 ,
1307 936 1344 972 in

345 998 468 1033 fronte
503 995 700 1042 hilaritas,
731 995 878 1032 vanitas
914 1004 1074 1046 apparet
1109 995 1147 1032 in
1186 995 1346 1032 incessu.

1415 395 1536 444 qualis
1551 423 1560 439 ,
1583 403 1621 430 et
1645 401 1812 443 quantus
1832 392 1899 437 sit,
1921 392 2144 428 innotescat.
2166 394 2325 428 Inventa
2351 404 2418 428 au-

1416 464 1490 491 tem
1525 454 1725 491 occasione
1756 451 1960 502 loquendi,
1989 452 2020 487 si
2049 451 2096 487 de
2130 451 2263 487 litteris
2294 464 2418 488 sermo

1415 516 1605 560 exoritur,
1629 523 1757 551 vetera
1789 513 2041 564 proferuntur
2068 519 2106 548 et
2137 524 2257 557 nova;
2287 512 2420 548 volant
2446 512 2450 515 ’

1415 576 1612 613 sententiae
1628 604 1637 621 ,
1659 573 1773 611 verba
1793 580 1972 610 resonant
1991 572 2214 622 ampullosa.
2232 572 2419 609 Praevenit

1414 636 1734 685 interrogantem,
1763 647 1840 670 non
1871 633 2058 683 quaerenti
2085 631 2302 682 respondet.
2333 636 2418 683 Ipse

1415 695 1571 745 quaerit,
1593 694 1673 744 ipse
1709 693 1844 739 solvit,
1870 701 1908 729 ct
1936 691 2054 728 verba
2076 691 2322 728 collocutoris
2346 691 2419 728 im-

1415 756 1582 806 perfecta
1601 754 1834 804 praescindit.
1858 757 1952 791 Cum
1981 761 2106 790 autem
2133 751 2286 802 pulsato
2311 751 2418 801 signo

1415 828 1566 852 necesse
1586 823 1642 852 est
1658 814 1888 864 interrumpi
1914 812 2169 862 colloquium,
2190 812 2322 848 horam
2338 811 2419 848 lon-

1414 889 1498 925 gam
1512 905 1521 922 ,
1545 875 1662 912 breve
1682 874 1857 924 queritur
1875 874 2136 919 intervallum;
2154 872 2292 922 quaerit
2306 871 2419 908 licen-

1415 937 1524 981 tiam,
1543 944 1585 972 ut
1602 935 1647 972 ad
1667 934 1811 971 fabulas
1828 942 2041 971 revertatur
2057 942 2144 984 post
2161 933 2293 971 horam
2310 962 2320 979 ‚
2343 946 2419 970 non

1414 1004 1457 1032 ut
1479 996 1698 1046 quempiam
1719 995 1902 1040 aedificet,
1926 994 1991 1031 sed
2012 1002 2054 1031 ut
2077 994 2271 1031 scientiam
2290 992 2417 1042 jactet.

344 1060 493 1093 Pronus
513 1056 560 1092 ad
585 1055 738 1105 jocum,
768 1055 887 1092 facilis
909 1069 951 1092 ac
972 1063 1175 1106 promptus
1195 1055 1233 1091 in
1256 1055 1346 1092 risu.
1367 1062 1395 1096 B
1414 1055 1618 1093 AEdilicare
1641 1063 1793 1104 potest,
1823 1053 1889 1090 sed
1918 1067 1995 1091 non
2030 1053 2219 1091 aedificare
2244 1053 2417 1091 intendit.

343 1116 497 1154 Cunctis
529 1116 671 1167 quippe
704 1129 788 1166 quae
822 1116 861 1152 in
896 1129 935 1153 se
967 1115 1288 1165 contemptibilia,
1314 1123 1351 1152 et

342 1177 428 1213 ideo
442 1177 562 1213 tristia
583 1185 760 1224 noverat,
781 1190 802 1214 a
819 1177 1002 1214 memoria
1016 1177 1130 1222 rasis;
1147 1175 1349 1226 bonisque,

343 1237 371 1273 si
392 1250 465 1286 qua
487 1237 603 1274 sentit
624 1237 662 1273 in
685 1250 747 1284 se,
779 1237 955 1274 adunatis
976 1238 1035 1274 vel
1058 1237 1242 1274 simulatis
1263 1244 1351 1273 ante

343 1297 476 1334 oculos
496 1297 649 1344 mentis,
672 1297 761 1334 dum
782 1297 834 1334 nil
856 1297 997 1347 cogitat
1020 1297 1092 1334 nisi
1111 1296 1215 1347 quod
1237 1296 1350 1344 libet,

344 1371 414 1394 nec
435 1358 597 1394 attendit
621 1358 652 1395 si
683 1358 790 1404 licet;
820 1357 899 1407 jam
936 1358 1052 1395 risum
1089 1366 1242 1403 tenere,
1271 1356 1350 1407 jam

343 1416 512 1466 ineptam
548 1416 715 1453 laetitiam
754 1416 993 1454 dissimulare
1032 1430 1111 1453 non
1145 1417 1258 1453 valet.
1300 1420 1352 1455 Ut

344 1477 444 1512 enim
469 1476 595 1513 vesica
615 1477 774 1513 collecto
796 1476 944 1526 turgida
968 1485 1082 1513 vento
1096 1506 1105 1523 ,
1130 1485 1352 1527 punctoque

345 1536 537 1587 perforata
568 1537 729 1587 exiguo,
762 1537 790 1574 si
820 1538 1038 1587 stringitur,
1071 1538 1232 1588 crepitat
1261 1537 1351 1575 dum

345 1597 601 1643 detumescit3
636 1610 679 1634 ac
710 1606 848 1634 ventus
877 1598 1076 1647 egrediens
1103 1611 1182 1634 non
1212 1598 1351 1648 passim

345 1658 507 1705 effusus,
532 1658 597 1695 sed
620 1659 777 1696 strictim
806 1659 965 1696 emissus
988 1659 1143 1696 crebros
1166 1659 1353 1710 quosdam

347 1719 495 1755 sonitus
516 1719 644 1755 reddit
664 1734 672 1755 :
695 1719 747 1755 sic
769 1720 999 1765 monachus,
1029 1719 1094 1756 ubi
1115 1721 1222 1758 vanis
1243 1734 1353 1758 scur—

347 1778 556 1828 rilibusque
579 1792 646 1815 cor
668 1792 777 1816 suum
799 1779 1094 1829 cogitationibus
1113 1780 1354 1829 impleverit,

1416 1119 1500 1153 Non
1523 1124 1631 1152 curat
1655 1124 1689 1152 te
1713 1115 1852 1152 docere
1866 1143 1876 1161 ,
1899 1115 1959 1151 vel
1980 1128 1999 1151 a
2020 1123 2056 1151 te
2073 1114 2202 1152 doceri
2219 1115 2299 1166 ipse
2319 1115 2420 1165 quod

1417 1176 1556 1223 nescit;
1582 1176 1648 1213 sed
1674 1184 1716 1213 ut
1739 1176 1834 1213 scire
1863 1175 2003 1212 sciatur
2022 1175 2127 1226 quod
2150 1176 2231 1213 scit.
2253 1175 2367 1225 Quod
2391 1176 2421 1214 si

1419 1237 1465 1274 (le
1493 1237 1675 1287 religione
1702 1237 1849 1287 agitur,
1873 1236 1999 1274 statim
2025 1236 2193 1273 visiones
2213 1245 2252 1273 et
2276 1236 2421 1273 somnia

1417 1298 1681 1348 proferuntur.
1702 1298 1878 1348 Denique
1895 1297 2024 1334 laudat
2040 1296 2208 1347 jejunia,
2231 1311 2422 1335 commen-

1418 1358 1482 1395 dat
1514 1359 1684 1408 vigilias,
1717 1372 1833 1409 super
1866 1359 1996 1395 omnia
2026 1358 2218 1395 orationes
2256 1359 2421 1405 exaltat,

1419 1419 1466 1455 de
1483 1419 1663 1470 patientia
1678 1448 1687 1466 ,
1709 1419 1755 1457 de
1782 1419 2014 1466 humilitate,
2043 1429 2081 1456 et
2103 1419 2150 1456 de
2175 1419 2330 1469 singulis
2350 1419 2423 1456 vir—

1419 1478 1564 1516 tutibus
1581 1479 1824 1530 plenissime,
1850 1479 1916 1517 sed
1938 1480 2138 1517 vanissime
2163 1479 2331 1530 disputat
2351 1494 2359 1517 :
2384 1488 2425 1517 ut

1421 1548 1461 1576 tu
1484 1540 1648 1586 scilicet,
1673 1540 1703 1577 si
1731 1540 1917 1587 audieris,
1944 1540 2068 1588 dicas,
2097 1540 2203 1590 quod
2226 1555 2277 1576 esc
2305 1540 2424 1577 abuu-

1420 1602 1553 1637 (lancia
1569 1604 1691 1637 cordis
1708 1616 1747 1637 os
1764 1604 1947 1650 loquitur,
1965 1610 2002 1638 et
2020 1601 2108 1650 quia
2125 1601 2241 1638 bonus
2255 1602 2362 1637 homo
2381 1603 2426 1637 cle

1423 1661 1515 1697 bono
1539 1663 1711 1698 thesauro
1736 1676 1802 1698 suo
1818 1661 1967 1710 profert
1986 1661 2081 1698 bona
2095 1668 2121 1698 ².
2148 1661 2185 1698 Si
2208 1661 2255 1698 ad
2281 1661 2427 1698 ludicra

1422 1736 1549 1759 sermo
1587 1723 1851 1769 convertitur,
1890 1722 1928 1758 in
1957 1722 2014 1759 his
2043 1729 2186 1771 quanto
2222 1722 2426 1768 assuetior,

1424 1775 1529 1819 tanto
1560 1783 1759 1832 loquacior
1786 1782 1993 1820 invenitur.
2032 1782 2165 1826 Dicas,
2208 1781 2238 1818 si
2270 1781 2423 1827 audias,

347 1846 507 1888 propter
525 1838 763 1888 disciplinam
787 1840 926 1876 silentii
948 1853 1024 1876 non
1045 1840 1246 1877 inveniens
1265 1854 1356 1877 ven-
1376 1845 1402 1880 C
1423 1843 1546 1879 rivum
1583 1843 1780 1889 vanitatis,
1820 1842 1977 1879 fluvium
2008 1855 2089 1879 esse
2123 1841 2360 1879 scurrilitatis
2385 1856 2427 1879 os

348 1908 407 1936 tus
431 1901 606 1937 vanitatis
626 1913 700 1949 qua
724 1900 875 1949 plenius
903 1900 1143 1950 egrediatur,
1166 1901 1265 1937 inter
1285 1915 1354 1938 an·

347 1960 486 2008 gustias
509 1960 670 2000 faucium
692 1973 761 2009 per
782 1960 987 1997 cachinnos
1017 1961 1218 1998 excutitur.
1248 1965 1354 2012 Saepe

348 2020 497 2056 vultum
526 2019 775 2069 pudibundus
799 2019 1023 2065 abscondit,
1056 2021 1198 2056 claudit
1226 2021 1324 2057 labia
1343 2050 1352 2066 ,

349 2079 482 2116 dentes
514 2080 688 2129 stringit3
723 2079 821 2116 ridet
855 2093 934 2116 non
961 2080 1121 2125 volens,
1155 2080 1356 2117 cachinnat

348 2138 502 2175 invitus.
538 2141 710 2189 Cumque
743 2153 785 2176 os
818 2139 956 2189 pugnis
991 2138 1227 2176 obstruxerit
1258 2140 1353 2187 suis,

348 2213 416 2250 per
436 2213 546 2237 nares
563 2201 686 2238 adhuc
707 2209 919 2238 sternutare
941 2200 1107 2238 auditur.

683 2327 861 2366 CAPUT
890 2328 1009 2367 XIII.

450 2447 498 2475 De
513 2451 623 2486 quarto
637 2445 733 2487 gradu
748 2445 902 2487 superbiae
915 2469 922 2484 ,
942 2445 995 2487 qui
1012 2451 1057 2476 est
1069 2446 1219 2487 jactantia
1231 2451 1257 2476 ἃ.

402 2560 462 2597 41.
486 2564 534 2597 At
558 2569 763 2610 postquam
785 2561 932 2597 vanitas
958 2574 1149 2607 crescere,
1174 2569 1211 2597 et
1233 2561 1357 2598 vesica

1421 1902 1521 1951 ejus,
1544 1904 1594 1939 ita
1615 1911 1656 1939 ut
1676 1916 1829 1939 severos
1849 1916 2004 1953 quoque
2020 1910 2057 1939 et
2072 1915 2206 1952 graves
2223 1902 2369 1940 animos
2387 1903 2426 1940 in

1421 1963 1611 2000 levitatem
1643 1963 1808 2000 concitet
1837 1963 1945 2000 risus.
1971 1966 2018 2000 Et
2050 1971 2093 2000 ut
2116 1971 2236 1999 totum
2261 1963 2298 1999 in
2319 1962 2425 2000 brevi

1422 2023 1593 2072 colligam
1612 2052 1621 2069 ,
1651 2023 1689 2059 in
1722 2023 1966 2073 multiloquio
1993 2030 2084 2060 nota
2111 2021 2345 2071 jactantiam.
2383 2026 2426 2059 In

1421 2083 1494 2119 1100
1518 2083 1634 2121 habes
1660 2092 1837 2133 quartum
1865 2083 2025 2134 gradum
2053 2091 2090 2120 et
2110 2082 2341 2134 descriptum
2356 2112 2366 2129 ,
2390 2092 2427 2120 et

1422 2143 1678 2180 nominatum.
1706 2147 1808 2193 Fuge
1840 2157 1944 2190 rem,
1975 2153 2014 2181 et
2046 2153 2132 2180 tene
2162 2157 2314 2180 nomen.
2348 2147 2426 2181 Hac

1422 2203 1553 2240 eadem
1577 2204 1725 2240 cautela
1741 2203 1819 2253 jam
1851 2203 1988 2241 accede
2011 2203 2059 2241 ad
2091 2204 2289 2254 quintum,
2313 2216 2424 2254 quem

1423 2263 1581 2299 nomino
1607 2263 1918 2313 singularitatem.

1763 2390 1942 2430 CAPUT
1972 2391 2089 2431 XIV.

1470 2509 1519 2537 De
1536 2507 1645 2549 quinto
1659 2507 1755 2549 gradu
1770 2507 1936 2550 superbiae,
1955 2508 2007 2550 qui
2021 2507 2134 2540 dicitur
2147 2507 2342 2551 singularitas
2352 2501 2377 2540 ¹'.

349 2633 583 2669 grossescere
614 2622 772 2671 coeperit
789 2650 798 2668 ,
833 2635 985 2659 necesse
1020 2630 1076 2658 est
1107 2630 1148 2658 ut
1180 2622 1357 2672 ampliori
1375 2632 1408 2666 D
1478 2622 1541 2658 42.
1563 2625 1690 2671 Turpe
1708 2631 1764 2658 est
1778 2621 1832 2668 ei,
1850 2622 1915 2672 qui
1932 2635 1972 2659 se
1988 2635 2104 2672 supra
2119 2630 2277 2659 caeteros
2291 2620 2425 2671 jactat,

351 2680 557 2726 foramine,
585 2682 711 2719 laxato
735 2682 845 2728 sinu,
871 2682 1080 2719 ventositas
1108 2690 1354 2728 eructuetur,

351 2740 521 2790 alioquin
539 2751 751 2792 rumpetur.
771 2743 830 2780 Sic
845 2743 1054 2779 monachus
1074 2742 1204 2792 inepta
1220 2742 1359 2779 redun-

353 2799 466 2836 dante
486 2801 635 2849 laetitia,
659 2803 751 2840 dum
773 2803 851 2840 risu
865 2833 874 2850 ,
899 2803 958 2840 vel
977 2803 1093 2853 signis
1110 2816 1192 2839 eam
1211 2803 1359 2852 aperire

353 2872 430 2895 non
462 2861 618 2907 sufficit,
653 2863 693 2899 in
716 2864 828 2901 Heliu
859 2863 976 2900 verba
1006 2863 1228 2913 prorumpit
1257 2877 1265 2899 :
1299 2865 1360 2899 En

352 2928 485 2954 venter
503 2934 604 2957 meus
617 2950 627 2966 ,
657 2928 765 2971 quasi
791 2934 949 2960 mustum
980 2923 1121 2972 absque
1142 2925 1328 2972 „spiraculo
1344 2952 1354 2969 ,

353 2981 455 3034 qtgozl
466 2995 577 3016 novas
598 2985 816 3031 lagunculas
841 2986 1057 3033 dirumpit&
1083 2988 1159 3022 Aut
1178 2985 1359 3034 loquetur

355 3052 445 3089 ergo
459 3069 468 3086 ,
490 3049 554 3076 aut
578 3051 788 3091 rumpetur.
813 3045 949 3081 Plenus
972 3053 1029 3082 est
1045 3045 1147 3082 enim
1168 3045 1360 3082 sermoni-

354 3098 446 3147 bus,
471 3108 508 3137 et
539 3110 704 3138 coarctat
724 3115 810 3139 eum
832 3104 988 3153 spiritus
1014 3106 1111 3143 uteri
1140 3106 1210 3143 sui.
1234 3105 1360 3143 Esurit

407 3245 415 3259 ¹
435 3238 499 3271 Job
518 3250 635 3278 xxxu,
659 3243 711 3273 19.
727 3259 769 3263 —
794 3246 806 3262 ²
826 3245 899 3273 Luc.
921 3254 974 3280 vt,
996 3246 1049 3274 45.
1066 3263 1109 3266 —
1127 3243 1141 3267 3
1161 3245 1208 3276 Id.
1229 3257 1336 3283 xvur,
1363 3249 1414 3277 11.

1425 2683 1454 2720 si
1476 2696 1554 2720 non
1574 2683 1661 2733 plus
1678 2683 1824 2720 caeteris
1839 2683 1983 2733 aliquid
2000 2691 2104 2733 agat,
2120 2696 2191 2734 per
2207 2682 2310 2734 quod
2331 2683 2427 2720 ultra

1425 2736 1583 2781 caeteroS
1611 2753 1804 2794 appareat.
1827 2744 1994 2782 Proinde
2014 2757 2093 2781 non
2115 2743 2253 2781 sufficit
2269 2743 2302 2781 ei
2324 2741 2428 2794 quod

1426 2805 1642 2842 communis
1663 2805 1885 2842 monasterii
1906 2805 2058 2855 regula,
2078 2805 2140 2842 vel
2161 2803 2349 2854 majorum
2365 2815 2428 2840 co-

1426 2866 1631 2902 hortantur
1674 2866 1860 2916 exempla.
1898 2870 1975 2903 Nec
2018 2874 2143 2903 tamen
2180 2865 2315 2903 melior
2349 2875 2427 2901 esse

1424 2927 1571 2972 studet,
1596 2926 1662 2964 sed
1686 2926 1820 2964 videri.
1841 2930 1927 2964 Non
1952 2926 2088 2963 melius
2107 2926 2256 2972 vivere,
2285 2923 2350 2962 sed
2372 2922 2428 2960 vi-

1425 2987 1506 3024 deri
1527 2987 1655 3024 vivere
1675 2987 1805 3037 gestit,
1826 2996 2014 3037 quatenus
2028 2987 2154 3024 dicere
2170 2985 2291 3037 possit
2313 3000 2322 3022 :
2342 2986 2427 3021 Non

1424 3062 1504 3084 sum
1526 3052 1617 3084 sicut
1637 3053 1766 3084 coeteri
1785 3049 1977 3084 hominum
1990 3045 2016 3085 3.
2038 3047 2128 3084 Plus
2148 3045 2219 3084 sibi
2237 3043 2429 3093 blanditur

1427 3106 1474 3144 de
1487 3120 1565 3144 uno
1577 3106 1740 3157 jejunio,
1757 3108 1860 3158 quod
1876 3107 2021 3145 caeteris
2037 3104 2314 3157 prandentibus
2328 3103 2421 3149 facit,

400 3302 413 3316 ‘²
433 3299 514 3331 Huic
530 3300 700 3342 opponitur
716 3311 819 3331 nonus
836 3302 947 3343 gradus
963 3302 1144 3334 humilitatis
1157 3328 1164 3341 ,
1184 3305 1394 3337 Taciluruitas
1414 3318 1510 3348 usque
1527 3307 1566 3338 ad
1584 3306 1871 3349 interrogationem.

402 3346 416 3367 ¹¹
439 3352 517 3383 Huic
533 3353 703 3395 opponitur
722 3359 849 3385 octavus
869 3354 980 3395 gradus
997 3354 1192 3395 humilitatis,
1210 3360 1332 3389 Tenere
1346 3359 1428 3399 quod
1446 3359 1540 3391 habet
1554 3360 1727 3392 communis
1744 3360 1848 3401 regula
1866 3358 2056 3391 monasterii.
