2517 3920
365 207 437 243 867

367 283 534 316 duodecim
561 293 631 313 cum
664 292 728 312 uno
762 280 876 317 levita,
910 278 1086 310 Richardus
1115 277 1231 308 scilicet
1259 276 1370 312 Prior;

367 340 446 370 alter
470 336 648 370 Ricliardns
674 335 817 370 sacrista,
847 333 962 374 aliique
988 332 1019 363 in
1053 331 1204 374 praedicta
1233 331 1373 362 Historia

369 392 538 428 recensiti,
575 391 614 421 de
643 389 739 420 rebus
770 386 952 418 monasterii
984 391 1099 427 praeter
1125 384 1269 415 habitum
1293 383 1374 413 nihil

369 451 582 489 asportantes.
607 447 679 485 Qua
703 441 884 472 desertione
903 438 1047 469 turbatus
1074 436 1170 468 abbas
1197 435 1374 467 Ganfridus

373 500 457 543 apud
476 509 580 541 regem
593 522 600 535 ,
624 496 808 537 vicinosque
826 494 988 536 episcopos
1003 497 1034 522 et
1048 491 1177 522 abbates
1192 513 1199 527 ‚
1217 489 1375 531 przecipue

373 565 445 585 vero
472 552 555 595 apud
585 557 726 582 sanctum
750 546 945 579 Bernardum
965 569 971 581 ‚
1005 544 1043 574 de
1068 543 1227 574 communi
1254 542 1376 572 violatae

371 606 530 648 religionis
559 604 677 646 injuria
709 602 823 633 litteris
856 599 1035 641 expostulat
1069 609 1075 629 :
1103 597 1272 628 'furstinus
1301 606 1375 626 vero

371 660 515 704 pontifex
552 657 776 701 apologeticam
820 653 859 685 ad
892 652 1087 683 W‘illelnium
1139 649 1375 690 metropolitam

372 714 630 747 Cantuaricnscm
668 710 831 752 epistolam
863 706 971 737 scribit
1002 706 1013 747 (
1040 709 1144 735 exstat
1174 703 1227 734 hic
1257 713 1374 745 supra,

373 778 440 809 pag.
463 766 556 806 793),
575 765 636 794 imo
651 763 716 805 ipse
730 760 908 792 Bernardus
921 758 959 789 ad
975 757 1159 800 praedictum
1173 756 1373 793 Turstinum,

374 826 439 850 tum
464 819 503 849 ad
522 817 672 849 tredecim
700 815 768 845 illos
797 812 967 843 monachos
990 808 1307 850 congratulatoriam,
1336 807 1375 837 ad

373 871 562 904 Gaufridnm
602 874 708 899 autem
740 866 887 897 abbatem
926 862 1157 894 excusatoriam
1188 859 1376 891 transmittit

371 928 509 967 (Ep1s1t.
534 926 633 954 94-96
661 927 690 952 et
719 920 823 961 313).
849 922 973 949 Interea
1001 914 1141 958 praedicti
1167 913 1316 945 monachi
1341 913 1375 944 in

371 965 542 1021 episcopali
577 973 722 1007 Turstini
750 973 843 1003 domo
876 971 1013 1002 conclusi
1035 994 1042 1007 ,
1072 979 1143 999 cum
1182 967 1305 998 abbatis
1326 967 1375 997 sui

368 1032 508 1063 censuris
532 1028 672 1060 revocari
689 1038 749 1057 non
765 1025 941 1068 potuissent
956 1049 962 1061 ,
982 1024 1084 1054 locum
1101 1022 1141 1053 ad
1164 1021 1373 1053 habitandum

367 1083 406 1114 ab
424 1084 490 1125 ipso
510 1082 656 1124 episcopo
671 1079 828 1120 accipiunt
843 1078 881 1108 ad
902 1078 1080 1119 Ripponam
1093 1099 1100 1113 ,
1117 1085 1133 1106 a
1148 1074 1269 1105 cunctis
1289 1080 1375 1105 retro

367 1137 487 1168 saeculis
513 1135 688 1171 incultum,
723 1132 821 1175 spinis
848 1131 1003 1162 consitum
1022 1155 1029 1169 ,
1059 1135 1089 1160 ct
1118 1129 1201 1159 inter
1236 1139 1374 1159 contexa

367 1190 523 1221 montium
546 1195 575 1219 et
596 1187 741 1229 scopulos
766 1185 839 1216 hinc
863 1185 936 1216 inde
960 1183 1193 1226 prominentes,
1210 1182 1375 1214 Richardo

365 1243 465 1274 Priori
487 1242 554 1285 ipso
578 1241 628 1271 die
649 1240 767 1272 Natalis
789 1237 914 1269 Domini
943 1248 960 1268 a
985 1236 1139 1267 Turstino
1165 1235 1197 1266 in
1225 1235 1374 1266 abbatem

365 1296 532 1334 ordinato,
555 1294 608 1337 qui
634 1294 737 1325 hieme
765 1293 823 1324 sub
844 1292 929 1322 ulmo
953 1290 1133 1321 incredibili
1154 1290 1224 1320 vitae
1243 1290 1375 1321 austeri-

366 1356 427 1381 tate
456 1354 636 1385 transacta‚
672 1358 704 1378 se
740 1356 895 1387 suumque
927 1344 1054 1382 locum,
1083 1343 1122 1374 ab
1156 1343 1231 1385 ipsis
1259 1346 1374 1374 Fontes

366 1403 580 1445 appellatum,
609 1406 718 1432 sancto
748 1398 910 1430 Bernardo
939 1396 1100 1430 tradidere
1129 1407 1136 1427 :
1165 1395 1281 1438 quibus
1306 1397 1374 1439 ipse

366 1460 466 1488 virum
483 1456 663 1497 religiosum
678 1454 810 1491 direx-it,
835 1451 1023 1483 Caufridum
1047 1451 1167 1481 scilicet
1188 1450 1226 1480 de
1250 1454 1374 1492 Amayo

366 1513 376 1553 ιζ
392 1511 430 1542 de
446 1521 482 1541 eo
497 1509 566 1539 xiste
583 1509 699 1539 librum
721 1513 866 1549 quartum
884 1506 966 1536 Vince
981 1508 1011 1537 S.
1027 1504 1180 1537 Bernardi
1197 1529 1203 1543 ,
1222 1515 1291 1546 cap.
1310 1508 1328 1535 2
1345 1505 1370 1547 ),

364 1575 382 1595 a
411 1574 472 1605 quo
500 1562 707 1594 cisterciense
737 1560 917 1591 institutum
944 1558 1123 1589 incredibili
1145 1557 1314 1589 devotione
1344 1564 1374 1589 et

362 1617 520 1648 alacritate
539 1620 758 1657 susceperunt.

411 1673 471 1702 271
505 1673 544 1701 A.
576 1680 616 1698 An
646 1679 843 1698 mensalium
871 1678 1114 1699 FONTAXENSEM
1144 1678 1309 1697 annana-u.
1330 1684 1374 1687 ——

362 1722 539 1755 Richardus
567 1722 656 1752 Prior
678 1721 777 1752 fuerat
802 1721 835 1752 in
857 1721 1049 1752 monasterio
1068 1720 1264 1751 Eboraccusi
1292 1721 1372 1750 San-

362 1777 561 1814 etae-Mariae,
580 1775 652 1807 inde
669 1787 814 1817 egressus
829 1787 900 1807 cum
920 1775 1107 1811 duodecim,
1126 1780 1158 1805 ut
1175 1774 1293 1805 dictum
1309 1780 1369 1811 est,

362 1830 542 1868 monachis,
564 1832 673 1860 Romae
705 1835 860 1867 mortuus,
893 1840 932 1860 ex
962 1835 1048 1859 tomo
1077 1827 1179 1870 primo
1200 1827 1370 1859 Monastici

362 1884 546 1927 Anglicani,
575 1895 643 1925 pag.
673 1886 751 1914 744.
778 1883 861 1914 Huic
889 1883 1040 1914 suffectus
1066 1881 1245 1913 l‘tieliardus
1276 1882 1367 1917 alter,

362 1938 520 1970 sacrificus
547 1937 706 1979 quondam
740 1937 772 1967 in
800 1937 950 1979 praedicto
978 1936 1123 1968 coenobio
1151 1935 1368 1973 Eborarensi,

362 1998 506 2023 mortuus
534 1990 617 2033 apud
648 1990 928 2027 Claram-Vallem,
959 1996 994 2021 ut
1022 1990 1136 2031 legitur
1166 1989 1199 2020 in
1227 1988 1370 2030 ejusdem

364 2046 437 2077 tomi
464 2057 532 2088 pag.
556 2048 639 2082 745,
668 2044 705 2074 de
731 2055 794 2086 quo
819 2044 852 2074 in
876 2045 1010 2087 epistola
1031 2047 1109 2075 320.
1136 2042 1368 2075 Monasterium

362 2102 561 2131 Fontanense
589 2097 730 2128 dioecesis
750 2097 957 2129 Eboracensis
984 2097 1023 2129 ad
1043 2097 1254 2129 Cisterciense
1282 2097 1371 2127 insti-

360 2158 462 2183 tutum
479 2150 695 2192 commigravit
709 2161 792 2181 anno
811 2154 819 2181 t
836 2153 908 2181 132.
925 2151 1007 2182 Mira
1025 2157 1097 2181 sunt
1113 2161 1182 2192 quae
1199 2150 1237 2181 de
1256 2150 1370 2181 horum

361 2205 589 2236 monachorum
610 2204 734 2235 fervore
754 2204 903 2246 leguntur
923 2204 955 2235 in
976 2210 1060 2235 tomo
1080 2205 1183 2247 primo
1202 2205 1370 2236 §lonastici

364 2258 545 2301 Anglicani,
564 2269 634 2300 pag.
654 2262 718 2290 733
737 2269 804 2300 sqq.
825 2258 943 2290 Confer
965 2259 1130 2302 epistolam
1148 2270 1234 2290 nunc
1255 2263 1320 2291 313
1340 2265 1371 2290 et

362 2313 528 2355 epistolam
546 2316 628 2349 320,
646 2311 700 2342 ubi
726 2312 765 2342 de
785 2318 885 2343 morte
904 2312 1060 2344 Richardi
1084 2312 1224 2350 abbatis,
1243 2313 1371 2344 nomine

363 2372 394 2397 et
411 2366 523 2397 ordine
544 2365 685 2396 secundi.

412 2423 473 2451 271
509 2423 549 2451 D.
580 2420 674 2450 frater
709 2418 883 2451 Gaufridus
922 2419 991 2450 viva
1021 2430 1096 2451 voce
1124 2419 1300 2463 supplebit.
1327 2439 1370 2443 —

362 2473 423 2505 Hic
439 2479 485 2504 est
499 2472 690 2509 Gaufridus,
710 2472 812 2504 dictus
839 2472 877 2503 de
897 2476 1038 2515 Amayo,
1063 2489 1075 2500 ι
1105 2473 1154 2504 vir
1182 2479 1310 2504 sanctus
1341 2480 1372 2505 et

621 2525 794 2556 multorum
828 2526 1092 2557 monasteriorum
1130 2526 1295 2557 ordinator
1339 2533 1371 2557 et

366 2596 380 2606 ιι
397 2579 568 2615 institutor,
591 2594 602 2605 υ
624 2589 715 2620 quem
742 2585 867 2611 sanctus
886 2579 1068 2610 heruardus
1095 2579 1134 2611 ad
1153 2582 1371 2612 Fontanenses

365 2632 532 2663 monachos
558 2632 658 2669 misit,
686 2638 721 2663 nt
748 2643 800 2663 eos
832 2632 965 2663 formam
1003 2631 1133 2663 Ordinis
1160 2633 1371 2665 Cisteiciensis

366 2686 493 2717 doceret
508 2697 514 2716 :
534 2697 571 2716 ex
590 2691 674 2717 tomo
691 2686 792 2728 primo
810 2685 980 2718 Monastici
1003 2685 1187 2727 AngHrani,
1207 2697 1276 2729 pag.
1292 2690 1370 2719 741.

367 2744 413 2771 De
432 2740 540 2771 eodem
557 2739 709 2770 Ganfrido
731 2740 763 2771 in
783 2739 860 2771 Vita
878 2742 912 2771 S.
940 2739 1093 2770 Bernardi
1109 2763 1116 2777 ,
1141 2739 1222 2771 libro
1244 2748 1368 2782 quarto,

369 2803 438 2834 cap.
462 2796 493 2830 2,
517 2803 550 2823 n.
574 2795 626 2823 lO.

416 2848 480 2875 272
498 2847 535 2875 A.
550 2856 591 2874 ,m
608 2856 722 2874 nucem
737 2856 931 2877 conamen.
948 2864 991 2868 —
1007 2847 1224 2888 Zeringensem
1239 2847 1367 2887 scilicet,

367 2907 458 2938 quem
483 2903 591 2927 contra
618 2898 789 2928 Amedeum
818 2902 849 2937 I,
869 2900 1014 2931 comitem
1040 2900 1300 2939 Gebennensem,
1322 2901 1371 2934 his

367 2950 475 2980 diebus
493 2960 578 2980 arma
595 2950 759 2990 cogitasse,
781 2953 903 2983 Samuel
920 2953 1106 2985 Guichenou
1124 2960 1232 2986 auctor
1251 2961 1314 2993 est,
1337 2956 1370 2987 in

366 3004 504 3035 Historia
524 3004 642 3034 Gallica
660 3007 780 3034 Ducum
808 3006 982 3038 Sabaudiae.
1004 3008 1075 3039 Fuit
1095 3015 1197 3039 autem
1218 3009 1368 3051 Zeringen

363 3056 479 3099 (inquit
494 3059 686 3093 Monsterus,
704 3058 953 3100 Cosmographiae
970 3059 1050 3091 libro
1071 3062 1103 3102 3)
1120 3068 1255 3092 castrum
1269 3062 1369 3104 quod-

363 3110 434 3141 dam
452 3119 535 3140 nunc
551 3109 707 3147 dirutum,
732 3120 749 3139 a
774 3120 835 3151 quo
859 3111 951 3143 duces
968 3114 1168 3155 Zeringenses
1185 3126 1275 3146 suum
1294 3117 1368 3147 titu-

360 3163 426 3194 lum
450 3162 646 3199 habuerunt,
667 3162 902 3195 semi-milliario
922 3165 1002 3197 infra
1020 3167 1206 3209 friburgum
1230 3169 1261 3199 in
1283 3171 1367 3209 Bris-

359 3216 440 3258 goia.
459 3216 501 3247 Hi
526 3214 619 3246 duces
643 3225 661 3246 a
681 3215 845 3247 comitibus
867 3218 1161 3261 Habsburgensibus
1187 3224 1362 3264 progeniti,

351 3276 382 3301 ct
402 3269 483 3301 circa
507 3274 629 3311 tempus
646 3269 775 3300 Henrici
800 3272 848 3300 111
869 3270 1064 3312 imperatoris
1081 3275 1180 3305 exorti
1202 3276 1364 3309 Cebizone

347 3329 493 3357 auctore,
516 3323 547 3352 iu
566 3327 652 3353 sexto
671 3321 794 3352 demum
813 3322 954 3359 hwrede,
973 3328 1078 3366 Egone
1101 3335 1298 3369 nuncupato,
1323 3331 1360 3361 ml

350 3386 465 3406 annum
487 3377 570 3406 1357
595 3374 724 3405 desiere.

365 2543 379 2553 n
399 2526 561 2568 religiosus
571 2550 578 2563 ,

863 204 912 238 IN
944 201 1121 238 TOMUM
1151 200 1349 236 PRIMUM
1381 197 1585 234 OPERUM
1615 197 1650 231 S.
1683 193 1937 229 BERNARDI

2365 194 2440 232 868

1491 278 1555 306 273
1567 277 1877 306 A.1oxom·run.-—
1889 274 1981 302 Hune
1997 270 2122 301 titulum
2132 269 2248 302 hahent
2260 271 2366 314 scripti
2383 272 2447 306 fere

1442 338 1560 359 omnes.
1581 332 1618 359 In
1642 337 1703 357 uno
1729 332 1831 356 tamen
1855 323 2052 356 Cisterciensi
2067 347 2075 361 ,
2101 323 2232 366 epistola
2253 324 2445 366 inscribitur,

1443 379 1499 412 Ad
1526 383 1703 410 Brummem
1738 376 1975 413 Colonieusem,
2009 383 2045 407 ut
2063 383 2208 421 putatur,
2237 375 2275 408 de
2299 381 2448 424 martyrio

1461 431 1714 463 Iaclcaboeorum.
1746 435 1782 462 In
1812 430 1909 461 veteri
1937 430 2092 468 editione,
2115 433 2250 460 Putatur
2273 432 2391 476 scripta
2407 433 2453 465 ad

1442 491 1608 530 Hugonem
1634 484 1673 516 de
1700 485 1974 515 Sancto-Victore.
2002 484 2190 526 Coniectura
2217 495 2275 527 pro
2303 478 2449 520 Brunon'e

1443 539 1621 571 Coloniensi
1641 538 1776 569 antistite
1798 537 1871 568 inde
1890 543 1963 568 nata
1989 537 2124 576 videtur,
2149 537 2234 579 quod
2258 538 2290 569 in
2317 549 2354 571 ea
2372 540 2449 574 urbe
2481 557 2485 562 ν

1443 599 1639 624 asserventur
1657 598 1834 623 sanctorum
1857 590 2114 622 Machabaeorum
2135 591 2275 633 reliquiae
2293 602 2301 623 :
2321 598 2352 624 at
2371 592 2450 627 istuc

1442 653 1512 688 post
1529 645 1679 677 Bernardi
1698 645 1818 676 obitum
1835 644 2018 676 Mediolano
2034 645 2134 675 allatae
2156 655 2174 675 a
2197 645 2354 677 Rainoldo
2369 647 2448 680 anti-

1442 700 1512 730 stite
1524 724 1531 737 ,
1553 700 1607 741 qui
1633 709 1684 729 eas
1703 709 1720 729 a
1740 698 1900 730 Friderico
1916 702 1929 729 1
1948 698 2137 740 imperatore
2162 697 2309 731 obtinuit.
2328 702 2366 731 In
2381 702 2448 742 qui-
2466 713 2471 717 ·

1442 753 1573 784 busdam
1598 752 1816 794 manuscriptis
1840 751 1921 783 hanc
1948 751 2111 793 epistolam
2134 751 2278 793 proxime
2297 755 2449 788 antecedit

1442 807 1572 847 epistola
1591 809 1631 838 77
1654 806 1693 836 ad
1711 809 1876 848 Hugonem
1894 805 1932 836 de
1949 805 2218 836 Sancto-Victore.

1492 863 1556 892 273
1586 863 1622 891 Β.
1656 860 1750 891 Fuleo
1780 860 2000 902 Sparnacensis
2027 858 2137 890 abbas.
2160 877 2205 882 —-
2227 860 2450 904 Fulcorabbas

1441 913 1694 945 Sancti-Martini
1724 913 1964 955 Sparnacensis,
2001 912 2041 943 ad
2077 915 2278 952 Matronam,
2304 913 2450 956 'dioecesis

1441 967 1604 998 Remensis
1616 991 1623 1004 ,
1645 967 1670 998 is
1684 973 1729 997 est
1749 966 1799 997 cui
1816 965 1996 997 inscribitur
2015 966 2146 1008 epistola
2166 969 2205 997 13
2224 968 2366 1008 Hugonis
2380 972 2448 1002 Me-

1441 1021 1505 1052 telli
1517 1046 1524 1059 ,
1548 1036 1560 1047 «
1584 1021 1713 1052 Fulconi
1731 1019 1906 1051 reverendo
1928 1026 1959 1051 et
1978 1019 2010 1050 in
2024 1018 2149 1050 Christo
2165 1018 2331 1052 benedicto
2345 1021 2450 1056 abbati

1442 1089 1457 1099 »
1474 1074 1698 1116 Sparnacensi,
1719 1089 1732 1100 »
1750 1073 1788 1105 de
1806 1073 1993 1115 repetitione
2015 1072 2177 1115 cujusdam
2198 1074 2340 1105 canonici
2357 1078 2449 1119 Spar-

1441 1128 1582 1159 nacensis
1595 1127 1635 1159 ab
1649 1127 1764 1159 abbate
1781 1127 1952 1158 Willelmo.
1975 1125 2083 1157 Abbas
2099 1125 2218 1168 primus
2235 1127 2302 1169 ejus
2317 1128 2377 1160 loci
2394 1130 2449 1163 fuit

1440 1183 1464 1212 F
1468 1182 1536 1212 ulco
1562 1188 1632 1224 post
1657 1181 1819 1212 inductum
1836 1180 1966 1211 consilio
1989 1179 2142 1211 Bernardi
2161 1186 2192 1211 et
2216 1181 2370 1214 Guidonis
2385 1185 2450 1226 ejus

1439 1235 1544 1266 fratris
1558 1235 1711 1267 Ordinem
1725 1234 1947 1266 canonicorum
1966 1233 2155 1275 regularium
2165 1257 2173 1271 ,
2195 1244 2279 1265 anno
2297 1238 2308 1266 1
2321 1239 2398 1276 128,
2412 1249 2450 1270 eo

1440 1289 1592 1321 adductus
1608 1300 1646 1320 ex
1661 1288 1802 1321 Tullensi
1820 1287 2053 1320 Sancti-Leonis
2069 1286 2207 1318 abbatia.
2230 1288 2362 1321 Litteras
2384 1292 2450 1333 ejus

1439 1343 1484 1374 rei
1501 1342 1598 1374 habes
1624 1344 1656 1374 in
1682 1342 1839 1385 Spicilegii
1862 1347 1948 1373 tomo
1970 1344 2022 1379 13,
2046 1351 2116 1383 pag.
2138 1344 2204 1373 305
2221 1352 2290 1384 sqq.
2311 1344 2449 1376 Basilicae
2484 1349 2489 1355 ’
2512 1358 2515 1376 ι

1439 1396 1693 1427 Sancti-Martini
1707 1395 1850 1427 fundatio
1865 1405 1921 1437 per
1937 1394 2083 1426 Odonem
2101 1394 2261 1433 comitem,
2277 1406 2348 1439 pag.
2370 1400 2446 1430 281.

1489 1452 1550 1480 281
1575 1451 1610 1480 C.
1627 1450 1742 1481 Melius
1759 1455 1803 1480 est
1823 1455 1856 1479 ut
1872 1453 1980 1490 pereat
1993 1458 2090 1485 unus,
2105 1458 2199 1489 quam
2215 1448 2329 1480 unitas.
2344 1468 2388 1472 ——
2402 1455 2449 1483 De

1439 1502 1498 1534 hac
1529 1503 1700 1544 quaestione
1711 1528 1718 1541 ,
1749 1507 1800 1535 An
1825 1502 2015 1533 monasteria
2043 1501 2180 1533 habeant
2203 1503 2255 1544 jus
2283 1503 2449 1545 abjiciendi

1439 1557 1631 1598 Religiosum
1650 1557 1896 1599 incorrigibilem
1909 1581 1916 1595 ,
1939 1556 2122 1587 consulendi
2141 1556 2314 1589 Haeftenus
2330 1558 2362 1589 in
2379 1561 2448 1592 Dis-

1439 1611 1658 1652 quisitionibus
1676 1611 1871 1648 monasticis,
1892 1621 1928 1642 ac
1943 1610 2042 1641 nostri
2061 1610 2234 1642 Menardus
2257 1617 2287 1642 et
2312 1612 2448 1645 Edmun-

1440 1664 1497 1695 dus
1516 1668 1662 1696 Martene
1680 1665 1711 1696 in
1731 1665 1794 1696 suis
1810 1675 1903 1707 super
1921 1665 2073 1706 Regulam
2089 1665 2339 1697 Commentariis.

1489 1728 1552 1756 287
1572 1728 1605 1756 B.
1621 1737 1662 1755 An
1678 1737 1877 1756 nisoisrnciu
1897 1735 2074 1755 nir-micum
2092 1736 2265 1757 mcnnscn.
2277 1744 2321 1748 ——
2333 1726 2450 1760 scholis

1439 1779 1522 1820 apud
1548 1780 1667 1821 Anglos
1697 1778 1860 1821 praefectus
1876 1785 1943 1810 erat
1959 1779 2116 1810 Henricus
2137 1779 2213 1818 iste,
2237 1779 2364 1811 natione
2383 1785 2449 1813 An-

1437 1832 1503 1873 glus
1515 1857 1522 1870 ,
1542 1833 1629 1874 cujus
1645 1833 1814 1875 discipulos
1830 1833 1924 1864 fuisse
1942 1833 2138 1864 VVillelmum
2162 1839 2194 1864 et
2214 1836 2344 1864 Ivonem
2366 1840 2449 1876 patet

1438 1896 1476 1916 ex
1493 1885 1555 1916 fine
1573 1886 1722 1927 epistolae.
1740 1883 1893 1917 Bel-nardi
1910 1886 2036 1917 monitis
2050 1885 2179 1917 tandem
2193 1886 2348 1928 acquievit
2363 1890 2448 1919 Hen—

1438 1939 1538 1978 ricus,
1573 1938 1672 1970 factus
1706 1939 1877 1971 monachus
1908 1939 2213 1978 Clarae-valtensis,
2247 1939 2320 1971 dein
2354 1940 2450 1973 abhas

1438 1993 1652 2024 Vallis-Clarae
1671 2005 1678 2032 ;
1700 2000 1767 2025 tum
1793 1994 1901 2025 tertius
1921 1993 2020 2024 abbas
2040 1993 2246 2025 Fontanensis
2264 1993 2297 2025 in
2313 1994 2425 2036 Anglia
2438 2019 2448 2033 ‚

1438 2056 1475 2076 ex
1493 2046 1631 2088 epistolis
1645 2058 1729 2078 nunc
1745 2047 1856 2078 ordine
1871 2050 1938 2079 320
1951 2053 1982 2078 et
1997 2050 2077 2085 321,
2093 2057 2130 2078 ac
2144 2047 2270 2078 demum
2281 2071 2289 2086 ‚
2309 2047 2450 2091 deposito

1437 2111 1494 2142 per
1509 2101 1683 2142 Eugenium
1700 2105 1747 2133 III
1768 2101 1937 2133 Guillelmo
1957 2100 2151 2132 thesaurario
2163 2125 2172 2140 ,
2195 2100 2447 2144 archiepiscopus

1438 2153 1643 2185 Eboracensis
1664 2165 1672 2186 z
1693 2166 1755 2197 qua
1771 2155 1810 2187 de
1832 2166 1868 2187 re
1888 2155 1982 2186 variae
1999 2154 2138 2198 epistolae
2154 2154 2248 2186 infra.
2265 2158 2346 2197 Lege
2361 2155 2448 2187 Guil-

1438 2208 1564 2239 lelmum
1582 2209 1830 2251 Neubrigensem
1845 2233 1853 2248 ,
1886 2209 1919 2240 in
1943 2208 2025 2240 libro
2055 2212 2086 2247 1,
2107 2219 2179 2251 cap.
2207 2211 2250 2247 7;
2278 2209 2448 2252 Roget-ium

1438 2262 1665 2300 Hovedenum,
1697 2263 1736 2294 ad
1765 2274 1883 2294 annum
1919 2265 2026 2300 11403
2055 2268 2087 2295 et
2109 2262 2243 2294 Roberti
2271 2262 2311 2295 de
2338 2267 2450 2296 Monte

1440 2316 1657 2358 Appendicem
1677 2316 1716 2348 ad
1736 2316 1943 2359 Sigebertum.

1489 2372 1549 2399 291
1572 2371 1608 2400 C.
1623 2370 1696 2400 solis
1710 2369 1749 2400 ad
1767 2369 1933 2402 consilium
1949 2368 2077 2400 vocatis.
2088 2388 2131 2392 —
2143 2373 2191 2401 Ita
2203 2369 2311 2412 scripti
2327 2379 2445 2410 omnes,

1438 2421 1498 2452 nisi
1524 2422 1608 2464 quod
1627 2423 1658 2453 in
1678 2423 1837 2454 nonnullis
1856 2423 1981 2465 legitur,
2001 2421 2161 2467 Siquidem
2180 2423 2207 2454 is
2230 2421 2290 2454 Sol
2307 2421 2360 2453 ad-
2371 2434 2447 2454 con-

1438 2473 1540 2505 silium
1563 2477 1686 2506 wantis
1707 2482 1765 2508 etc.
1783 2480 1821 2507 In
1839 2476 1948 2518 primis
1969 2475 2060 2507 editis
2082 2482 2114 2507 et
2132 2476 2358 2519 posterioribus
2381 2477 2448 2519 ple-

1438 2529 1558 2570 risque,
1595 2530 1705 2561 Oritur
1734 2531 1850 2575 quippe
1877 2528 1952 2565 Sol,
1982 2541 2047 2560 non
2077 2530 2103 2560 is
2131 2530 2186 2574 qui
2210 2528 2351 2575 quotidie
2375 2528 2450 2562 on'h'

1439 2583 1580 2613 cernitur
1592 2594 1688 2628 super
1707 2581 1806 2614 bonos
1827 2590 1860 2614 et
1880 2582 1982 2614 malos
1993 2607 2000 2617 ‚
2016 2582 2075 2614 sed
2092 2584 2146 2628 qui
2159 2582 2337 2615 timentibus
2349 2587 2447 2616 Deum

1435 2635 1625 2680 proplzelica
1638 2638 1903 2682 pronuntiatione
1919 2638 2120 2682 promittitur
2138 2636 2214 2668 solis
2227 2636 2274 2668 ad
2285 2636 2447 2669 consilium

1440 2691 1566 2721 vacatis
1580 2703 1591 2721 .·
1612 2690 1715 2727 Vobis,
1733 2691 1853 2735 inquit,
1870 2692 1922 2736 qni
1938 2692 2050 2722 timetis
2063 2692 2244 2728 Dominum,
2262 2692 2380 2723 orietur
2389 2689 2450 2723 Sol

1431 2744 1578 2784 justitice.

1489 2799 1552 2829 297
1574 2799 1610 2829 C.
1629 2804 1659 2829 et
1680 2809 1744 2829 non
1770 2798 1916 2830 dominus
1931 2799 2007 2831 voti.
2021 2817 2066 2821 —-
2079 2801 2199 2830 Votum
2220 2799 2357 2842 appellat
2371 2803 2446 2832 Ber·

1438 2850 1553 2881 nardus
1577 2852 1729 2893 ejusmodi
1755 2853 1962 2895 promissum,
1982 2863 2044 2895 quo
2069 2853 2138 2895 quis
2156 2863 2188 2884 se
2209 2853 2242 2884 in
2266 2853 2445 2896 religionem

1437 2903 1559 2945 ingredi
1583 2916 1689 2936 coram
1715 2916 1752 2937 eo
1781 2912 1940 2938 statuerat.
1975 2906 2092 2938 Confer
2115 2906 2280 2948 epistolam
2309 2910 2394 2946 395,
2415 2912 2447 2939 et

1437 2966 1612 2989 sermonem
1633 2962 1674 2990 63
1699 2958 1730 2989 in
1753 2959 1899 2997 Cantica,
1919 2970 1952 2990 n.
1974 2963 2012 2998 6,
2034 2959 2089 2990 ubi
2103 2959 2303 2992 Novitiorum
2325 2960 2445 3003 lapsum

1437 3016 1467 3041 et
1484 3022 1589 3042 casmn
1607 3012 1700 3054 luget.

1487 3067 1554 3096 300
1582 3068 1623 3096 A.
1653 3077 1858 3097 GAUFRIDUM
1890 3078 1932 3097 m:
1962 3078 2125 3098 Pannona.
2150 3086 2196 3090 -u—
2218 3070 2257 3098 In
2285 3065 2443 3098 vetustiori

1437 3118 1575 3150 editione
1587 3144 1594 3157 ,
1617 3117 1655 3149 de
1678 3123 1843 3157 Par-rona,
1864 3131 1933 3162 quae
1949 3119 2024 3151 urbs
2041 3126 2088 3151 est
2109 3119 2316 3152 munitissima
2332 3119 2371 3151 ad
2389 3121 2443 3152 So-

1436 3181 1571 3202 menam.
1592 3172 1670 3203 Inde
1691 3183 1764 3214 ergo
1786 3184 1903 3205 nomen
1923 3174 2018 3205 traxit
2038 3173 2208 3205 Gaufridus
2229 3180 2260 3205 et
2281 3173 2442 3215 originem.

1435 3226 1481 3255 Ex
1503 3224 1540 3256 iis
1561 3231 1645 3264 erat,
1671 3236 1749 3267 quos
1769 3228 1801 3258 S.
1822 3227 2000 3259 Bernardus
2017 3228 2051 3259 in
2072 3227 2178 3270 Belgio
2198 3227 2239 3258 ad
2263 3227 2442 3269 religionem

1434 3279 1623 3310 convertisse
1648 3286 1838 3311 memoratur
1861 3280 1893 3311 in
1918 3281 2001 3312 libro
2028 3287 2139 3323 quarto
2165 3281 2205 3312 de
2230 3280 2326 3324 ipsius
2348 3280 2439 3316 Vita,

1433 3341 1500 3372 cap.
1533 3335 1563 3363 3.
1591 3332 1698 3363 Socius
1719 3334 1932 3364 conversionis
1954 3334 2012 3366 fuit
2035 3334 2205 3366 Gaufridus
2227 3335 2317 3373 alter,
2335 3338 2440 3376 postea

1432 3386 1519 3415 l'rior
1533 3386 1810 3418 Clarae-Vallensis.
1829 3391 1876 3419 De
1890 3387 1938 3418 his
1955 3388 2172 3430 intelligendus
2185 3395 2229 3420 est
2244 3391 2439 3420 normannus
