2517 3936
850 230 1507 323 ADMONITIO

693 427 749 460 IN
779 428 1141 474 SL’BSEQLENS
1170 430 1517 465 OPL‘SCIJLL‘M
1546 432 1667 465 XIII.

948 584 1306 603 ssffss———n-sz-[t‘fxzae—
1325 594 1377 596 ᾉν
1431 596 1435 597 ⁷

200 742 234 777 1.
267 737 435 776 Librum
463 736 511 775 de
540 738 692 776 ratione
721 736 882 783 Cantus,
910 738 1107 797 Bernardo
1138 739 1404 791 adscriptum,
1429 743 1526 780 mihi
1552 743 1752 793 quondam
1787 745 2043 796 suppeditavit
2068 749 2136 797 11141Ἀ
2166 763 2206 784 :ic

143 804 398 856 suspiciendae
427 804 625 841 memoriae
645 803 814 841 Joannes
839 803 970 850 Bona,
1007 813 1101 841 tunc
1129 809 1436 858 congregationis
1467 822 1544 847 sua]
1573 809 1692 847 abbas
1719 812 1902 861 generalis
1919 842 1926 853 ,
1956 813 2206 862 postmodum

144 868 185 907 S.
208 869 257 907 R·
280 869 326 906 Ε.
351 867 572 906 cardinalis.
595 868 714 906 Libro
734 869 929 918 praemissa
956 878 1013 906 est
1035 870 1212 920 epistola,
1233 887 1353 922 quam
1375 873 1558 912 Bernardi
1579 890 1658 913 csse
1678 877 1890 915 existimavi
1917 895 1924 914 :
1945 887 1983 916 at
1999 888 2204 917 tractatum

143 935 275 986 ipsum
298 935 352 973 eis
374 933 671 986 assignandum.
694 948 793 985 quos
821 934 942 985 hujus
963 949 1090 986 operae
1120 936 1369 975 subsidiarios
1397 941 1552 987 ascivit,
1579 951 1622 979 ut
1650 955 1741 978 sane
1768 943 1846 992 ipsa
1873 944 1998 979 innuit
2031 943 2201 993 epistola.

144 1000 192 1038 ln
213 1000 346 1039 codice
369 1001 620 1039 Fusniacensi
646 1000 752 1039 idem
781 1001 1019 1052 opusculum
1042 1003 1233 1041 tribuitur
1254 1004 1425 1042 Guidoni
1450 1005 1678 1045 Chari-Loci
1701 1007 1829 1046 abbati
1861 1008 1934 1046 sub
1956 1008 2025 1046 hoc
2056 1009 2168 1047 titulo
2195 1026 2202 1045 :

148 1065 365 1117 «Epistola
396 1066 543 1104 Domni
576 1065 772 1104 Gnidonis
800 1066 953 1105 abbatis
979 1066 1213 1106 Chari-Loci
1245 1068 1291 1106 de
1328 1069 1467 1109 Canta.
1498 1090 1514 1105 ιι
1550 1073 1635 1110 Haec
1677 1074 1810 1124 incipit
1843 1074 1890 1111 ab
1927 1075 2008 1112 istis
2042 1075 2201 1112 verbis:

149 1150 165 1164 α
188 1130 376 1179 Cautum⁷
394 1145 517 1182 quem
541 1130 804 1170 Cisterciensis
821 1131 981 1170 Ordinis
1004 1132 1171 1172 ecclesiae
1199 1144 1352 1173 cantare
1378 1149 1679 1187 consueverunt,
1702 1158 1717 1172 »
1748 1150 1818 1177 etc.
1845 1140 2047 1178 Tractatns
2072 1150 2204 1177 autem

144 1196 194 1236 ab
214 1198 297 1235 istis
324 1214 333 1235 ε
359 1216 376 1231 u
394 1197 653 1236 Praemonitos
673 1206 809 1235 autem
830 1212 910 1235 esse
932 1198 1133 1247 volumus,
1154 1218 1169 1231 ιι
1191 1210 1261 1238 etc.
1284 1201 1414 1240 Guido
1440 1203 1670 1242 Chari-Loci
1689 1206 1727 1242 in
1743 1205 1892 1243 ‹lim-esi
1912 1206 2207 1243 Yesontionensi

143 1263 280 1312 abbas,
300 1264 332 1302 is
356 1272 429 1311 est,
456 1263 497 1300 in
520 1264 632 1313 cujus
657 1264 827 1315 gratiani
849 1263 1074 1302 Bel-nardus
1094 1267 1245 1316 scripsit
1272 1268 1475 1318 epistolam
1497 1272 1748 1308 centesimam
1772 1273 2062 1321 nonagesimam
2089 1272 2210 1321 septi-

144 1344 255 1368 mam
280 1337 319 1367 et
342 1328 442 1367 duas
464 1338 687 1379 sequentes.
715 1327 776 1366 Ne
803 1328 909 1366 hunc
932 1344 1012 1368 esse
1029 1331 1142 1369 istius
1164 1340 1347 1371 tractatus
1367 1344 1567 1373 auctorem
1587 1338 1748 1373 omnino
1763 1350 1994 1387 persuasum
2018 1336 2183 1373 habeam
2199 1365 2207 1376 ,

144 1404 281 1434 movet
297 1394 407 1446 quod
423 1403 559 1433 auctor
578 1394 653 1432 sub
671 1396 794 1433 finem
813 1414 828 1427 α
844 1396 1192 1446 comprovinciales
1216 1417 1232 1431 ιι
1251 1399 1421 1450 appellat
1437 1400 1612 1438 ecclesias
1624 1432 1632 1447 ‚
1652 1401 1907 1447 Remcnscm,
1925 1400 2209 1445 Belvacensem‚

145 1462 471 1508 Ambianensem,
488 1470 528 1499 et
548 1461 884 1499 Suessionensem.
907 1461 1060 1501 Deinde
1081 1463 1189 1513 quod
1210 1479 1433 1503 memorans
1453 1465 1786 1516 Antiphonarium
1806 1466 2096 1511 Suessionense,
2117 1465 2211 1502 sub-

144 1528 217 1576 dit,
241 1547 257 1562 ι(
275 1526 384 1579 quod
403 1528 516 1578 quasi
543 1526 593 1565 ad
616 1528 782 1577 januam
798 1527 936 1566 habes.
963 1546 978 1561 ιι
1000 1528 1056 1565 Ex
1075 1543 1155 1579 quo
1175 1530 1423 1570 verisimilius
1443 1532 1619 1579 videtur,
1642 1542 1841 1569 auctorem
1860 1531 1963 1568 hunc
1983 1531 2099 1568 fuisse
2130 1545 2212 1568 mo-

143 1593 320 1633 nachum
335 1603 405 1631 aut
423 1593 608 1631 abbatem
630 1593 920 1645 Longi-Pontis
938 1593 1048 1632 haud
1068 1593 1182 1647 longe
1200 1595 1249 1632 ab
1270 1596 1366 1634 urbe
1384 1597 1639 1635 Suessionica.
1660 1598 1804 1635 Forsan
1825 1599 1854 1634 is
1873 1597 1958 1634 libri
1977 1606 2109 1633 auctor
2125 1596 2210 1633 sue-

144 1660 197 1698 rit
211 1674 303 1698 cum
323 1658 509 1698 Guidone
529 1658 766 1698 Chari-Loci
788 1660 931 1698 abbate
949 1678 956 1707 3
980 1675 1074 1698 nam
1093 1660 1227 1711 plures
1247 1662 1341 1700 huic
1363 1664 1471 1713 operi
1499 1663 1749 1701 subsidiarios
1766 1662 1947 1700 adhibuit
1976 1662 2209 1699 Bernartius.

145 1725 207 1764 An
229 1724 429 1764 Gerardus
451 1723 574 1763 abbas
595 1725 892 1777 Longi-Pontis,
925 1725 1110 1764 laudatus
1141 1728 1181 1764 in
1208 1726 1309 1765 libro
1338 1730 1504 1778 septimo
1533 1727 1579 1766 de
1600 1728 1692 1766 Vita
1714 1727 1913 1773 Bernardi,
1939 1729 2059 1778 capite
2091 1726 2213 1764 unde-

145 1792 262 1830 cimo.
282 1791 342 1829 An
355 1791 457 1830 forte
477 1790 576 1829 alius
596 1791 731 1830 Guido
752 1801 840 1830 trun
856 1793 976 1831 abbas
993 1801 1076 1830 erat
1096 1791 1373 1831 Charoli—Loci
1394 1808 1516 1844 prope
1538 1793 1832 1831 Silvanectum?

199 1860 238 1896 2.
271 1857 468 1896 Dubitant
486 1856 691 1900 nonnulli,
717 1872 817 1896 num
840 1872 978 1897 revera
1007 1868 1195 1897 tractatus
1220 1859 1291 1896 iste
1325 1861 1489 1910 scriptus
1509 1860 1556 1897 sit
1587 1861 1740 1897 vivente
1772 1857 1991 1900 Bernardo,
2012 1866 2217 1907 propterea

144 1923 256 1977 quod
272 1938 320 1962 ex
335 1922 579 1975 quibusdam
600 1923 738 1974 primis
758 1923 929 1974 epistolae
947 1932 986 1962 et
1002 1933 1191 1962 tractatus
1212 1924 1346 1962 verbis
1361 1924 1569 1976 colligitur,
1590 1924 1660 1961 diu
1678 1933 1764 1974 post
1784 1921 1940 1960 exordia
1959 1921 2217 1959 Cisterciensis

145 1989 307 2029 Ordinis
324 1988 407 2027 haec
423 1990 565 2039 scripta
580 1988 714 2026 fuisse.
736 1989 890 2027 Verum
911 1988 1104 2039 ejusmodi
1124 1998 1307 2027 tractatus
1327 2004 1455 2041 nuper
1469 2000 1691 2041 compactus
1707 1988 1934 2027 servabatur
1950 1989 1988 2025 in
2004 1986 2215 2036 exemplari

145 2055 385 2103 Bibhorum,
401 2054 511 2106 quod
526 2069 598 2106 per
619 2054 870 2105 Stephanum
886 2054 1058 2094 Cistercii
1073 2055 1258 2093 abbatem
1280 2058 1444 2094 tertium
1461 2055 1716 2093 emendatum
1733 2064 1804 2098 est,
1822 2053 1870 2091 ad
1896 2055 2008 2103 cujus
2036 2066 2233 2090 normam,

146 2123 281 2161 omnia
300 2120 480 2172 ejusdem
496 2120 655 2158 Ordinis
674 2119 803 2158 Biblia
822 2122 960 2172 corrigi
977 2130 1216 2172 praeceptum
1246 2131 1328 2160 erat
1350 2138 1358 2159 :
1389 2121 1497 2172 quod
1521 2123 1650 2172 ipsum
1677 2120 1726 2157 de
1743 2118 2026 2173 Antiphonario
2046 2117 2217 2167 praescri-

145 2198 264 2240 ptum
285 2197 356 2227 est.
376 2187 433 2225 Ea
449 2196 533 2225 erat
545 2188 769 2242 primorum
785 2187 896 2225 istius
915 2187 1074 2225 Ordinis
1093 2201 1186 2225 cura
1201 2197 1237 2225 et
1254 2187 1474 2226 sollicitudo
1492 2189 1530 2225 in
1547 2202 1604 2225 res
1621 2200 1757 2224 sacras.
1779 2184 1997 2234 Suhjectus,
2024 2184 2183 2233 inquam
2201 2211 2210 2222 ,

147 2262 233 2292 erat
251 2262 440 2292 tractatus
463 2253 536 2290 iste
562 2252 753 2303 primario
782 2251 837 2289 illi
864 2252 1087 2291 Bibliorum
1107 2263 1276 2292 correcto
1302 2253 1535 2305 exemplari,
1555 2252 1620 2291 sed
1640 2262 1771 2303 postea
1798 2250 1847 2288 ab
1877 2263 1921 2287 eo
1941 2248 2145 2291 avulsum,
2169 2256 2214 2284 ut

146 2334 217 2372 ego
239 2320 322 2370 ipse
343 2333 391 2357 ex
409 2317 537 2356 indice
553 2326 830 2355 contentorum
846 2349 854 2365 ‚
878 2328 917 2356 et
944 2333 990 2357 ex
1009 2334 1134 2358 vacuo
1156 2322 1280 2370 spatio
1301 2319 1558 2370 deprehendi.
1582 2319 1630 2356 Et
1658 2327 1758 2355 certe
1776 2316 1849 2353 hoc
1869 2313 2100 2366 opusculum
2128 2314 2214 2362 pri-

146 2387 223 2423 mis
243 2384 321 2422 illis
346 2383 509 2422 Ordinis
533 2383 778 2434 temporibus
793 2378 999 2422 conditum
1017 2385 1135 2424 fuisse
1152 2385 1385 2438 intelligitur
1399 2401 1443 2423 ex
1459 2386 1569 2422 initio
1589 2385 1684 2433 ejus,
1701 2382 1766 2419 nbi
1784 2382 1932 2418 mentio
1948 2380 1990 2416 fit
2006 2378 2053 2415 de
2073 2377 2213 2414 Cister-

145 2449 356 2499 ciensibus‚
377 2450 447 2501 qui
467 2468 484 2483 «
504 2447 663 2501 Regulae
678 2450 885 2486 veritatem
907 2469 922 2483 ιι
947 2464 1016 2488 seu
1031 2453 1262 2502 puritatem,
1292 2472 1307 2486 «
1326 2451 1592 2504 praetermissis
1619 2448 1785 2485 aliorum
1813 2443 2178 2495 ‹lispensationilnis‚
2193 2461 2208 2474 ιι

146 2526 242 2556 tunc
267 2536 285 2551 α
309 2516 501 2555 tenebant
523 2532 532 2553 z
560 2533 577 2547 ιι
597 2513 707 2566 quod
719 2513 767 2552 de
782 2515 921 2565 primis
941 2518 1189 2568 temporibus
1208 2518 1507 2570 intelligendum
1526 2525 1594 2554 est.
1616 2515 1665 2552 Et
1684 2515 1722 2551 in
1742 2512 1840 2550 libro
1862 2511 2136 2548 Institutorum
2151 2507 2213 2544 Ci-

147 2583 432 2631 sterciensium‚
457 2597 545 2634 quae
569 2597 673 2621 anno
694 2582 794 2621 1134
811 2596 834 2619 a
850 2582 1052 2621 Rainardo
1071 2583 1244 2622 Cistercii
1267 2584 1408 2622 abbate
1428 2582 1587 2621 collecta
1613 2578 1837 2623 creduntur,
1861 2578 1962 2613 inter
1981 2588 2044 2613 cos
2064 2573 2182 2610 libros
2201 2602 2210 2617 ,

146 2650 218 2702 qui
243 2649 410 2689 novellis
437 2650 686 2688 monasteriis
719 2650 925 2687 necessarii
964 2659 1071 2695 sunt,
1103 2652 1228 2701 capite
1259 2649 1492 2688 duodecimo
1520 2654 1751 2685 numeratur
1779 2640 2122 2691 Antiphonarium,
2149 2638 2210 2674 cui

143 2716 368 2768 praemissus
385 2724 470 2753 erat
487 2714 553 2752 hic
574 2723 762 2752 tractatus
782 2715 821 2751 in
841 2713 969 2752 codice
988 2714 1245 2752 Cisterciensi.
1271 2714 1347 2753 Sed
1366 2728 1526 2752 omnem
1548 2711 1834 2750 dubitationem
1855 2706 1992 2744 adimit
2013 2704 2104 2742 Vita
2124 2703 2209 2741 Ste-

144 2780 268 2832 phani
287 2779 440 2818 abbatis
458 2779 723 2826 Obazinensis,
740 2788 898 2817 auctore
918 2780 1002 2829 ejus
1022 2778 1178 2830 aequali,
1200 2794 1327 2830 nuper
1345 2779 1447 2818 edita
1467 2777 1516 2815 ab
1543 2775 1696 2815 erudito
1717 2772 1872 2810 Baluzio
1890 2773 1929 2808 in
1949 2780 2056 2808 tomo
2072 2777 2213 2819 quarto

145 2845 507 2893 Miscellaneorum‚
530 2845 600 2883 ubi
620 2845 702 2883 haec
724 2845 842 2883 verba
860 2844 1048 2897 leguntur
1080 2846 1120 2882 in
1150 2844 1240 2883 libri
1267 2838 1424 2883 secun⁰di
1448 2845 1570 2893 capite
1595 2841 1746 2878 decimo
1766 2838 1879 2876 tertio
1903 2853 1910 2874 :
1944 2855 1960 2869 u
1983 2834 2060 2873 Sed
2087 2834 2215 2871 scien-

151 2930 168 2946 ιι
190 2912 305 2960 dum,
329 2911 438 2964 quod
459 2911 568 2959 libri,
600 2910 748 2962 quibus
778 2911 909 2961 primo
935 2909 1204 2948 Cistercienses
1229 2911 1269 2948 in
1296 2910 1438 2948 divinis
1463 2908 1594 2947 officiis
1622 2906 1683 2943 usi
1712 2912 1817 2949 sunt,
1839 2900 1951 2939 valde
1975 2899 2146 2949 corrupti
2172 2911 2215 2934 ac

152 2997 169 3012 ιι
191 2979 321 3017 vitiosi
336 2978 519 3024 fuerunt,
542 2986 581 3015 et
599 2990 725 3028 usque
745 2975 795 3013 ad
816 2984 991 3026 tempora
1009 2977 1129 3013 sancti
1145 2975 1333 3013 Bernardi
1354 2975 1404 3013 sic
1418 2978 1727 3025 permanserunt.
1764 2968 1877 3005 Tunc
1902 2966 2006 3003 enim
2025 2963 2214 3032 abbatum

151 3064 168 3078 ι,
191 3044 394 3082 communi
423 3043 595 3090 decreto,
619 3042 670 3080 ab
702 3041 841 3080 eodem
871 3050 1002 3078 saneto
1029 3040 1172 3079 abbate
1199 3042 1361 3091 ejusque
1391 3037 1612 3077 cantoribus
1636 3043 1726 3072 sunt
1748 3031 1901 3070 correcti
1932 3039 1969 3067 et
2002 3025 2212 3066 emendati,

151 3129 168 3144 ιι
191 3118 230 3149 et
244 3111 344 3148 sicut
361 3108 481 3147 modo
497 3109 697 3146 habentur
717 3107 906 3157 dispositi.
935 3125 950 3139 «
974 3104 1088 3143 Nihil
1107 3104 1347 3143 luculentius
1366 3104 1439 3141 hoc
1460 3100 1681 3140 testimonio
1701 3096 1826 3135 afferri
1846 3103 1983 3147 potcst.

201 3178 240 3215 3.
272 3176 319 3213 In
351 3174 640 3226 Supplemento
673 3173 839 3210 Pati-um
858 3202 867 3218 ‚
899 3171 1008 3222 quod
1040 3171 1090 3209 R.
1123 3171 1168 3208 P.
1199 3170 1367 3208 Jacobus
1391 3170 1633 3216 Hommeyus
1658 3161 1962 3213 Augustinianus
1989 3169 2089 3193 anno
2118 3153 2214 3225 ¹984

147 3240 309 3279 Parisiis
324 3239 517 3292 vulgavit,
546 3238 678 3277 libello
694 3237 742 3276 de
755 3237 924 3275 Ratione
947 3235 1128 3274 cantandi
1147 3234 1481 3285 Antiphonariuin
1505 3229 1756 3279 subjungitur
1781 3232 1962 3262 tractatus
1981 3220 2028 3257 de
2055 3220 2218 3289 Ratione

147 3305 331 3344 cantandi
359 3304 529 3344 Gradale
546 3321 554 3342 :
572 3303 620 3342 de
637 3318 719 3355 quo
736 3317 827 3341 cum
847 3301 958 3340 nulla
977 3301 1043 3339 fiat
1061 3302 1207 3338 mentio
1230 3301 1271 3336 in
1288 3296 1475 3336 Bernardi
1492 3293 1666 3346 epistola⁷
1696 3290 1759 3328 sed
1783 3297 1935 3325 tantum
1958 3285 2005 3322 de
2022 3281 2219 3332 Antipho-

148 3375 273 3421 nario,
303 3388 352 3411 an
383 3373 583 3411 Bel-nardo
617 3374 748 3420 ejusve
782 3371 854 3408 hoc
891 3371 929 3407 in
958 3380 1075 3418 opere
1105 3367 1214 3403 sociis
1249 3364 1368 3401 tribui
1397 3361 1551 3399 debeat.
1584 3358 1722 3394 merito
1749 3352 1926 3390 dubitare
1954 3350 2060 3387 hcet:
2092 3346 2216 3385 multo
