2517 3920
349 246 421 285 887

349 326 422 358 lcris
438 323 630 356 immanitate
644 322 821 365 gravissime
838 327 1011 352 commotus
1024 343 1031 357 ‚
1052 320 1136 350 velut
1157 318 1196 348 ad
1215 318 1356 347 levamen

351 380 468 411 doloris
481 403 489 417 ,
509 388 660 409 secessum
674 376 831 419 paulisper
849 375 879 405 in
894 374 1092 407 Clara-Valle
1106 372 1181 414 petit
1195 396 1202 409 ,
1222 370 1357 410 indeque

353 434 506 465 Gaufrido
521 443 614 463 sacrae
631 435 781 462 Romanae
795 429 939 460 E<=ctesiae
956 429 1056 469 legato
1070 433 1101 458 et
1118 423 1356 457 Carnotensium

354 488 500 530 episcopo
516 486 572 517 has
590 486 705 517 litteras
724 483 904 515 transmisit.

360 610 372 621 ··
390 598 565 625 Gmcrnmo
580 592 637 623 Dei
656 591 751 633 gratia
770 588 939 619 venerabili
955 585 1192 619 Carnotensium
1212 584 1359 626 episcopo

410 664 422 675 υ
444 654 474 679 et
491 646 668 689 apostolicae
688 644 774 675 Sedis
792 644 890 684 legato
904 666 912 679 ,
933 643 1123 672 STEI‘HANL'S
1141 638 1247 669 eadem
1263 636 1359 678 gratia

410 717 422 728 u
442 700 621 731 Parisiensis
649 696 792 728 Ecclesia»
810 695 950 725 minister
972 693 1134 733 indignus,
1157 700 1239 720 nunc
1256 695 1360 719 autem

410 769 422 780 »
445 752 575 783 miseriae
591 757 621 782 et
643 749 820 781 afflictionis
837 757 938 789 praeco
960 745 1067 776 infelix
1081 769 1088 782 ‚
1106 744 1209 774 valere
1232 743 1264 773 in
1293 745 1358 773 Do-

409 822 420 833 u
441 806 536 837 mino.

407 917 435 945 1.
459 929 471 940 »
492 910 682 944 Calamitatis
703 919 792 939 nova?
810 906 951 949 pondus,
973 915 1064 946 quam
1086 903 1195 933 vestris
1208 901 1335 933 auribus
1348 926 1355 940 ‚

361 983 373 994 ι»
398 967 460 997 imo
474 964 559 996 cordi
580 969 680 994 vestro
698 962 838 992 illaturus
855 970 921 990 sum
935 982 942 995 ‚
963 957 1066 988 nescio
1092 956 1117 987 si
1133 955 1236 987 verbis
1249 955 1358 997 aliqui-

360 1036 373 1046 u
392 1019 448 1050 bus
474 1017 565 1058 digne
595 1016 694 1045 valeat
717 1012 875 1054 explicari.
905 1010 1059 1042 Nuntium
1079 1009 1191 1039 durum
1210 1014 1240 1039 et
1268 1019 1360 1049 grave

359 1087 371 1098 >1
390 1071 515 1105 auditu,
537 1067 680 1098 omnibus
694 1091 701 1103 ‚
720 1065 833 1107 quibus
850 1064 963 1096 Christi
983 1066 1057 1094 Jesu
1077 1068 1107 1093 et
1127 1068 1239 1092 sanctae
1253 1061 1360 1092 matris

359 1140 370 1150 μ
389 1122 531 1154 Ecclesiae
553 1119 723 1162 opprobria
750 1118 826 1149 dura
849 1123 880 1148 et
908 1116 1048 1158 graviora
1078 1121 1168 1153 sunt,
1203 1114 1361 1156 praecipue

358 1193 370 1204 n
392 1177 481 1208 nobis
501 1175 558 1206 sub
576 1174 684 1205 babitu
698 1179 727 1204 et
747 1172 833 1213 signo
852 1171 1008 1212 religionis
1027 1168 1202 1201 constitutis
1216 1193 1223 1207 ‚
1246 1168 1360 1210 quibus

358 1247 370 1258 »
385 1231 451 1262 haec
469 1236 553 1260 tanto
574 1229 643 1270 plus
662 1226 807 1257 omnibus
828 1225 969 1267 graviora
988 1224 1092 1255 futura
1123 1229 1216 1261 sunt,
1241 1228 1360 1264 quanto

357 1301 369 1312 ιι
388 1284 550 1327 specialius
571 1282 611 1313 ad
631 1288 771 1312 nostrum
790 1290 956 1322 gravamen
969 1304 976 1317 ‚
995 1279 1057 1309 imo
1076 1277 1311 1319 oppressionem
1328 1282 1358 1307 et

358 1355 369 1365 υ
387 1339 507 1370 ruinam
524 1336 663 1367 omnium
680 1341 796 1377 spectat
814 1340 955 1365 nostrum
984 1333 1073 1363 unius
1096 1342 1236 1362 occasus.
1256 1330 1358 1372 Magi-

358 1408 369 1418 ›·
396 1398 491 1423 strum
503 1390 655 1420 'l'ltomam
668 1388 804 1419 Priorem
815 1387 949 1418 cwnobii
963 1385 1223 1417 SanctiR‘ictoris
1234 1408 1241 1421 ,
1256 1383 1359 1414 tirum

358 1460 370 1471 ι»
389 1444 608 1486 approbatum,
628 1441 833 1482 omnibusque
847 1440 938 1470 bonis
955 1439 1087 1469 amicum
1100 1444 1128 1469 et
1143 1437 1304 1474 dilectum,
1324 1447 1359 1468 ac

358 1514 371 1526 »
393 1498 424 1529 in
440 1504 551 1529 sancta=
566 1495 708 1527 Ecclesiae
723 1494 903 1525 defensione
917 1494 1002 1524 illum
1018 1492 1232 1533 coadjutorem
1246 1497 1275 1522 et
1291 1502 1360 1533 pro-

359 1568 370 1578 n
389 1557 591 1594 pugnatorem
608 1549 838 1579 devotissimum
854 1554 882 1578 et
901 1546 1149 1577 strenuissimum
1162 1570 1169 1583 ‚
1190 1545 1359 1587 impiorum

354 1622 366 1632 u
386 1605 528 1636 manibus
547 1603 731 1634 exstinctum
761 1601 863 1632 sciatis
878 1626 885 1638 ,
909 1611 1002 1631 carne
1031 1599 1157 1641 quidem
1179 1604 1355 1638 mortuum,

355 1674 368 1685 »
387 1658 460 1696 sed,
480 1664 511 1688 ut
531 1656 742 1688 indubitanter
761 1654 914 1686 credimus
928 1678 936 1691 ,
962 1653 1120 1684 riventem
1133 1662 1203 1683 cum
1221 1651 1356 1683 Christo.

355 1727 367 1739 »
389 1712 444 1743 Cui
462 1711 545 1742 enim
563 1710 702 1741 Christus
728 1720 799 1739 vere
822 1718 913 1739 causa
932 1706 1085 1738 moriendi
1111 1706 1168 1738 fuit
1182 1731 1189 1745 ,
1211 1706 1243 1736 in
1261 1706 1357 1747 gloria

354 1781 366 1793 ›-
383 1765 509 1797 omnino
523 1764 629 1795 deesse
648 1773 711 1793 non
734 1762 847 1804 poterit
866 1772 872 1793 :
889 1762 1037 1804 quoniam
1060 1767 1091 1792 et
1106 1760 1173 1802 ipse
1189 1771 1260 1791 cum
1286 1760 1358 1792 ulti-

354 1835 366 1847 »
384 1830 468 1849 mum
495 1818 526 1848 in
555 1816 667 1847 nostris
698 1815 841 1846 manibus
866 1815 1025 1846 exhalaret
1058 1813 1222 1855 spiritum,
1259 1813 1357 1845 libera

355 1891 366 1901 u
386 1885 460 1905 voce
474 1884 505 1904 se
532 1883 587 1914 pro
607 1871 726 1913 justitia
752 1871 830 1901 mori
849 1876 1037 1912 protestatus
1060 1875 1126 1907 est,
1148 1868 1355 1900 certissimum

355 1944 367 1955 ‚1
389 1927 551 1970 prseteritze
569 1926 789 1968 praesentisque
803 1924 929 1966 justitiae
955 1935 1036 1962 sure,
1066 1933 1128 1965 qua
1154 1923 1186 1954 in
1218 1924 1355 1955 Ecclesia

353 1996 367 2009 »ι
386 1981 498 2013 Christi
523 1986 629 2011 contra
656 1978 767 2020 impios
793 1984 1003 2020 pugnaverat,
1027 1976 1239 2009 testimonium
1260 1977 1356 2008 relin-

353 2049 367 2062 »
385 2045 503 2076 quens,
532 2033 677 2075 quoniam
707 2031 740 2062 in
772 2032 838 2074 ipsa
860 2037 1140 2062 consummaretur.
1171 2033 1246 2061 Haec
1273 2031 1356 2062 enim

353 2104 364 2114 »ι
384 2089 484 2129 prima
495 2110 502 2124 ‚
516 2086 581 2117 ha’c
599 2092 629 2117 et
646 2085 753 2116 ultima
771 2095 863 2116 causa
882 2084 939 2116 fuit
957 2084 1073 2115 laboris
1087 2084 1179 2116 iltjzas.
1199 2086 1281 2115 Nam
1298 2095 1356 2126 pro

353 2155 365 2166 »ι
384 2140 449 2181 ipsa
463 2139 580 2181 justitia
597 2145 670 2169 tunc
684 2149 804 2169 mecum
828 2137 950 2169 aderat.
968 2140 1032 2179 Ego
1059 2138 1143 2168 enim
1161 2137 1257 2179 ipsius
1276 2148 1357 2179 prae·

352 2208 365 2220 »
384 2192 473 2234 cipue
498 2191 710 2222 admonitione
738 2192 747 2230 ζ
766 2191 843 2222 sicut
867 2191 894 2221 81
924 2201 1046 2233 semper
1076 2191 1114 2221 (18
1133 2191 1181 2221 1115
1198 2200 1272 2221 cura
1291 2201 1357 2221 esse

353 2260 365 2272 »
387 2244 502 2276 solebat
519 2246 529 2285 J
551 2251 659 2285 rogatu
677 2250 705 2275 et
731 2254 857 2274 assensu
877 2244 987 2285 Regis,
1012 2255 1068 2286 per
1084 2255 1155 2275 eum
1173 2253 1297 2286 quoque
1317 2244 1357 2275 ad

353 2315 365 2326 ›-
387 2300 487 2341 ipsum
503 2299 659 2341 persuasi,
678 2298 717 2328 ad
731 2297 888 2329 abbatiam
907 2298 1090 2329 monialium
1102 2322 1109 2334 ,
1130 2309 1198 2340 quae
1213 2304 1257 2328 cst
1274 2298 1355 2330 Che-

352 2369 364 2379 »
387 2353 440 2389 lis,
463 2351 690 2383 emendandam
712 2358 741 2382 et
765 2351 971 2382 ordinandam
993 2362 1191 2393 perrexeram
1207 2377 1214 2389 ‚
1235 2363 1354 2382 assum-

352 2422 364 2433 „
382 2407 442 2448 ptis
453 2417 572 2437 mecum
591 2406 663 2436 viris
679 2405 848 2447 religiosis,
866 2405 979 2436 abbate
993 2406 1109 2437 scilicet
1124 2406 1354 2437 Sancti-Victo-

351 2459 423 2490 »ris
443 2466 472 2491 et
501 2459 788 2501 Sancti-Maglorii,
821 2466 851 2490 et
880 2459 1044 2502 subpriore
1077 2461 1352 2499 Sancti-Martini,

353 2530 365 2541 »ι
383 2514 511 2555 aliisque
531 2513 742 2555 compluribus
765 2513 926 2545 monachis
940 2538 947 2552 ‚
976 2514 1134 2545 canonicis
1153 2525 1190 2545 ac
1211 2514 1353 2546 clericis:

353 2584 365 2593 ι»
383 2578 515 2609 cumque
528 2578 585 2609 pro
609 2566 726 2598 viribus
750 2567 874 2608 negotio
896 2573 1024 2609 peracto
1050 2574 1236 2606 reverterer,
1266 2568 1357 2610 juxta

352 2637 364 2648 ιι
384 2621 501 2652 (101111111
518 2620 666 2663 Stephani
685 2627 818 2652 castrum
830 2645 837 2658 ,
855 2621 939 2663 quod
956 2621 1149 2653 Gorniacum
1162 2621 1292 2659 dicitur,
1307 2632 1357 2653 su-

352 2690 364 2701 n
383 2674 448 2706 bito
468 2675 507 2705 ab
531 2675 595 2716 ejus
618 2674 818 2711 hominibus,
845 2675 962 2706 scilicet
988 2675 1156 2717 nepotibus
1181 2675 1358 2707 Theobaldi

354 2743 366 2755 ι
384 2728 613 2766 archidiaconi,
630 2728 757 2759 insidias
781 2728 857 2759 mihi
880 2729 913 2759 in
936 2729 986 2759 via
1011 2729 1288 2771 praestruentibus,
1308 2741 1357 2761 as-

355 2796 366 2806 υ
388 2781 501 2811 sultum
526 2792 632 2822 passus
656 2792 734 2812 sum.
757 2784 897 2823 Cumque
921 2793 979 2813 nos
1002 2782 1136 2813 inermes
1150 2807 1157 2820 ,
1180 2789 1289 2825 utpote
1307 2783 1357 2815 die

356 2847 369 2858 »
386 2833 549 2863 Dominico
563 2857 570 2871 ,
595 2839 623 2864 et
643 2844 749 2875 pacem
770 2835 901 2866 ferentes
914 2834 1147 2873 incederemus;
1167 2835 1270 2867 subito
1287 2848 1357 2869 eva-

357 2900 370 2911 »
388 2878 621 2926 ginatis'gladiis
637 2886 758 2917 irruunt
780 2898 873 2929 super
893 2898 949 2919 nos
963 2912 970 2925 ,
994 2893 1023 2918 et
1040 2899 1098 2919 nec
1115 2892 1183 2919 Deo
1195 2913 1202 2926 ,
1219 2900 1276 2921 1188
1295 2890 1357 2921 (1181

357 2951 368 2963 ›-
384 2947 495 2971 sacrze.
515 2948 572 2968 nec
586 2937 660 2968 mihi
671 2961 678 2973 ,
700 2949 757 2970 nec
774 2938 821 2970 his
841 2940 892 2981 qui
906 2951 1026 2971 mecum
1045 2947 1133 2972 erant
1148 2941 1298 2983 religiosis
1311 2943 1357 2974 vi-

355 3005 367 3016 »
386 2990 427 3020 ris
449 2989 599 3021 honorem
626 2991 753 3029 dantes,
778 2992 858 3023 inter
883 3004 992 3024 manus
1009 3000 1129 3025 nostras
1158 2994 1357 3027 innocentem

355 3058 367 3070 υ
386 3043 639 3080 trucidaverunt,
656 3043 792 3086 mihique
822 3053 954 3077 mortem
982 3048 1161 3079 comminati
1186 3055 1257 3080 sunt
1271 3073 1278 3087 ‚
1298 3050 1358 3081 11151

352 3098 579 3129 »abscederem
600 3109 617 3128 a
640 3105 807 3140 conspectu
836 3111 943 3132 eorum
974 3101 1127 3133 celeriter.
1158 3105 1224 3134 Nos
1252 3110 1355 3136 autem

357 3167 369 3178 η
391 3150 563 3182 fiducialius
577 3156 700 3192 agentes
715 3175 722 3188 ‚
748 3151 778 3181 in
794 3152 911 3183 medios
933 3153 1049 3194 gladios
1067 3164 1123 3184 nos
1144 3155 1353 3196 conjecimus;

356 3218 369 3230 »
393 3210 422 3235 et
435 3204 497 3245 jam
516 3202 696 3233 semivivum
708 3227 715 3237 ,
736 3202 865 3244 direque
881 3205 1031 3236 laniatum
1049 3217 1064 3236 a
1079 3207 1222 3238 manibus
1247 3219 1355 3241 corum

355 3271 367 3283 ι
386 3255 591 3287 abstraximus
605 3279 612 3293 ‚
633 3261 725 3296 atque
745 3255 882 3297 undique
901 3257 1128 3289 circumdantes
1146 3270 1218 3290 eum
1237 3261 1276 3292 de
1301 3273 1355 3293 sua

354 3326 365 3337 ‚v
384 3309 595 3346 confessione,
617 3315 646 3340 et
672 3309 711 3339 de
736 3310 800 3351 ejus
827 3321 920 3351 quam
939 3322 1046 3352 passus
1073 3311 1172 3342 suerat
1186 3337 1193 3349 ‚
1218 3313 1356 3346 inimico-

351 3378 364 3389 »
383 3373 453 3392 rum
476 3361 636 3404 impietate
656 3361 841 3392 dimittenda
862 3363 987 3393 allocuti
1012 3374 1127 3393 sumus.
1146 3366 1235 3394 Tunc
1259 3365 1309 3396 ille
1323 3366 1355 3397 li-

351 3431 363 3443 »
387 3414 470 3446 beuti
501 3415 603 3446 animo
623 3414 789 3453 omuibus,
821 3416 873 3457 qui
899 3416 931 3447 in
954 3427 986 3446 se
1011 3423 1235 3458 peccaverant,
1255 3418 1355 3450 dimit-

823 245 871 279 IN
901 243 1079 279 TOMUM
1115 239 1312 277 PRIMUM
1344 236 1550 272 OPERUM
1581 237 1615 271 S.
1649 232 1903 268 BERNARDI

2347 233 2422 271 888

1426 330 1438 341 »
1452 321 1537 352 tens,
1555 319 1584 344 et
1604 322 1730 343 suorum
1745 316 1944 353 peccatorum
1957 309 2065 340 intime
2078 309 2290 342 remissionem
2303 318 2422 353 petens,

1426 384 1439 396 »
1458 374 1604 411 percepta
1632 366 1757 397 tandem
1790 363 2010 395 communione
2035 364 2174 406 corporis
2209 371 2239 396 et
2270 367 2426 409 sanguinis

1427 436 1439 448 ι,
1460 420 1572 451 Clu-isti
1588 444 1595 457 ,
1610 419 1707 450 libera
1722 428 1797 448 voce
1814 428 1846 447 se
1859 427 1964 448 coram
1983 416 2128 447 omnibus
2144 418 2330 460 projustitia
2347 421 2427 452 mori

1428 490 1440 501 ι)
1465 479 1653 505 contestatus
1670 477 1734 509 est,
1754 477 1783 502 et
1806 471 1850 501 sic
1863 470 1999 501 reddidit
2012 471 2166 512 spiritum.
2370 465 2373 467 ’
2417 462 2429 473 '

1472 531 1504 558 2.
1524 543 1536 553 »
1561 527 1643 557 Hinc
1660 536 1732 566 ergo
1744 548 1751 562 ‚
1768 524 1839 555 licet
1864 530 1977 554 nostras
1998 524 2065 566 spei
2083 524 2197 556 fiducia
2213 531 2297 557 certa
2310 550 2318 563 ,
2334 537 2429 568 quan·

1429 595 1441 606 »
1460 586 1524 610 tum
1541 579 1579 609 ad
1597 579 1663 619 ejus
1677 576 1837 619 spectabat
1850 577 1979 607 salutem
1993 583 2023 608 et
2043 577 2174 619 gloriam
2187 601 2194 615 ,
2213 572 2429 612 exsultandum

1429 648 1441 659 ι»
1460 632 1588 663 omnino
1615 642 1678 661 non
1701 629 1841 668 dubitet,
1864 629 2094 672 pretiosamque
2118 630 2150 661 in
2171 637 2340 673 conspectu
2364 635 2430 665 Do-

1428 700 1440 712 „
1459 684 1535 715 mini
1554 689 1686 714 mortem
1698 688 1876 713 sanctorum
1896 683 1961 724 ejus
1977 683 2129 722 sciamus3
2147 694 2264 714 moeror
2276 690 2381 716 tamen
2401 692 2433 719 et

1427 753 1440 765 »ι
1455 739 1556 769 luctus
1579 736 1697 779 gravis,
1723 736 1776 777 qui
1793 736 1831 767 de
1845 736 1935 767 amici
1957 737 2123 769 orbatione
2144 743 2174 769 et
2198 739 2358 770 communi
2369 750 2433 772 om-

1428 806 1441 818 »
1460 790 1545 821 nium
1562 795 1705 820 nostrum
1719 788 1902 820 confusione
1916 789 2058 821 oboritur
2069 815 2076 828 ‚
2091 791 2177 822 nulla
2191 801 2318 833 prorsus
2327 803 2434 825 conso-

1429 859 1441 870 »
1459 843 1576 874 latione
1595 842 1625 873 in
1652 848 1760 873 nostro
1781 843 1886 873 animo
1913 848 2115 885 temperatur.
2136 847 2192 875 Me
2213 844 2297 875 enim
2317 845 2434 888 inipso
2463 864 2466 865 ν

1428 912 1441 924 n
1462 896 1598 928 occisum
1612 896 1704 927 video
1718 902 1748 927 et
1763 896 1861 927 multo
1878 896 1975 938 magis
1992 907 2042 927 me
2055 897 2191 928 occisum
2206 908 2299 939 quam
2311 898 2433 940 ipsum3

1428 966 1441 978 ›·
1460 951 1532 993 quia
1546 961 1595 981 me
1614 950 1646 980 in
1659 951 1725 992 ejus
1738 956 1839 981 morte
1852 950 1998 992 periculis
2012 951 2187 992 expositum
2202 940 2314 989 cerno,
2333 951 2435 993 ipsum

1429 1021 1441 1032 »
1463 1011 1567 1035 autem
1588 1015 1604 1035 a
1624 1004 1771 1046 periculis
1791 1004 1970 1036 liberatum.
2000 1007 2149 1047 Superest
2167 1005 2261 1047 igitur
2277 1030 2285 1044 ,
2309 1012 2345 1037 ut
2363 1007 2434 1048 quia

1429 1074 1442 1086 »
1460 1070 1511 1090 me
1523 1070 1607 1089 nunc
1627 1065 1691 1090 tam
1713 1058 1847 1100 graviter
1867 1058 2041 1090 desolatum
2056 1065 2087 1090 et
2103 1059 2320 1090 contristatum
2339 1061 2436 1092 cerni-

1430 1127 1442 1139 »
1466 1111 1503 1143 tis
1517 1136 1524 1149 ,
1547 1111 1587 1142 ad
1606 1123 1656 1143 me
1672 1112 1899 1143 consolandum
1921 1112 2010 1143 simul
2034 1118 2065 1143 et
2084 1112 2314 1143 consiliandum
2330 1114 2436 1146 venire

1429 1180 1442 1192 »
1461 1176 1524 1196 non
1542 1164 1704 1197 differatis.
1725 1168 1788 1207 Ego
1802 1166 1886 1197 enim
1899 1190 1906 1204 ,
1931 1166 2019 1208 quasi
2037 1166 2091 1208 qui
2106 1166 2206 1208 ipsam
2222 1166 2435 1199 detestandam

1430 1233 1443 1245 >1
1464 1218 1523 1250 loci
1550 1218 1662 1250 faciem
1687 1219 1839 1251 sustinere
1864 1230 1928 1250 non
1955 1220 2096 1257 valeam,
2120 1220 2363 1252 Clarae-Vallem
2388 1221 2435 1253 fu-

1431 1288 1443 1306 »
1465 1273 1550 1315 giens
1568 1273 1697 1312 secessi,
1718 1273 1781 1305 illic
1798 1285 1852 1305 vos
1871 1280 2106 1316 exspectaturus
2119 1298 2127 1313 ‚
2146 1279 2181 1305 ut
2203 1274 2365 1305 consilium
2380 1285 2436 1317 pa-

1430 1343 1442 1354 »
1464 1327 1540 1359 riter
1557 1327 1734 1370 capiamus,
1759 1328 1835 1370 quid
1858 1328 1950 1359 nobis
1976 1339 2034 1370 pro
2058 1333 2172 1359 sanctae
2200 1328 2346 1359 Ecclesiae
2373 1334 2436 1360 tam

1430 1382 1646 1414 »intolerabili
1674 1383 1787 1424 injuria
1812 1382 1991 1414 faciendum
2013 1382 2063 1414 sit.
2083 1386 2122 1414 Ι11
2147 1393 2255 1414 01111185
2277 1383 2360 1414 8111111
2380 1393 2436 1414 1105

1429 1452 1442 1463 »
1460 1436 1594 1479 impetus
1615 1437 1671 1468 iste
1685 1448 1790 1468 casum
1813 1437 1969 1474 minatur,
1989 1443 2020 1467 et
2041 1436 2160 1474 veniet,
2181 1435 2240 1467 nisi
2265 1436 2438 1478 praeveniat

1429 1505 1441 1517 n
1459 1490 1627 1521 Dominus.
1647 1490 1767 1521 Mando
1782 1500 1855 1531 ergo
1878 1489 1988 1528 vobis,
2011 1495 2042 1521 et
2055 1500 2254 1531 summopere
2271 1489 2434 1531 deprecor,

1429 1558 1441 1570 n
1461 1549 1494 1575 ut
1520 1543 1605 1574 omni
1621 1543 1771 1575 dilatione
1792 1543 1964 1586 postposita
1982 1543 2215 1575 Clarae-Vallim
2232 1543 2408 1586 properetis
2427 1554 2435 1576 ε

1428 1612 1441 1623 »
1463 1597 1535 1638 quia
1552 1597 1690 1639 pericula
1705 1597 1842 1639 undique
1863 1596 1939 1628 mihi
1955 1596 2138 1636 imminent,
2160 1607 2219 1639 pro
2236 1596 2349 1638 quibus
2361 1607 2437 1628 con.—

1428 1665 1441 1677 »
1459 1650 1561 1681 silium
1580 1650 1700 1682 differri
1720 1661 1784 1681 non
1803 1657 1916 1693 potest.
1935 1665 1950 1677 ›-

1425 1757 1482 1788 His
1496 1757 1667 1789 Gaufridus
1684 1757 1819 1800 acceptis
1833 1782 1841 1797 ,
1864 1757 2133 1790 Claram-Vallem
2151 1757 2331 1796 advolavit,
2348 1768 2436 1789 man-

1427 1812 1563 1854 datoque
1585 1812 1756 1854 apostolico
1777 1812 1926 1854 praecepit
1945 1811 2098 1854 episcopis
2112 1811 2289 1843 dioeceseon
2301 1815 2437 1843 Remen-

1422 1866 1480 1903 sis,
1499 1865 1739 1907 Rotomagensis
1751 1889 1758 1903 ,
1779 1865 1972 1896 Turonensis
1988 1889 1996 1903 ,
2016 1865 2267 1906 Senonensisque
2297 1865 2337 1896 ad
2365 1876 2436 1908 syn—

1424 1920 1518 1952 odum
1552 1920 1635 1952 Jotri
1663 1919 1811 1951 indictam
1837 1919 2016 1962 frequentes
2039 1919 2219 1951 convenire.
2246 1919 2312 1951 Illis
2333 1927 2437 1952 antem

1424 1975 1557 2011 coactis,
1592 1977 1685 2015 Hugo
1710 1973 2021 2016 Gratianopolitanus
2046 1973 2233 2016 episcopus,
2260 1974 2438 2006 Cartusien-

1424 2028 1568 2070 siumque
1584 2027 1702 2059 familia
1718 2027 1904 2070 rescripsere
1918 2052 1926 2066 ,
1950 2042 1963 2054 «
1982 2034 2128 2070 rogantes
2142 2034 2173 2060 et
2185 2027 2384 2060 obsecrantes
2403 2035 2438 2060 ut

1429 2097 1442 2109 »
1464 2082 1497 2113 in
1514 2082 1678 2124 sacrilegos
1694 2081 1879 2120 homicidas,
1895 2081 2094 2113 ecclesiastici
2105 2081 2217 2123 rigoris
2227 2081 2346 2123 gladius
2362 2092 2437 2124 pro-

1429 2152 1442 2163 »
1462 2136 1640 2168 duceretur.
1670 2151 1682 2163 »
1705 2136 1767 2168 Sed
1788 2142 1819 2167 et
1846 2135 2050 2167 Innocentius
2076 2138 2108 2167 S.
2139 2136 2292 2168 Bernardi
2315 2135 2437 2178 scriptis

1424 2191 1561 2222 monitus
1574 2215 1582 2230 ,
1601 2190 1747 2222 Patribus
1763 2201 1858 2233 super
1881 2201 1991 2222 eorum
2016 2190 2142 2222 decreto
2161 2190 2339 2233 rescripsit,
2360 2190 2437 2223 illud

1424 2243 1626 2283 confirmans,
1644 2250 1674 2275 et
1693 2244 1879 2275 sententiam
1896 2244 2085 2276 severiorem
2097 2243 2322 2286 superaddens.
2343 2245 2436 2286 Quod

1423 2298 1533 2329 attinet
1549 2297 1589 2328 ad
1609 2297 1763 2328 rationem
1786 2297 1938 2339 temporis
1961 2308 2024 2339 quo
2047 2296 2116 2328 haec
2137 2296 2238 2328 caedes
2257 2305 2437 2340 perpetrata

1422 2357 1488 2389 est,
1510 2361 1527 2381 a
1541 2353 1572 2382 J.
1594 2350 1727 2382 Picardo
1748 2349 1780 2381 in
1799 2350 1881 2382 notis
1899 2350 1938 2381 ad
1958 2350 2122 2393 epistolam
2136 2351 2312 2382 Innocentii
2325 2376 2333 2391 ‚
2353 2352 2437 2384 aliis-

1422 2415 1483 2446 que
1504 2403 1702 2447 sequacibuS,
1723 2404 1931 2436 communiter
1947 2411 2114 2436 revocatur
2130 2404 2171 2435 ad
2195 2415 2313 2436 annum
2334 2408 2434 2445 1130,

1421 2459 1564 2500 quamvis
1582 2469 1600 2489 a
1617 2459 1753 2490 Baronio
1767 2458 1806 2488 ad
1823 2468 1943 2488 annum
1966 2461 1975 2489 l
1990 2461 2052 2490 135
2066 2457 2239 2500 rejiciatur.
2257 2461 2300 2490 At
2313 2465 2437 2491 senten-

1421 2512 1462 2543 tia
1477 2512 1603 2554 quidem
1623 2512 1674 2543 illa
1691 2511 1819 2554 probari
1841 2522 1907 2543 non
1926 2517 2040 2554 potest.
2060 2513 2190 2543 Constat
2213 2512 2296 2543 enim
2313 2524 2352 2544 ex
2369 2513 2435 2556 epi-

1421 2565 1500 2596 stola
1526 2568 1588 2598 159
1611 2564 1767 2596 Thomam
1792 2564 1886 2596 fuisse
1906 2571 2105 2607 peremptum
2126 2565 2178 2596 die
2199 2566 2386 2604 Dominica‚
2405 2572 2437 2599 et

1421 2618 1549 2660 quidem
1570 2618 1692 2650 decimo
1713 2624 1805 2650 tertio
1830 2618 1981 2650 kalendas
1998 2618 2183 2662 septembris
2196 2644 2205 2659 ‚
2225 2625 2260 2651 ut
2274 2620 2387 2662 legitur
2404 2621 2437 2652 in

1421 2673 1609 2715 Necrologio
1628 2673 1794 2704 Victorino
1816 2672 1864 2704 his
1887 2673 1992 2705 verbis
2011 2684 2018 2705 :
2046 2688 2059 2700 κ
2087 2673 2348 2705 Anniversarium
2373 2684 2435 2705 ma-

1427 2741 1439 2753 »
1457 2726 1543 2768 gistri
1559 2726 1688 2758 Thomae
1702 2726 1819 2758 Pr10ris
1834 2726 1927 2768 hujus
1940 2727 2078 2758 ecclesiae
2089 2751 2097 2765 ‚
2113 2726 2168 2769 qui
2180 2737 2238 2769 pro
2255 2726 2437 2758 defensione

1427 2795 1439 2807 »
1454 2780 1581 2822 justitiae
1606 2780 1646 2811 ab
1666 2780 1799 2812 inimicis
1821 2781 1950 2823 justitia:
1972 2780 2142 2813 crudeliter
2164 2779 2366 2820 interfectus,
2389 2781 2433 2811 vi-

1427 2845 1530 2865 »vens
1550 2840 1581 2866 et
1602 2834 1739 2866 moriens
1763 2834 1935 2865 honestatis
1961 2840 1992 2866 et
2009 2834 2167 2877 patientiae
2191 2833 2317 2876 dignam
2344 2840 2437 2876 atque

1427 2903 1439 2915 n
1458 2887 1642 2918 imitabilem
1661 2887 1847 2929 sequacibus
1863 2887 1926 2919 suis
1944 2887 2016 2920 vitae
2028 2887 2197 2920 formulam
2219 2886 2396 2928 dereliquit.
2419 2901 2432 2914 a

1423 2941 1603 2973 Concordat
1631 2942 1726 2974 etiam
1755 2942 2019 2974 Sancti-Guinaili
2046 2940 2259 2974 Corboliensis
2277 2940 2436 2972 Kalenda-

1421 2994 1522 3033 rium,
1549 3001 1628 3026 teste
1648 2994 1790 3026 Picardo.
1814 2994 2017 3037 Proindeque
2038 2994 2104 3026 dies
2127 2994 2186 3026 iste
2207 2993 2338 3025 Thomae
2366 3004 2436 3025 san-

1421 3049 1514 3091 guine
1533 3056 1732 3081 consecratus
1754 3049 1891 3081 litteram
1908 3049 2128 3081 dominicalem
2147 3048 2222 3080 anni
2252 3050 2341 3080 1130
2356 3059 2436 3091 prae-

1421 3101 1503 3133 ferre
1520 3101 1626 3140 debet,
1643 3102 1729 3144 quod
1745 3108 1854 3134 contra
1872 3101 1984 3134 accidit
2002 3113 2010 3134 :
2030 3113 2103 3134 nam
2118 3101 2222 3133 littera
2241 3100 2435 3134 dominicalis

1420 3153 1506 3185 istius
1533 3154 1606 3185 anni
1623 3161 1668 3186 est
1688 3158 1713 3186 E
1725 3180 1732 3193 ,
1756 3156 1860 3187 littera
1881 3166 1956 3187 vero
1975 3155 2097 3187 decimo
2117 3154 2209 3186 tertio
2225 3154 2376 3186 kalendas
2391 3165 2438 3186 se-

1421 3207 1573 3250 ptembris
1597 3209 1792 3251 respondens
1815 3216 1861 3241 est
1891 3212 1930 3241 A.
1958 3209 2059 3242 Addit
2083 3209 2234 3241 Picardus
2258 3208 2320 3240 duo
2345 3219 2436 3251 argu-

1421 3268 1528 3293 menta
1543 3262 1574 3292 in
1596 3273 1660 3293 suae
1683 3263 1844 3294 sententiae
1858 3263 2142 3295 confirmationem.
2159 3262 2304 3294 Alterum
2315 3286 2324 3300 ‚
2353 3261 2437 3304 quod

1422 3315 1552 3347 Thomas
1567 3317 1682 3348 Prioris
1696 3317 1840 3348 interitus
1857 3320 1889 3349 S.
1913 3317 2056 3359 Hugonis
2069 3315 2354 3359 Gratianopolitani
2367 3315 2434 3346 obi-

1421 3375 1486 3398 tum
1504 3375 1697 3408 antevertat,
1714 3380 1785 3401 cum
1802 3369 1853 3401 1118
1870 3380 1928 3412 pro
1946 3369 2076 3401 Thomae
2092 3368 2304 3401 sindicatione
2319 3367 2359 3398 ad
2381 3371 2436 3399 Pa-

1423 3428 1484 3452 tres
1501 3422 1530 3452 in
1549 3426 1568 3454 J
1571 3424 1686 3454 oti-ensi
1704 3424 1835 3456 concilio
1859 3431 1982 3456 coactos
2008 3435 2070 3456 una
2085 3434 2156 3456 cum
2185 3421 2434 3456 Cartusiensibus
