2565 3952
62 202 132 240 193

987 193 1250 229 EPISTOLAE.

57 294 139 320 mus
155 287 192 317 et
210 291 288 329 quo
305 275 553 328 sperabamus
570 287 702 326 pacem
722 272 927 322 consequi,
946 279 1075 308 vestro
1093 271 1107 288 ³

2093 193 2163 229 192

1112 270 1125 287 ³¹
1146 271 1238 308 mini
1258 284 1318 307 me
1334 270 1474 307 horum
1492 278 1702 306 auctorem.
1720 269 1757 307 Si
1774 269 1862 316 feci3
1878 269 1990 307 laude
2005 270 2163 320 dignum

57 355 163 392 aeque
203 340 341 376 timore
377 349 585 387 suspenso,
626 335 713 372 facti
751 333 904 371 interim
946 331 1128 370 sumusA
1146 341 1203 370 est
1231 330 1437 369 laudabilia
1463 330 1677 382 peregisse,
1707 337 1744 367 et
1776 329 1907 379 inique
1929 329 2162 379 redarguor,

56 400 308 454 opprobrium
339 398 474 435 vicinis
496 396 636 434 nostris
663 410 670 432 :

55 462 192 501 viderit
208 459 360 498 Pietatis
385 457 612 509 compassio.

695 409 745 446 qll
751 409 772 432 Ο
778 408 898 445 usque
910 396 924 418 ³
942 402 1077 431 vestrae

799 603 927 612 =v====sxs
933 602 1016 611 ====xn
1023 602 1077 611 xsus

173 693 580 796 ‘EPISTOLA
621 732 912 793 XLVIII.a

57 907 105 931 AD
131 903 374 929 HAIMERICLM
403 902 707 935 CANCELLARIUM,
738 901 840 925 11an
870 900 999 931 SL'PRA,
1030 900 1077 923 ET

315 963 462 988 CONTRA
492 962 814 987 OBTRECTATORES.

59 1104 237 1139 Rei-nardus
259 1103 403 1147 querelas
425 1103 458 1135 in
475 1113 509 1135 se
531 1101 629 1134 factas
654 1101 763 1140 diluit,
788 1107 819 1132 et
838 1099 1015 1132 solitudinis
1037 1099 1079 1131 si-

296 1158 447 1202 lentiique
476 1157 656 1190 facultatem
680 1162 839 1201 precatur.

59 1297 152 1336 Viro
175 1295 312 1333 illustri
340 1298 586 1340 Humerum,
613 1302 753 1331 sanctae
771 1297 956 1331 Romanae
976 1291 1082 1329 Sedis

113 1357 363 1402 cancellario,
397 1356 514 1392 frater
550 1353 770 1393 Bernardus
804 1351 922 1390 abbas
958 1351 1083 1389 dictus

114 1416 371 1456 Clarae-Vallis
386 1444 396 1462 ,
415 1417 597 1463 salutem,
615 1424 653 1453 et
673 1427 751 1452 non
773 1414 813 1450 in
830 1412 904 1450 via.

118 1560 151 1597 1.
186 1559 362 1597 Etiamne
394 1558 557 1609 pauperi
587 1565 624 1595 et
650 1557 759 1609 inopi
781 1560 923 1598 veritas
952 1561 1086 1599 odium

64 1621 186 1673 parit,
206 1628 245 1657 et
269 1633 319 1657 ne
346 1619 429 1671 ipsa
449 1619 608 1670 quidem
633 1618 787 1656 miseria
807 1619 1001 1659 declinare
1027 1622 1088 1659 in-

64 1682 205 1720 vidiam
220 1683 374 1732 potest?
394 1684 564 1730 Querar,
585 1694 633 1718 an
651 1681 811 1731 glorier,
834 1682 940 1733 quod
966 1683 1088 1721 factus

66 1757 147 1781 sum
166 1751 203 1780 et
229 1743 311 1794 ipse
332 1742 512 1780 inimicus
531 1755 624 1779 vera
639 1742 797 1780 dicens?
813 1747 912 1782 Vera
935 1744 1085 1792 dicens,

1144 392 1247 430 unde
1266 392 1414 429 laudari
1435 404 1664 429 merueram.
1687 391 1724 427 Si
1742 403 1821 427 non
1840 390 1929 436 feci3
1951 399 1991 427 ut
2011 390 2164 427 laudem

1145 467 1224 491 non
1254 454 1400 499 merui,
1433 453 1485 490 sic
1516 452 1691 503 profecto
1720 464 1791 488 nec
1824 450 2164 500 vituperationem.

1144 518 1296 552 Novum
1333 528 1453 564 genus
1488 512 1754 559 detractionis,
1799 520 1836 548 et
1869 525 2003 548 revera
2042 511 2164 548 simile

1143 576 1287 627 aliquid
1322 575 1467 613 habens
1505 575 1614 626 operi
1649 575 1820 621 Balaam,
1851 573 1917 624 qui
1956 573 2094 609 ductus
2129 582 2166 609 et

1143 637 1359 675 conductus
1396 636 1444 674 ad
1483 635 1789 674 maledicendum
1833 633 2000 685 populo,
2047 634 2166 683 magis

1142 696 1478 735 benedictionibus
1495 695 1717 749 cumulabat
1731 696 1757 732 4.
1777 694 1878 744 Quid
1895 693 2055 744 justius,
2073 694 2166 744 quid

1137 759 1368 810 jucundius,
1393 772 1509 809 quam
1532 766 1574 795 ut
1593 770 1708 808 quem
1729 755 2015 807 reprehendere
2037 755 2168 791 inten-

1145 819 1221 867 dis,
1248 820 1336 872 plus
1369 818 1639 866 commendes;
1668 826 1710 855 ut
1733 816 1936 868 praeconiis
1969 828 2039 866 pro
2070 828 2167 851 con-

1144 881 1253 918 viciis
1267 881 1387 918 utaris
1405 880 1574 928 nescius3
1591 888 1629 917 et
1646 879 1780 916 volens
1796 877 1997 915 detrahere
2011 906 2020 923 ,
2036 875 2168 918 laudes

1145 943 1315 980 invitus?
1334 942 1451 992 Quasi
1476 955 1570 979 vero
1592 941 1697 978 nulla
1723 953 1807 977 mea
1831 938 1931 976 mala
1950 938 2154 975 inveniant

1146 1013 1187 1041 ut
1219 1017 1292 1055 pro
1325 1004 1434 1041 malis
1465 1003 1559 1040 mihi
1590 1001 1693 1039 bona
1725 999 1931 1051 objiciant,
1952 999 2013 1036 vel
2041 998 2170 1049 potius

1147 1065 1330 1116 adjiciant
1348 1065 1483 1102 aliena.

1202 1128 1240 1165 2.
1262 1132 1312 1166 At
1337 1140 1408 1178 ego
1435 1140 1506 1164 nec
1528 1125 1694 1176 indignis
1710 1121 2064 1174 vituperationibus
2085 1134 2171 1158 mo-

1148 1202 1261 1235 veor,
1292 1201 1362 1225 nec
1398 1186 1588 1225 indebitas
1622 1185 1768 1236 recipio
1797 1183 1927 1221 laudes
1958 1198 1965 1220 :
2000 1182 2052 1219 nil
2087 1195 2172 1218 mea

1151 1251 1268 1288 refert
1287 1249 1334 1286 de
1353 1249 1430 1295 his,
1449 1261 1617 1299 quorum
1648 1255 1783 1284 auctor
1807 1259 1886 1282 non
1908 1244 2045 1281 exstiti.
2069 1247 2171 1280 Lau—

1151 1311 1244 1348 dent
1261 1310 1290 1348 si
1315 1311 1474 1356 volunt,
1501 1310 1562 1346 vel
1592 1309 1837 1358 vituperent,
1869 1306 1900 1342 si
1935 1305 2101 1351 audent,
2123 1304 2169 1341 de

1152 1371 1279 1423 primo
1314 1370 1468 1422 quidem
1503 1369 1705 1406 dominum
1738 1367 2017 1411 Albanensem‚
2043 1366 2089 1402 <le
2117 1379 2177 1402 se-

1153 1432 1283 1470 cundo
1321 1445 1415 1469 vero
1451 1430 1654 1468 (lominum
1689 1433 1939 1474 Remensem3
1976 1440 2094 1477 porro
2129 1425 2175 1462 de

1156 1493 1268 1531 tertio
1299 1491 1478 1530 eumdem
1508 1505 1616 1542 aeque
1640 1489 1973 1540 archiepiscopum
2001 1488 2113 1525 simul
2142 1496 2180 1524 et

1153 1555 1380 1606 episcopum
1400 1553 1719 1599 Laudunensem,
1739 1565 1825 1589 cum
1851 1555 1954 1601 Rege
1978 1550 2123 1600 pariter
2143 1557 2180 1585 et

1154 1617 1285 1654 multis
1311 1615 1395 1653 aliis
1417 1613 1639 1653 reverendis
1659 1612 1856 1665 personis,
1885 1612 1951 1662 qui
1981 1624 2019 1648 se
2047 1611 2180 1660 utique

1155 1686 1332 1716 auctores
1364 1677 1404 1714 in
1434 1677 1492 1714 his
1518 1685 1557 1714 et
1582 1675 1779 1727 principes
1808 1673 1997 1711 exstitisse
2024 1673 2182 1709 minime

1156 1739 1386 1777 diffitentur.
1416 1739 1454 1778 Si
1479 1738 1579 1776 bene
1609 1745 1791 1789 egerunt,
1824 1735 1917 1786 quid
1953 1734 2001 1772 acl
2035 1736 2122 1771 me?
2153 1735 2182 1771 si

67 1812 232 1843 anrecta
256 1805 396 1854 agens?
414 1803 488 1842 Sed
508 1803 582 1841 hoc
602 1803 772 1841 viderint
794 1805 930 1843 fratres
946 1806 1085 1852 vesu-i,
1109 1808 1136 1844 C
1157 1801 1287 1847 aliter,
1322 1799 1416 1850 quid
1453 1812 1561 1850 aeque
1588 1798 1637 1835 acl
1671 1812 1732 1835 me
1759 1797 1802 1833 *9
1828 1801 1889 1834 An
1923 1804 2003 1833 tota
2032 1803 2069 1832 et
2101 1795 2182 1832 sola

66 1866 133 1918 qui
160 1873 295 1903 contra
322 1865 446 1915 legem
474 1864 712 1902 maledicunt
741 1865 860 1903 surdo
883 1873 910 1913 ¹,
939 1875 978 1904 et
1007 1880 1089 1904 ma-

66 1926 248 1965 ledictum
293 1925 565 1977 propheticum
606 1939 685 1963 non
720 1935 916 1974 verentes,
957 1927 1090 1965 dicunt

68 1987 201 2025 bonum
218 1989 375 2033 malum,
398 1996 436 2023 et
451 1989 591 2023 malum
621 1986 756 2023 bonum
773 1993 799 2024 ².
819 1987 920 2036 Quid
942 1988 982 2025 in
1007 2002 1087 2034 me,

67 2061 92 2086 ο
125 2047 220 2085 boni
250 2047 343 2095 viri,
381 2047 576 2098 displicuit
605 2049 851 2087 Fraternitati
880 2058 1018 2087 vestrae
1048 2051 1091 2087 *Ρ

36 2135 44 2138 -
67 2113 258 2149 Utrumne
280 2109 387 2160 quod
415 2109 517 2160 apud
536 2110 787 2147 Catalaunum
805 2119 957 2149 amotus
985 2120 1042 2149 est
1070 2125 1091 2148 a

66 2171 302 2209 villicatione
329 2170 400 2208 sibi
421 2171 567 2208 credita
582 2170 701 2208 homo
726 2184 1004 2222 usquequaque
1021 2173 1091 2210 dif-

69 2233 230 2270 famatus
242 2260 253 2278 ,
273 2232 364 2282 quia
386 2232 426 2268 in
456 2231 616 2269 ecclesia
631 2231 865 2270 Virdunensi
881 2263 890 2279 ,
908 2233 970 2270 cui
994 2247 1092 2284 prae-

69 2293 212 2341 fuerat,
243 2293 463 2343 dissipasset
490 2292 594 2330 bona
623 2292 770 2330 domini
796 2293 879 2330 sui?
896 2298 956 2331 An
984 2294 1091 2346 quod

70 2354 109 2392 in
126 2353 222 2392 urbe
246 2353 512 2392 Cameracensi
538 2354 763 2391 monasterii
786 2355 845 2391 sui
869 2355 1092 2394 manifestus

73 2414 287 2453 destructor
301 2413 507 2453 Fulbertus
526 2413 662 2452 cedere
683 2416 907 2465 compulsus
929 2424 985 2453 est
1005 2420 1094 2454 Par-

75 2477 183 2524 vino,
199 2477 267 2527 qui
282 2476 458 2514 omnium
483 2475 704 2513 testimonio
729 2476 851 2514 fidelis
872 2486 929 2514 est
958 2491 1093 2515 servus

45 2581 48 2583 ,
74 2546 112 2576 et
128 2538 321 2589 prudens?
341 2541 401 2575 An
429 2546 532 2575 certe
551 2537 658 2588 quod
677 2537 858 2576 Lauduni
878 2538 926 2575 de
946 2539 1092 2589 prosti—

1157 1861 1271 1911 culpa
1292 1873 1376 1897 mea
1406 1868 1462 1897 est
1489 1859 1595 1910 quod
1622 1857 1748 1904 adfui,
1772 1856 1888 1893 homo
1909 1856 1999 1893 solis
2026 1855 2183 1893 latebris

1158 1922 1317 1973 dignus;
1343 1922 1414 1959 soli
1444 1921 1538 1958 mihi
1564 1920 1709 1971 judex,
1736 1919 1807 1956 soli
1836 1926 2035 1955 accusator
2055 1926 2092 1954 et
2122 1931 2185 1953 ar—

1157 1983 1258 2021 biter
1272 1983 1525 2030 constitutus,
1547 1990 1738 2033 quatenus
1755 1987 1946 2017 monstret
1961 1978 2060 2015 actio
2079 1978 2184 2028 quod

1158 2045 1274 2083 habet
1305 2045 1515 2096 professio,
1550 2052 1588 2081 et
1623 2055 1767 2080 nomen
1803 2040 1982 2078 monachi
2017 2040 2185 2078 solitaria

1159 2107 1254 2144 mihi
1291 2107 1534 2144 conrersatio
1575 2104 1884 2156 interpretetur?
1915 2102 2034 2140 Adfui
2062 2103 2183 2149 enim,

1158 2181 1298 2218 negare
1319 2181 1397 2205 non
1421 2181 1578 2219 possum
1603 2183 1610 2204 :
1638 2166 1703 2205 sed
1732 2173 1914 2212 vocatus,
1936 2163 2002 2202 sed
2026 2173 2180 2201 tractus.

1159 2230 1196 2268 Si
1217 2230 1290 2267 hoc
1320 2229 1451 2267 amicis
1483 2229 1697 2280 displicuit;
1730 2228 1874 2274 fateor,
1902 2235 1939 2264 et
1972 2225 2077 2262 mihi.
2100 2227 2184 2264 [ti-

1160 2305 1249 2329 nam
1276 2305 1356 2329 non
1390 2292 1502 2329 issem
1532 2291 1579 2329 ad
1606 2291 1691 2338 illa,
1721 2290 1870 2327 utinam
1903 2301 1982 2326 non
2009 2288 2104 2324 irem
2138 2287 2186 2324 ad

1160 2353 1310 2390 similia.
1332 2353 1491 2392 L'tinam
1519 2361 1557 2390 et
1577 2365 1704 2402 nuper
1723 2364 1803 2388 non
1823 2350 1936 2387 issem
1950 2379 1960 2396 ,
1980 2347 2048 2386 ubi
2068 2348 2187 2385 vidis-

1161 2427 1238 2451 sem
1267 2413 1470 2451 adversum
1492 2413 1703 2451 Ecclesiam
1734 2411 1943 2462 apostolica
1970 2409 2084 2461 (proh
2112 2409 2185 2446 do-

1160 2475 1219 2512 lor
1236 2474 1267 2526 l)
1285 2475 1513 2512 auctoritate
1533 2474 1743 2511 violentam
1765 2472 1905 2509 armari
1924 2470 2184 2521 tyrannidem,

1160 2537 1267 2587 quasi
1289 2550 1367 2573 non
1397 2536 1485 2573 satis
1507 2549 1577 2586 per
1608 2547 1646 2572 se
1669 2534 1884 2571 insanisset.
1906 2537 2001 2570 Tum
2030 2532 2185 2569 demum

74 2597 167 2637 bulo
178 2599 339 2637 Veneris
355 2612 468 2636 suum
489 2603 573 2637 Deo
591 2599 850 2637 sanctuarium
872 2601 1093 2637 restitutum
1107 2602 1141 2636 D
1159 2598 1258 2635 sensi
1294 2598 1406 2648 juxta
1438 2597 1668 2648 prophetam
1711 2595 1972 2632 adhaerescere
2011 2594 2183 2643 linguam

75 2668 132 2698 est
150 2661 192 2698 *?
211 2664 376 2711 Propter
395 2659 501 2710 quod
528 2660 669 2697 horum
698 2674 780 2708 me,
804 2674 883 2698 non
914 2660 1020 2707 dico,
1041 2661 1096 2698 la-

76 2721 236 2773 pidatis,
264 2722 331 2760 sed
364 2721 565 2769 laceratis,
593 2730 637 2759 ut
668 2722 795 2759 minus
823 2722 970 2773 aliquid
1003 2723 1097 2760 reci-

76 2783 178 2834 piam
211 2796 234 2820 a
261 2783 430 2821 Domino
460 2796 546 2820 meo
576 2781 613 2819 3?
633 2786 681 2820 Et
706 2783 781 2820 hoc
811 2784 948 2820 merito
981 2793 1097 2835 atque

22 2873 23 2879 ,
78 2857 164 2881 cum
185 2844 290 2881 omni
318 2843 441 2895 gloria
466 2843 764 2895 responderem,
786 2844 816 2881 si
841 2844 935 2895 quid
967 2845 1005 2881 in
1044 2845 1096 2882 eis

79 2918 205 2943 meum
232 2919 518 2956 cognoscerem.
537 2909 649 2943 Nunc
669 2914 796 2943 autem
819 2906 957 2956 utquid
989 2905 1097 2956 judi-

24 2975 25 2980 ’
80 2979 146 3004 cor
162 2980 233 3018 ego
259 2967 306 3005 de
335 2967 441 3005 factis
461 2968 617 3004 alienis?
634 2975 700 3004 aut
727 2967 757 3004 si
784 2967 900 3014 meis,
929 2981 998 3004 cur
1017 2976 1098 3004 tan-

81 3039 192 3077 quam
221 3027 268 3066 de
297 3029 432 3066 malis?
453 3042 542 3066 cum
574 3036 713 3066 cuncta
739 3029 820 3066 haec
847 3028 951 3078 juste
982 3037 1098 3079 atque

81 3087 261 3136 praeclare
295 3096 399 3138 gesta
437 3088 552 3126 fuisse
588 3088 694 3125 nulla
724 3088 985 3139 imprudentia
1026 3088 1099 3125 du-

81 3143 218 3194 bitare,
240 3148 344 3185 nulla
371 3162 510 3198 negare
530 3148 773 3199 impudentia
795 3148 929 3199 possit.
962 3149 1098 3198 Eligite

82 3217 184 3242 nunc
209 3206 436 3244 utrumlibet
459 3223 467 3245 ;
490 3215 556 3244 aut
583 3216 718 3258 negate
750 3216 875 3254 certe,
904 3217 968 3245 aut
1000 3208 1097 3245 fate-

1164 2673 1287 2696 meam
1322 2659 1450 2710 palato
1482 2671 1568 2695 meo
1589 2657 1602 2680 5
1627 2673 1633 2694 ι
1666 2670 1753 2693 cum
1785 2654 1912 2692 subito
1941 2654 2096 2705 pondus
2125 2667 2186 2690 su-

1163 2719 1377 2771 perjectum
1400 2727 1457 2756 cst
1476 2719 1618 2756 nostris
1635 2716 1869 2763 cervicibus,
1892 2724 2006 2766 atque
2027 2714 2186 2751 irrefra-

1164 2781 1299 2832 gabilis
1320 2781 1526 2818 auctoritas
1548 2781 1776 2817 litterarum.
1796 2782 1880 2815 Heu
1898 2780 1904 2813 1
1931 2776 2130 2823 obmutui,
2151 2785 2189 2813 et

1164 2843 1389 2880 humiliatus
1406 2856 1514 2889 sum,
1537 2850 1574 2879 et
1596 2841 1681 2878 silui
1702 2854 1723 2877 a
1741 2839 1873 2885 bonis,
1893 2846 1930 2875 et
1947 2837 2059 2874 dolor
2079 2850 2187 2874 meus

1165 2913 1373 2942 renovatus
1407 2912 1464 2940 est
1492 2901 1520 2949 5,
1553 2902 1709 2953 quando
1734 2900 1814 2937 vicli
1843 2907 2003 2950 repente
2029 2899 2076 2936 ad
2106 2899 2188 2936 illas

1165 2966 1310 3003 litteras
1337 2964 1489 3015 impleri
1520 2964 1633 3001 facies
1661 2961 1928 3000 innocentium
1958 2959 2188 3010 ignominia,

1165 3035 1202 3063 et
1223 3026 1343 3063 laetari
1371 3025 1536 3075 amplius
1560 3024 1699 3075 impios
1721 3021 1825 3073 quod
1848 3020 2128 3065 malefecerint,
2149 3028 2186 3056 et

1165 3087 1359 3124 exsultare
1374 3087 1412 3123 in
1429 3084 1544 3123 rebus
1558 3084 1745 3136 pessimis.
1760 3083 1960 3121 Misertum
1977 3089 2033 3118 est
2047 3080 2184 3130 impio,

1165 3156 1208 3185 ut
1223 3147 1336 3197 juxta
1350 3147 1502 3188 *dictum
1524 3146 1818 3198 propheticum,
1837 3156 1916 3180 non
1938 3142 2101 3179 disceret
2131 3142 2187 3177 fa—

1166 3221 1252 3245 cere
1266 3206 1456 3257 justitiam
1475 3224 1482 3246 :
1501 3216 1539 3245 et
1556 3207 1621 3257 qui
1639 3206 1678 3243 in
1697 3214 1798 3242 terra
1814 3212 2035 3241 sanctorum
2056 3201 2188 3250 iniqua

133 3344 145 3359 ¹
163 3340 263 3372 Lexit.
282 3353 346 3372 xxx
371 3367 379 3380 ‚
405 3345 460 3374 14.
478 3363 520 3367 —
546 3349 559 3365 ²
574 3343 646 3375 lsai.
668 3356 698 3382 v,
721 3347 776 3375 20.
795 3363 838 3366 -
862 3342 876 3367 3
895 3346 988 3375 Joan.
1007 3355 1049 3383 x,
1079 3347 1132 3375 32.
1152 3364 1198 3367 —
1223 3343 1237 3370 ’4
1252 3346 1347 3375 Num.
1367 3355 1549 3374 xxu-uw.
1567 3361 1613 3364 -
1639 3340 1653 3363 5
1677 3341 1758 3372 Psal.
1788 3350 1927 3375 cxxxvr,
1955 3343 1985 3369 6.
2008 3356 2052 3360 --
2073 3334 2088 3357 ⁶
2105 3335 2189 3368 Psal.

85 3395 218 3417 mvux
230 3412 238 3426 ,
257 3391 290 3420 3.

271 3473 364 3497 T031.
396 3475 420 3497 Ι.

1201 3394 1214 3408 ³
1231 3392 1353 3433 Scripta
1366 3391 1447 3423 eirca
1462 3401 1579 3422 annum
1600 3392 1610 3420 1
1625 3392 1699 3420 130.

2039 3474 2049 3494 Ι
