2517 3920
322 198 419 236 1503

319 285 517 315 cunctatus
532 289 701 327 quonam
722 274 838 313 modo
858 275 912 312 illi
932 274 970 312 id
990 275 1189 312 accidisset
1210 289 1218 311 ε
1241 290 1256 305 α
1276 276 1330 311 Ut

321 357 336 373 »
358 338 550 389 suspicor,
572 355 585 370 »
607 337 753 387 inquit,
778 353 792 369 «
809 335 1029 373 daemonum
1051 335 1298 385 malignitate.
1317 351 1330 366 υ
1354 334 1381 368 Α
1400 333 1515 369 561161
1547 339 1720 367 sanctum
1742 339 1780 367 et
1801 329 1958 367 doctum
1984 345 1991 367 :

319 404 365 437 Et
385 399 490 436 addit
508 414 515 436 ε
538 416 552 431 «
571 398 735 436 Ludenti
750 397 787 434 in
810 405 919 447 prato
936 397 1027 447 ipsi,
1050 397 1089 433 ni
1111 397 1239 441 fallor,
1263 394 1331 430 1111-

319 479 333 494 »
352 461 488 497 misere
505 473 682 510 soporem
698 487 707 504 ,
725 459 984 508 evigilansque
1000 457 1203 508 puerulus,
1219 456 1271 492 sic
1291 467 1330 491 se

317 540 332 554 ›=
351 521 511 558 invenit.
538 538 552 553 »
572 524 662 558 Haec
687 520 839 566 dicens,
866 533 953 556 cum
973 517 1150 567 lacrymis
1176 529 1330 567 precem

319 582 465 629 fundit,
483 581 665 631 efflagitat
679 594 804 630 opem.
824 579 1003 617 Misertus
1021 578 1103 628 ejus
1118 577 1242 615 oravit
1254 581 1333 614 Ma·

320 643 460 680 lachias
474 671 483 689 ,
503 641 644 692 jubens
665 655 808 691 aegrum
829 641 981 677 interim
1003 639 1172 676 dormire
1188 637 1327 675 ibidem

320 718 436 754 super
468 704 604 740 solium
635 709 663 739 ³.
701 701 913 747 Dormivit;
945 710 982 737 et
1010 700 1176 737 surrexit
1202 712 1328 736 sanus.

318 768 432 802 Hunc
460 765 560 814 ipse,
584 763 673 813 quia
704 762 750 798 de
770 762 885 810 longe
909 769 1084 807 venerat,
1109 759 1330 809 aliquandiu

319 825 357 862 in
400 824 582 861 comitatu
618 836 688 859 suo
724 821 900 866 retinuit,
940 830 978 858 et
1015 830 1096 858 erat
1131 820 1332 857 ambulans

321 898 407 922 cum
430 898 487 920 eo.

372 946 435 983 50.
466 948 509 981 In
537 943 769 979 monasterio
793 942 1054 980 Benchorensi'
1076 954 1226 991 pauper
1247 940 1333 990 qui-

318 1006 403 1042 dam
428 1005 587 1041 fratrum
604 1003 858 1053 eleemosynis
875 1001 1172 1040 sustentabatur.
1189 1005 1235 1038 Et
1252 1009 1333 1038 erat

1341 271 1389 290 (379

1090 199 1125 234 S.
1157 196 1411 232 BERNARDI
1440 195 1643 230 ABBATIS
2310 195 2406 232 1504

1402 271 1469 309 sed
1484 270 1601 320 magis
1619 269 1824 320 quemdam
1839 269 2034 307 hominem
2052 283 2276 321 pauperem,
2296 286 2409 322 quem

2023 338 2060 367 et
2078 330 2140 367 hic
2172 339 2254 368 erat
2283 332 2412 369 alieni-

1396 406 1505 443 gena.
1522 391 1717 440 Quaeritur
1731 390 1794 427 ille
1813 406 1820 428 :
1838 390 2038 427 nuntiatur
2052 390 2281 428 decumbere
2298 392 2411 439 lecto,

1397 461 1435 490 et
1454 454 1507 489 ita
1527 451 1682 498 debilis,
1700 459 1743 488 ut
1760 451 1867 488 nullo
1888 459 2001 501 pacto
2025 459 2159 498 exeat,
2183 451 2255 488 nisi
2276 452 2314 488 in
2333 465 2413 490 ma-

1397 513 1511 550 nibus
1542 521 1717 564 portatus
1748 512 2060 549 ministrantium.
2089 515 2136 549 Et
2170 513 2374 550 Malachias
2403 528 2411 550 ε

1398 592 1412 608 «
1435 579 1592 624 Surgat,
1625 592 1637 607 υ
1667 574 1813 623 inquit,
1838 590 1853 606 «
1886 573 1924 610 in
1956 573 2112 610 nomine
2144 573 2323 620 Domini,
2343 587 2414 624 ego

1397 653 1411 669 υ
1437 635 1646 686 praecipi03
1679 633 1898 671 obedientia
1932 634 2081 671 salvum
2118 633 2230 670 faciet
2263 647 2365 672 eum.
2399 653 2414 669 n

1398 696 1500 746 Quid
1530 697 1672 733 faceret
1692 696 1779 732 ille?
1802 698 1941 732 Parere
1964 693 2140 741 volebat,
2163 694 2228 731 sed
2248 695 2417 745 impara-

1399 765 1479 793 tum
1502 770 1541 793 se
1564 754 1751 793 sentiebat
1772 769 1780 791 z
1803 753 1909 804 quod
1928 754 1996 791 etsi
2015 762 2146 804 posset
2165 754 2243 801 ire,
2264 755 2417 805 episco-

1399 817 1481 867 pari
1499 815 1786 853 reformidabat.
1802 819 1859 853 Ita
1877 829 1963 852 cum
1981 816 2179 852 voluntate
2194 814 2416 862 obediendi,

1399 885 1595 927 pugnante.
1616 877 1768 926 gemino
1793 875 1922 922 hoste,
1943 875 2118 925 pondere
2139 876 2358 926 languoris,
2379 885 2417 913 et

1400 946 1504 974 metu
1536 938 1695 974 honoris
1717 943 1756 984 ⁶,
1777 936 1869 973 vicit
1900 936 1964 973 illa
1994 945 2140 983 tamen,
2162 936 2248 973 data
2278 936 2350 974 sibi
2377 937 2416 974 in

1400 997 1635 1047 adjutorium
1664 1010 1731 1047 spe
1761 996 1903 1033 salutis.
1929 1000 2063 1046 Itaque
2084 1005 2265 1044 conatur,
2288 1007 2419 1035 movet

319 1065 583 1116 quotidianam
600 1064 790 1114 accipiens
808 1064 944 1115 stipem
958 1093 967 1110 ,
986 1062 1130 1113 aliquid
1147 1062 1264 1099 officii
1285 1062 1337 1098 fa-
1356 1058 1383 1092 Β
1402 1072 1483 1096 5656
1497 1087 1506 1104 ,
1530 1066 1651 1095 tentat
1678 1058 1780 1095 vires
1794 1086 1803 1104 ,
1823 1057 1971 1094 invenit
1991 1071 2030 1095 se
2056 1058 2169 1095 solito
2199 1058 2412 1096 fortiorem.

319 1127 457 1163 etitans
477 1125 516 1161 in
545 1124 719 1175 pistrino.
748 1129 783 1162 Is
803 1124 961 1161 claudus
987 1123 1034 1160 ab
1055 1123 1165 1160 annis
1186 1121 1334 1159 duode-

318 1185 416 1231 cim,
449 1183 554 1220 humi
583 1182 761 1220 manibus
791 1196 952 1233 repens,
986 1191 1075 1233 post
1101 1195 1139 1219 56
1162 1180 1336 1218 trahebat

318 1245 436 1296 pedes
457 1253 655 1282 emortuos
674 1259 681 1281 :
699 1258 812 1294 quem
832 1244 892 1281 die
912 1244 1077 1295 quadam
1098 1251 1185 1280 ante
1201 1243 1333 1279 cellam
1371 1278 1373 1280 .

319 1320 424 1343 suam
455 1305 660 1343 Malachias
688 1314 868 1342 moestum
899 1313 937 1342 et
966 1312 1192 1341 moerentem
1226 1302 1334 1340 inve-

314 1367 424 1404 niens
452 1380 602 1403 causam
632 1374 896 1416 percontatur.
921 1368 968 1402 Et
989 1366 1052 1402 ille
1080 1379 1087 1401 ε
1120 1382 1133 1397 α
1159 1363 1294 1410 Vides,
1319 1381 1333 1395 υ

314 1429 461 1479 111(11111,
484 1446 498 1460 «
519 1441 634 1477 quam
657 1441 703 1464 ex
735 1427 851 1477 longo
885 1427 1052 1463 misellus
1084 1426 1265 1470 afflicter,
1296 1433 1334 1461 ct

318 1508 332 1523 »
354 1502 490 1525 manus
512 1488 666 1525 Domini
689 1500 805 1537 super
826 1500 886 1524 me
910 1502 917 1524 :
940 1496 977 1524 et
999 1500 1085 1523 ecce
1115 1486 1163 1523 ad
1193 1499 1331 1522 cumu-

319 1570 332 1584 »
354 1550 433 1586 111111
455 1562 659 1595 aerumnae,
687 1548 880 1594 homines,
904 1548 971 1598 qui
992 1547 1165 1585 misereri
1186 1546 1331 1583 debue—

319 1630 332 1645 1)
352 1619 456 1657 rant,
470 1609 632 1646 irrident
645 1623 704 1645 me
718 1609 867 1660 potius,
887 1609 1078 1646 miseriam
1093 1607 1330 1659 exprobran-

320 1690 334 1705 »
354 1681 421 1708 tes.
438 1689 451 1704 υ
467 1674 587 1719 Quem
608 1669 674 1707 ubi
692 1669 851 1716 audivit,
866 1671 1008 1720 pietate
1024 1678 1151 1707 motus
1166 1670 1337 1720 suspexit

316 1734 355 1769 in
379 1732 517 1769 coelum
532 1760 541 1776 ‚
564 1744 699 1767 manus
729 1732 872 1781 pariter
899 1732 1042 1768 levans.
1064 1734 1178 1768 Facta
1208 1738 1335 1767 autem

317 1793 429 1831 brevi
450 1792 647 1838 oratione,
667 1792 748 1841 ipse
768 1792 924 1828 intravit
946 1792 1077 1828 cellam
1094 1820 1103 1837 ,
1123 1799 1160 1827 et
1176 1791 1238 1827 ille
1255 1804 1336 1827 sur-

317 1856 426 1892 rexit.
450 1857 497 1891 Et
519 1862 622 1890 stans
648 1866 765 1903 super
787 1853 905 1903 pedes
932 1866 1022 1890 suos
1036 1881 1045 1897 ,
1070 1851 1282 1889 mirabatur
1304 1851 1335 1888 si
1354 1852 1381 1888 C

316 1930 406 1953 vere
427 1923 525 1952 esset
543 1913 647 1964 quod
666 1922 746 1951 erat
768 1927 866 1963 pene
887 1914 1079 1950 somnium
1107 1912 1331 1963 suspicatus.

315 1977 440 2027 Coepit
476 1984 602 2012 tamen
639 1988 677 2011 se
707 1973 942 2023 pedetentim
976 1986 1133 2009 movere
1168 1988 1174 2008 :
1209 1986 1334 2021 neque

315 2038 416 2075 enim
446 2049 558 2087 posse
578 2036 632 2072 irc
662 2035 751 2072 satis
774 2034 966 2071 credebat.
993 2034 1162 2071 Tandem
1184 2034 1292 2083 quasi
1313 2048 1333 2070 c

316 2097 421 2148 gravi
437 2110 572 2133 somno
591 2095 775 2145 evigilans
789 2123 797 2139 ‚
815 2095 1011 2145 cognoscit
1031 2093 1331 2131 misericordiam

316 2157 471 2194 Domini
501 2169 618 2206 super
638 2169 700 2202 se3
722 2155 883 2191 firmiter
915 2153 1109 2204 graditur,
1128 2162 1165 2190 et
1195 2153 1235 2189 in
1267 2153 1330 2204 pi-

315 2219 479 2255 strinum
515 2216 744 2263 revertitur,
774 2215 952 2252 exsiliens
981 2223 1019 2251 et
1041 2215 1259 2259 exsultans,
1294 2223 1332 2250 et

313 2278 474 2315 laudans
502 2280 638 2315 Deum.
660 2275 752 2313 viso
781 2288 850 2320 eo,
874 2275 939 2324 qui
966 2283 1054 2311 ante
1082 2274 1261 2311 viderant
1295 2282 1332 2311 et

313 2345 594 2388 cognoverant,
627 2336 764 2386 repleti
795 2343 885 2372 sunt
917 2343 1076 2385 stupore
1108 2343 1146 2371 et
1177 2334 1329 2380 ecstasi,

313 2399 540 2449 phantasma
570 2404 762 2447 putantes.
786 2396 918 2433 Virum
949 2395 1039 2432 item
1074 2394 1330 2445 hydropicum

314 2459 462 2496 orando
492 2458 666 2495 sanavit:
690 2458 756 2507 (1111
785 2457 887 2494 111160
911 2456 1094 2493 remansit
1122 2456 1161 2492 in
1193 2468 1330 2492 mona-

314 2520 429 2557 sterio
446 2548 455 2565 ,
477 2527 610 2570 pastor
629 2518 761 2555 ovium
787 2518 921 2554 factus.

364 2581 427 2617 51.
447 2580 587 2618 Civitas
600 2578 797 2617 Hiberniae
812 2608 821 2625 ,
842 2578 1000 2615 nomine
1017 2576 1201 2626 Corcagia
1216 2575 1248 2623 ¹³,
1268 2590 1332 2613 va-

312 2639 421 2676 cabat
452 2640 647 2690 episcopo.
682 2643 901 2677 Tractatum
933 2647 989 2675 est
1021 2637 1067 2674 (16
1102 2637 1290 2674 electione
1318 2634 1376 2673 :D

314 2700 526 2737 dissensere
547 2708 694 2750 partes,
711 2698 951 2749 quibusque,
975 2707 1018 2735 ut
1041 2699 1204 2745 assolet,
1231 2712 1331 2748 prae—

314 2762 433 2798 sulem
462 2759 680 2797 volentibus
710 2760 945 2797 constituere
971 2772 1104 2804 suum,
1136 2771 1215 2795 non
1248 2758 1330 2796 Dei.

314 2821 428 2858 Venit
448 2821 537 2857 illuc
552 2820 777 2865 Malachias,
800 2820 930 2856 audita
954 2819 1203 2856 dissensione.
1228 2822 1333 2857 Con—

311 2889 449 2917 vocato
471 2881 573 2917 clero
596 2889 632 2917 et
648 2880 814 2930 populo,
833 2880 945 2916 etiam
964 2878 1081 2916 corda
1102 2887 1140 2915 et
1156 2887 1244 2915 vota
1261 2878 1334 2915 dis-

313 2940 556 2977 cordantium
578 2940 688 2977 unire
707 2941 866 2977 curavit.
887 2943 933 2977 Et
961 2939 1152 2990 persuasis
1173 2939 1245 2976 illis
1275 2948 1332 2976 to-

313 3010 393 3038 tum
412 3000 606 3049 negotium
625 2999 697 3036 sibi
710 3000 851 3038 debere
868 3000 994 3047 credi,
1012 3000 1073 3037 cui
1090 3000 1332 3050 potissimum

311 3059 531 3098 sollicitudo
551 3059 792 3097 incumberet
822 3061 945 3107 illius,
978 3061 1077 3098 sicut
1106 3069 1144 3097 et
1172 3060 1332 3097 aliarum

311 3135 382 3172 per
410 3119 636 3158 Hiberniam
664 3120 941 3167 Ecclesiarum3
966 3121 1225 3158 incontinenti
1260 3135 1332 3158 no-

312 3181 432 3219 minat
462 3180 536 3224 eis,
559 3193 637 3216 non
667 3180 886 3230 quempiam
913 3181 958 3217 de
980 3180 1176 3218 nobilibus
1198 3190 1329 3227 terrae,

361 3313 368 3328 ¹
388 3310 482 3339 Num.
500 3310 555 3339 39.
572 3326 615 3329 νβ
635 3314 646 3328 ²
662 3310 708 3337 IV
728 3310 807 3349 Reg.
826 3319 874 3347 iv,
894 3311 948 3339 29.

1402 1119 1545 1157 Crescit
1565 1118 1709 1169 pariter
1727 1118 1820 1155 fides
1841 1132 1927 1155 cum
1949 1117 2095 1155 viribus
2107 1148 2117 1166 ,
2138 1127 2176 1156 et
2193 1133 2345 1157 rursum
2363 1120 2418 1157 fa-

1403 1189 1462 1217 cta
1490 1180 1627 1217 fortior
1645 1179 1738 1217 fides
1765 1179 1829 1216 dat
1846 1179 2010 1217 vicissim
2029 1179 2175 1218 viribus
2200 1181 2419 1219 incremen-

1403 1250 1496 1278 tum.
1518 1245 1602 1279 Jam
1631 1253 1787 1291 surgere
1807 1254 1878 1290 per
1898 1253 1936 1277 se
1956 1241 2078 1288 valet,
2096 1239 2176 1290 jam
2198 1241 2420 1279 meliuscule

1402 1303 1529 1352 gradi,
1542 1301 1621 1352 jam
1651 1315 1720 1339 nec
1741 1301 1883 1339 sentire
1903 1301 1941 1338 in
1969 1300 2203 1339 ambulando
2222 1301 2420 1340 lassitudi-

1402 1377 1512 1410 nem3
1534 1363 1688 1400 demum
1710 1362 1914 1413 expeditus
1941 1371 1978 1399 et
1999 1363 2124 1400 alacer
2148 1363 2351 1413 pervenire
2371 1363 2418 1401 ad

1399 1423 1625 1461 Malachiam
1656 1422 1737 1460 sine
1766 1422 1935 1459 hominis
1970 1421 2178 1472 adjutorio.
2211 1423 2285 1471 Qui
2312 1437 2419 1474 assu—

1399 1497 1507 1521 mens
1525 1498 1631 1530 eum,
1651 1484 1754 1521 misit
1770 1483 1809 1520 in
1830 1483 2070 1530 cathedram,
2085 1483 2189 1520 clero
2211 1491 2250 1520 et
2268 1485 2417 1535 populo

1399 1545 1653 1582 collaudante.
1673 1549 1755 1583 Hoc
1771 1544 1822 1582 ita
1836 1545 1874 1581 in
1888 1558 1981 1595 pace
1997 1545 2138 1582 factum
2154 1553 2229 1592 est,
2244 1545 2333 1595 quia
2350 1559 2420 1583 nec

1400 1606 1455 1643 illi
1475 1606 1556 1643 ausi
1584 1614 1674 1643 sunt
1703 1606 1899 1643 Malachiae
1915 1606 2107 1643 voluntati
2127 1606 2165 1642 in
2193 1606 2322 1656 aliquo
2349 1606 2421 1644 ob-

1403 1668 1526 1714 viare,
1548 1666 1723 1703 videntes
1745 1666 1895 1716 signum
1909 1695 1918 1712 ,
1941 1666 2048 1717 quod
2070 1667 2211 1703 fecerat
2235 1681 2243 1703 t
2265 1680 2335 1704 nec
2355 1667 2420 1704 illc

1402 1741 1539 1778 parere
1569 1727 1779 1773 dubitavit,
1805 1736 1879 1764 tam
1903 1727 2073 1764 evidenti
2103 1735 2332 1777 argumento
2361 1728 2419 1765 fa-

1403 1798 1487 1825 ctus
1507 1788 1680 1826 securior
1698 1787 1745 1825 de
1765 1788 1923 1825 Domini
1945 1788 2157 1824 voluntate.

1456 1850 1518 1887 52.
1542 1849 1679 1886 Mulier
1708 1848 1884 1899 quaedam
1912 1848 2059 1885 fluxum
2080 1847 2273 1898 sanguinis
2293 1849 2417 1899 patie—

1400 1908 1515 1946 batur
1547 1925 1555 1946 z
1579 1918 1616 1946 ct
1646 1909 1727 1945 haec
1763 1908 1927 1954 nobilis,
1951 1908 2174 1946 charissima
2200 1909 2418 1957 Malachiae,

1401 1970 1486 2019 plus
1512 1978 1638 2006 tamen
1666 1968 1716 2006 ob
1737 1983 1889 2006 morum
1919 1982 2034 2019 quam
2060 1969 2209 2019 generis
2235 1969 2418 2008 nobilita-

1401 2038 1490 2067 tem.
1513 2034 1607 2079 Quae
1629 2044 1675 2068 ex
1699 2030 1779 2067 toto
1796 2030 1996 2076 deficiens,
2018 2030 2200 2068 nimirum
2221 2044 2309 2068 cum
2327 2045 2415 2069 san-

1400 2092 1514 2142 guine
1531 2091 1725 2128 exhaustis
1738 2090 1886 2128 viribus
1898 2121 1908 2139 ,
1922 2090 2001 2141 jam
2017 2091 2144 2141 posita
2158 2091 2199 2128 in
2217 2093 2418 2140 extremis,

1400 2154 1502 2190 misit
1533 2153 1581 2190 ad
1610 2153 1680 2191 Dei
1711 2152 1931 2200 hominem,
1968 2161 2029 2200 ut,
2061 2151 2168 2202 quod
2198 2163 2416 2204 supererat,

1398 2214 1535 2251 animae
1553 2213 1796 2261 subveniret,
1815 2213 1882 2264 qui
1900 2226 1938 2250 se
1955 2212 2036 2263 jam
2056 2226 2134 2250 non
2151 2222 2250 2251 esset
2265 2214 2417 2252 visurus

1398 2274 1437 2311 in
1468 2287 1646 2324 corpore.
1675 2273 1847 2311 Audiens
1873 2273 2098 2321 Malachias,
2125 2274 2285 2311 moleste
2312 2275 2416 2322 tulit,

1398 2334 1503 2385 quod
1518 2335 1656 2372 mulier
1670 2334 1822 2372 virtutis
1838 2335 1957 2381 foret,
1974 2343 2012 2372 et
2026 2335 2105 2372 vita
2123 2333 2205 2384 ejus
2221 2334 2417 2373 fructuosa

1398 2408 1517 2445 opere
1538 2403 1576 2431 et
1595 2395 1786 2445 exemplo.
1810 2398 1858 2432 Et
1876 2394 2011 2432 videns
2033 2408 2072 2432 se
2093 2408 2172 2432 non
2193 2408 2307 2445 posse
2326 2397 2418 2433 satis

1398 2470 1602 2494 accurrere
1621 2456 1849 2507 tempestive
1864 2485 1873 2502 ,
1894 2456 2015 2493 accito
2032 2456 2206 2503 Malcho,
2227 2457 2333 2506 quod
2353 2456 2418 2507 ju-

1398 2517 1508 2554 venis
1524 2525 1645 2564 esset,
1668 2525 1706 2554 et
1732 2516 1935 2567 expeditus
1955 2516 2052 2568 (ipse
2073 2525 2152 2563 est,
2174 2516 2284 2566 cujus
2301 2531 2418 2568 supra

1398 2578 1644 2615 meminimus
1672 2584 1698 2624 ¹,
1723 2578 1841 2615 frater
1861 2577 2066 2615 Christiani
2086 2576 2250 2629 abbatis)
2271 2592 2280 2614 z
2302 2595 2317 2611 «
2341 2577 2417 2615 Ac-

1399 2655 1413 2671 »
1432 2638 1574 2685 celera,
1592 2656 1605 2670 »
1623 2638 1768 2688 inquit,
1785 2655 1799 2670 «
1815 2638 1871 2675 fer
1891 2638 1944 2675 illi
1963 2637 2035 2675 tria
2050 2651 2165 2688 poma
2181 2637 2281 2683 haec,
2300 2651 2417 2688 super

1400 2717 1414 2733 >2
1433 2713 1518 2750 quae
1542 2713 1683 2737 nomen
1705 2700 1863 2737 Domini
1883 2700 2075 2737 invocavi.
2094 2699 2256 2738 Confido
2277 2700 2316 2737 in
2331 2701 2416 2751 ipso

1401 2759 1533 2809 »quod
1551 2759 1617 2796 ubi
1636 2773 1683 2796 ex
1703 2760 1756 2797 eis
1771 2760 2006 2810 gustaverit,
2024 2773 2103 2797 non
2126 2759 2293 2810 gustabit
2313 2773 2417 2797 mor-

1401 2837 1415 2852 »
1433 2828 1506 2857 tem
1521 2849 1530 2867 ,
1548 2820 1772 2870 priusquam
1789 2834 1860 2858 nos
1876 2820 2015 2868 videat,
2030 2821 2100 2858 etsi
2116 2820 2346 2858 tardiuscule
2363 2834 2418 2858 56-

1401 2896 1415 2913 »
1433 2888 1605 2917 cuturos.
1627 2900 1640 2913 ·›
1655 2881 1822 2918 Festinat
1842 2881 2014 2918 Malchus
2030 2880 2242 2918 secundum
2264 2881 2417 2918 manda-

1402 2948 1481 2977 tum
1498 2970 1507 2987 ,
1529 2949 1566 2977 et
1594 2941 1753 2978 veniens
1781 2941 1897 2978 intrat
1916 2940 1963 2978 ad
1984 2941 2234 2988 morituram,
2253 2942 2415 2979 alterum

1401 3014 1440 3038 se
1467 3000 1654 3038 exhibens
1682 3015 1846 3052 puerum
1866 3002 1993 3039 Elisaei
2025 3008 2052 3049 ²,
2076 3002 2147 3039 nisi
2170 3002 2276 3052 quod
2302 3002 2416 3052 hujus

1400 3061 1593 3098 efficacior
1608 3075 1727 3111 opera
1748 3062 1831 3099 fnit.
1852 3066 1873 3100 J
1879 3061 1969 3099 ubet
1988 3063 2139 3100 missam
2161 3061 2232 3099 sibi
2253 3076 2275 3099 a
2294 3063 2416 3100 Mala-

1401 3122 1484 3159 chia
1500 3121 1811 3160 benedictionem
1831 3123 2005 3174 accipere
2018 3151 2028 3169 ,
2049 3132 2086 3161 et
2101 3131 2273 3174 gustare,
2291 3123 2321 3161 si
2338 3136 2416 3174 quo
2470 3135 2481 3144 ¹*

1400 3182 1518 3219 modo
1532 3183 1709 3222 valuerit.
1726 3189 1776 3222 At
1790 3184 1853 3221 illa
1867 3184 2077 3222 exhilarata
2087 3213 2098 3233 ,
2112 3184 2244 3222 audito
2261 3184 2417 3222 nomine

356 3370 369 3384 ³
386 3370 528 3399 Fortasse
542 3392 549 3405 ,
569 3366 683 3399 solum.
703 3386 747 3390 -—
763 3361 777 3383 b
795 3367 896 3405 Alias,
921 3368 1079 3398 coreava.
1098 3387 1142 3390 —r
1156 3373 1169 3388 ε
1185 3369 1271 3399 Alias
1287 3393 1293 3407 ,
1316 3370 1431 3401 oneris.
