2565 3952
58 192 131 230 625

58 283 190 309 manus
207 276 340 306 contra
354 280 506 312 omncs,
524 275 561 303 Εἰ
581 279 717 302 luanus
738 266 914 302 omnium
937 274 1074 302 contra

57 345 156 371 eum.
180 330 250 367 Hic
268 337 325 366 est
349 332 483 365 Petrus
507 327 767 372 Abaelardus,
792 327 859 376 qui
883 327 930 363 de
951 327 1072 364 mori·
1090 327 1123 359 A
1143 356 1978 367 ,,,.,,,,,,,,,,,,,,,,,,,,,,.,,,,.,,,,,,,,.,,,,,“,,,,,,,,,

55 392 146 438 bus,
173 390 220 427 de
241 389 513 435 Sacramentis,
536 388 583 426 de
603 392 716 427 Patre
737 397 776 425 et
794 388 891 427 Filio
925 397 963 425 et
984 389 1074 439 Spi-

56 457 129 495 ritu
147 462 278 492 sancto
301 450 450 496 scribit,
475 451 606 497 docet,
628 458 666 487 et
684 449 874 500 disputat,
897 449 1072 486 dividens

55 524 170 569 prout
181 515 272 551 vult.
287 517 397 550 Nunc
416 520 543 548 autem
557 511 676 548 intrat
689 511 849 557 curiam,
863 519 1070 561 postquam

55 575 262 616 commovit
282 573 512 619 Ecclesiam,
543 581 581 609 et
603 571 774 609 turbavit
801 585 908 618 eam,
930 584 1009 608 non
1033 579 1074 607 ut

55 645 159 677 sanet
176 635 427 673 contritiones
445 632 529 683 ejus
543 662 552 679 ,
576 632 642 669 sed
659 632 706 669 ad
724 633 992 669 excusationes
1009 645 1073 668 ex-

55 697 237 737 cusandas
264 696 302 733 in
325 695 502 746 peccatis.
524 695 562 733 Si
589 694 687 731 filius
716 693 797 744 ejus
818 707 877 740 es,
907 692 1073 730 defende

53 768 202 798 uterum
224 757 290 808 qui
310 765 346 794 te
366 756 538 807 portavit
551 785 560 803 ,
581 764 620 793 et
638 755 759 792 ubera
777 768 862 805 quae
891 755 1040 792 suxisti.

80 901 1073 914 «z==xxxam*wns==mszqsxswuusw==aev=x=u=xzvsvww=x==v=xx=mx=-nunn2x=====»

118 1020 484 1079 EPISTOLA
546 1015 1004 1077 CCCXXXIVR

302 1186 348 1208 An
378 1185 579 1209 omnom-:M
610 1184 774 1208 Plsssmt
783 1169 813 1207 b.

251 1308 257 1312 '
286 1305 405 1336 Contra
432 1302 578 1334 eumdem
597 1301 826 1334 Abaelardum.

52 1423 224 1460 Gmnom
239 1418 377 1456 Pisano
387 1447 397 1466 ,
411 1421 640 1456 Bnmmnnus
655 1416 915 1455 Clarae-Vallis
932 1415 1063 1462 abbas,

217 1488 387 1518 mentem
405 1492 537 1518 sanam
555 1480 597 1516 in
615 1492 780 1530 corpore
800 1492 905 1516 sano.

102 1609 261 1645 Causam
283 1619 406 1643 meam
432 1605 632 1657 propriam
654 1617 787 1642 secure
814 1603 926 1642 vobis
957 1618 1066 1642 com-

52 1666 239 1705 mitterem
277 1676 440 1718 propter
472 1667 644 1704 officium
674 1674 818 1704 mutuae
848 1666 1066 1704 dilectionis

52 1737 189 1767 nostrae
212 1744 220 1766 :
243 1742 347 1766 nunc
372 1737 498 1766 autem
529 1736 637 1765 tanto
667 1727 925 1765 confidentius
954 1728 1066 1765 istam

51 1790 265 1838 committo,
288 1799 436 1840 quanto
462 1790 626 1841 amplius
652 1790 715 1827 ille
745 1789 962 1840 diligendus
989 1799 1064 1838 est,

971 187 1237 223 EPISTOLAE.

1082 263 1130 282 307

2087 194 2162 231 606

2115 223 2135 230 -

1980 358 2168 367 ,,,,,,,,,,,,,

1219 469 1605 526 EPISTOLA
1671 469 2071 527 CCCXXXV.

1211 628 1257 650 AD
1287 628 1475 658 QUEMDAM
1506 628 1776 652 PRESBYTEP.UM
1806 629 2046 653 CARDINALEM
2064 617 2090 653 *.

1331 749 1412 778 Item
1443 752 1553 778 contra
1581 749 1711 778 Petrum
1739 746 1968 779 Abaelardum.

1141 871 1332 908 Cardinali
1364 870 1614 922 presbytero,
1643 875 1875 910 nmmum-s
1905 872 2160 911 Clarae-Vallis

1193 931 1328 980 abbas,
1353 933 1514 970 salutem
1536 942 1573 970 et
1595 933 1841 971 dilectionem
1863 935 1902 971 in
1922 935 2104 972 Domino.

1088 1070 1116 1105 Β
1191 1062 1312 1098 Nemo
1334 1060 1631 1098 adolescentiam
1657 1070 1760 1098 tuam
1789 1070 2022 1099 contemnat.
2045 1063 2157 1101 Cani—

1140 1121 1208 1158 ties
1234 1122 1379 1172 quippe
1401 1136 1480 1159 non
1505 1123 1663 1173 capitis,
1687 1123 1753 1160 sed
1781 1124 1920 1160 mentis
1945 1124 2158 1174 requiritur

1137 1196 1157 1219 a
1177 1183 1347 1220 Domino
1361 1213 1370 1230 ,
1393 1192 1430 1220 et
1451 1192 1540 1221 aetas
1569 1185 1776 1221 senectutis
1796 1185 1874 1221 vita
1899 1185 2156 1223 immaculata.

1136 1246 1222 1280 Non
1247 1245 1403 1294 expavit
1422 1246 1625 1291 Jeremias,
1650 1259 1729 1282 non
1754 1245 1975 1282 formidavit
1997 1247 2155 1295 Daniel,

1135 1304 1224 1341 licet
1249 1305 1362 1343 ambo
1384 1306 1496 1357 pueri
1521 1314 1668 1353 essent,
1695 1319 1804 1343 senes
1832 1306 2071 1356 impudicos,
2094 1308 2156 1344 in-

1134 1373 1327 1404 veteratos
1344 1367 1493 1404 dierum
1517 1369 1719 1405 malorum.
1737 1366 1984 1417 Impudicum
2012 1377 2049 1405 et
2085 1382 2155 1419 ego

1134 1427 1272 1464 merito
1304 1428 1579 1479 appellaverim
1609 1429 1742 1475 illum,
1773 1429 1839 1478 qui
1871 1428 2051 1466 decorem
2082 1433 2156 1467 Ec—

1138 1489 1282 1536 clesiae,
1315 1491 1382 1540 qui
1416 1489 1505 1527 fidei
1542 1491 1707 1527 maculat
1740 1490 1964 1527 castitatem.
1994 1491 2067 1527 Hic
2099 1500 2156 1529 est

1134 1554 1271 1589 Petrus
1296 1550 1535 1589 Abaelardus
1549 1581 1558 1599 ,
1581 1552 1647 1602 qui
1669 1551 1716 1588 de
1738 1551 1832 1598 fide,
1858 1551 1904 1588 de
1933 1555 2158 1590 Sacramen-

1135 1613 1201 1660 tis,
1219 1612 1267 1650 de
1289 1613 1472 1663 mysterio
1494 1622 1634 1650 sanctae
1655 1613 1874 1659 Trinitatis,
1898 1622 2157 1665 praeterquam

1134 1674 1300 1725 accepit,
1324 1673 1518 1724 disputat,
1537 1673 1714 1711 dividens
1739 1674 1897 1724 singulis
1918 1684 2037 1724 prout
2061 1677 2156 1713 vult.

1135 1738 1245 1772 Nunc
1267 1742 1395 1772 autem
1421 1734 1639 1785 ingreditur
1667 1736 1831 1781 curiam,
1856 1744 2061 1786 postquam
2082 1741 2156 1775 Ec·-

1135 1796 1288 1833 clesiam
1307 1796 1538 1843 commovit,
1563 1805 1602 1833 et
1624 1795 1872 1833 conturbavit
1892 1810 1996 1843 eam,
2018 1811 2096 1834 non
2113 1807 2157 1835 ut

52 1852 157 1903 cujus
177 1861 234 1890 est
251 1866 377 1890 causa.
399 1855 521 1891 Causa
541 1861 598 1890 est
617 1852 774 1900 Christi,
795 1852 874 1889 imo
895 1853 1067 1891 Christus
1088 1862 1115 1898 C
1137 1866 1245 1894 sanet
1270 1858 1522 1894 contritiones
1555 1856 1655 1907 ejus,
1682 1857 1748 1894 sed
1770 1857 1860 1908 quia
1886 1857 2091 1896 declinavit
2116 1859 2155 1896 in

52 1921 106 1952 est
128 1913 166 1951 in
187 1926 318 1961 causa,
343 1921 381 1950 et
399 1913 541 1951 veritas
560 1914 601 1950 in
622 1913 809 1964 periculo.
831 1913 1068 1952 Dividuntur

53 1975 275 2013 vestimenta
303 1975 465 2023 Christi,
487 1979 733 2014 Sacramenta
755 1975 936 2013 Ecclesiae
964 1976 1068 2013 scin-

51 2035 192 2074 duntur
212 2052 220 2074 :
242 2037 308 2075 sed
333 2037 481 2087 integra
498 2045 628 2074 manet
649 2036 778 2074 tunica
802 2036 1065 2083 inconsutilis,

52 2097 213 2150 desuper
226 2107 407 2136 contexta
424 2111 496 2149 per
512 2107 650 2136 totum.
678 2097 823 2136 Tunica
839 2098 921 2135 haec
940 2098 1068 2136 unitas

52 2167 106 2197 est
131 2160 330 2208 Ecclesiae,
358 2174 445 2211 quae
476 2160 678 2198 scissuram
705 2160 880 2211 ignorat,
905 2159 1064 2197 divisio-

51 2233 134 2258 nem
152 2235 233 2259 non
249 2221 397 2272 recipit.
413 2221 528 2271 Quod
541 2222 644 2259 enim
662 2221 827 2272 desuper
841 2229 1065 2259 contextum

17 2277 22 2281 ’
52 2290 122 2330 est,
137 2282 244 2333 quod
264 2297 286 2320 a
305 2283 450 2334 Spiritu
471 2292 604 2321 sancto
623 2292 867 2334 compactum
889 2292 965 2331 est,
987 2298 1067 2321 non

51 2342 279 2382 dissolvetur
307 2343 355 2382 ab
379 2343 616 2382 hominibus.
653 2348 746 2384 Cum
775 2344 945 2382 haeretici
974 2358 1067 2382 exa-

52 2414 210 2442 cuerunt
243 2406 413 2457 linguam
448 2420 556 2444 suam
592 2406 690 2445 sicut
727 2415 944 2458 serpentes,
978 2420 1065 2444 cum

53 2478 181 2504 omnes
203 2468 358 2505 aculeos
380 2467 524 2518 ingenii
545 2469 603 2506 sui
630 2477 905 2515 excusserunt,
931 2476 973 2505 ut
998 2482 1066 2519 pa—

53 2540 130 2565 cem
152 2530 331 2567 Ecclesiae
355 2529 609 2578 conturbent3
626 2541 754 2569 tamen
770 2531 953 2582 quoniam
970 2544 1066 2581 por—

53 2595 98 2625 tae
114 2588 227 2627 inferi
244 2599 334 2628 sunt
346 2621 356 2638 ,
375 2604 456 2629 non
479 2592 748 2642 praevalebunt
764 2591 948 2629 adversus
967 2605 1064 2629 eam.

53 2648 90 2687 Si
104 2650 201 2689 filius
216 2651 333 2702 hujus
347 2666 405 2700 es,
424 2653 455 2690 si
469 2662 645 2692 materna
661 2654 782 2692 ubera
799 2654 1042 2704 recognoscis
1053 2682 1062 2699 ,
1082 2656 1116 2690 D

53 2722 128 2748 non
144 2711 297 2751 deseras
315 2722 477 2751 matrem
497 2714 536 2751 in
553 2714 728 2765 periculo
741 2744 751 2762 ,
771 2728 849 2751 non
866 2713 1068 2752 subtrahas

34 2787 35 2791 ¹
53 2770 229 2811 humeros
245 2782 330 2811 tuos
343 2774 384 2811 in
404 2782 581 2825 tempore
597 2775 870 2813 tribulationis.
886 2776 1068 2825 Magister

53 2832 181 2869 Petrus
202 2833 419 2883 ingreditur
451 2835 615 2881 curiam,
643 2844 686 2872 ut
713 2836 935 2887 apostolicae
961 2836 1067 2875 Sedis

53 2893 254 2932 auctoritas
282 2903 452 2945 ponatur
475 2895 510 2933 ei
537 2909 670 2933 murus
692 2905 730 2933 et
755 2897 993 2934 antemurale
1018 2897 1067 2934 ad

54 2953 334 2993 confirmandos
350 2969 441 2994 suos
461 2970 612 2994 errores
626 2987 635 3004 ,
652 2971 750 3008 quos
770 2957 944 3008 scripsit,
969 2971 1067 3008 quos

55 3011 201 3063 docuit,
222 3015 362 3066 quibus
390 3017 505 3054 fidem
531 3019 757 3056 catholicam
783 3019 1037 3070 impugnavit.

1136 1916 1254 1954 verba
1289 1918 1464 1965 malitiae,
1488 1917 1535 1955 ad
1566 1917 1804 1955 excusandas
1829 1919 2096 1957 excusationes
2118 1919 2157 1956 in

1136 1979 1313 2030 peccatis.
1338 1979 1588 2018 Confidenter
1614 1993 1687 2030 pro
1707 1980 1877 2017 Ecclesia
1902 1979 2056 2017 stabunt
2091 1981 2157 2031 qui

1135 2055 1175 2079 se
1197 2041 1296 2079 filios
1324 2055 1405 2079 esse
1429 2041 1608 2079 Ecclesiae
1629 2050 1881 2092 cognoscunt.

1133 2201 2154 2213 mmxsnaaexxxusxxwxxxxxxsstnxvsmwsmxxxsmumxzxanxzwwxmwszwxx§annun==n===

1189 2339 1575 2397 EPISTOLA
1646 2331 2104 2398 CCCXXXVI.d

1393 2504 1439 2526 AD
1470 2504 1656 2534 (ξω-31113311
1687 2497 1902 2527 A13ATEM‘2.

1471 2628 1620 2671 Ejusdem
1637 2629 1822 2672 argumenti.

1135 2753 1393 2792 Dilectissimo
1416 2755 1524 2792 fratri
1554 2763 1592 2791 et
1620 2754 1817 2802 coabbati,
1841 2754 1957 2792 frater
1982 2759 2154 2794 Brama-

1189 2828 1258 2852 Dcs
1278 2816 1602 2853 Clarae-Vallensis
1625 2815 1764 2864 abbas,
1782 2816 1906 2853 zelum
1926 2817 1997 2854 Dei
2014 2817 2155 2856 habere

1189 2878 1402 2915 secundum
1431 2878 1642 2916 scientiam.

1189 3022 1354 3070 Oportet
1378 3020 1543 3058 haereses
1572 3034 1673 3069 esse,
1696 3030 1739 3058 ut
1767 3022 1833 3072 qui
1865 3020 2020 3072 probati
2047 3031 2155 3069 sunt,

98 3167 114 3184 ²
134 3164 273 3206 Epistola
288 3176 370 3197 nova
395 3177 402 3197 :
427 3177 496 3209 quae
516 3178 592 3199 vero
611 3174 703 3200 antea
721 3170 786 3201 334
805 3175 892 3208 erat,
912 3179 997 3200 nunc
1015 3172 1094 3201 362.
1111 3169 1234 3212 Scripta
1249 3180 1332 3202 anno
1354 3170 1469 3203 Christi
1490 3174 1589 3204 1140.

98 3208 232 3249 ¹‘Guid0
248 3218 424 3252 Moricotus
442 3219 481 3252 de
500 3222 601 3260 Vico,
623 3222 755 3254 Pisanus
771 3247 779 3261 ,
805 3223 972 3254 cardinalis
991 3223 1073 3255 tituli
1095 3231 1276 3256 sanctorum
1299 3227 1419 3258 Cosmae
1436 3233 1465 3258 et
1488 3227 1635 3259 Damiani
1648 3253 1655 3266 ,
1680 3227 1719 3259 ab
1735 3227 1920 3260 Innocentio
1938 3234 2070 3258 creatus.

99 3271 264 3314 ”Epistola
285 3284 367 3305 nova
388 3285 395 3305 :
419 3285 489 3317 quae
512 3286 587 3307 vero
609 3283 701 3308 antea
723 3280 788 3309 335
809 3284 897 3316 erat,
917 3289 1002 3309 nunc
1019 3281 1099 3310 308.
1123 3279 1245 3322 Scripta
1264 3290 1347 3311 311110
1365 3279 1480 3313 Christi
1504 3284 1602 3313 1140.

98 3323 114 3345 '¹
131 3325 269 3367 Epistola
282 3337 365 3359 nova
383 3339 390 3359 ε
408 3339 478 3371 quze
491 3340 566 3361 vero
585 3336 678 3362 antea
699 3334 764 3364 33ss
783 3338 867 3371 erat,
883 3343 967 3364 nunc
986 3335 1064 3365 324.
1085 3334 1206 3376 Scripta
1223 3345 1306 3366 anno
1321 3334 1437 3366 Christi
1458 3340 1464 3366 l
1481 3338 1554 3367 140.

99 3382 113 3399 θ
129 3380 221 3411 Forte
240 3380 279 3412 ad
298 3381 494 3414 Bernardum
513 3383 661 3416 abbatem
680 3385 812 3425 Italum,
833 3386 886 3429 qui
906 3390 1041 3419 Romam
1059 3398 1075 3419 a
1092 3388 1254 3420 Bernardo
1269 3395 1342 3420 tunc
1359 3389 1471 3421 missus
1491 3389 1608 3428 fuerat,
1634 3389 1715 3421 infra
1735 3390 1766 3421 in
1783 3388 1920 3431 epistolis
1939 3390 2003 3420 343
2025 3394 2053 3419 et
2074 3390 2152 3420 341.
