2565 3952
132 164 204 202 297
1049 164 1314 201 EPISTOLAE.
2155 175 2231 211 ‘298

129 251 232 280 tuam
253 241 308 278 vis
337 239 509 277 invenire
535 239 710 276 salutem.
742 243 866 289 Fuge,
888 240 1067 290 inquam,
1097 239 1381 291 de¹'⁵homini,
1399 244 1465 281 sed
1487 248 1569 281 Deo
1596 244 1776 281 mentitus
1798 258 1849 281 es.
1876 247 1954 282 Etsi
1970 260 2040 296 ego
2064 258 2136 286 tua:
2153 280 2162 295 ‚
2193 262 2234 289 ut

130 302 255 341 medio
277 300 502 350 Babylonis,
525 300 612 349 fuge
633 313 654 336 a
674 299 768 336 facie
801 300 916 350 gladii
946 301 1149 351 aquilonis.
1169 302 1200 334 A
1221 305 1300 350 vis,
1328 304 1570 342 verecundiae
1591 318 1709 354 parco
1729 318 1859 342 coram
1879 306 2120 355 hominibus;
2141 324 2233 349 num

7 376 40 410 ’,ς-
67 371 102 408 ⁸4
131 363 253 402 Parati
286 362 417 399 sumus'
447 374 533 397 cum
556 359 720 410 panibus
747 374 951 398 occurrere
974 362 1146 412 fugienti.

128 423 314 464 Abbatem
349 431 456 459 tuum
486 435 548 459 me
569 422 746 459 nominas
768 437 776 459 :
800 436 879 459 non
901 436 1024 460 renuo
1041 424 1144 461 inte-

128 484 200 522 rim
219 491 380 534 propter
409 481 647 533 obsequium.
680 482 917 534 Obsequium
935 483 1040 531 dico,
1065 499 1143 522 non

128 544 230 595 quod
247 544 415 594 exigam,
438 543 503 581 sed
525 544 631 594 quod
649 543 848 581 exhibeam
870 559 877 581 :
903 545 999 581 sicut
1020 548 1143 582 Filius

128 606 288 642 ltomim's
323 617 398 640 non
422 610 531 641 venit
554 609 782 650 ministrari,
804 607 873 641 secl
893 611 1113 643 ministrare
1127 636 1139 653 ‚

127 674 164 703 et
180 670 350 702 animam
361 678 468 701 suam
486 667 578 701 (lare
596 670 634 702 in
651 669 945 715 redemptionem
956 682 1027 717 pro
1046 672 1141 705 mul-

126 732 184 764 tis.
215 730 489 765 Verumtamen
533 727 564 764 si
609 727 769 778 dignum
800 727 971 777 judicas,
1015 731 1145 781 accipe

126 787 451 838 condiscipulum,
478 801 593 837 quem
626 788 850 838 magistrum
884 789 1002 839 eligis.
1033 793 1144 828 Unus

126 849 173 886 sit
192 847 379 886 ambobus
400 848 580 898 magister
600 849 773 887 Christus
795 864 802 886 2
824 858 862 886 et
882 850 963 900 ipse
989 851 1037 887 sit
1058 851 1144 902 epi—

125 910 232 948 stolae
250 910 357 957 finis,
379 910 445 960 qui
473 911 559 948 finis
579 918 635 948 est
662 910 709 947 ad
727 909 913 960 justitiam
935 912 1042 949 omni
1062 927 1146 950 cre-

125 971 230 1009 denti
244 978 269 1008 ¹.

121 1097 1150 1108 ιιιιιιιιιιιιιιιιιιιιιιιιιιιιιιιιιιιιιιιιιιιιιιιιιιιιιιιιιιιιιιιιιιιι

327 1207 698 1265 EPISTULA
743 1208 951 1266 CVIII.

119 1364 166 1386 AD
184 1363 345 1386 THOMAM
374 1363 423 1385 DE
450 1363 811 1387 SANCTo-AL‘DOMARO
827 1357 863 1397 ⁸,
888 1364 977 1387 POST
1012 1365 1143 1389 TRANS=

172 1424 408 1448 GRESSIONEM
459 1423 730 1448 PROMISSIONIS
762 1424 833 1447 517.ss
876 1425 1064 1448 VENIENDI
1097 1426 1142 1447 AD

172 1485 481 1509 CONVERSIONEM.

166 1597 259 1626 Hunc
292 1593 407 1625 relictis
429 1593 540 1625 studiis
568 1594 753 1636 religionem
776 1594 897 1637 ingredi
931 1595 1090 1634 hortatur,

242 1650 406 1693 proposito
421 1649 554 1681 Thomae
573 1650 613 1681 de
629 1650 761 1682 Beverla
777 1650 863 1681 exitu
878 1650 1008 1681 infelici.

118 1764 344 1804 Charissimo
372 1765 450 1802 filio
475 1777 546 1803 suo
575 1769 737 1811 TflonAE,
767 1766 884 1802 frater
910 1770 1136 1804 Bmmanrs

169 1826 420 1865 Clarae-Vallis
435 1835 594 1864 vocatus
612 1826 732 1864 abbas
746 1856 754 1872 ,
775 1827 813 1864 in
829 1827 966 1878 spiritu
988 1828 1136 1865 timoris

168 1888 376 1926 ambulare.

173 2013 204 2048 1.
235 2014 336 2048 Bene
376 2010 466 2048 facis
499 2023 712 2061 agnoscens
741 2010 912 2049 debitum
944 2019 1018 2048 tuae
1044 2025 1134 2062 pro-

82 2103 89 2105 *
116 2072 302 2110 missionis
317 2101 326 2118 ,
348 2080 386 2109 et
407 2071 532 2108 dilatae
555 2080 704 2109 reatum
731 2072 934 2109 solutionis
958 2086 1036 2108 non
1059 2072 1133 2109 dif-

115 2133 246 2171 fitens:
269 2133 336 2170 sed
356 2134 447 2170 volo
471 2142 506 2170 te
529 2147 609 2169 non
630 2134 754 2170 solum
776 2133 891 2183 quid,
919 2134 985 2171 sed
1013 2143 1050 2170 et
1070 2134 1132 2170 cui

114 2194 332 2245 promiseris
346 2224 355 2240 ,
385 2194 553 2244 cogitare
573 2209 580 2231 :
601 2207 688 2230 nam
706 2208 776 2244 ego
794 2194 886 2230 mihi
911 2195 1003 2230 nihil
1022 2208 1132 2231 usur-

113 2268 164 2305 po
186 2269 234 2293 ex
251 2269 297 2293 eo
315 2255 421 2306 quod
447 2269 508 2292 me
526 2269 676 2301 coram,
698 2264 735 2292 et
752 2269 829 2292 non
848 2256 940 2292 mihi
963 2256 1132 2306 promis-

113 2327 194 2351 sum
213 2315 294 2366 ipse
318 2329 468 2352 mecum
489 2316 638 2352 recolis.
661 2319 818 2354 Frustra
837 2316 1001 2366 proinde
1021 2317 1131 2353 times

113 2376 386 2426 exprobratum
410 2376 478 2414 tibi
498 2377 544 2414 iri
566 2390 585 2414 a
607 2390 667 2414 me
684 2390 800 2428 super
816 2378 1057 2414 frustratoria
1075 2378 1129 2414 di-

111 2436 262 2485 latione,
280 2438 347 2488 qui
369 2439 474 2476 testis
496 2439 637 2476 accitus
662 2453 745 2477 sum
760 2469 769 2486 ,
791 2448 829 2476 et
850 2453 930 2476 non
949 2439 1129 2476 dominus

111 2497 191 2534 voti
208 2498 238 2534 *.
267 2498 378 2544 Vidi,
409 2507 446 2536 et
477 2499 628 2549 gavisus
649 2513 758 2547 sum,
785 2508 823 2537 et
858 2500 930 2537 hoc
963 2514 1032 2537 oro
1051 2529 1059 2545 ‚
1087 2508 1130 2537 ut

113 2559 291 2606 gaudium
319 2573 446 2596 meum
474 2560 633 2610 plenum
670 2561 717 2597 sit
750 2576 757 2598 :
792 2561 898 2611 quod
921 2574 999 2597 non
1028 2562 1125 2606 erit,

1218 365 1280 402 illa
1295 394 1304 411 ,
1326 379 1412 415 quae
1437 379 1565 402 coram
1587 369 1669 402 Deo
1690 373 1769 411 est,
1786 365 2026 415 impudentia
2047 368 2237 418 impunita

1216 427 1472 477 relinquitur?
1493 427 1614 475 Quid,
1638 439 1788 476 quaeso,
1813 427 1971 463 rationis
1995 427 2109 465 habet
2129 443 2240 467 vere-

1214 488 1375 525 cundari
1387 487 1435 525 ad
1449 488 1550 524 diem
1564 487 1732 524 hominis
1749 517 1757 533 ,
1771 495 1808 523 et
1822 487 1971 523 vultum
1986 488 2057 524 Dei
2077 502 2154 525 non
2170 503 2237 526 ve—

1210 549 1287 586 reri
1301 551 1315 585 P
1331 553 1427 587 'Nam
1447 549 1578 586 vultus
1594 547 1751 584 Domini
1766 560 1882 597 super
1899 547 2078 584 facientes
2095 549 2233 586 mala
2285 586 2292 597 ,

1214 615 1271 649 Tu
1293 625 1384 662 ergo
1406 611 1493 661 plus
1515 611 1623 647 times
1641 608 1872 660 opprobria,
1890 622 2005 658 quam
2023 617 2234 652 tormenta3

1213 680 1251 709 et
1271 672 1336 722 qui
1368 671 1536 722 trepidas
1569 670 1616 708 ad
1643 671 1814 720 linguam
1846 669 1996 715 carnis,
2021 672 2236 708 contemnis

1213 733 1382 784 gladium
1407 733 1474 783 qui
1509 731 1670 769 devorat
1701 731 1858 768 carnes?
1882 730 2062 767 Haeccine
2084 739 2141 768 est
2171 732 2235 769 illa

1215 807 1365 831 morum
1387 793 1648 844 pulcherrima
1667 791 1897 842 compositio
1911 820 1920 837 ,
1940 804 2015 841 qua
2036 791 2237 829 informari

1214 864 1250 893 te
1268 854 1404 893 scribis
1433 854 1602 892 scientiae
1634 852 1749 902 hujus
1775 852 2103 903 apprehensione,
2128 852 2237 902 cujus

1213 916 1342 954 studio
1380 924 1417 953 et
1456 929 1587 952 amore
1625 915 1678 952 sic
1713 914 1860 960 ferves,
1892 921 1934 950 ut
1964 926 2042 950 non
2067 915 2236 952 verearis

1213 987 1346 1015 sancto
1368 977 1571 1028 proposito
1598 974 1866 1026 praejudicium
1886 974 2034 1011 facere?

1267 1041 1302 1077 2.
1333 1039 1405 1077 Sed
1429 1052 1560 1088 quaeso
1592 1046 1650 1083 te,
1673 1035 1780 1087 quod
1801 1035 2024 1072 memoriale
2054 1036 2234 1084 virtutis,

1215 1114 1299 1151 quae
1321 1101 1402 1137 laus
1428 1099 1660 1149 disciplinze,
1695 1097 1779 1147 quis
1809 1096 1978 1133 scientiae
2012 1097 2234 1147 profectus,

1210 1162 1272 1197 vel
1295 1161 1386 1197 artis
1408 1161 1574 1205 fructus,
1599 1158 1792 1208 trepidare
1815 1158 1952 1194 timore
1978 1156 2045 1193 ubi
2079 1171 2157 1194 non
2178 1166 2237 1195 est

1212 1223 1352 1269 timor,
1386 1230 1423 1258 et
1451 1222 1629 1258 timorem
1661 1218 1819 1256 Domini
1839 1218 2084 1267 relinquere?
2111 1221 2235 1266 Quam

1212 1283 1404 1321 salubrius
1425 1283 1590 1319 disceres
1611 1285 1741 1319 Jesum
1758 1310 1767 1326 ,
1795 1288 1832 1316 et
1851 1279 1955 1315 hunc
1984 1279 2234 1316 crucifixum!

1212 1358 1327 1394 quam
1364 1344 1499 1393 utique
1535 1342 1732 1379 scientiam
1762 1339 1865 1376 haud
1901 1339 2028 1386 facile,
2060 1339 2133 1375 nisi
2168 1340 2235 1389 qui

1212 1405 1359 1442 mundo
1392 1403 1599 1441 crucifixus
1636 1409 1711 1446 est,
1751 1398 2018 1450 apprehendit.
2056 1400 2233 1446 Falleris,

1211 1466 1286 1512 fili,
1317 1464 1480 1510 falleris,
1506 1462 1535 1500 si
1561 1470 1596 1498 te
1623 1469 1736 1511 putas
1767 1459 1942 1496 invenire
1966 1459 2070 1510 apud
2100 1460 2233 1497 mundi

1209 1526 1430 1576 magistros,
1458 1537 1572 1574 quam
1599 1523 1670 1560 soli
1706 1522 1845 1559 Christi
1874 1520 2073 1571 discipuli,
2107 1521 2145 1557 id
2177 1530 2233 1558 est

1209 1587 1343 1624 mundi
1367 1594 1657 1635 contempores,
1680 1583 1752 1620 Dei
1773 1595 1934 1619 munere
1957 1590 2228 1631 assequuntur.

1206 1652 1285 1687 Nec
1307 1648 1408 1685 enim
1441 1647 1540 1684 hanc
1570 1645 1684 1682 lectio
1723 1643 1854 1688 docet,
1883 1642 1950 1679 sed
1967 1643 2120 1689 uncti03
2152 1656 2231 1680 non

1206 1710 1333 1746 littera
1351 1738 1360 1755 ,
1384 1707 1450 1744 sed
1479 1706 1655 1757 spiritus,
1681 1718 1759 1741 non
1781 1703 1948 1740 eruditio
1963 1733 1972 1749 ‚
1992 1702 2059 1739 sed
2082 1703 2230 1740 exerci-

1205 1771 1298 1807 tatio
1335 1770 1374 1806 in
1412 1767 1602 1805 mandatis
1638 1765 1809 1802 Domini.
1847 1765 2055 1807 seminate,
2085 1763 2229 1813 inquit,

1203 1832 1312 1869 vobiS
1329 1835 1543 1879 justitiam,
1570 1832 1694 1864 metite
1720 1840 1824 1876 spem
1858 1830 1974 1868 vilae,
2013 1827 2230 1861 illuminate

1157 1887 1184 1924 C
1210 1893 1316 1930 vobis
1347 1896 1470 1929 lumen
1505 1888 1716 1927 scientias&
1738 1886 1853 1925 Vides
1889 1885 1978 1935 quia
2015 1898 2093 1921 non
2124 1893 2227 1921 recte

1201 1955 1383 2006 proditur
1405 1953 1452 1991 ad
1474 1953 1605 1990 lumen
1639 1949 1826 1995 scientiae,
1852 1947 1924 1984 nisi
1953 1946 2112 1996 justitiae
2141 1960 2227 1996 ger-

1202 2030 1289 2053 men
1314 2011 1530 2067 procedatb
1567 2012 1614 2049 ad
1635 2011 1822 2055 animam,
1853 2022 1900 2045 ex
1930 2021 2008 2058 quo
2038 2007 2226 2044 formetur

1202 2092 1365 2129 granum
1386 2077 1496 2122 vitae,
1525 2082 1563 2111 et
1584 2086 1662 2110 non
1686 2072 1797 2122 palca
1822 2069 1966 2119 gloriae.
1986 2067 2086 2116 Quid
2104 2069 2226 2117 ergo?

1199 2139 1375 2177 nondum
1404 2137 1471 2175 tibi
1505 2136 1551 2174 ad
1579 2134 1766 2184 justitiam
1806 2130 2023 2175 seminasti,
2050 2129 2222 2165 nondum

1199 2201 1280 2252 spei
1313 2199 1532 2250 manipulos
1554 2194 1766 2239 messuisti3
1797 2201 1835 2229 et
1854 2204 1985 2227 veram
2016 2199 2052 2226 te
2072 2203 2222 2240 praesu-

1199 2263 1271 2299 mis
1288 2261 1424 2298 sectari
1447 2258 1669 2297 scientiam?
1699 2254 1771 2292 nisi
1799 2254 1897 2289 forte
1928 2264 2000 2302 pro
2018 2264 2109 2287 vera
2131 2264 2225 2301 sup-

1200 2322 1362 2373 ponitur
1384 2322 1448 2358 illa
1469 2332 1554 2369 quae
1570 2317 1691 2354 inflat.
1713 2318 1759 2352 Et
1780 2313 1932 2350 stultius
1950 2324 2054 2348 erras
2076 2325 2221 2362 appen-

1197 2385 1291 2421 dens
1312 2390 1513 2433 argentum
1532 2388 1640 2416 tuum
1659 2390 1737 2413 non
1753 2376 1791 2412 in
1806 2372 1991 2424 panibuS‚
2014 2381 2051 2409 et
2068 2372 2219 2410 labores

1197 2454 1283 2483 tuos
1310 2457 1387 2481 non
1410 2443 1447 2479 in
1481 2440 1692 2478 saturitate.
1717 2435 1908 2479 Obsecro,
1941 2433 2023 2470 redi
2055 2433 2103 2470 ad
2125 2448 2214 2480 cor,

1196 2515 1233 2543 et
1267 2505 1424 2542 adverte
1453 2502 1557 2538 hunc
1587 2503 1768 2542 annumc,
1794 2494 1999 2530 terminum
2026 2506 2139 2542 quem
2174 2501 2216 2530 tu

1197 2566 1266 2603 tibi
1279 2562 1471 2602 indulsisti
1491 2561 1528 2597 in
1551 2557 1731 2608 injuriam
1750 2555 1842 2600 Dei,
1868 2566 1947 2590 non
1968 2566 2048 2589 esse
2069 2565 2215 2589 annum

112 2617 180 2655 nisi
211 2633 296 2657 cum
330 2621 445 2658 fuerit
461 2621 619 2672 impleta
654 2622 872 2672 promissio.
906 2623 1127 2659 Terminum
1148 2632 1182 2666 D
1198 2625 1425 2679 placabilem
1446 2621 1627 2666 Domino,
1649 2617 1713 2656 sed
1732 2614 1934 2654 discordiae
1951 2613 2213 2659 seminarium,

111 2680 290 2728 posuisti,
307 2695 422 2731 quem
442 2696 520 2719 non
538 2683 713 2733 oportuit
737 2682 962 2732 transgredi.
983 2686 1126 2719 Trans—

111 2750 256 2788 gressus
278 2754 336 2788 es3
365 2742 459 2792 quid
477 2743 525 2780 ad
548 2746 636 2780 me?
658 2752 724 2780 tuo
744 2744 903 2780 domino
928 2752 1004 2780 stas
1019 2773 1028 2790 ,
1060 2752 1125 2780 aut

110 2799 220 2837 cadis.
251 2801 345 2838 Mihi
368 2815 458 2840 sane
492 2803 689 2841 decretum
722 2813 778 2841 est
808 2817 880 2854 pro
906 2804 1123 2841 imminenti

108 2860 276 2909 periculo
302 2876 381 2900 non
402 2863 558 2914 probris
571 2894 580 2912 ,
608 2878 685 2902 non
704 2865 819 2902 minis
842 2878 953 2914 agere
973 2873 1097 2901 tecum
1111 2895 1120 2911 ,

108 2920 173 2958 sed
205 2924 377 2971 monitis;
402 2924 520 2975 idque
554 2934 745 2976 quatenus
780 2939 892 2975 aequo
923 2925 1122 2963 admiseris

107 2981 243 3021 animo.
277 2984 315 3022 Si
344 2998 405 3023 me
425 2985 611 3033 audieris,
633 2985 753 3034 bene3
772 2986 803 3023 si
821 3000 900 3023 non
914 3015 925 3031 ,
949 3000 1020 3037 ego
1042 3000 1120 3024 non

103 3040 232 3090 judico
259 3059 493 3097 quemquam
515 3057 600 3085 :est
629 3049 695 3098 qui
721 3057 869 3098 quaerat
896 3057 934 3085 et
950 3047 1120 3098 judicet3

108 3104 173 3155 qui
188 3106 287 3143 enim
303 3106 450 3157 judicat
465 3122 549 3155 nos,
565 3110 756 3147 Dominus
777 3117 833 3146 est
846 3116 871 3146 ².
889 3112 936 3146 Et
949 3109 1039 3146 hinc
1055 3109 1121 3146 tibi

107 3164 190 3216 plus
203 3166 412 3206 timendum
428 3168 595 3209 arbitror
621 3183 664 3207 ac
683 3169 915 3218 dolendum,
934 3171 1024 3220 quia
1041 3183 1121 3206 non

1192 2690 1259 2726 irae
1277 2687 1472 2730 fomitem,
1498 2682 1779 2720 nutrimentum
1806 2675 2026 2727 apostasiae,
2052 2674 2118 2724 qui
2134 2675 2214 2724 spi-

1192 2751 1309 2788 ritum
1327 2747 1567 2796 exstinguat,
1589 2741 1750 2792 gratiam
1767 2735 2000 2775 intercludat
2012 2765 2021 2781 ,
2037 2743 2211 2786 teporem

1192 2812 1325 2850 afferat
1337 2810 1444 2846 illum
1459 2837 1468 2854 ,
1487 2805 1553 2857 qui
1564 2808 1646 2842 Deo
1662 2803 1759 2839 solet
1773 2800 1963 2837 vomitum
1977 2810 2148 2847 provoca
2156 2810 2210 2834 re.

1246 2874 1282 2910 3.
1296 2872 1400 2909 Heu!
1415 2870 1507 2906 heu!
1523 2862 1765 2903 viderismihi
1783 2874 1865 2898 uno
1882 2859 2019 2910 spiritu
2037 2857 2211 2895 ambula-

1190 2947 1245 2982 re,
1267 2933 1366 2970 sicut
1385 2940 1421 2968 et
1437 2942 1516 2967 uno
1534 2926 1681 2964 censeri
1698 2923 1876 2967 nomine,
1896 2934 1982 2957 cum
2000 2920 2121 2956 altero
2142 2919 2209 2955 illo

1190 2996 1356 3040 Thoma,
1399 2991 1491 3028 olim
1530 2987 1675 3026 scilicet
1705 2982 1915 3035 praeposito
1951 2980 1998 3017 de
2030 2979 2207 3024 Beverla,

1191 3056 1258 3106 qui
1285 3067 1372 3092 cum
1405 3065 1444 3088 se
1466 3049 1639 3087 similiter
1669 3054 1803 3083 nostro
1831 3042 1967 3081 Ordini
2006 3049 2042 3077 et
2068 3048 2208 3077 nostrae

1189 3115 1322 3153 domui
1356 3121 1438 3150 toto
1469 3107 1658 3147 desiderio
1683 3104 1918 3149 devovisset,
1951 3101 2066 3150 coepit
2089 3099 2205 3136 indu-

1190 3176 1304 3223 ciari,
1326 3183 1363 3211 et
1393 3173 1447 3210 ita
1479 3168 1663 3222 paulatim
1702 3165 1972 3215 refrigescere,
1996 3160 2117 3197 donec
2141 3171 2204 3195 su-

153 3307 164 3323 ¹
190 3305 284 3336 Rom.
301 3317 336 3344 x,
354 3309 385 3338 4.
403 3325 449 3331 —--
467 3312 481 3328 ²
501 3311 515 3339 I
533 3310 607 3341 Cor.
626 3320 674 3347 xv,
695 3312 726 3340 4.
745 3328 792 3331 —
808 3306 822 3331 3
840 3309 921 3341 Psal.
941 3319 1074 3347 xxxxix,
1100 3310 1154 3340 17.
1171 3324 1217 3330 -—
1231 3306 1245 3332 4
1263 3308 1346 3337 Osee
1362 3315 1402 3340 x,
1425 3305 1476 3334 12-

149 3365 164 3381 “
187 3365 268 3397 Vide
282 3367 445 3410 epistolam
464 3372 543 3402 382.
559 3389 602 3393 ——
618 3363 634 3387 b
650 3371 756 3410 Alias,
772 3369 950 3416 prceccclat.
966 3390 1009 3393 -—
1027 3375 1040 3391 Ε
1059 3369 1161 3408 Editi,
1183 3378 1337 3399 annuum.
