2517 3920
317 237 417 274 1083
1095 236 1130 272 S.
1162 235 1416 270 BERNARDI
1445 233 1646 268 ABBATIS
2304 234 2399 272 1084

312 311 553 350 divinitatem
580 311 747 362 adjicere
780 312 924 362 placet3
944 311 1096 348 interim
1117 324 1187 361 ego
1208 311 1377 357 hanc‚⁴⁵¹
1394 310 1493 346 infra
1525 307 1723 358 quomodo
1756 305 1962 343 collocabis
1985 308 2000 342 Ξ)
2029 310 2116 357 Ipse
2150 307 2221 345 sibi
2258 311 2400 360 forma,

311 386 397 423 quae
414 378 516 411 Deus
538 386 616 410 non
637 382 714 418 est,
738 372 906 422 persuasi
930 372 1021 408 mihi
1049 372 1204 408 minime
1227 371 1323 407 ado-
1343 371 1372 404 A
1391 369 1472 419 ipse
1486 367 1557 404 sibi
1579 366 1742 403 essentia
1757 374 1824 402 est.
1847 369 1892 402 In
1919 365 1994 402 hoc
2018 367 2171 403 interim
2194 369 2313 417 gradu
2339 385 2402 408 su—

312 433 484 470 randam.
517 437 613 470 Puto
646 433 751 483 quod
780 441 818 469 et
853 441 904 469 tu.
940 436 1085 482 Nempe
1123 435 1325 467 Dominam

315 497 439 530 Deam
483 503 585 530 caum
635 493 838 538 mlorabis,
877 503 912 528 et
948 495 1004 528 illi
1041 495 1110 527 soli
1144 496 1278 527 servies
1301 498 1325 526 ¹.

316 555 494 591 Gloriosa
513 568 604 592 vero
626 554 822 599 divinitas,
844 566 929 602 quae
950 552 1021 589 sibi
1041 552 1228 588 honorem
1248 564 1325 586 non

314 614 453 651 audeat
485 627 664 664 arrogare
696 613 880 650 dix-inum.
903 616 953 649 At
984 612 1117 648 melius
1144 619 1323 660 quartum

314 675 386 711 hoc
417 675 574 711 omnino
614 674 829 724 respuimus
852 701 861 718 ,
903 685 1018 722 quam
1057 673 1137 707 sine
1177 671 1324 707 honore

313 733 530 785 recipimus.
550 735 670 771 Multa
688 734 869 770 dicuntur
889 745 970 770 esse
989 733 1028 768 in
1053 735 1135 768 Deo
1149 759 1158 776 ,
1181 739 1219 767 et
1242 730 1325 780 qui-

314 793 401 831 dem
422 808 510 831 sane
528 794 788 842 catholiceque
805 822 813 839 ,
835 793 901 829 sed
919 793 1037 829 multa
1056 805 1190 828 unum.
1213 791 1323 827 Alio-

315 854 407 904 quin
440 855 470 891 si
504 854 652 890 diversa
682 862 884 903 putemus,
917 866 995 889 non
1028 852 1324 901 quaternitatem

314 913 518 960 habemus,
539 913 604 950 sed
626 913 907 949 centenitatem.
930 911 1045 949 Verbi
1073 924 1205 956 causa,
1228 910 1325 946 dici-

314 987 398 1010 mus
424 986 629 1022 magnum,
658 972 805 1008 bonum
821 1001 830 1018 ,
851 972 998 1020 justum
1019 1000 1028 1017 ‚
1057 979 1094 1007 et
1122 971 1324 1007 innumera

313 1034 398 1070 talia
422 1049 429 1070 :
453 1032 518 1069 sed
549 1032 621 1069 nisi
655 1032 785 1068 onmia
815 1045 935 1068 unum
972 1031 1011 1067 in
1047 1034 1150 1075 Deo,
1172 1039 1210 1066 et
1238 1043 1325 1066 cum

311 1098 394 1132 Deo
416 1093 656 1136 consideres,
679 1091 837 1128 habebis
859 1090 1107 1140 multiplicem
1129 1094 1267 1127 Deum.

371 1155 429 1192 16.
450 1154 540 1190 Mihi
553 1166 645 1189 vero
667 1165 745 1189 non
766 1152 871 1188 deest
887 1151 993 1201 quod
1008 1151 1170 1200 cogitem
1188 1150 1322 1186 melius

310 1214 499 1263 ejusmodi
521 1218 602 1251 Deo
625 1221 705 1249 tuo.
727 1212 875 1261 Quaeris
902 1211 1020 1261 quid?
1042 1215 1147 1248 Mera
1177 1211 1323 1260 simpli-

310 1276 414 1311 citas.
442 1278 541 1311 Vero
569 1272 736 1322 judici0‚
760 1280 896 1309 natura
929 1271 1091 1321 simplex
1122 1271 1323 1320 multiplici

309 1336 532 1372 antefertur.
566 1334 650 1372 Scio
678 1333 782 1383 quod
809 1333 855 1370 ad
872 1333 967 1369 ‘haec
1002 1332 1235 1382 respondere
1261 1345 1324 1368 so-

308 1396 399 1432 lent.
422 1399 506 1432 Non
528 1395 673 1440 multa,
704 1394 884 1443 inquiunt
902 1423 911 1439 ‚
940 1392 1006 1429 sed
1036 1406 1150 1429 unam
1175 1400 1322 1428 tantum

310 1456 546 1492 divinitatem
568 1484 577 1501 ,
600 1468 685 1504 quae
703 1454 831 1490 omnia
852 1454 915 1489 illa
940 1461 1055 1498 sunt,
1084 1456 1166 1489 Deo
1202 1460 1243 1488 ut
1277 1452 1324 1488 sit

311 1516 485 1553 conferre
523 1515 738 1551 asserimus.
778 1513 954 1551 Asseritis
988 1526 1078 1562 ergo
1101 1541 1110 1559 ‚
1140 1513 1208 1549 etsi
1243 1525 1322 1548 non

314 1576 564 1626 multiplicem
580 1605 589 1621 ,
612 1575 805 1625 duplicem
837 1578 958 1611 Deum
978 1589 988 1620 ;
1011 1582 1048 1610 et
1068 1587 1145 1610 non
1173 1573 1220 1609 ad
1242 1586 1323 1609 me-

309 1649 395 1673 rum
427 1635 590 1684 simplex
621 1633 875 1685 pervenistis,
907 1646 1031 1683 neque
1066 1633 1113 1669 ad
1152 1633 1216 1680 id,
1245 1646 1322 1683 quo

306 1695 443 1732 melius
465 1694 623 1744 cogitari
659 1707 737 1730 non
763 1702 903 1744 potest.
925 1697 1017 1730 Tam
1052 1707 1127 1730 non
1148 1702 1205 1730 est
1231 1693 1322 1730 sim—

309 1756 422 1805 plex,
448 1754 553 1805 quod
573 1755 633 1791 vel
668 1754 735 1790 uni
767 1754 881 1790 fuerit
912 1753 1125 1790 obnoxium
1166 1754 1322 1799 formae,

310 1829 423 1864 quam
455 1829 524 1851 nec
554 1814 661 1864 virgo
690 1816 747 1852 vel
769 1815 836 1851 uni
863 1815 1016 1864 cognita
1035 1815 1129 1851 viro.
1162 1817 1324 1852 Securus

1394 429 1514 478 spicio
1537 429 1645 464 illum
1671 442 1678 462 :
1702 435 1739 462 et
1759 426 1788 462 si
1811 426 1906 462 alter
1921 427 2051 476 potior
2065 437 2278 476 appareret,
2297 430 2402 469 illum

1396 488 1523 538 potius
1548 487 1691 523 darem.
1712 485 1908 535 Numquid
1928 486 2162 533 verendum,
2188 501 2235 524 ne
2259 490 2402 539 cogita-

1394 548 1447 584 tio
1468 547 1678 584 transvolet
1692 546 1823 581 illum?
1845 549 2207 596 Quantumcumque
2227 548 2266 584 in
2287 550 2401 588 altum

1392 608 1590 659 proficiat,
1612 608 1713 643 ultra
1740 614 1808 643 est.
1843 606 1948 643 Infra
1967 606 2073 655 quod
2100 607 2217 644 homo
2237 610 2402 659 cogitare

1391 668 1525 719 possit,
1540 667 1765 704 altissimum
1783 679 1975 716 quaerere,
2001 666 2205 703 ridiculum
2224 676 2304 715 est3
2325 679 2402 708 sta-

1391 737 1518 773 tuere,
1540 728 1714 778 impium.
1732 728 1856 773 Ultra,
1882 740 1960 763 non
1979 727 2073 763 citra
2087 727 2316 776 quaerendus
2335 740 2402 768 est.

1449 790 1506 826 17.
1530 787 1703 826 Ascende
1734 787 1858 824 adhuc
1874 817 1883 832 ,
1907 788 1936 824 si
1953 795 2064 837 potes
2080 816 2089 833 ,
2111 787 2159 824 ad
2183 801 2250 825 cor
2271 790 2402 838 altius,

1391 857 1428 885 et
1448 848 1680 885 exaltabitur
1707 852 1820 885 Deus.
1852 851 1938 884 Non
1973 856 2030 885 est
2064 847 2249 886 formatus
2270 852 2400 889 Deus:

1393 909 1517 945 forma
1547 916 1615 944 est.
1642 912 1729 945 Non
1751 916 1807 944 est
1826 908 1986 945 affectus
2016 912 2120 945 Deus
2138 923 2146 944 ι
2165 908 2316 946 affectio
2335 919 2401 948 est.

1391 972 1477 1005 Non
1493 976 1549 1004 est
1569 968 1808 1017 compositus
1827 972 1930 1005 Deus
1953 983 1960 1004 :
1986 981 2136 1005 merum
2155 968 2316 1019 simplex
2335 980 2400 1009 est.

1392 1031 1439 1064 Et
1471 1035 1514 1063 ut
1550 1026 1697 1076 liquido
1734 1027 1909 1073 noveris,
1935 1027 2028 1077 quid
2060 1028 2225 1078 simplex
2253 1028 2401 1068 dicam:

1344 1089 1370 1122 Β
1388 1087 1490 1123 idem
1509 1086 1614 1136 quod
1645 1100 1780 1123 unum.
1818 1090 1909 1124 Tam
1940 1087 2102 1138 simplex
2132 1091 2262 1134 Deus,
2286 1103 2397 1139 quam

1389 1160 1489 1183 unus
1506 1154 1573 1183 est.
1594 1149 1660 1183 Est
1675 1155 1802 1183 autem
1827 1160 1951 1193 unus,
1971 1156 2010 1184 et
2035 1161 2113 1197 quo
2145 1148 2262 1185 modo
2298 1150 2399 1187 aliud

1390 1207 1496 1244 nihil.
1526 1207 1563 1243 Si
1595 1206 1670 1243 dici
1707 1207 1854 1256 possit,
1890 1207 2097 1244 unissimus
2117 1216 2184 1244 est.
2213 1211 2324 1246 Unus
2349 1218 2404 1246 est

1391 1268 1472 1313 sol,
1492 1266 1597 1317 quod
1619 1280 1697 1303 non
1720 1267 1768 1303 sit
1788 1267 1884 1303 alter
1910 1281 1917 1303 :
1940 1280 2017 1304 una
2033 1267 2123 1304 luna
2141 1295 2150 1312 ,
2170 1267 2278 1317 quod
2299 1281 2403 1318 aeque

1391 1329 1513 1365 altera
1534 1341 1613 1364 non
1632 1327 1690 1364 sit.
1707 1331 1832 1377 Atque
1848 1327 1886 1364 id
1904 1327 2061 1377 quidem
2081 1332 2205 1375 Deus,
2225 1328 2291 1365 sed
2307 1329 2401 1379 plus.

1391 1388 1493 1437 Quid
1511 1389 1627 1438 plus?
1643 1392 1753 1426 Unus
1772 1397 1829 1426 est
1850 1389 1964 1426 etiam
1992 1388 2076 1426 sibi.
2103 1392 2151 1426 Et
2167 1389 2242 1426 hoc
2264 1390 2322 1427 vis
2339 1390 2404 1428 tibi

1391 1448 1603 1486 declarari?
1625 1448 1730 1485 Idem
1748 1457 1805 1485 est
1825 1461 1990 1498 semper,
2013 1457 2051 1485 et
2070 1462 2150 1485 uno
2171 1449 2301 1486 modo.
2320 1453 2403 1487 Non

1392 1508 1445 1546 sic
1479 1521 1579 1545 unus
1599 1508 1675 1555 sol,
1691 1521 1769 1544 non
1784 1508 1838 1545 sic
1860 1521 1937 1546 una
1953 1509 2056 1546 luna.
2080 1509 2226 1547 Clamat
2246 1517 2404 1560 uterque

1390 1582 1468 1605 non
1495 1581 1576 1605 essc
1597 1581 1717 1605 unum
1741 1567 1836 1616 sibi3
1860 1569 1923 1605 ille
1944 1567 2136 1616 motibus,
2159 1569 2226 1606 illa
2245 1577 2283 1607 et
2303 1569 2405 1607 defe-

1390 1629 1514 1666 ctibus
1534 1629 1622 1666 suis.
1652 1633 1756 1666 Deus
1774 1637 1903 1666 autem
1933 1643 2012 1666 non
2044 1629 2162 1666 modo
2182 1643 2284 1668 unus
2304 1629 2374 1667 sibi
2393 1645 2402 1668 ε

1389 1698 1426 1726 et
1447 1690 1485 1726 in
1503 1703 1541 1727 se
1565 1703 1664 1726 unus
1686 1698 1753 1726 est.
1775 1690 1877 1727 Nihil
1902 1690 1940 1726 in
1962 1703 2001 1727 se
2019 1690 2091 1727 nisi
2112 1703 2151 1727 se
2171 1689 2299 1727 habet.
2319 1694 2404 1729 Non

1390 1763 1438 1786 ex
1465 1759 1638 1800 tempore
1667 1749 1931 1786 alterationem
1965 1749 2103 1796 habet,
2135 1763 2215 1787 non
2245 1751 2283 1787 in
2315 1749 2405 1788 sub-

1391 1811 1530 1847 stantia
1560 1810 1800 1846 alteritatem.
1818 1810 1918 1847 Hinc
1947 1809 1993 1847 de
2022 1823 2068 1847 eo
2100 1810 2269 1848 Boetius.
2289 1827 2303 1843 «
2323 1814 2404 1849 Hoc

311 1877 463 1926 loquor,
487 1889 534 1912 ne
560 1876 590 1912 is
611 1875 765 1925 quidem
792 1875 857 1925 qui
889 1876 948 1911 vel
977 1875 1121 1926 duplex
1154 1884 1229 1921 est,
1252 1874 1324 1910 erit
1345 1879 1371 1915 C
1392 1890 1406 1905 υ
1427 1885 1515 1909 vere
1538 1885 1681 1923 unum,
1704 1872 1743 1908 in
1764 1885 1841 1922 quo
1859 1872 1989 1908 nullus
2009 1880 2065 1909 est
2089 1885 2273 1909 numerus
2290 1902 2300 1919 ‚
2320 1872 2404 1909 nul-

312 1950 432 1973 meus.
451 1936 583 1973 Habeo
608 1936 707 1972 enim
736 1937 946 1973 meliorem.
966 1939 1057 1972 Esto
1085 1935 1190 1986 quod
1220 1936 1322 1972 hunc

311 2010 517 2033 numeroso
544 2004 581 2033 et
608 1996 805 2046 multiplici
833 2004 1066 2046 anteponam
1089 2011 1097 2032 z
1120 1995 1186 2032 sed
1210 1996 1322 2045 plane

311 2069 391 2106 prae
413 2055 576 2105 simplici
599 2069 750 2105 sperno.
770 2059 877 2092 Meus
901 2058 1003 2092 Deus
1029 2055 1110 2105 ipse
1139 2055 1323 2091 catholice

313 2125 382 2153 est.
399 2120 490 2153 Tam
509 2129 586 2152 non
605 2115 720 2152 habet
734 2116 807 2152 hoc
824 2124 861 2152 et
878 2116 994 2161 illud,
1015 2129 1129 2165 quam
1147 2128 1225 2151 non
1244 2115 1324 2151 haec

315 2184 352 2212 et
372 2176 447 2212 illa.
474 2179 539 2212 Est
564 2176 628 2225 qui
653 2184 732 2221 est,
751 2189 829 2212 non
851 2189 936 2225 quae
966 2184 1035 2212 est.
1065 2179 1208 2220 Purus,
1234 2175 1325 2211 sim-

314 2236 403 2285 plex
417 2263 426 2280 ,
447 2235 606 2284 integer,
625 2235 836 2285 perfectus,
852 2243 1032 2272 constans
1052 2234 1143 2281 sibi,
1162 2235 1256 2271 nihil
1278 2234 1324 2270 de

313 2295 551 2345 temporibus
567 2325 575 2341 ,
596 2295 687 2331 nihil
715 2295 761 2331 de
789 2295 903 2340 locis,
927 2295 1020 2332 nihil
1042 2295 1089 2332 de
1113 2295 1229 2332 rebus
1249 2304 1325 2331 tra—

314 2356 408 2392 hens
429 2356 468 2391 in
498 2368 554 2401 se,
583 2355 674 2391 nihil
705 2369 750 2392 ex
782 2369 820 2392 se
853 2356 1052 2406 deponens
1080 2356 1118 2392 in
1143 2356 1220 2403 eis;
1248 2370 1325 2393 non

316 2415 460 2452 habens
494 2415 598 2465 quod
632 2416 678 2452 ad
708 2429 913 2453 numerum
948 2417 1211 2463 dividat,non
1244 2431 1328 2467 quae

317 2477 471 2526 colligat
492 2476 539 2513 ad
562 2490 694 2514 unum.
725 2480 855 2515 Unum
885 2478 1030 2528 quippe
1059 2487 1136 2524 est,
1161 2478 1226 2515 sed
1250 2491 1327 2515 non

317 2537 478 2573 unitum.
498 2540 583 2573 Non
605 2536 778 2587 partibus
799 2547 949 2575 constat
963 2567 973 2585 ,
995 2547 1036 2575 ut
1065 2552 1227 2588 corpus;
1250 2552 1328 2575 non

316 2596 514 2633 affectibus
535 2596 662 2643 distat,
682 2605 723 2633 ut
740 2598 867 2634 anima
888 2613 895 2635 :
919 2611 997 2634 non
1019 2598 1150 2635 formis
1167 2598 1327 2646 substat,

1391 1951 1405 1966 »
1425 1933 1505 1970 lum
1531 1933 1568 1969 in
1600 1946 1646 1969 eo
1677 1932 1782 1969 aliud
1813 1941 1955 1982 praeter
1975 1932 2014 1969 id
2045 1933 2150 1983 quod
2175 1941 2257 1971 est:
2276 1937 2405 1984 Neque

1392 2012 1406 2027 υ
1426 1994 1527 2031 enim
1549 1993 1766 2044 subjectum
1784 1993 1866 2030 lieri
1884 2002 2033 2043 potest:
2050 1994 2173 2031 forma
2192 1994 2294 2031 enim
2310 2002 2403 2031 est.»

1390 2058 1580 2105 Compara
1628 2054 1717 2091 huic
1766 2054 1832 2091 uni
1870 2067 1983 2091 omne
2016 2054 2122 2104 quod
2166 2068 2286 2092 unum
2333 2054 2405 2092 dici

1391 2124 1541 2166 potest3
1563 2124 1601 2152 et.
1628 2129 1750 2152 unum
1782 2128 1860 2152 non
1889 2115 1973 2152 erit.
2003 2115 2168 2152 Trinitas
2196 2124 2253 2153 est
2281 2124 2404 2153 tamen

1391 2180 1507 2213 Deus.
1532 2176 1633 2225 Quid
1656 2177 1775 2226 ergo?
1803 2176 2046 2213 Destruimus
2062 2176 2169 2226 quod
2187 2176 2327 2213 dictum
2349 2184 2404 2213 est

1392 2237 1439 2274 de
1471 2237 1618 2274 unitate
1636 2266 1645 2283 ,
1668 2237 1758 2286 quia
1778 2236 1998 2274 inducimus
2031 2236 2269 2273 trinitatem?
2295 2240 2404 2282 N0n;

1393 2298 1458 2335 sed
1485 2299 1686 2335 statuimus
1719 2298 1918 2335 unitatem.
1950 2298 2123 2335 Dicimus
2150 2301 2302 2335 Patrem
2319 2327 2329 2344 ‚
2347 2296 2404 2333 di-

1394 2360 1514 2396 cimus
1548 2359 1685 2397 Filium
1709 2389 1718 2406 ,
1754 2359 1916 2396 dicimus
1967 2359 2151 2409 Spiritum
2199 2366 2402 2404 sanctum3

1395 2433 1473 2456 non
1507 2429 1633 2456 tamen
1667 2428 1743 2456 tres
1777 2423 1905 2466 Deos,
1931 2419 2007 2456 'sed
2035 2433 2168 2456 unum.
2201 2418 2300 2467 Quid
2333 2417 2403 2455 sibi

1394 2481 1477 2517 vult
1502 2480 1570 2517 iste
1601 2479 1667 2530 (ut
1695 2480 1748 2516 sic
1780 2478 1942 2530 loquar)
1973 2478 2117 2528 absque
2143 2491 2306 2515 numero
2333 2490 2404 2514 nu—

1396 2542 1551 2577 merus?
1583 2540 1619 2578 Si
1650 2540 1718 2576 tria
1737 2568 1747 2585 ,
1786 2539 1985 2589 quomodo
2026 2553 2104 2576 non
2143 2537 2402 2576 numerus?si

1394 2615 1537 2647 unum,
1560 2599 1626 2637 ubi
1654 2601 1862 2637 numerus?
1885 2600 1956 2638 Sed
1980 2599 2104 2637 habeo
2119 2630 2129 2647 ,
2149 2599 2296 2649 inquis,
2314 2597 2404 2649 quid

317 2665 359 2692 ut
376 2670 489 2693 omne
510 2657 613 2706 quod
638 2658 779 2694 factum
807 2667 890 2704 est,
922 2658 988 2694 sed
1017 2672 1142 2708 neque
1168 2659 1325 2705 formae,
1344 2672 1376 2705 D
1394 2673 1592 2696 numerem
1614 2689 1623 2705 ‚
1652 2668 1689 2696 et
1709 2659 1803 2708 quid
1834 2672 1912 2696 non
1945 2673 2159 2697 numerem.
2189 2658 2405 2697 Substantia

318 2723 360 2750 ut
379 2715 457 2751 istis
491 2716 613 2753 visum
643 2725 711 2753 est.
734 2721 870 2767 Magna
899 2718 980 2755 laus
1010 2718 1189 2755 videlicet
1216 2722 1296 2755 Deo
1315 2747 1325 2765 ,

321 2783 364 2810 ut
386 2788 424 2811 se
450 2775 496 2811 ab
524 2776 757 2814 informitate
784 2778 955 2815 vindicet
973 2808 982 2825 ,
1002 2779 1125 2815 forma
1145 2792 1220 2815 una
1246 2792 1326 2816 esse

322 2843 556 2872 contentum.
585 2840 668 2873 Hoc
698 2847 753 2874 est
785 2838 933 2885 (licere,
957 2848 1093 2876 caetera
1123 2838 1297 2889 pluribus
1315 2868 1324 2885 ,

322 2897 442 2930 Deum
476 2896 629 2932 nonnisi
648 2897 713 2933 uni
738 2897 878 2935 debere
895 2899 999 2949 quod
1021 2908 1088 2936 est.
1105 2900 1232 2948 Quid?
1253 2904 1329 2938 Cu-

317 2951 381 3000 jus
402 2952 587 2990 beneficio
612 2965 700 2991 sunt
727 2971 811 3006 quae
838 2967 950 3003 sunt,
969 2959 1050 3009 ipse
1066 2973 1138 3010 pro
1160 2973 1229 2996 suo
1250 2973 1330 2997 esse

321 3012 429 3048 alteri
457 3011 652 3049 benefico*
668 3015 864 3053 inclinabit
880 3020 894 3054 Ρ
915 3022 1015 3055 Laus
1038 3019 1108 3056 ista
1126 3048 1135 3066 ,
1154 3028 1196 3056 ut
1212 3020 1328 3068 vulgo

324 3071 477 3117 dicitur,
510 3071 784 3122 blasphemiam
811 3077 923 3113 valet.
945 3082 1003 3115 An
1027 3092 1105 3115 non
1126 3080 1247 3129 pluris
1273 3088 1330 3116 est

323 3133 430 3169 nullo
459 3132 651 3182 indigere,
673 3147 785 3182 quam
808 3138 915 3172 uno?
942 3138 1050 3174 Habe
1074 3141 1326 3177 reverentiam

322 3193 435 3236 Deo,
465 3199 506 3226 ut
537 3191 642 3240 quod
681 3192 799 3240 pluris
820 3202 900 3239 est,
929 3195 981 3231 illi
1011 3197 1167 3234 tribuas.
1191 3199 1227 3236 Si
1262 3213 1329 3236 cor

322 3259 428 3287 tuum
451 3263 570 3299 usque
592 3251 664 3287 huc
683 3252 885 3288 ascendere
906 3256 1053 3302 potuit,
1072 3261 1190 3293 Deum
1221 3267 1325 3295 tuum

374 3380 470 3406 ¹l!1(·.
490 3388 532 3410 ιν,
554 3383 583 3407 ὅ.

1396 2733 1470 2757 una
1490 2728 1546 2757 est
1564 2735 1571 2756 :
1590 2733 1765 2770 personae
1788 2727 1863 2756 tres
1886 2729 1987 2757 sunt.
2007 2720 2110 2769 Quid
2127 2720 2269 2757 mirum
2286 2718 2403 2769 ?quid

1394 2782 1455 2818 vel
1482 2780 1688 2818 obscurum
1715 2781 1754 2817 in
1780 2781 1854 2817 hoc
1872 2782 1887 2818 P
1904 2781 2027 2828 Nihil,
2043 2781 2074 2819 si
2099 2794 2276 2831 personae
2299 2792 2404 2817 seor-

1396 2855 1479 2878 sum
1507 2855 1527 2878 a
1554 2841 1765 2878 substantia
1797 2841 2028 2891 cogitentur.
2056 2845 2166 2879 Nunc
2195 2854 2290 2878 vero
2320 2852 2402 2878 cum

1398 2911 1474 2939 tres
1500 2903 1574 2938 illae
1601 2915 1775 2952 personae
1802 2903 1865 2939 illa
1895 2902 2109 2939 substantia
2143 2902 2219 2939 sint
2238 2930 2248 2947 ,
2279 2910 2316 2938 et
2343 2900 2405 2938 illa

1399 2976 1473 2998 una
1492 2961 1703 2998 substantia
1730 2971 1805 2999 tres
1831 2962 1906 2999 illae
1936 2975 2138 3012 personae3
2164 2961 2250 3012 quis
2268 2973 2404 2998 nume—

1398 3037 1481 3059 rum
1505 3031 1617 3072 neget
1634 3024 1648 3058 Ρ
1678 3026 1772 3060 Nam
1792 3036 1882 3059 vere
1902 3031 1978 3060 tres
1997 3031 2098 3059 sunt.
2120 3022 2214 3071 Quis
2233 3027 2405 3058 numeret

1398 3092 1523 3120 tamen
1543 3085 1557 3118 Ρ
1585 3087 1676 3120 Nam
1707 3096 1799 3120 vere
1820 3096 1940 3119 unum
1961 3091 2061 3120 sunt.
2083 3087 2161 3120 Aut
2190 3082 2220 3119 si
2242 3089 2281 3118 tu
2301 3079 2404 3117 facile

1396 3142 1587 3192 explicatu
1616 3141 1654 3177 id
1684 3150 1822 3192 putas,
1851 3141 2015 3178 dicendo
2043 3150 2144 3188 tres,
2174 3141 2289 3178 dicito
2315 3136 2404 3188 quid

1397 3202 1634 3237 numerasti?
1662 3203 1852 3238 Naturas?
1873 3205 1958 3239 Una
1982 3210 2049 3239 est.
2080 3201 2268 3239 Essentias
2285 3201 2300 3236 Ξ)
2319 3202 2402 3237 Una

1393 3270 1460 3295 ost.
1495 3261 1763 3297 Substantias?
1787 3266 1870 3298 Una
1910 3270 1977 3298 est.
2009 3262 2203 3298 Deitates?
2229 3263 2310 3298 Una
2336 3264 2402 3293 esl-
