2565 3952
35 548 43 578 l

35 589 43 678 -.ἡ

34 726 42 755 ,μ

43 1589 46 1597 -
10 1538 29 1551 '⁴
22 1225 64 1486 ’ς’-4·

50 3631 86 3952 Ε-,-,,,,

1043 131 1309 165 EPISTOLAE.

1190 208 1197 222 t

116 138 186 178 561
2148 132 2225 167 562

115 226 152 256 et
183 228 284 253 anno
312 211 509 264 praeterito
545 211 585 247 in
615 210 799 254 articulo,
824 217 867 245 ut
898 205 1188 258 putabatur‚²0²

116 284 246 324 mortis
265 282 456 333 positum,
476 278 676 316 ecclesiam
697 276 904 327 quamdam
926 276 1051 313 eidem
1069 289 1134 313 ne·
1152 269 1181 301 A
1204 280 2232 290 ......................................................................

114 346 195 398 poti
228 344 374 381 donare
414 342 589 378 fecerunt
622 354 630 377 ε
664 339 770 390 quod
810 338 957 375 donum
1000 346 1135 389 postea

115 406 383 446 convalescens
400 434 409 450 ,
427 403 524 440 sicut
545 401 755 439 certissime
775 400 1039 450 comperimus
1051 429 1060 445 ,
1086 399 1135 435 fe-

113 469 207 508 cisse
234 480 273 504 se
302 465 460 502 minime
488 462 727 514 recognovit.
747 462 841 511 Quis
866 461 1032 512 denique
1049 474 1136 498 cre—

112 530 201 574 dat,
220 528 346 565 virum
368 535 542 564 sanctum
557 556 566 572 ‚
592 525 830 576 spiritualem
847 554 856 571 ,
877 524 907 561 si
929 524 1080 575 sapuit,
1102 523 1133 559 si

100 601 270 639 ‚compos
289 587 348 625 sui
365 587 436 624 fuit
449 616 458 633 ,
479 594 752 624 testamentum
772 585 846 621 tale
863 584 1020 621 fecisse?
1039 583 1133 632 Quis

111 651 172 688 vel
212 649 523 687 saecularissimus
558 647 631 684 hoc
675 646 817 684 dixerit
859 653 1132 683 testamentum

112 711 344 750 sacerdotis?
373 710 554 747 Haeccine
584 709 786 760 dispositio
814 708 983 745 hominis
1011 705 1130 744 sobrii

109 780 149 819 ‚et
164 770 392 822 spiritualis,
407 770 510 807 illius
524 770 590 821 qui
610 769 745 807 omnia
762 767 972 819 dijudicat,
995 776 1032 805 et
1049 768 1132 818 ipse

111 845 133 870 a
147 831 299 869 nemine
315 830 536 881 judicatur?
556 835 588 868 A
606 844 684 880 quo
703 830 829 877 enim,
855 830 884 867 si
903 830 955 866 ita
975 842 1134 866 reman-

110 893 220 937 serit,
239 893 319 929 sive
338 893 377 929 in
399 893 497 930 coelo
514 922 524 939 ,
559 893 639 929 sive
666 892 705 929 in
728 901 852 938 terra,
875 891 946 928 iste
970 904 1048 927 non
1065 890 1132 940 ju—

111 953 325 992 dicabitur?

1293 390 1672 449 EPISTOLA
1733 390 2154 448 CCLXXVHJ*

1274 545 1320 567 AD
1352 545 1539 577 ΕΙΣΞΠΒΕΜ,
1581 544 1653 567 Pno
1686 544 1824 567 ABBATE
1853 543 2101 567 CLL‘NIACENSI
2117 530 2147 566 *-

1201 655 1362 687 Abbatem
1390 655 1633 687 cluniacensem
1663 654 1819 686 benevole
1842 654 1965 697 excipi,
2001 660 2030 686 et
2055 653 2231 686 honorifice

1599 711 1726 742 tractari
1741 710 1831 753 petit.

1256 827 1424 863 Stultum
1444 826 1601 863 videtur
1624 823 1792 862 scribere
1815 823 1863 861 ad
1882 836 1952 860 vos
1971 836 2043 874 pro
2068 822 2229 860 domino

1202 889 1447 927 Cluniacensi
1461 917 1470 935 ,
1490 889 1574 925 etei
1594 887 1702 938 quasi
1721 887 1819 924 velle
1837 885 2095 937 patrocinium
2115 885 2228 931 ferre,

1200 964 1315 1001 quem
1340 963 1475 987 omnes
1496 949 1568 986 sibi
1588 957 1798 1000 patronum
1826 946 1969 984 habere
1993 946 2227 984 desiderant.

162 1013 198 1052 2.
230 1017 287 1052 Tu
320 1027 433 1065 ergo,
469 1028 579 1052 serve
609 1015 705 1062 Dei,
736 1015 803 1065 qui
823 1023 929 1052 tenes
959 1013 1129 1064 gladium
1152 1011 1180 1045 Β
1201 1011 1275 1049 Sed
1292 1011 1419 1049 scribo
1435 1041 1443 1057 ,
1470 1011 1540 1049 etsi
1558 1024 1635 1047 non
1659 1010 1873 1047 necessarie
1895 1009 1972 1054 illi,
1994 1009 2229 1045 satisfaciens

109 1077 227 1122 Petri,
257 1085 417 1127 amputa
449 1076 719 1114 confusionem
752 1074 958 1127 opprobrii
991 1089 1012 1112 a
1039 1075 1131 1111 reli—

108 1138 245 1190 gione,
267 1137 490 1175 scandalum
513 1137 561 1175 ab
590 1138 783 1184 Ecclesia,
819 1138 964 1174 crimen
989 1150 1009 1173 a
1038 1149 1132 1186 per—

108 1212 219 1246 sona,
241 1213 263 1236 a
282 1199 541 1250 spiritualium
565 1199 739 1236 omnium
756 1228 765 1242 ,
791 1198 857 1248 qui
880 1211 969 1234 eum
991 1198 1029 1234 in
1051 1197 1131 1247 spi—

107 1261 183 1300 ritu
203 1269 240 1298 et
262 1274 340 1298 non
368 1261 574 1298 carnaliter
603 1259 832 1310 diligebant,
865 1268 903 1296 et
925 1268 992 1295 tuo
1012 1258 1131 1308 ipsius

87 1322 222 1366 -corde
239 1321 537 1360 amaritudinem
560 1329 598 1358 et
623 1321 814 1358 dolorem.
846 1323 1020 1369 Exsurge
1040 1318 1132 1356 Phi—

97 1396 196 1422 ·nees
216 1398 224 1421 :
246 1391 305 1420 sta
323 1391 362 1420 et
387 1383 517 1434 placa,
539 1391 582 1419 ut
609 1391 768 1420 sanetur
801 1381 1009 1432 quassatio.
1043 1383 1105 1418 Sta
1120 1410 1129 1427 ,

107 1445 264 1496 inquam
278 1474 287 1492 ,
307 1443 528 1481 inflexibilis
545 1443 732 1482 adversus
750 1457 905 1481 carnem
926 1451 964 1480 et
981 1442 1132 1492 sangui-

107 1519 219 1552 nem,
248 1519 327 1556 quo
360 1506 479 1543 ariete
514 1519 668 1543 murum
702 1514 776 1543 tuae
809 1505 1034 1542 constantiae
1067 1503 1134 1541 filii

107 1567 220 1617 hujus
240 1568 369 1605 saeculi
395 1569 533 1619 procul
560 1567 679 1605 dubio
710 1576 916 1606 concutere
937 1565 1136 1603 conabun-

107 1638 178 1668 tur.
208 1633 307 1668 Vera
336 1630 459 1681 pietas
492 1639 550 1668 est
582 1630 622 1667 in
656 1630 918 1675 avunculum,
951 1628 981 1665 si
1018 1640 1135 1678 super

107 1690 328 1742 hujusmodi
349 1692 542 1730 exstiteris
569 1692 713 1743 impius
732 1692 772 1729 in
795 1700 992 1742 nepotem.

160 1755 196 1792 3.
219 1757 268 1792 Et
286 1754 360 1792 hoc
381 1755 540 1802 scitote,
560 1754 667 1806 quod
687 1755 794 1791 viros
816 1753 1015 1804 religiosos
1031 1781 1040 1798 ‚
1067 1750 1132 1787 de-

1201 1082 1329 1111 tamen
1364 1074 1546 1110 affectui:
1571 1072 1726 1109 affectui
1756 1072 1843 1108 dico
1873 1084 1985 1117 meo,
2025 1084 2102 1107 non
2132 1070 2224 1106 alte-

1200 1135 1292 1172 rius.
1324 1139 1414 1186 Ipso
1444 1135 1546 1172 enim
1565 1164 1574 1181 ,
1608 1134 1699 1184 quia
1731 1147 1895 1184 corpore
1932 1146 2010 1169 non
2039 1146 2195 1183 possum
2216 1163 2225 1178 ‚

1200 1210 1419 1247 prosequor
1457 1196 1623 1233 amicum
1661 1195 1985 1246 peregrinantem.
2022 1194 2115 1242 Quis
2155 1207 2226 1230 nos

1200 1257 1423 1308 separabit?
1453 1260 1529 1295 Nec
1573 1256 1735 1293 altitudo
1767 1256 1944 1306 Alpium,
1977 1268 2048 1292 nec
2080 1255 2225 1291 nivium

1200 1319 1368 1369 frigora,
1393 1332 1464 1356 nec
1497 1317 1700 1368 longitudo
1732 1317 1893 1354 itineris.
1930 1320 1977 1354 Et
1998 1330 2101 1353 nunc
2125 1330 2228 1367 prae-

1200 1393 1288 1418 sens
1314 1394 1423 1427 sum,
1454 1380 1493 1417 in
1516 1379 1651 1416 litteris
1671 1379 1729 1415 his
1757 1379 1935 1415 assistens
1958 1378 2025 1414 illi.
2052 1378 2139 1416 Sine
2169 1391 2230 1414 ine

1201 1444 1347 1496 poterit
1374 1457 1455 1481 esse
1487 1456 1691 1493 nusquam.
1713 1440 1878 1479 Debitor
1900 1455 1982 1478 sum
2015 1440 2229 1491 dignationi

1202 1507 1303 1557 ejus,
1336 1520 1406 1557 per
1430 1518 1546 1556 quam
1569 1504 1707 1554 dignus
1729 1502 1881 1540 babitus
1913 1517 1994 1540 sum
2026 1503 2167 1540 assumi
2191 1502 2230 1538 iu

1205 1568 1243 1606 id
1265 1568 1409 1618 gratiae.
1433 1566 1504 1604 Sed
1529 1564 1661 1602 debito
1690 1565 1772 1616 ipsa
1794 1564 1959 1601 absolvit
1975 1565 2115 1615 gratia,
2139 1563 2231 1614 quia

1204 1629 1409 1667 necessitas
1429 1628 1468 1665 in
1489 1628 1730 1664 voluntatem
1756 1626 1917 1663 transiit.
1946 1629 2147 1663 Honorate
2170 1625 2232 1661 vi-

1202 1707 1309 1738 rum,
1343 1700 1385 1728 ut
1408 1704 1498 1728 vere
1524 1688 1754 1726 honorabile
1788 1687 2006 1725 membrum
2029 1688 2068 1724 in
2090 1686 2229 1724 Christi

1202 1767 1380 1805 corpore.
1401 1757 1476 1790 Vas
1493 1760 1549 1788 est
1567 1751 1605 1788 in
1626 1750 1817 1787 honorem
1834 1780 1842 1796 ‚
1864 1749 1901 1786 ni
1922 1749 2052 1792 fallor,
2070 1748 2230 1799 plenum

106 1829 241 1854 canum
257 1816 509 1854 Sancti—Petri
525 1815 887 1862 Autissiodorensis,
909 1823 946 1852 et
960 1814 1133 1852 Priorem
1158 1812 1185 1848 C
1207 1815 1338 1866 gratiae
1371 1822 1407 1850 ct
1439 1812 1634 1858 veritatis,
1675 1812 1860 1848 refertum
1895 1810 2073 1860 plurimis
2107 1808 2231 1845 bonis.

107 1877 407 1916 Sancti-Eusebii
424 1909 434 1925 ,
465 1887 542 1916 tam
568 1892 640 1930 pro
662 1892 724 1926 se,
750 1891 864 1929 quam
892 1890 964 1928 pro
994 1875 1133 1913 abbate

105 1940 473 1988 Sancti-Laurentii,
505 1940 556 1978 ob
587 1941 753 1992 primam
782 1938 1133 1978 Autissiodorensis

106 2001 281 2040 Ecclesiae
301 2002 530 2040 electionem
551 2012 710 2054 paratos
726 2003 861 2039 venire
881 2001 1026 2047 advos,
1044 2014 1132 2051 pars

105 2062 261 2100 adversa
292 2076 363 2114 per
391 2064 571 2101 comitem
603 2064 913 2102 Nivernensem*
935 2062 1125 2108 detinuit,

105 2131 142 2161 ct
157 2123 342 2162 deterruit
362 2139 410 2163 ne
431 2126 620 2163 venirent.
654 2126 850 2177 Siquidem
883 2128 1020 2163 Comes
1043 2125 1125 2175 ipse

98 2186 244 2224 .vocatis
265 2186 312 2224 ad
333 2200 372 2224 se
388 2187 655 2233 denuntiavit,
674 2201 722 2225 ne
738 2202 777 2225 se
795 2187 1122 2233 intromitterent,

104 2253 141 2284 et
151 2246 263 2284 minis
277 2247 510 2297 gravissimis
528 2261 571 2285 ac
588 2248 800 2285 manifestis
819 2246 1020 2298 prohibuit
1034 2260 1099 2283 eos
1114 2260 1121 2281 z

104 2306 197 2345 sicut
214 2308 326 2346 Prior
344 2308 427 2360 ipse
444 2323 464 2346 a
485 2309 673 2361 praedicto
692 2309 830 2347 abbate
854 2323 924 2346 suo
946 2317 984 2345 et
1006 2309 1123 2345 fratre

104 2381 171 2406 suo
188 2370 352 2418 carnali,
374 2379 412 2408 et
432 2384 453 2408 a
471 2371 619 2409 decano
642 2372 780 2410 missus
803 2371 850 2408 ad
871 2385 942 2408 nos
961 2379 1125 2422 propter

103 2427 173 2467 hoc
191 2429 337 2481 ipsum,
358 2432 556 2469 confessus
580 2441 618 2470 et
647 2442 884 2484 conquestus
909 2441 966 2469 est
985 2431 1098 2469 nobis
1114 2462 1123 2479 ‚

9 2498 48 2531 ἰν,
103 2503 237 2541 rogans
268 2493 384 2530 etiam
414 2507 486 2544 per
522 2508 594 2533 nos
628 2495 703 2533 hoc
726 2496 855 2546 ipsum
881 2495 1124 2531 innotescere

0 2568 14 2589 ·,
53 2558 55 2563 ⁴
103 2550 219 2590 vobis.
242 2554 358 2600 Dixi,
384 2564 422 2592 et
446 2556 587 2593 iterum
619 2556 707 2594 dico
731 2572 738 2594 :
763 2564 999 2594 mementote
1018 2555 1125 2606 quod

2 2625 3 2629 ¹
30 2625 51 2646 ’ἱ
103 2611 238 2652 sactum
273 2624 331 2653 est
362 2617 554 2655 Nivernis.
580 2618 917 2656 Ordinatissimum
941 2626 1022 2663 est,
1054 2617 1122 2653 mi-
1140 2617 1174 2651 D
1193 2617 1293 2655 mitti
1321 2630 1341 2654 a
1369 2615 1554 2666 regimine
1585 2613 1808 2650 monasterii
1821 2611 1861 2658 ¹²,
1894 2611 1977 2662 quis
2009 2611 2119 2647 illum
2149 2623 2223 2646 no-

28 2686 55 2706 ·>
104 2686 174 2713 nus
201 2676 401 2715 interdum
439 2678 620 2716 ordinate
661 2679 807 2730 aliquid
849 2679 946 2717 fieri.
989 2679 1124 2717 Claves

22 2750 26 2757 ·
44 2748 57 2764 ¹=
102 2745 261 2786 vestras,
283 2739 350 2790 qui
368 2753 504 2777 sanum
523 2740 706 2791 sapiunt,
731 2741 890 2778 alteram
914 2740 953 2777 in
976 2739 1123 2777 discre-

46 2816 49 2825 η
102 2795 226 2845 tione,
249 2800 409 2839 alteram
431 2801 470 2838 in
495 2810 687 2853 potestate
706 2802 960 2840 constituunt.

1202 1876 1398 1913 Remittite
1420 1888 1508 1912 eum
1535 1888 1620 1910 cum
1646 1873 1798 1918 laetitia,
1826 1870 2137 1922 quamplurimos
2161 1868 2232 1906 sul)

1202 1938 1327 1975 reditu
1346 1937 1644 1974 lzetilicaturum.
1670 1934 1892 1985 Dignemini
1909 1947 1996 1970 eum
2023 1931 2202 1982 ampliori
2220 1960 2229 1977 ,

1200 2009 1242 2036 ut
1264 1999 1423 2049 dignum
1447 2006 1524 2044 est,
1547 1997 1690 2047 gratia,
1712 2005 1748 2033 ct
1780 1996 1831 2033 ita
1853 2004 1893 2032 ut
1916 1995 1962 2031 de
1986 1993 2230 2045 plenitudine

1196 2061 1277 2112 ejus
1300 2074 1458 2106 omnes,
1482 2073 1570 2097 cum
1598 2058 1777 2105 redierit,
1801 2057 2046 2108 accipiamus.
2068 2058 2165 2093 Sane
2195 2054 2224 2091 si

1194 2122 1289 2174 quid
1319 2121 1473 2173 petierit
1495 2121 1533 2157 in
1560 2120 1718 2156 nomine
1742 2118 1899 2157 Domini
1917 2122 2006 2156 Jesu
2022 2148 2030 2164 ,
2057 2131 2134 2154 non
2156 2116 2226 2153 de—

1193 2184 1257 2221 bet
1279 2183 1382 2234 apud
1398 2196 1468 2219 vos
1487 2182 1565 2233 pati
1582 2181 1862 2218 difficultatem.
1884 2184 1979 2218 Nam
1999 2180 2028 2217 si
2049 2178 2222 2223 nescitis,

1193 2247 1262 2284 iste
1293 2254 1350 2283 est
1379 2246 1445 2296 qui
1480 2257 1617 2281 manus
1653 2257 1740 2280 suas
1767 2242 1940 2280 extendit
1963 2241 2009 2279 ad
2032 2254 2223 2292 pauperes

1193 2307 1349 2346 Ordinis
1370 2306 1491 2343 nostri
1514 2321 1521 2342 :
1544 2306 1614 2342 istc
1643 2314 1723 2351 est,
1748 2305 1815 2355 qui
1843 2304 1889 2341 de
1911 2301 2221 2354 possessionibus

1194 2370 1360 2407 ecclesiae
1384 2382 1462 2405 suae
1481 2398 1490 2415 ,
1523 2376 1713 2418 quantum
1735 2380 1821 2403 cum
1855 2379 1949 2416 pace
1976 2373 2103 2415 potest
2131 2378 2222 2401 suo-

1194 2446 1308 2477 rum,
1348 2431 1515 2468 libenter
1548 2426 1849 2479 frequenterque
1888 2427 2050 2477 largitur
2077 2425 2125 2463 ad
2159 2426 2221 2461 vi-

1194 2503 1311 2532 ctum.
1334 2497 1377 2531 In
1405 2492 1562 2529 nomine
1589 2496 1679 2529 Jesu
1705 2504 1773 2527 cur
1803 2489 1990 2535 dixerim,
2013 2487 2158 2525 audite.
2184 2491 2220 2525 S1

1195 2556 1298 2593 enim
1336 2554 1493 2606 petierit
1518 2552 1645 2605 (quod
1678 2551 1854 2602 suspicor
1890 2548 2125 2599 vereorque!¹
2160 2548 2222 2585 di-

1193 2690 1300 2715 scens
1317 2706 1326 2723 ,
1349 2677 1389 2713 in
1410 2675 1568 2712 nomine
1590 2678 1680 2712 Jesu
1709 2681 1840 2724 petere
1866 2673 1999 2723 putet?
2020 2671 2170 2716 Pallor,
2192 2670 2222 2706 si

1193 2753 1271 2777 non
1304 2738 1419 2776 solito
1452 2736 1694 2781 timoratior,
1730 2735 1760 2772 si
1794 2748 1871 2771 non
1899 2747 1937 2771 se
1966 2734 2050 2784 ipso
2085 2733 2223 2769 melior

1194 2803 1316 2839 factus
1333 2799 1402 2845 sit,
1419 2812 1466 2836 ex
1484 2812 1563 2849 quo
1580 2797 1729 2835 vidistis
1749 2810 1850 2833 eum.
1870 2799 2098 2845 Quanquam
2123 2807 2222 2844 pene

1191 2861 1239 2902 ab
1265 2860 1427 2898 introitu
1455 2873 1525 2896 suo
1554 2859 1593 2896 in
1619 2858 1748 2895 multis
1779 2857 1965 2895 Ordinem
1992 2856 2103 2892 illum
2139 2868 2218 2891 me-

1190 2926 1349 2962 liorasse
1384 2921 1664 2972 cognoscitur:
1690 2918 1801 2956 verbi
1834 2918 1980 2968 gratia,
2012 2917 2051 2953 in
2086 2915 2220 2953 obser-

1190 2983 1595 3034 vantiajejuniorum,
1614 2981 1769 3027 silentii,
1786 2980 2107 3017 indumentorum
2127 2991 2221 3028 pre-

1193 3049 1379 3085 tiosorum
1400 3054 1438 3082 et
1458 3045 1702 3082 curiosorum
1717 3051 1743 3079 ⁰.

147 3184 162 3201 θ
179 3181 301 3224 Scripta
325 3194 409 3216 anno
430 3184 548 3217 Christi
585 3188 685 3218 1146.
708 3206 754 3209 —
778 3180 793 3202 '²
811 3189 930 3218 Forsan
956 3184 1115 3228 cogitabat
1140 3188 1253 3217 Petrus
1276 3184 1406 3216 dimisso
1423 3183 1576 3226 regimine
1601 3183 1640 3214 ad
1664 3186 1696 3215 S.
1724 3181 1921 3214 Bernardum
1942 3191 1973 3211 se
1999 3179 2160 3221 recipere,
2189 3182 2222 3206 ut

103 3232 227 3272 quidem
250 3235 316 3278 ipse
332 3237 500 3280 profitetur
527 3250 623 3283 supra
644 3240 677 3272 in
693 3240 827 3283 epistola
842 3242 923 3271 204.

147 3291 250 3322 ‘Haec
278 3292 384 3324 omnia
409 3299 562 3326 testantur
582 3296 732 3338 praeclara
759 3296 826 3339 ejus
853 3299 974 3327 Statuta
1008 3296 1039 3326 in
1070 3294 1265 3326 Bibliotheca
1286 3293 1499 3325 (Iluniarensi.
1531 3292 1648 3323 Confer
1673 3290 1817 3322 Orderici
1845 3290 1959 3321 librum
1978 3287 2136 3317 decimum
2156 3291 2216 3315 ter-

104 3345 178 3378 tium
193 3348 233 3380 ad
253 3361 371 3383 annum
389 3355 492 3385 1132.
