2533 3920
1007 403 1332 461 TOTIUS
1406 403 1715 459 OPERIS

663 590 1303 690 GENERALIS
1383 587 2068 682 DISPOSITIO.

411 995 595 1028 vom-„unx
625 992 642 1025 I
677 988 847 1024 continet
874 995 1039 1036 quatuor
1072 986 1221 1036 priores
1256 991 1402 1028 tomoS,
1429 995 1494 1018 seu
1529 980 1694 1031 genuina
1723 982 1758 1017 S.
1784 977 1970 1016 Bernardi
1999 981 2126 1029 Opera
2158 978 2298 1015 omnia.

371 1140 523 1178 Tomus
545 1153 557 1176 1
582 1137 743 1175 exhibet
763 1135 958 1188 Epistolas
974 1167 983 1184 ,
1006 1149 1178 1173 numero
1202 1136 1495 1189 quadringenas
1515 1134 1712 1186 octoginta
1733 1132 1853 1181 duas,
1873 1131 2073 1170 distinctas
2093 1132 2135 1170 in
2151 1140 2230 1170 tres
2248 1130 2399 1170 classes.

319 1201 367 1238 In
381 1201 512 1250 prima
530 1197 648 1235 classe
670 1206 824 1235 exstant
845 1195 1028 1247 Epistolae
1047 1205 1230 1234 trecentae
1250 1196 1388 1234 decem
1404 1195 1478 1234 sub
1491 1195 1615 1233 veteri
1637 1192 1791 1231 ordine.
1815 1192 1864 1230 In
1880 1190 2054 1230 secunda
2067 1190 2201 1239 classe,
2218 1190 2402 1242 Epistolae

316 1269 478 1298 centum
500 1256 762 1309 quadraginta
797 1257 978 1308 quinque
993 1287 1002 1303 ,
1036 1256 1229 1293 nimirum
1263 1255 1312 1293 ad
1334 1254 1542 1307 epistolam
1563 1253 2000 1305 quadringentesimam
2026 1252 2402 1304 quinquagesimam

315 1319 523 1370 quintam,
545 1317 693 1367 partini
713 1329 824 1354 novae
842 1346 851 1363 ,
879 1316 1027 1366 partim
1050 1314 1217 1352 antehac
1241 1314 1373 1361 editae,
1398 1313 1467 1352 sed
1493 1313 1632 1352 ordine
1651 1322 1806 1351 mutato
1826 1326 1899 1363 pro
1929 1312 2081 1350 ratione
2102 1312 2294 1362 temporis
2320 1325 2402 1362 quo

315 1378 466 1428 scriptae
499 1384 606 1413 sunt.
632 1375 680 1412 In
710 1375 827 1412 tertia
852 1373 971 1412 classe
999 1383 1093 1411 sunt
1114 1373 1296 1424 Epistolae
1316 1374 1478 1425 reliquae
1501 1374 1550 1411 ab
1573 1372 1739 1424 epistola
1757 1371 2151 1424 quadringentesima
2173 1370 2402 1424 quadrage-

315 1436 414 1472 sima
434 1435 574 1485 quinta
593 1463 602 1480 ,
626 1431 756 1470 dubiae
772 1463 780 1479 ,
804 1432 945 1483 spuriae
960 1463 969 1480 ,
992 1441 1110 1482 atque
1130 1432 1267 1470 alienae
1287 1433 1337 1471 ad
1352 1432 1603 1471 Bernarduln
1623 1434 1786 1483 scriptae.

368 1493 524 1532 Collatae
545 1501 638 1531 sunt
658 1491 842 1543 Epistola}
857 1491 907 1529 ad
932 1501 1011 1530 tres
1028 1491 1178 1530 codices
1203 1492 1450 1532 Colhertinos
1465 1525 1474 1541 ,
1496 1493 1772 1531 Cistercienses
1794 1491 1894 1529 duos
1910 1522 1919 1539 ,
1936 1490 2218 1529 corbeiensem
2243 1504 2374 1529 unum
2389 1522 2399 1540 ,

313 1567 445 1590 unum
463 1554 561 1590 item
586 1550 963 1601 Compendiensem.
996 1550 1174 1589 Consulti
1201 1554 1319 1590 etiam
1341 1552 1492 1591 codices
1513 1552 1692 1591 Vaticani
1708 1582 1717 1599 ,
1751 1551 2012 1598 sorbonicus,
2034 1549 2400 1603 Regiae-Navarrae,

313 1611 588 1650 Gandavensis
609 1610 649 1649 S.
676 1610 811 1658 Petri,
835 1610 1204 1659 claras-vallensis,
1228 1612 1498 1651 Vallis-Clarae
1515 1643 1524 1661 ,
1546 1609 1833 1650 Aureae—Vallis
1848 1641 1857 1659 ,
1880 1609 2149 1659 vedastinus,
2167 1609 2404 1649 Verdinen-

311 1672 362 1708 sis
381 1701 390 1718 ,
413 1670 701 1708 Saviniaccnsis
715 1699 724 1717 ,
749 1678 821 1707 etc.

365 1737 519 1774 Tomus
556 1751 583 1773 11
607 1736 783 1773 continet
803 1733 1004 1786 Opuscula
1024 1749 1195 1774 numero
1215 1735 1427 1776 duodecim
1443 1769 1452 1786 ,
1478 1738 1589 1775 initio
1609 1737 1706 1775 tomi
1737 1734 1979 1774 recensenda
1998 1749 2092 1773 cum
2108 1735 2188 1773 suis
2213 1734 2402 1787 capitula-

314 1797 506 1835 tionibus.

365 1854 511 1893 Collata
534 1863 626 1892 sunt
648 1852 846 1904 Opuscnla
874 1852 924 1890 ad
944 1852 1094 1891 codices
1123 1853 1399 1893 Colhertinum
1414 1887 1423 1904 ,
1445 1856 1760 1908 Dionysianum,
1791 1854 2087 1903 Cistercienses,
2113 1853 2153 1893 S.
2183 1853 2399 1904 Germani,

310 1914 748 1965 Majoris-Monasterii,
775 1913 1116 1961 Gemeticensem,
1137 1912 1177 1951 S.
1206 1913 1446 1953 Theoderici
1465 1916 1693 1960 Remensis‚
1712 1924 1752 1953 et
1767 1913 2142 1965 Compendiensem.

362 1979 516 2017 Tomus
530 1994 571 2016 111
591 1978 802 2016 Sermones
819 1978 868 2016 de
883 1977 1082 2029 Tempore
1095 2010 1104 2027 ,
1122 1978 1171 2016 de
1189 1978 1342 2017 Sanctis
1360 2011 1368 2029 ,
1386 1995 1427 2019 ac
1445 1980 1494 2018 de
1513 1979 1686 2018 Diversis
1703 1978 1980 2030 complectitur
1992 2010 2002 2028 ,
2020 1993 2196 2031 quorum
2211 1979 2402 2019 elenchus

310 2052 383 2077 suo
405 2038 491 2077 loco
516 2038 741 2076 exhibetur.

364 2097 503 2136 Collati
521 2106 614 2135 sunt
629 2096 841 2134 Sermones
857 2097 907 2134 ad
922 2096 1072 2135 codices
1094 2097 1357 2150 Dionysianos
1372 2128 1380 2145 ,
1402 2099 1695 2146 cistercienses,
1717 2097 2139 2148 Majoris-Monasterii
2159 2127 2168 2146 ,
2184 2096 2402 2137 Alborum-

310 2156 620 2204 mantellorum,
642 2156 963 2204 Coelestinornln,
990 2156 1246 2195 Fuliensium
1264 2156 1562 2195 Parisiensinm.

364 2227 511 2261 Tomus
530 2237 564 2261 iv
597 2231 703 2261 totus
723 2232 872 2261 constat
889 2237 936 2260 ex
951 2221 1211 2261 Semnonibus
1239 2223 1279 2260 in
1299 2222 1476 2271 Cantica,
1497 2237 1669 2261 numero
1685 2223 1883 2275 octoginta
1899 2237 1966 2261 sex
1983 2253 1993 2271 ,
2018 2237 2195 2274 quorum
2220 2222 2340 2262 index
2356 2238 2400 2262 ac

314 2283 433 2320 series
451 2282 581 2320 eidem
598 2291 706 2320 tomo
726 2283 994 2333 praemittitur.

363 2341 501 2380 Collati
523 2352 616 2380 sunt
631 2342 681 2380 ad
704 2341 854 2380 codices
874 2341 914 2380 S.
949 2341 1141 2379 Germani
1168 2341 1401 2381 Parisiensis
1417 2373 1426 2391 ,
1456 2341 1777 2380 Gemeticensem
1794 2372 1804 2390 ,
1844 2341 2142 2390 cistercienses,
2161 2341 2202 2379 S.
2226 2341 2399 2382 Victoris

311 2400 540 2439 Parisiensis
553 2432 562 2449 ,
581 2400 884 2439 Coelestinoruin
905 2400 1189 2439 Parisiensium
1207 2432 1216 2449 ,
1237 2400 1277 2439 S.
1302 2401 1542 2440 Theoderici
1560 2401 1770 2439 Remensis
1784 2431 1794 2448 ,
1825 2400 1866 2439 S.
1886 2400 2043 2438 Ebrulfi
2060 2431 2070 2449 ,
2097 2410 2170 2439 etc.

363 2460 398 2498 T
402 2474 492 2498 omo
513 2470 655 2511 quarto
675 2460 944 2511 snbjiciuntur
962 2459 1099 2498 flores
1120 2474 1166 2498 ex
1183 2460 1223 2498 S.
1245 2460 1448 2499 Bernardo
1465 2492 1473 2509 ,
1498 2474 1591 2498 cum
1614 2459 1816 2498 Indicibus
1833 2460 2060 2498 necessariis
2080 2461 2121 2498 in
2138 2459 2335 2499 volumen
2351 2460 2372 2498 I
2385 2491 2395 2511 ,

311 2532 456 2570 nempe
474 2519 651 2557 locorum
666 2533 780 2558 sacrae
803 2518 1038 2570 Scripturae,
1057 2533 1196 2557 rerum
1217 2529 1257 2558 et
1280 2520 1514 2559 verborum.

460 2674 648 2707 Votmffix
676 2673 713 2706 II
754 2669 926 2706 continet
960 2669 1056 2707 dnos
1085 2679 1209 2708 tomos
1246 2671 1502 2721 posteriores,
1535 2683 1601 2707 seu
1639 2673 1766 2720 Opera
1795 2670 2038 2721 supposititia
2063 2680 2101 2709 et
2127 2673 2260 2710 aliena.

365 2817 519 2855 Tomus
533 2832 557 2855 v
573 2818 748 2856 continet
763 2816 972 2856 Gilleberti
989 2818 1140 2857 abbatis
1156 2820 1498 2858 continuationem
1514 2820 1553 2857 in
1571 2818 1744 2868 Cantica,
1764 2829 1802 2859 et
1817 2820 1949 2872 Opera
1964 2822 2166 2863 Bernardo
2182 2838 2395 2876 perperam

314 2876 520 2926 adscripta.

367 2940 520 2978 Tomus
534 2955 571 2979 v1
590 2953 659 2977 scu
674 2939 895 2991 Appendix,
911 2940 1094 2979 Guerrici
1107 2942 1256 2981 abbatis
1271 2943 1497 2991 Sermones,
1521 2953 1609 2981 tuni
1625 2944 1818 2997 Guigonis
1834 2946 2022 2986 Gai-tusiae
2036 2947 2183 2987 Prioris
2202 2949 2396 3000 quasdam

315 2998 518 3050 epistolas;
549 3013 702 3036 necnon
731 3000 860 3037 varios
888 2999 1008 3038 libros
1029 3000 1078 3038 dc
1107 3000 1146 3039 S.
1178 3002 1368 3040 Bernardi
1394 3003 1487 3042 Vita
1516 3013 1553 3041 et
1581 3003 1808 3052 Miracnli83
1831 3005 2004 3058 denique
2030 3006 2216 3046 Gaufridi
2244 3008 2396 3048 abbatis

315 3057 497 3109 quaedani
526 3056 716 3109 opuscula
733 3088 742 3105 ,
777 3072 867 3095 cuni
898 3059 1025 3097 tribus
1057 3059 1258 3098 Indicibus
1278 3092 1287 3110 ,
1318 3076 1400 3099 nno
1427 3061 1635 3112 Scriptura*
1660 3077 1775 3104 sacrae
1802 3064 1982 3104 locorum
1999 3096 2009 3116 ,
2040 3064 2165 3106 altero
2192 3070 2329 3106 rerum
2357 3076 2396 3106 et

315 3115 531 3155 verborum
549 3146 558 3164 ,
577 3117 692 3154 tertio
717 3116 976 3169 geographico
994 3119 1064 3169 qui
1085 3118 1135 3156 ad
1152 3128 1281 3158 totuin
1298 3134 1398 3172 opus
1416 3121 1602 3159 refertur.
