2533 3920
375 210 442 246 2:31
1136 211 1171 245 S.
1203 211 1455 246 BERNARDI
1484 213 1686 248 ABBATIS
2373 215 2447 253 *252

1396 292 1428 310 ⁸⁹
1448 286 1513 324 tibi
1529 288 1722 335 suadeam,
1736 296 1858 325 tutum
1872 287 1991 334 duco;
2008 296 2045 324 et
2058 287 2123 324 tibi
2137 289 2166 325 si
2184 290 2447 340 persuadeam,

371 373 395 381 a
400 371 1376 382 ...................................................................
1396 358 1425 391 Α
1444 361 1520 384 non
1553 348 1852 385 incommodum.
1886 351 1986 384 Tene
2017 348 2144 398 itaque
2175 363 2260 387 meo
2291 352 2448 389 consilio

484 480 863 536 EPISTOLA
918 480 1260 537 LXXXVI.a

363 732 556 764 Monachum
582 732 745 775 fugitivum
768 732 845 764 dure
874 733 1061 776 increpitum
1087 740 1117 765 et
1146 733 1373 776 increpandum

411 786 551 818 remittit.
579 786 642 828 Ipsi
665 796 739 817 vero
762 786 949 825 Guillelmo,
977 787 1181 818 mutationem
1203 794 1256 818 aut
1278 787 1373 818 vitam

412 841 566 882 privatam
582 840 762 878 meditanti,
782 851 981 883 perseverare
994 841 1114 873 suadet.

365 957 494 991 Frater
531 956 762 990 BER-*mnus
803 952 850 989 de
891 953 1161 998 Clara—Valle,
1208 966 1277 989 suo
1318 953 1372 989 illi

763 1012 868 1062 quod
888 1026 968 1049 suo.

420 1141 452 1176 1.
475 1142 582 1176 Hanc
601 1138 693 1174 mihi
717 1146 757 1175 tu
778 1138 1014 1175 salutationis
1030 1137 1233 1175 formulam
1251 1138 1371 1175 tradi-

362 1200 468 1245 disti,
489 1198 711 1245 scribendo,
729 1215 742 1230 (ι
760 1202 857 1236 Suus
874 1198 937 1234 ille
954 1197 1058 1247 quod
1075 1211 1177 1234 suus.
1199 1215 1213 1230 »
1230 1199 1370 1249 Accipe

360 1259 465 1309 quod
490 1267 598 1296 tuum
617 1266 692 1304 est,
720 1266 757 1294 et
777 1271 938 1307 agnosce
962 1258 1251 1308 usurpationem
1272 1272 1370 1295 una—

360 1319 542 1355 nimitatis
566 1331 646 1355 esse
672 1317 879 1363 indicium3
911 1325 948 1353 et
971 1331 1058 1354 cum
1086 1331 1163 1367 quo
1193 1326 1249 1355 est
1278 1318 1370 1354 mihi

358 1392 562 1416 commune
575 1377 752 1422 verbum,
769 1378 936 1414 animum
955 1391 1032 1414 non
1055 1377 1206 1414 distare.
1222 1382 1305 1415 Jam
1323 1378 1371 1415 ad

361 1448 443 1476 tuas
454 1439 596 1475 litteras
607 1437 774 1474 breviter
786 1451 857 1487 pro
872 1446 1044 1487 tempore
1057 1437 1370 1488 respondendum

360 1508 416 1536 est
437 1514 444 1535 ε
469 1512 553 1548 quae
573 1511 658 1534 cum
677 1498 768 1534 mihi
785 1498 822 1534 in
841 1511 975 1534 manus
992 1506 1206 1542 venerunt,
1227 1497 1369 1535 Natalis

357 1559 534 1596 Dominae
553 1558 720 1594 nostrae*
738 1558 817 1594 dies
834 1558 950 1594 festus
971 1558 1168 1604 illuxerat,
1184 1557 1292 1607 eujus
1311 1572 1370 1595 me

357 1628 479 1656 totum
504 1618 592 1668 jure
623 1617 694 1655 sibi
725 1617 878 1654 devotio
904 1617 1124 1664 vindicans,
1144 1618 1236 1654 nihil
1265 1618 1368 1654 aliud

357 1680 524 1731 cogitare
546 1677 705 1715 sinebat.
722 1678 795 1715 Sed
815 1686 852 1714 et
874 1678 1031 1714 nuntius
1053 1678 1237 1728 repedare
1261 1678 1367 1715 sesti·

357 1752 452 1776 nans
466 1768 475 1785 ‚
496 1739 559 1775 vix
578 1752 698 1788 usque
715 1738 753 1774 in
773 1738 979 1774 crastinum
993 1767 1003 1783 ‚
1018 1745 1061 1774 ut
1075 1737 1155 1774 haec
1167 1737 1249 1787 jam
1272 1738 1367 1774 festo

357 1806 615 1848 exoccupatus
633 1798 925 1847 qualiacumque
948 1797 1195 1834 rescriberem
1207 1827 1216 1844 ‚
1233 1811 1365 1848 exspe-

1444 409 1548 458 quod
1567 418 1671 447 tenes
1687 439 1696 455 ,
1715 421 1826 445 mane
1842 408 1878 444 in
1901 421 1978 457 quo
1999 421 2038 444 es
2053 437 2062 454 ,
2081 417 2118 445 et
2137 409 2246 447 stude
2266 411 2448 460 prodesse

1444 468 1582 518 quibus
1599 482 1741 519 praees,
1763 482 1831 505 nec
1852 481 2015 518 praeesse
2041 469 2172 518 refuge
2185 498 2194 515 ,
2215 469 2304 506 dum
2325 471 2448 520 prod-

1443 542 1524 565 esse
1554 538 1690 579 potes:
1711 530 1798 579 quia
1826 542 1883 565 τῖε·
1915 529 2068 578 quidem
2097 528 2164 566 tibi
2190 530 2219 566 si
2246 543 2389 581 praees,
2411 540 2449 569 et

1445 602 1519 625 non
1554 589 1718 638 prodes3
1741 589 1804 626 sed
1829 603 1882 625 we
1902 589 2054 638 gravius
2071 618 2081 635 ,
2113 589 2143 626 si
2179 590 2267 639 quia
2286 603 2448 641 praeesse

1443 649 1579 685 metuis
1596 679 1605 696 ,
1628 649 1810 699 prodesse
1831 650 1981 698 refugis.

1614 788 1696 797 ===¹===
1701 788 2045 798 =wvu===v=v=n=====xs=m=
2050 789 2447 799 ιιηιιωνιινυινιιιιιιιν-ιιιι

1548 903 1926 959 EPISTOLA
1971 901 2347 961 LXXXVII.c

1532 1062 1580 1084 AD
1611 1062 1788 1086 OCERIUM
1820 1063 2046 1087 CANONICUM
2075 1064 2308 1089 REGULAREM
2326 1053 2354 1089 *-

1436 1186 1600 1228 Improbat
1617 1186 1848 1218 abdicationem
1867 1198 1949 1219 curae
1967 1188 2149 1230 pastoralis,
2176 1189 2233 1220 etsi
2257 1190 2318 1232 piae
2337 1190 2448 1232 quietis

1483 1250 1590 1272 amore
1618 1241 1742 1273 factam.
1772 1241 1900 1272 Instruit
1928 1241 2152 1280 nihilominus,
2180 1244 2340 1285 quomodo
2359 1244 2447 1276 dein-

1484 1305 1556 1338 ceps
1575 1296 1715 1338 privatus
1732 1297 1764 1327 in
1781 1295 1925 1327 coenobio
1942 1296 2047 1328 vivere
2064 1296 2188 1328 debeat.

1438 1415 1542 1461 Totis
1575 1424 1784 1462 visceribus
1814 1425 2006 1463 charitatis
2039 1426 2307 1476 amplectendo
2341 1426 2448 1463 fratri

1493 1488 1647 1523 Oai-:mo
1681 1486 1885 1532 canonico,
1909 1486 2026 1523 frater
2057 1490 2293 1524 BERNARncs
2315 1500 2448 1524 mona—

1492 1545 1607 1591 chus,
1640 1546 1704 1582 sed
1736 1555 1929 1595 peccator,
1965 1547 2078 1597 digne
2110 1551 2193 1584 Deo
2228 1548 2446 1585 conversari

1492 1619 1612 1655 usque
1633 1606 1669 1642 in
1694 1607 1821 1642 linem.

1493 1737 1525 1772 1.
1545 1735 1580 1772 Si
1604 1735 1671 1772 tibi
1699 1735 1745 1772 ad
1768 1744 1849 1773 tuas
1878 1736 2023 1773 litteras
2056 1736 2202 1773 tardius
2229 1736 2366 1773 videor
2383 1750 2446 1774 re-

1434 1795 1648 1845 scripsisse,
1668 1796 1822 1832 noveris
1835 1796 1964 1845 potius
1973 1796 2303 1846 opportunitatem
2324 1796 2449 1833 nuntii

357 1858 483 1894 ctavit.
514 1858 727 1907 Fugitivum
763 1857 891 1906 itaque
920 1857 1073 1893 fratrem
1105 1857 1200 1894 dure
1230 1871 1250 1894 a
1279 1871 1364 1905 me,
1388 1854 1414 1890 C
1434 1855 1608 1892 defuisse.
1628 1858 1729 1903 Quas
1746 1855 1846 1892 enim
1871 1869 1972 1892 nunc
1990 1856 2157 1906 primum
2174 1855 2450 1906 legis‚jamdu-

356 1926 491 1967 utpote
509 1917 646 1954 durum
665 1916 779 1953 corde
793 1945 801 1961 ,
825 1917 1063 1966 increpatum
1077 1945 1086 1962 ,
1110 1917 1202 1953 nihil
1230 1918 1365 1954 melius

355 1978 509 2014 interim
530 1977 664 2027 potui,
687 1990 801 2026 quam
823 1976 870 2013 ad
894 1977 1021 2013 locum
1044 1977 1236 2013 remittere
1264 1976 1366 2013 unde

356 2039 502 2088 fugerat
518 2036 535 2060 b
553 2053 560 2075 :
579 2038 722 2088 quippe
740 2051 853 2087 quem
869 2037 980 2086 juxta
996 2046 1145 2077 nostras
1162 2046 1367 2074 consuetu-

356 2097 463 2134 dines
480 2097 583 2134 domi
602 2098 745 2147 absque
763 2111 950 2134 consensu
968 2097 1114 2135 abbatis
1131 2098 1187 2135 sui
1203 2098 1366 2135 retinere

356 2170 434 2193 non
452 2156 578 2194 debui.
595 2160 757 2206 Oportet
779 2166 905 2193 autem
927 2165 964 2193 et
984 2171 1004 2193 a
1027 2166 1061 2193 te
1083 2170 1169 2193 eum
1191 2158 1366 2194 similiter

355 2231 488 2267 aspere
516 2218 731 2267 increpari,
749 2227 785 2254 et
801 2218 848 2254 ad
875 2218 1056 2254 humilem
1079 2219 1284 2268 provocari
1309 2232 1367 2255 sa-

355 2278 626 2325 tisl'actionem3
645 2278 782 2314 deinde
805 2279 877 2315 tuis
904 2279 1113 2316 confortari
1143 2280 1295 2326 litteris,
1318 2279 1365 2316 ad

354 2338 529 2375 abbatem
549 2353 619 2389 pro
640 2353 684 2375 eo
706 2339 870 2376 directis.

409 2399 443 2436 2.
457 2402 510 2435 De
526 2399 742 2435 infirmitate
758 2408 887 2436 nostra
899 2399 991 2436 nihil
1013 2399 1152 2436 certius
1169 2398 1285 2435 modo
1298 2399 1368 2435 sci-

355 2458 505 2495 scitanti
523 2458 589 2495 tibi
606 2458 774 2495 indicare
794 2472 965 2508 possum,
980 2459 1053 2495 nisi
1071 2458 1176 2508 quod
1192 2459 1367 2495 infirmus

354 2526 391 2554 et
413 2518 486 2563 sui,
509 2527 545 2554 et
566 2531 647 2554 sum
664 2533 673 2564 ;
692 2532 761 2554 nec
788 2519 913 2555 minus
943 2519 1056 2555 solito
1072 2548 1081 2564 ‚
1104 2532 1174 2555 nec
1204 2519 1367 2554 multum

353 2578 451 2627 plus.
468 2577 579 2625 Quod
601 2591 693 2614 vero
716 2591 792 2614 non
809 2578 893 2614 misi
911 2591 1024 2627 quem
1047 2578 1230 2614 missurus
1248 2591 1366 2623 eram,

1434 1915 1524 1952 dum
1547 1916 1658 1952 crede
1680 1916 1838 1953 dictatas
1861 1931 1869 1953 :
1893 1916 1959 1953 sed
1978 1946 1986 1962 ,
2010 1924 2052 1953 ut
2073 1916 2174 1963 dixi,
2202 1925 2364 1966 propter
2395 1916 2449 1952 la-

1435 1976 1526 2013 toris
1554 1976 1722 2026 inopiam
1756 1976 1903 2012 tardavi
1938 1976 2116 2022 mittere,
2145 1975 2249 2026 quod
2282 1975 2448 2013 scribere

1434 2049 1512 2072 non
1537 2035 1694 2072 tardavi.
1722 2036 1814 2085 Legi
1835 2036 1963 2085 itaque
1984 2036 2022 2072 in
2047 2035 2120 2072 tuis
2150 2035 2287 2072 litteris
2307 2063 2316 2081 ‚
2344 2044 2379 2072 te
2399 2036 2448 2072 il-

1434 2096 1506 2132 lam
1527 2126 1536 2142 ,
1567 2110 1681 2145 quam
1714 2097 1880 2145 graviter
1914 2095 2061 2133 ferebas
2079 2125 2088 2143 ,
2119 2109 2221 2133 curae
2248 2096 2448 2146 pastoralis

1433 2157 1621 2193 sarcinam
1645 2157 1864 2207 deposuisse
1878 2186 1887 2203 ,
1916 2157 2066 2194 licentia
2092 2156 2281 2207 siquidem
2303 2156 2351 2193 ab
2370 2157 2449 2207 epi-

1432 2231 1549 2267 seopo
1578 2217 1643 2253 vix
1674 2218 1901 2267 impetrata,
1927 2217 2005 2254 imo
2039 2225 2189 2254 extorta
2219 2225 2282 2253 tua
2302 2217 2449 2267 impor-

1434 2278 1594 2314 tunitate
1614 2292 1621 2314 ε
1645 2286 1681 2314 et
1700 2277 1774 2314 hoc
1792 2291 1869 2314 non
1890 2278 2012 2324 aliter,
2045 2277 2116 2314 nisi
2134 2285 2177 2313 ut
2195 2276 2234 2313 in
2260 2275 2341 2326 ejus
2367 2277 2449 2326 epi-

1433 2346 1593 2387 scopatu
1614 2366 1623 2383 ‚
1662 2350 1907 2387 quocumque
1939 2336 2028 2373 alibi
2061 2349 2219 2373 manens
2241 2365 2250 2382 ‚
2285 2336 2332 2372 ab
2367 2335 2449 2385 ejus

1434 2397 1673 2447 subjectione
1708 2410 1786 2433 non
1819 2396 2027 2433 recederes.
2059 2400 2116 2433 Tu
2147 2409 2241 2433 vero
2270 2410 2356 2433 cum
2380 2396 2448 2434 tibi

1433 2458 1506 2494 hoc
1534 2471 1610 2494 non
1643 2459 1838 2508 placeret,
1862 2457 2191 2507 archiepiscopum
2223 2456 2380 2503 adiens,
2411 2464 2450 2493 ct.

1434 2517 1483 2554 ab
1505 2518 1588 2568 ipso
1606 2527 1786 2567 tanquam
1808 2517 1997 2568 superiori
2016 2517 2242 2554 auctoritate
2264 2517 2448 2554 securita-
2498 2536 2501 2541 ·

1435 2585 1509 2613 tem
1536 2577 1726 2627 accipiens
1740 2606 1749 2621 ‚
1774 2577 1820 2614 ad
1842 2577 2011 2627 priorem
2038 2578 2186 2622 locum,
2208 2585 2246 2614 et
2265 2576 2312 2614 ad
2336 2585 2442 2614 tuum

352 2650 463 2673 eausa
481 2645 548 2682 est,
565 2636 650 2686 plus
673 2650 731 2672 me
752 2637 965 2672 animarum
987 2636 1208 2672 scandalum
1221 2665 1230 2682 ,
1248 2649 1361 2685 quam
1386 2640 1418 2674 D
1438 2636 1613 2673 abbatem
1639 2651 1814 2675 reversus
1831 2651 1880 2675 es.
1899 2637 1975 2676 L'bi
1991 2638 2157 2687 qualiter
2177 2645 2265 2688 post
2286 2637 2367 2674 haec
2389 2637 2449 2673 vi-

354 2696 466 2732 unius
484 2696 658 2745 corporis
675 2696 886 2744 periculum
907 2695 1086 2731 timuisse.
1104 2699 1186 2732 Jam
1207 2709 1253 2731 ne
1271 2695 1363 2744 quid

354 2756 491 2791 horum
509 2783 518 2800 ,
549 2755 596 2792 de
619 2755 756 2804 quibus
791 2755 1000 2800 mandasti,
1027 2755 1184 2791 omnino
1203 2764 1364 2804 prreter-

355 2815 499 2851 mittam
514 2844 522 2860 ‚
542 2815 654 2850 venio
671 2815 783 2850 etiam
802 2815 848 2851 ad
867 2823 914 2851 te.
933 2815 1036 2851 Velle
1059 2823 1093 2850 te
1114 2814 1247 2850 audire
1269 2815 1364 2851 seri-

353 2875 485 2925 psisti,
507 2874 599 2923 quid
634 2882 668 2909 te
703 2887 773 2922 ego
807 2874 1015 2924 (tanquam
1045 2874 1109 2923 qui
1143 2875 1271 2910 omnia
1301 2883 1365 2911 tua

353 2933 507 2983 norim)
537 2934 658 2970 facere
686 2933 812 2969 velim.
843 2933 914 2971 Sed
945 2934 1041 2979 hoe,
1072 2934 1142 2970 nisi
1178 2934 1304 2980 fallor,
1334 2934 1365 2971 si

354 2993 469 3030 modo
500 2994 687 3039 dicerem,
717 3007 786 3030 nec
809 3002 846 3030 tu
869 3007 1016 3043 posses,
1039 3007 1107 3030 nec
1129 3007 1198 3042 ego
1227 3008 1368 3030 consu-

354 3056 482 3092 lerem.
502 3055 598 3092 Volo
619 3055 719 3091 enim
743 3063 778 3091 et
796 3055 876 3104 ipse
890 3055 994 3104 quod
1015 3063 1050 3091 te
1068 3055 1164 3091 velle
1182 3054 1227 3090 (le
1245 3054 1367 3104 tejam

353 3116 443 3152 olim
473 3129 549 3151 non
580 3116 671 3151 latet
693 3128 752 3151 me
770 3115 797 3150 *.
829 3118 1016 3152 Caeterum
1047 3128 1129 3151 mea
1159 3123 1272 3164 atque
1300 3124 1363 3152 tua

351 3186 484 3223 aequc,
516 3182 556 3209 ut
590 3186 739 3222 aequum
775 3181 857 3219 est,
894 3174 1088 3210 voluntate
1123 3175 1359 3224 postposita,

352 3234 470 3283 magis
492 3233 596 3283 quod
618 3234 714 3269 velle
736 3237 855 3270 Deum
878 3233 924 3269 de
946 3242 979 3270 te
1003 3242 1096 3283 puto
1115 3262 1123 3279 ,
1154 3242 1189 3269 et
1212 3234 1301 3270 mihi
1325 3243 1365 3271 ut

1433 2709 1521 2732 vere
1543 2695 1680 2732 debeas
1696 2725 1704 2741 ‚
1727 2710 1747 2732 a
1769 2710 1828 2733 me
1850 2696 1979 2732 doceri
2008 2696 2153 2745 flagitas
2168 2724 2178 2741 ,
2198 2695 2350 2745 egregio
2371 2695 2449 2732 uti-

1431 2769 1505 2806 que
1546 2756 1704 2792 doctore
1736 2765 1772 2793 et
1803 2757 1984 2806 magistro
2023 2754 2313 2806 incomparabili
2335 2783 2344 2800 ‚
2380 2754 2446 2805 qui
2494 2775 2495 2778 ¹

1431 2829 1516 2851 cum
1539 2829 1690 2864 coepero
1720 2815 1858 2852 docere
1885 2815 1989 2865 quod
2014 2816 2165 2862 nescio,
2196 2815 2258 2852 vel
2282 2824 2372 2852 tunc
2391 2816 2450 2852 in-

1431 2875 1545 2925 cipiet
1564 2876 1647 2911 sciri
1667 2889 1779 2925 quam
1803 2876 1896 2912 nihil
1923 2876 2013 2912 scio.
2028 2879 2136 2913 Itane
2160 2875 2284 2912 lanam
2311 2874 2448 2924 quaerit

1436 2935 1517 2971 ovis
1553 2949 1573 2971 a
1606 2949 1745 2985 capra,
1784 2949 1920 2985 aquam
1957 2935 2222 2972 molendinum
2257 2947 2278 2971 a
2310 2934 2447 2980 furno,

1435 2994 1596 3030 verbum
1628 2995 1778 3044 sapiens
1801 3009 1821 3031 a
1842 2996 1989 3032 stulto?
2010 2999 2198 3033 Praeterea
2228 3007 2298 3045 per
2329 3001 2446 3030 totam

1435 3055 1570 3091 scriem
1591 3055 1800 3092 litterarum
1822 3057 2001 3093 attollens
2027 3069 2087 3093 me
2107 3067 2326 3105 supra-me,
2346 3053 2448 3090 mul-

1437 3124 1516 3151 tum
1537 3115 1656 3152 deme
1675 3115 1879 3152 laudabilia
1896 3116 2132 3153 intermisces
2149 3130 2157 3152 τ
2175 3128 2341 3165 quorum
2359 3112 2448 3163 quia

1433 3176 1512 3225 ipse
1534 3176 1624 3212 mihi
1641 3177 1816 3213 conscius
1834 3190 1910 3213 non
1933 3190 2015 3213 sum
2033 3192 2042 3222 ;
2069 3185 2107 3213 et
2125 3185 2197 3213 tuae
2222 3175 2303 3211 haec
2321 3173 2445 3210 bene-

1433 3235 1609 3272 volentia:
1642 3235 1843 3280 adscribo,
1864 3244 1900 3272 et
1932 3236 2087 3286 ignosco
2119 3234 2355 3286 ignorantiae.
2390 3234 2445 3269 Tu

398 3365 412 3383 Ν
434 3361 552 3403 Scripta
566 3360 646 3392 circa
660 3370 777 3391 anuum
799 3362 897 3392 1130.
916 3378 958 3384 —-
974 3354 988 3377 ¹²
1008 3361 1113 3399 Alias,
1133 3361 1263 3393 exierat.
1287 3381 1327 3384 —
1343 3368 1356 3382 ¹*
1374 3361 1495 3404 Scripta
1509 3361 1589 3393 circa
1608 3372 1724 3393 annum
1744 3366 1751 3393 Ι
1767 3365 1842 3394 126.
