2517 3920
364 210 459 247 1307

1131 211 1165 246 S.
1197 209 1453 244 BERNARDI
1485 209 1686 245 ABBATIS

2350 214 2447 252 1308

361 289 480 325 factus
505 300 564 334 es,
587 287 756 336 ingratus
775 286 903 324 existis
917 315 926 332 ,
943 285 1129 335 justitiam
1151 301 1243 323 vero
1261 286 1432 336 qua1n⁵⁷³
1444 287 1576 325 dentes
1595 288 1748 338 quidem
1771 300 1841 337 per
1864 295 1897 324 te
1913 317 1923 334 ,
1954 296 1991 324 et
2019 288 2267 326 ascendentes
2283 293 2447 341 Angelos

360 356 540 398 expertus
556 361 635 384 non
659 361 698 384 es
711 377 720 394 ,
737 361 816 384 non
832 347 987 393 metuis3
1003 347 1166 396 ideoque
1187 347 1365 383 audacter
1387 350 1418 385 A
1435 347 1616 394 intueris;
1636 348 1701 384 sed
1716 347 1808 397 quid
1824 347 1884 383 vel
1905 347 2060 384 audiant
2074 349 2113 384 111
2134 348 2248 395 coelis,
2266 350 2327 386 vel
2344 363 2445 388 nun-

364 408 571 445 committis
589 409 761 458 culpam,
795 408 841 445 de
862 421 937 458 qua
966 408 1059 444 falso
1089 406 1156 443 tibi
1178 407 1372 457 promittis

360 470 624 520 impunitatem
658 483 666 504 τ
692 468 771 518 jam
798 481 884 505 ecce
911 467 1059 517 justum
1076 468 1236 513 senties,
1258 480 1369 516 quem

360 529 506 566 bonum
534 529 658 576 nosti,
689 529 828 565 cadens
859 529 897 565 111
932 529 1103 573 foveam,
1125 541 1239 576 quam
1260 540 1371 576 paras

359 590 506 627 auctori
529 605 536 626 :
564 598 606 626 ut
632 589 722 625 dum
743 588 887 625 scilicet
913 588 1023 623 talem
1054 587 1094 623 in
1112 601 1197 623 611111
1216 600 1368 636 poenam

357 650 610 696 machinaris,
638 663 712 699 qua
749 658 875 684 tamen
900 648 1024 683 valeat
1054 660 1182 683 carere
1203 648 1233 683 si
1259 648 1368 694 velit,

358 711 423 747 sed
443 719 484 747 ut
500 719 610 760 putas
625 722 702 745 non
720 709 843 745 valeat
855 708 953 743 velle
967 722 976 753 3
991 715 1028 743 et
1044 707 1131 743 ideo
1154 720 1223 743 1166
1240 720 1370 743 carere

358 785 402 808 ea
432 772 563 821 utique
593 771 786 814 bonitate,
815 782 889 818 qua
910 767 1101 804 neminem
1129 776 1308 817 expertus
1330 780 1369 804 es

358 833 465 869 illum
488 832 641 882 punisse
665 845 673 867 :
703 830 816 866 talem
839 829 965 877 justus
984 826 1308 876 Deusjustissime
1328 828 1368 863 in

359 900 394 928 16
416 899 635 940 retorqueat
656 902 807 940 poenam
822 918 831 935 ,
850 888 916 937 qui
936 900 1005 923 nec
1023 887 1141 933 valet,
1166 900 1236 923 nec
1255 887 1368 923 debet

358 952 438 1000 pati
451 964 556 987 suam
575 951 731 1000 impune
746 948 955 985 bonitatem
975 946 1119 983 offendi
1139 960 1146 981 :
1166 947 1218 982 sic
1238 947 1368 996 utique

357 1020 574 1060 temperans
601 1011 639 1046 in
670 1008 838 1046 vindicta
864 1007 1089 1044 sententiam
1106 1035 1115 1053 ,
1144 1015 1202 1052 ut,
1227 1007 1256 1043 si
1275 1008 1369 1044 velis

1441 406 1535 442 tient
1557 406 1686 451 terris,
1711 405 1864 455 penitus
1882 405 2015 442 nescis.

1493 466 1555 502 36.
1575 470 1606 503 O
1628 466 1793 511 Lucifer,
1814 465 1880 515 qui
1901 479 2012 502 mane
2030 465 2212 504 oriebaris
2227 497 2236 514 ,
2267 469 2344 507 imo
2368 485 2446 510 non

1434 525 1514 575 jam
1537 526 1692 571 lucifer,
1721 526 1786 562 sed
1820 526 1994 572 noctifer,
2024 534 2088 563 aut
2115 527 2226 564 etiam
2252 531 2440 580 mortifer,

1439 595 1562 623 rectus
1583 599 1714 622 cursus
1732 594 1818 622 tuus
1832 594 1913 622 erat
1934 585 1981 622 ab
2003 587 2150 623 oriente
2164 587 2211 624 ad
2234 589 2446 638 meridiem,

1440 656 1477 684 et
1501 656 1540 684 tu
1562 656 1798 698 praepostero
1828 647 1963 684 ordine
1992 647 2115 684 tendis
2131 647 2179 684 ad
2205 650 2444 698 aquilonem?

1438 710 1591 755 Quanto
1609 708 1726 756 magis
1742 707 1787 744 ad
1811 708 1886 744 alta
1902 708 2070 753 festinas,
2095 716 2199 745 tanto
2223 709 2382 747 celerius
2397 712 2444 749 ad

1436 782 1611 806 occasum
1643 768 1820 806 declinas.
1851 769 1971 806 Velim
2009 777 2136 805 tamen
2176 770 2388 818 curiosius,
2420 787 2443 810 ο

1436 828 1596 874 curiose,
1618 828 1872 864 intentionem
1895 837 1967 865 tuae
1991 828 2220 866 curiositatis
2237 830 2441 880 inquirere.

1434 888 1599 932 Ponam,
1630 887 1777 937 inquit,
1806 890 1930 924 sedem
1953 903 2075 925 meam
2098 892 2156 925 acl
2180 894 2392 939 aquilonem
2416 893 2442 930 3.

1434 949 1511 982 Nec
1538 947 1755 995 aquilonem
1785 947 1888 983 hunc
1920 949 2183 997 corporalem,
2213 963 2284 988 1166
2305 951 2438 989 sedem

1436 1006 1533 1042 hanc
1566 1006 1677 1057 (cum
1710 1007 1759 1043 sis
1792 1007 1975 1058 spiritus)
1997 1009 2168 1059 intelligo
2196 1011 2440 1050 materialem.

356 1071 575 1120 resipiscere
589 1099 598 1115 ,
627 1083 704 1106 non
737 1076 852 1118 neget
877 1068 1026 1104 veniam
1045 1083 1054 1114 3
1081 1067 1289 1104 secundum
1312 1076 1366 1104 ta-
1388 1065 1414 1099 Β
1434 1069 1531 1103 Ρ1110
1552 1075 1679 1102 autem
1699 1079 1769 1116 per
1788 1069 2017 1115 aquilonem,
2034 1069 2298 1119 reprobandos
2319 1071 2441 1109 horni-⁴

356 1144 443 1167 men
476 1130 658 1167 duritiam
693 1138 797 1166 tuam
830 1137 867 1165 et
900 1142 965 1164 cor
996 1128 1259 1178 impoenitens,
1287 1141 1365 1164 non

355 1192 481 1240 possis
505 1191 624 1235 velle,
647 1198 684 1226 61
699 1189 785 1225 idco
808 1202 877 1225 nec
902 1201 1017 1238 poena
1038 1201 1179 1225 carere.

408 1251 470 1287 34.
493 1250 565 1287 Sed
577 1249 656 1299 jam
678 1249 765 1286 audi
784 1249 1032 1285 calumniam:
1055 1249 1209 1292 Coelum,
1228 1247 1365 1297 inquit,

353 1312 446 1347 milti
460 1314 562 1347 sedes
574 1321 641 1355 est,
654 1320 752 1346 term
765 1319 889 1345 autem
902 1308 1104 1344 scabellum
1114 1310 1255 1356 pedum
1270 1323 1367 1344 meo-

354 1387 437 1408 rum
457 1380 480 1408 ¹.
497 1376 582 1408 Yon
604 1371 712 1418 dixit,
729 1371 880 1416 Oriens,
897 1378 962 1406 aut
978 1369 1177 1414 Occidens,
1200 1377 1264 1405 aut
1280 1373 1367 1407 Una

352 1434 477 1483 aliqua
487 1434 571 1470 coeli
588 1433 697 1483 plaga
715 1447 722 1468 1
738 1431 824 1477 sed,
842 1435 980 1468 Totum
994 1431 1131 1467 ccelum
1146 1430 1238 1466 mihi
1259 1429 1366 1466 sedes

353 1504 420 1532 651.
435 1499 519 1532 Non
535 1504 643 1545 potes
659 1507 750 1542 ergo
766 1494 803 1529 in
817 1502 924 1543 parte
939 1492 1070 1529 sedere
1086 1492 1185 1538 coeli,
1204 1492 1367 1528 6111111116

353 1565 472 1592 10111111
499 1556 653 1605 elegerit
685 1554 767 1590 sibi.
803 1557 847 1590 In
872 1562 972 1590 terra
1003 1566 1080 1589 non
1113 1561 1241 1602 potes,
1277 1553 1367 1602 quia

351 1615 555 1653 scabellum
584 1615 726 1665 pedum
762 1614 842 1663 ejus
862 1622 929 1650 est.
952 1617 1068 1650 Terra
1088 1614 1228 1649 etenim
1257 1614 1364 1650 locus

351 1677 492 1714 solidus
513 1685 587 1722 est,
616 1675 683 1711 111)1
714 1674 819 1711 561161
848 1674 1037 1719 Ecclesia,
1068 1673 1224 1710 fundata
1247 1687 1363 1724 supra

350 1738 497 1774 firmam
519 1746 680 1787 petram.
703 1735 803 1783 Quid
826 1735 966 1771 facies?
988 1738 1017 1770 E
1038 1735 1135 1770 coelo
1152 1736 1297 1783 pulsus,
1322 1735 1361 1770 111

351 1807 453 1834 terra
476 1810 672 1834 remanere
705 1809 784 1832 11011
808 1804 928 1844 potes.
962 1794 1067 1843 Elige
1101 1807 1191 1843 ergo
1222 1793 1290 1830 tibi
1321 1794 1359 1830 in

1434 1141 1501 1164 nes
1519 1128 1631 1165 fuisse
1653 1128 1887 1177 designatos,
1908 1142 1978 1179 per
1994 1133 2118 1166 sedem
2130 1160 2141 1176 ,
2160 1139 2386 1181 potestatem
2403 1133 2440 1170 in

1434 1189 1530 1225 illos.
1551 1192 1654 1236 Quos
1672 1188 1804 1238 utique
1820 1189 1858 1225 in
1876 1189 2117 1239 praescientia
2138 1191 2207 1228 Dei
2222 1221 2231 1238 ,
2249 1200 2392 1241 quanto
2408 1194 2442 1231 ei

1433 1250 1619 1296 vicinior,
1650 1258 1757 1286 tanto
1776 1250 1922 1287 caeteris
1941 1251 2200 1301 perspicacior
2211 1252 2438 1302 praevidens,
2494 1248 2496 1250 V

1433 1312 1539 1347 nullo
1556 1311 1709 1360 quidem
1727 1312 1923 1361 sapientiae
1941 1312 2048 1349 radio
2062 1322 2321 1361 coruscantes,
2336 1315 2440 1351 nullo

1433 1371 1589 1421 spiritus
1619 1384 1749 1407 amore
1781 1372 1991 1418 ferventes,
2021 1372 2127 1409 velut
2146 1385 2311 1409 vacuum
2332 1387 2442 1424 repe-

1433 1432 1526 1468 reris
1560 1431 1685 1467 locum
1702 1461 1711 1477 ,
1734 1431 1918 1467 affectasti
1944 1445 2060 1481 super
2089 1432 2174 1469 illos
2211 1432 2440 1481 dominium,

1433 1504 1529 1541 quos
1546 1491 1710 1541 quadam
1729 1500 1803 1528 tuae
1823 1492 1969 1528 astutiae
1985 1492 2154 1529 claritate
2171 1493 2418 1543 perfunderes
2429 1523 2440 1542 ,

1435 1561 1508 1589 tuse
1529 1553 1681 1589 malitiae
1702 1552 1856 1589 aestibus
1879 1553 2137 1590 inflammares
2159 1567 2167 1589 :
2186 1562 2228 1590 ut
2245 1553 2440 1603 quomodo

1433 1613 1647 1650 Altissimus
1675 1626 1741 1649 sua
1765 1613 1951 1663 sapientia
1986 1626 2029 1649 ac
2057 1612 2229 1649 bonitate
2263 1612 2440 1650 omnibus

1431 1674 1515 1709 filiis
1537 1673 1766 1710 obedientiae
1782 1682 1966 1723 praeerat,
1989 1674 2038 1710 ita
2060 1682 2097 1709 et
2114 1682 2153 1710 tu
2175 1687 2290 1724 super
2308 1687 2440 1712 omnes

1428 1734 1525 1770 filios
1556 1733 1745 1783 superbiae
1771 1747 1837 1770 rex
1870 1735 2124 1782 constitutus,
2152 1743 2217 1771 tua
2237 1747 2302 1771 eos
2319 1742 2439 1772 astuta

1428 1794 1591 1839 malitia,
1626 1808 1668 1830 ac
1688 1794 1876 1831 malitiosa
1897 1795 2032 1831 astutia
2052 1808 2223 1845 regeres,
2243 1808 2313 1845 per
2333 1795 2437 1845 quod

352 1872 438 1894 aere
470 1858 598 1894 locum
614 1885 623 1901 ,
648 1869 726 1892 non
749 1855 795 1891 ad
818 1853 1049 1898 sedendum,
1074 1853 1139 1889 sed
1159 1853 1206 1889 ad
1227 1854 1362 1890 volan-
1381 1850 1408 1885 C
1432 1855 1626 1891 Altissimo
1650 1855 1781 1891 similis
1804 1868 1914 1891 esses.
1937 1854 2009 1891 Sed
2029 1856 2149 1892 miror
2169 1869 2255 1892 cum
2274 1856 2313 1892 in
2333 1869 2434 1906 prae-

352 1918 442 1953 dum
474 1933 481 1954 :
505 1925 546 1953 ut
573 1916 638 1965 qui
671 1915 822 1951 tentasti
849 1922 1056 1950 concutere
1079 1922 1217 1950 statum
1251 1922 1364 1951 aeter—

350 1978 499 2023 nitatis,
535 1989 685 2026 poenam
722 1975 860 2011 sentias
887 1974 1054 2024 propriae²
1086 1974 1358 2010 fluctuationis.

350 2041 401 2074 Te
421 2051 510 2087 ergo
529 2038 734 2073 fluctuante
751 2036 850 2071 inter
867 2035 1004 2071 coelam
1027 2043 1063 2070 et
1085 2042 1238 2081 terram,
1253 2034 1358 2071 sedet

349 2099 538 2134 Dominus
564 2110 679 2147 super
708 2096 844 2133 solium
874 2095 1065 2132 excelsum
1089 2103 1126 2130 61
1148 2095 1357 2141 elevatum,

349 2168 385 2195 et
410 2160 524 2208 plena
550 2167 606 2195 est
636 2158 760 2194 omnis
792 2166 891 2193 terra
921 2155 1117 2205 majestate
1147 2154 1228 2204 ejus
1256 2162 1284 2203 ²,
1317 2163 1359 2192 ut

357 2232 544 2268 nusquam
571 2218 640 2254 uisi
660 2218 698 2253 in
721 2229 807 2253 aere
829 2216 1000 2252 invenias
1020 2216 1159 2252 locum.

401 2280 463 2315 35.
486 2277 683 2328 Seraphim
714 2289 879 2325 namque
902 2276 982 2312 aliis
1003 2275 1157 2324 quidem
1186 2275 1254 2311 ali5
1280 2287 1356 2311 suae

347 2338 682 2388 contemplationis
716 2337 761 2373 de
790 2337 929 2372 throno
959 2336 1005 2373 ad
1040 2336 1269 2384 scabellum,
1308 2336 1354 2372 de

351 2399 516 2436 scabello
539 2399 586 2435 ad
617 2398 797 2434 thronum
824 2397 993 2433 volantia
1008 2426 1017 2443 ,
1035 2397 1116 2433 aliis
1138 2405 1252 2447 caput
1273 2399 1355 2433 Do-

348 2459 441 2496 mini
465 2459 658 2509 pedesque
680 2458 858 2504 velantia,
880 2457 927 2494 ad
947 2458 1019 2494 hoc
1035 2457 1087 2494 ibi
1103 2458 1226 2507 posita
1247 2465 1355 2507 puto,

347 2529 389 2556 ut
406 2521 500 2557 sicut
526 2519 673 2556 homini
699 2519 872 2569 peccanti
893 2518 1056 2568 paradisi
1077 2531 1146 2568 per
1164 2517 1357 2555 Cherubin

347 2579 573 2630 prohibetur
605 2579 817 2628 ingressus,
848 2578 900 2613 ita
929 2586 967 2614 et
989 2591 1057 2627 per
1080 2578 1264 2627 Seraphin
1286 2586 1359 2614 tuae

347 2640 555 2677 curiositati
584 2639 719 2676 modus
751 2639 973 2688 imponatur
992 2645 1007 2660 ἃ
1037 2653 1044 2675 :

350 2700 433 2736 coeli
463 2699 542 2749 jam
573 2700 690 2749 magis
716 2698 974 2748 impudenter,
1006 2712 1118 2748 quam
1146 2698 1358 2748 prudenter

348 2773 482 2795 arcana
505 2760 665 2805 rimeris,
682 2772 751 2795 nec
766 2759 941 2796 Ecclesiae
959 2759 1138 2808 mysteria
1152 2772 1358 2807 cognoscas

348 2820 386 2856 in
410 2820 537 2867 terris;
559 2821 623 2857 sed
654 2821 742 2856 solis
770 2828 974 2857 contentus
1000 2820 1049 2856 sis
1081 2818 1261 2856 cordibus
1289 2834 1354 2857 511-

349 2878 570 2928 perborum,
589 2881 653 2928 qui
673 2893 741 2916 nec
763 2880 801 2916 in
817 2888 915 2916 terra
934 2879 1139 2929 dignantur
1159 2892 1239 2916 esse
1260 2880 1355 2916 sicut

349 2939 475 2975 caeteri
506 2940 726 2984 hominum,
757 2954 825 2977 nec
857 2941 953 2977 sicut
986 2940 1121 2989 Angeli
1149 2941 1281 2976 volant
1311 2941 1357 2977 ad

349 2999 500 3035 coelum.
521 2999 624 3035 Licet
644 3013 735 3035 vero
756 3008 792 3036 et
810 3009 924 3050 caput
944 3001 981 3036 in
1004 3001 1112 3046 coelo,
1128 3009 1164 3036 et
1182 3001 1299 3050 pedes
1319 3002 1356 3038 in

351 3067 452 3095 terra
478 3072 498 3094 a
524 3067 559 3094 16
593 3058 898 3106 abscondantur3
926 3060 1107 3109 quiddam
1134 3068 1259 3097 tamen
1291 3062 1358 3098 tibi

350 3118 518 3155 medium
550 3117 759 3154 videndum
794 3119 840 3155 ad
886 3120 1135 3156 invidendum
1173 3121 1359 3159 duntaxat

350 3177 582 3228 permittitur
610 3192 617 3214 :
647 3177 737 3213 dum
772 3191 978 3227 suspensus
1006 3180 1043 3215 in
1068 3193 1174 3227 aere,
1196 3181 1358 3218 descen—

1433 1917 1553 1953 sentia
1575 1916 1645 1953 Dei
1673 1925 1781 1952 tuum
1811 1916 2034 1966 praevideris
2065 1916 2341 1967 principatum,
2371 1930 2438 1954 cur

1430 1989 1509 2012 non
1538 1976 1577 2011 in
1600 1975 1730 2012 eadem
1754 1975 1965 2025 praevidisti
1981 1984 2019 2012 et
2041 1976 2325 2026 praecipitium?
2342 1980 2435 2014 Nam

1425 2036 1455 2072 si
1487 2035 1717 2085 praevidisti,
1753 2048 1837 2084 quae
1870 2034 2018 2071 insania
2044 2035 2135 2082 fuit,
2160 2043 2202 2071 ut
2222 2048 2308 2072 cum
2334 2043 2436 2072 tanta

1426 2096 1576 2133 miseria
1606 2109 1765 2146 cuperes
1796 2095 2030 2146 principari,
2069 2105 2111 2133 ut
2137 2096 2267 2133 malles
2299 2096 2433 2133 misere

1426 2169 1601 2207 praeesse,
1621 2169 1736 2205 quam
1754 2156 1914 2192 feliciter
1934 2154 2114 2192 subesse?
2136 2160 2197 2193 An
2216 2168 2295 2192 non
2313 2167 2432 2204 expe-

1427 2216 1555 2253 diebat
1579 2216 1805 2266 participem
1833 2229 1914 2253 6556
1934 2216 2132 2266 plagarum
2152 2216 2305 2252 illarum
2322 2215 2434 2252 lumi—

1426 2290 1606 2313 nosarum
1620 2305 1629 2321 ,
1647 2290 1760 2326 quam
1781 2276 1994 2326 principem
2013 2275 2257 2313 tenebrarum
2278 2275 2433 2312 harum?

1423 2336 1495 2374 Sed
1525 2335 1743 2373 credibilius
1760 2344 1838 2382 est,
1868 2335 1973 2385 quod
1995 2349 2073 2372 non
2103 2334 2312 2386 praevidisti
2335 2348 2343 2370 :
2369 2341 2432 2370 aut

1423 2406 1583 2447 propter
1601 2397 1705 2433 illam
1723 2409 1888 2442 causam,
1906 2409 2019 2446 quam
2040 2396 2216 2447 superius
2234 2395 2330 2442 dixi,
2344 2393 2430 2444 quia

1424 2457 1494 2494 Dei
1519 2456 1729 2493 bonitatem
1758 2455 1961 2493 attendens
1975 2485 1985 2502 ,
2003 2455 2130 2492 dixisti
2148 2456 2188 2492 in
2209 2454 2324 2492 corde
2345 2462 2430 2499 tuo,

1426 2519 1510 2553 Non
1533 2522 1694 2566 requiret
1713 2518 1742 2562 4,
1766 2525 1927 2567 propter
1950 2516 2074 2566 quod,
2094 2530 2117 2553 o
2142 2516 2260 2567 impie
2277 2544 2286 2562 ‚
2309 2519 2430 2553 Deum

1425 2577 1605 2622 irritasti;
1640 2586 1705 2613 aut
1736 2577 1825 2626 quia
1847 2577 1929 2613 viso
1964 2576 2203 2627 principatu,
2230 2575 2355 2613 statim
2390 2575 2430 2612 in

1068 2646 1254 2688 quatenus
1282 2651 1352 2675 nec
1373 2644 1404 2677 D
1422 2639 1534 2675 oculo
1555 2636 1743 2687 superbiae
1763 2636 1888 2673 trabes
1906 2638 2088 2684 excrevit,
2110 2650 2186 2687 qua
2206 2635 2430 2687 interposita

1425 2712 1552 2736 casum
1573 2697 1704 2734 videre
1723 2710 1800 2734 non
1822 2698 1992 2748 potuisti.

1478 2758 1541 2795 37.
1579 2758 1637 2795 Sic
1671 2758 1813 2808 Joseph
1846 2772 1933 2795 cum
1962 2757 2200 2809 praevidisset
2234 2756 2443 2797 exaltatio*

1422 2833 1508 2857 nem
1529 2832 1634 2856 suam
1653 2818 1681 2864 5,
1708 2832 1785 2855 non
1809 2828 1933 2856 tamen
1952 2819 2144 2870 praescivit
2162 2818 2219 2856 sui
2238 2817 2426 2855 venditio-

1421 2893 1529 2926 nem,
1560 2879 1734 2928 quamvis
1766 2880 1928 2930 propior
1959 2888 2057 2917 esset
2084 2878 2277 2925 venditio,
2315 2890 2427 2927 quam

1426 2939 1615 2977 exaltatio.
1648 2942 1733 2976 Non
1771 2939 1876 2988 quod
1919 2948 2066 2976 tantum
2105 2937 2357 2989 patriarcham
2388 2936 2428 2973 in

1427 2999 1644 3051 superbiam
1675 2999 1903 3036 crediderim
1936 2999 2112 3037 incidisse
2138 3015 2146 3036 ε
2173 2997 2239 3036 56(1
2271 3005 2314 3034 111
2348 2995 2428 3045 ejus

1426 3060 1603 3110 exemplo
1622 3068 1767 3109 pateat,
1787 3060 1892 3109 quod
1911 3061 1950 3097 hi
1973 3060 2039 3109 qui
2066 3060 2193 3096 futura
2218 3055 2428 3109 praevident

1425 3135 1495 3171 per
1523 3120 1699 3171 spiritum
1730 3119 1957 3169 prophetiae,
1981 3120 2051 3156 etsi
2078 3132 2155 3156 non
2181 3117 2330 3163 omnia,
2350 3128 2427 3152 non

1425 3183 1511 3220 ideo
1530 3191 1653 3218 tamen
1670 3181 1830 3231 putandi
1850 3190 1939 3218 sunt
1959 3182 2063 3219 nulla
2076 3180 2306 3232 praevidisse.
2319 3175 2428 3227 Quod

399 3313 408 3326 ¹
429 3305 499 3337 Isai.
519 3317 594 3335 vax
612 3329 619 3342 ‚
644 3309 670 3336 1.
686 3323 730 3327 -—
748 3310 758 3325 ²
779 3305 826 3336 Id.
843 3316 896 3342 vt,
924 3309 954 3336 3.
972 3324 1014 3327 —
1031 3305 1043 3327 3
1059 3306 1107 3337 Id.
1129 3319 1198 3346 nv,
1221 3313 1271 3342 13,
1286 3311 1358 3338 -1
1384 3313 1508 3351 msa-x,
1533 3315 1583 3343 13,
1604 3331 1643 3337 -,
1666 3309 1679 3333 5
1702 3314 1782 3343 Gen.
1800 3322 1939 3349 xxxws,
1964 3313 2035 3343 7-9‚

396 3367 408 3381 ‘¹
430 3365 794 3396 Vide‘Retractatiouem
809 3364 898 3395 initio
914 3364 1006 3406 hujus
1027 3370 1193 3404 tractatus,
1216 3379 1286 3410 pag,
1309 3374 1408 3403 1280,
