2517 3936
6 2578 10 2596 «
0 2375 2 2407 a-
0 2322 1 2354 ᾼᾼ
0 2239 1 2245 r

693 194 748 248 S.
797 193 1173 249 BERNARDI
1219 198 1541 256 ABBATIS

384 405 644 535 DE
782 403 1818 544 BAPTISMO

179 695 533 768 ALIISQUE
580 692 1167 766 QUAESTIONIBUS
1229 693 1322 747 AB
1383 694 1549 750 IPSO
1610 696 2052 757 PROPOSITIS

450 873 539 920 AD
585 873 937 922 HUGONEM
981 873 1071 920 DE
1117 872 1769 922 SANCTO-VICTORE

767 1072 1001 1107 EPISTOLA
1036 1071 1128 1107 SEU
1164 1070 1461 1105 TRACTATL'S,

438 1464 709 1500 PRAEFATIO.
1087 1458 1117 1475 ⁰²

125 1584 162 1623 Si
191 1583 258 1621 tibi
287 1583 421 1619 videor
448 1582 592 1619 tardius
618 1582 878 1632 rescripsisse,
901 1581 996 1618 scito
1024 1593 1083 1616 me

76 1644 182 1682 tarde
213 1657 368 1694 quoque
395 1643 584 1693 accepisse
613 1643 660 1680 ad
689 1643 793 1692 quod
820 1641 1081 1678 rescriberem.

71 1707 165 1742 Nam
182 1703 287 1753 quod
307 1703 482 1748 miseras,
502 1716 580 1739 non
599 1703 783 1739 continuo
808 1702 854 1738 ad
883 1715 941 1738 me
961 1714 1082 1749 usque

72 1763 262 1813 perlatum
278 1769 354 1808 est,
371 1761 438 1798 sed
457 1762 670 1799 Pontiniaci
687 1762 752 1798 diu
771 1770 857 1798 ante
875 1769 1079 1798 retentum,

73 1825 196 1859 Porro
213 1820 281 1858 ubi
295 1821 423 1870 accepi
436 1850 445 1867 ,
463 1834 609 1857 moram
627 1822 784 1858 mininie
804 1821 875 1857 feci
894 1821 931 1857 in
951 1820 1091 1856 reseris

71 1880 212 1919 hendo.
245 1884 433 1919 Caeterum
465 1881 504 1918 id
539 1881 720 1928 brevius,
742 1895 856 1931 quam
886 1890 948 1917 tua
984 1880 1080 1916 forte

71 1941 303 1992 deposcebat
326 1941 488 1978 intentio
507 1956 514 1977 :
534 1941 599 1978 sed
624 1955 700 1978 non
725 1943 836 1991 plane
856 1955 970 1991 quam
999 1954 1080 1976 mea

72 2002 275 2052 occupatio
295 2002 447 2039 sineret.
476 2002 614 2039 Curavi
639 2011 763 2038 tamen
791 2015 837 2037 ne.
860 2010 894 2037 te
927 2009 1079 2037 utcum-

71 2076 146 2113 que
159 2063 294 2100 lateret
313 2061 499 2112 quidquid
521 2076 638 2112 super
654 2062 895 2111 interrogatis
912 2074 981 2110 ego
999 2074 1079 2097 sen-

72 2123 182 2160 tirem
202 2151 211 2168 ‚
235 2131 301 2160 tuo
328 2136 418 2160 sane
446 2123 577 2160 eadem
614 2137 697 2159 mea
724 2136 833 2159 sensa
863 2130 900 2157 et
923 2121 1025 2166 otio,
1043 2129 1080 2157 et

71 2183 224 2232 ingenio
256 2183 407 2233 plenius
437 2183 641 2219 astruenda
675 2184 923 2232 relinquens,
962 2182 992 2218 si
1028 2181 1079 2217 ita

71 2251 251 2293 oportere
268 2243 504 2292 cognoveris.
524 2247 600 2281 Nec
615 2243 750 2280 dubito
767 2243 814 2280 ad
832 2256 989 2279 manum
1012 2241 1079 2278 tibi
1100 2243 1127 2275 B

69 2315 150 2339 esse
171 2302 337 2339 rationes
364 2311 484 2339 certas
498 2332 508 2349 ,
529 2311 567 2339 et
590 2316 780 2352 congruas
805 2302 1053 2339 auctoritates
1067 2330 1076 2346 ,

69 2361 210 2412 quibus
239 2362 346 2398 facile
366 2362 403 2398 id
423 2363 557 2412 possis.
585 2367 620 2400 Is
649 2376 740 2412 ergo
757 2392 766 2409 ,
788 2362 898 2411 cujus
928 2375 987 2398 me
1016 2375 1077 2398 re-

70 2421 262 2472 spondere
282 2422 555 2460 assertionibus
571 2422 685 2472 jubes
700 2453 709 2469 ,
727 2432 763 2459 et
786 2436 927 2459 nomen
950 2431 1049 2459 taces
1066 2450 1075 2467 ,

71 2481 139 2519 tibi
164 2482 317 2519 noverit
335 2495 356 2519 a
378 2496 437 2520 me
464 2496 580 2533 super
601 2484 785 2520 consultis
818 2483 924 2533 quod
955 2483 1078 2519 sentio

71 2541 215 2579 dictum
230 2572 240 2589 ,
260 2556 338 2579 non
373 2542 443 2580 sibi
476 2544 757 2581 contradictum
779 2572 788 2589 ,
815 2543 962 2580 etiamsi
986 2542 1079 2592 quid

71 2603 180 2640 aliter
194 2601 242 2640 ab
258 2603 343 2653 ipso
360 2603 538 2653 sapimus.
561 2608 655 2641 Nam
677 2605 707 2641 si
729 2618 862 2641 verum
885 2616 955 2640 nos
975 2602 1078 2652 sapi-

71 2678 170 2711 mus,
188 2664 327 2700 veritas
354 2664 388 2700 ei
414 2654 656 2710 contradicit,
683 2678 759 2701 non
782 2678 864 2701 nos.
884 2664 956 2701 Sed
977 2663 1078 2700 enim

70 2724 101 2761 si
120 2737 200 2760 non
227 2723 477 2760 confunditur
497 2724 737 2773 acquiescere
758 2724 908 2761 veritati
925 2753 935 2770 ,
956 2732 994 2760 et
1013 2736 1079 2759 ve-

69 2784 160 2822 ritas
176 2797 263 2821 cum
285 2797 331 2820 eo
352 2784 470 2834 sapit,
488 2792 525 2820 et
554 2797 636 2821 nos.
663 2784 726 2822 Sin
758 2793 902 2829 autem,
926 2796 1078 2820 servum

68 2844 141 2882 Dei
165 2851 295 2882 tamen
322 2857 401 2880 non
421 2852 578 2893 oportet
596 2843 742 2893 litigare
758 2872 767 2888 ,
788 2843 853 2880 sed
873 2843 990 2893 magis
1010 2856 1079 2892 pa-

71 2904 228 2942 tientem
253 2917 334 2941 esse
354 2904 403 2941 ad
427 2917 561 2941 omnes
580 2911 604 2939 ¹.
635 2904 804 2953 Ideoque
832 2917 909 2940 non
939 2902 1080 2952 quaeri-

71 2978 156 3001 mus
182 2977 331 3014 pugnas
356 2964 590 3010 verborum;
613 2964 801 3000 novitates
831 2976 985 3013 quoque
1014 2976 1081 2999 vo-

1122 1458 1135 1476 0'
1153 1457 1190 1494 in
1221 1470 1290 1494 suo
1311 1470 1423 1493 sensu
1437 1457 1503 1506 qui
1520 1456 1603 1492 vult
1620 1464 1806 1505 quantum
1827 1458 1927 1504 vult,
1949 1458 2156 1497 dummodo

1104 1525 1136 1558 A
1152 1531 1222 1554 nos
1243 1517 1412 1567 patiatur
1429 1517 1467 1553 in
1489 1516 1769 1565 Scripturarum
1791 1517 1963 1554 sensibus
1983 1519 2155 1557 abunda-

1152 1592 1210 1624 re,
1233 1577 1431 1628 quomodo
1452 1577 1541 1613 dicit
1564 1578 1772 1626 Apostolus
1793 1593 1800 1614 :
1822 1580 1906 1614 Non
1933 1582 2035 1627 quod
2055 1582 2155 1625 suffi-

1151 1644 1290 1675 cientes
1312 1642 1426 1674 simus
1452 1643 1616 1686 cogitare*
1644 1640 1793 1686 aliquid
1810 1653 1833 1673 (ι
1851 1639 1974 1683 nobis,
2004 1649 2156 1689 tanqam

1151 1713 1200 1734 ex
1215 1699 1344 1743 lembis,-
1362 1699 1665 1743 .s‘(’(l.s·11ffi‘ci(¹llti(1
1685 1708 1811 1734 nostra
1827 1714 1875 1734 αι’
1895 1703 1972 1735 Deo
1991 1707 2076 1737 0³5².

1540 1824 1716 1861 CAPL‘T
1748 1825 1778 1861 I.

1148 1951 1219 1979 Non
1233 1948 1385 1989 obligasse
1399 1947 1592 1989 Baptismum
1606 1971 1612 1983 ,
1629 1958 1666 1977 ex
1680 1958 1742 1988 quo
1756 1946 1874 1977 dictum
1891 1947 1947 1979 suit
1967 1948 2137 1981 Nicodemo
2149 1975 2155 1986 ,

1458 2002 1527 2031 Nisi
1543 2002 1612 2045 quis
1629 2007 1772 2037 renatus,
1795 2007 1853 2032 etc.

1205 2124 1236 2159 l.
1259 2122 1399 2161 Scribis
1431 2123 1559 2172 itaque
1593 2122 1795 2172 quemdam
1828 2135 1994 2158 asserere
2028 2125 2155 2160 nescio

1148 2196 1260 2232 quem
1282 2181 1396 2233 (nam
1419 2196 1496 2219 non
1521 2183 1693 2219 nominas
1712 2182 1719 2231 J
1743 2196 1786 2218 ex
1807 2195 1883 2231 quo
1904 2183 2070 2231 primum
2096 2183 2153 2220 di-

1147 2252 1249 2279 ctum
1273 2258 1292 2279 a
1314 2243 1482 2280 Domino
1501 2243 1650 2292 legitur,
1674 2244 1753 2277 Nisi
1775 2247 1855 2290 quis
1874 2241 2156 2290 renatusfioerie

1147 2318 1196 2339 eac
1213 2318 1314 2353 aqua
1331 2314 1367 2339 et
1379 2306 1518 2352 Spiritu
1536 2313 1676 2347 sancto,
1691 2317 1763 2338 non
1783 2302 1934 2338 Intrabit
1950 2306 1986 2337 1⁸12
2001 2316 2152 2351 regumn

1146 2368 1320 2400 molarum
1339 2364 1350 2386 3
1371 2380 1377 2401 :
1401 2379 1446 2401 ex
1469 2379 1514 2401 eo
1537 2365 1726 2401 neminem
1749 2363 1890 2412 absque
1912 2363 2045 2399 eodem
2068 2377 2152 2413 per-

1146 2434 1258 2475 cepto
1295 2426 1494 2461 actualiter
1524 2424 1663 2461 risibili
1695 2427 1936 2460 Sacramento
1955 2451 1964 2467 ,
1986 2424 2043 2459 vel
2071 2423 2153 2472 ejus

1147 2484 1227 2521 vice
1257 2486 1440 2533 martyrio
1456 2515 1466 2530 ,
1488 2485 1676 2521 ullatenus
1705 2483 1874 2533 potuisse
1896 2483 2031 2519 salvari
2050 2498 2058 2527 3
2082 2483 2149 2519 sed

1147 2545 1215 2581 etsi
1234 2545 1331 2581 forte
1348 2545 1440 2581 illud
1458 2544 1644 2594 quispiam
1663 2557 1747 2579 cum
1766 2555 1852 2578 vera
1865 2541 1938 2577 fide
1959 2551 1995 2578 et
2015 2542 2155 2579 contri-

1149 2605 1250 2641 tione
1281 2604 1407 2641 cordis
1438 2611 1657 2654 expeteret,
1687 2602 1751 2638 sed
1778 2610 1995 2651 praeventus
2023 2602 2155 2638 mortis

1147 2666 1307 2702 articulo
1329 2665 1477 2714 assequi
1496 2664 1599 2714 quod
1625 2671 1781 2712 cuperet
1807 2675 1883 2698 nou
1903 2662 2046 2698 valeret
2064 2690 2073 2706 ,
2095 2670 2152 2698 ta—

1149 2740 1235 2763 men
1264 2726 1423 2762 omnino
1447 2724 1629 2761 damnari.
1654 2722 1727 2760 [bi
1748 2722 1872 2771 primo
1894 2721 1940 2757 de
1971 2720 2153 2770 temporis

1147 2786 1302 2836 quidem
1327 2785 1550 2835 praefixione
1578 2783 1715 2819 durum
1744 2781 1853 2817 nimis
1881 2789 2152 2830 austerumque

1149 2845 1312 2891 videtur,
1335 2853 1375 2881 ut
1396 2844 1571 2880 videlicet
1598 2841 1758 2878 verbum
1792 2840 1915 2877 adhuc.
1946 2839 2152 2876 abscondi-

1149 2915 1228 2942 tum
1253 2906 1375 2955 palam
1402 2902 1480 2952 jam
1517 2909 1677 2946 noceat,
1707 2909 1743 2936 et
1779 2908 1866 2936 ante
1892 2899 2012 2948 judex
2045 2899 2153 2935 feriat

1149 2978 1262 3015 quam
1298 2964 1493 3000 minetur:
1517 2961 1697 3011 quodque
1733 2959 1886 2996 interim
1918 2959 1955 2995 in
1989 2958 2155 2995 tenebris

71 3038 157 3061 cum
186 3023 297 3073 juxta
331 3025 579 3074 apostolicam
619 3023 833 3060 doctrinam
877 3023 1075 3060 evitamus.
1096 3029 1124 3064 C
1144 3024 1314 3074 loquitur
1343 3032 1379 3059 et
1403 3023 1441 3058 in
1469 3035 1558 3058 aure
1587 3021 1774 3065 Salvator,
1802 3019 1973 3056 nondum
2001 3018 2153 3068 quidem

70 3087 226 3120 Patrum
243 3091 391 3120 tantum
409 3084 643 3134 opponimus
661 3084 866 3120 sententias
880 3111 889 3127 ,
906 3096 949 3119 ac
966 3081 1081 3119 verba

71 3143 302 3193 proferimus
319 3172 328 3187 ‚
350 3152 388 3180 et
411 3157 487 3180 non
517 3152 651 3180 nostra
672 3159 680 3180 ε
703 3157 773 3180 nec
796 3143 897 3180 enim
929 3143 1078 3193 sapien-

72 3203 188 3240 tiores
209 3216 340 3240 sumus
357 3217 470 3252 quam
490 3212 618 3253 patres
640 3204 771 3241 nostri.
793 3203 974 3240 Abundet
992 3217 1080 3239 sane

124 3343 133 3357 ¹
150 3339 181 3368 11
194 3336 279 3368 Tim.
297 3348 323 3366 11
337 3361 345 3375 ‚
363 3339 418 3369 24.
439 3356 475 3360 —
498 3343 509 3359 ²
525 3341 556 3369 ΙΙ
570 3339 720 3378 Cor.1:1,
744 3342 833 3369 5.-
853 3336 866 3360 3
880 3340 972 3368 Joan.
990 3348 1047 3375 111,
1074 3341 1102 3367 5.

1149 3086 1292 3129 salvet,
1313 3083 1401 3132 quia
1423 3081 1594 3118 nondum
1617 3089 1799 3131 apparet3
1821 3088 1857 3116 et
1872 3078 1950 3128 jam
1969 3077 2153 3114 mundum

1146 3144 1303 3193 impleat
1323 3141 1602 3178 condemnatis.
1625 3145 1731 3177 Itane
1754 3152 1844 3188 ergo
1871 3137 2029 3173 verbum
2049 3136 2152 3171 salu—

1149 3205 1194 3240 tis
1215 3211 1252 3239 et
1282 3210 1514 3252 praeceptum
1548 3202 1634 3237 vitae
1666 3213 1741 3236 non
1771 3199 1875 3247 prius
1905 3197 2018 3231 vitam
2048 3195 2154 3230 resti-
