2517 3936
7 3456 11 3702 —....,--.‚-.q
6 3335 10 3437 -..-.-
0 3233 9 3304 „x-

61 226 136 264 909

62 316 146 339 11111111
163 304 324 346 exemplar
337 309 532 346 proponatur
543 329 550 342 ‚
569 305 676 336 nobile
688 305 805 336 scilicet
824 304 905 335 istud
922 315 978 346 par
991 305 1066 335 ami-

60 369 167 392 corum
179 383 187 396 ‚
216 360 248 389 S.
283 357 476 389 Bernardum
503 357 572 388 dico
603 364 633 388 et
664 357 887 388 cherabilcm
918 360 1042 387 Petrum
1056 380 1064 393 ‚

59 411 207 445 cardinali
232 410 367 442 Baronio
397 410 476 440 adeo
500 410 771 446 commendatum,
798 415 831 440 ut
851 424 862 435 κ
884 409 1063 446 sanctitate,

63 480 76 494 ι
93 476 162 508 quoe
179 475 234 507 per
250 463 448 494 dilectionem
469 470 637 505 operatur,
657 463 816 494 Bernardo
837 473 901 493 non
918 462 1067 504 imparem

63 534 77 548 n
97 528 162 550 esse
180 533 192 544 ι
210 516 469 559 pronuntiaverit.
492 517 579 548 Alias
597 517 734 558 ejusdem
758 516 931 557 argumenti
951 516 1022 547 vide
1045 517 1069 547 si

65 571 151 604 lubet
161 570 243 613 apud
254 570 356 612 ipsum
371 573 509 605 Petrum,
522 570 594 600 libri
607 570 698 612 primi
708 570 870 612 epistolam
887 573 940 608 28,
953 576 985 600 ct
999 570 1070 601 libri

63 624 164 668 quarti
178 623 345 666 epistolam
363 626 418 655 46.

111 680 174 711 487
194 681 234 710 A.
251 689 292 708 AD
303 689 382 708 raes
398 687 563 707 errscoros
577 701 584 713 ,
601 688 782 707 osum-seni
798 701 805 714 ,
824 687 1045 707 TUSCULANUM
1059 701 1066 714 ,

63 742 316 763 ειεκεετιιωῃι.
332 749 378 754 —
397 730 534 762 Nomina
550 729 645 761 habet
658 730 766 760 titulus
778 730 919 772 epistolae
933 733 998 761 219
1015 731 1068 761 ΑΙ-

46 783 199 817 ·1›ericum
209 808 218 822 ,
234 783 440 826 Stephanum,
453 789 484 814 et
497 787 664 824 Igmarum.
682 786 716 813 ln
730 783 837 825 paucis
851 783 1070 826 manuscriptis

62 837 129 870 haec
144 837 276 879 epistola
290 837 458 879 reperitur,
474 843 508 867 ut
522 836 553 867 in
574 836 826 878 Compendiensi.

110 893 175 922 487
197 892 233 922 C.
250 909 296 913 -—-
317 902 359 921 AD
379 901 507 921 Eosmsm
533 901 594 920 PRO
617 901 740 919 ΑΒΒΑΤΕ
766 901 1008 921 Lariniacexst.
1025 879 1072 912 —-'

63 943 274 982 Latiniacum,
290 943 432 975 dioecesis
454 943 635 974 Parisiensis
648 942 688 973 ad
705 945 904 980 Matronam,
925 943 978 974 ubi
1004 954 1070 974 mo-

62 996 231 1029 nasterium
254 1007 272 1027 a
289 1002 396 1028 sancto
412 999 530 1028 Furseo
546 995 673 1033 abbate,
691 997 824 1037 juvante
846 996 1068 1034 Erchinoaldo,

62 1049 222 1082 conditum
233 1073 244 1088 ,
273 1050 540 1091 instauratumque
574 1048 614 1080 ab
643 1048 811 1080 Heriberto
834 1053 866 1081 ΙΙ
894 1051 1072 1091 Campaniae

62 1102 175 1137 comite
188 1127 196 1141 ‚
214 1113 276 1144 qua
295 1102 335 1134 de
350 1113 385 1134 re
401 1102 539 1145 diploma
558 1102 691 1134 Roberti
710 1102 790 1144 regis
814 1109 915 1134 exstat
940 1103 972 1133 in
990 1103 1071 1134 libro

62 1162 150 1188 sexto
168 1156 208 1187 de
226 1159 274 1188 Re
292 1156 515 1199 diplomatica,
543 1167 575 1187 n.
601 1159 677 1187 151.
693 1155 830 1187 Ecclesia
850 1156 1072 1187 Latiniaceusis

67 1224 82 1238 ι
102 1209 232 1241 celebris
242 1216 275 1241 et
287 1209 422 1248 famosa,
442 1210 517 1241 olim
534 1209 697 1240 sanctitate
717 1215 748 1240 et
762 1209 911 1251 religione
926 1209 1039 1240 florens
1056 1225 1068 1236 n

61 1262 176 1295 dicitur
193 1262 227 1294 in
247 1263 357 1294 litteris
375 1263 504 1305 capituli
530 1263 682 1305 generalis
700 1269 881 1293 nostrorum
903 1262 1073 1294 monacho-

63 1327 132 1348 rum
145 1340 153 1355 ,
174 1316 213 1347 de
226 1316 340 1358 quibus
358 1327 431 1348 mox
451 1327 588 1359 agemus.

112 1372 176 1401 488
191 1372 227 1400 B.
244 1369 330 1411 Quid
342 1370 483 1412 peccavit
497 1370 594 1401 abbas
608 1369 854 1401 Latiniacensis?
868 1388 908 1391 —
922 1373 959 1401 In
979 1369 1075 1401 Char-

63 1421 142 1455 tario
169 1422 424 1454 Sancti-Martini
450 1423 490 1454 de
524 1423 650 1465 Campis
675 1423 851 1454 invenimus
885 1423 1074 1454 Gaufridum

61 1475 210 1508 abbatem
229 1476 474 1508 latiniacensem
488 1487 571 1508 anno
595 1480 696 1514 1122,
713 1476 837 1508 Arnulsi
859 1475 994 1514 abbatis,
1020 1477 1075 1518 qui

61 1540 146 1561 anno
175 1533 262 1562 1106
289 1529 387 1568 obiit,
407 1541 628 1561 successorem.
654 1535 748 1561 Anno
775 1531 883 1567 1124,
908 1535 941 1560 ut
960 1529 992 1559 in
1013 1533 1075 1561 Ro-

63 1593 156 1614 mano
170 1583 278 1615 codice
293 1584 507 1615 Vallicellanae
523 1582 723 1615 bibliothecae
747 1583 878 1624 legimus
888 1607 896 1621 ‚
920 1582 1074 1614 Radulfus

63 1635 163 1668 abbas
179 1636 330 1668 Latiniaci
344 1637 444 1668 factus
461 1643 509 1668 est
522 1647 532 1669 :
553 1637 593 1668 de
609 1647 672 1678 quo
688 1640 888 1668 Hermannus
904 1635 1074 1667 monachus

64 1689 277 1721 Laudunensis
293 1690 326 1721 in
350 1690 432 1721 libro
457 1691 550 1722 tertio
573 1690 612 1721 de
632 1689 794 1721 Miraculis
809 1692 844 1721 Β.
860 1689 983 1726 Mariae,
1004 1700 1073 1732 cap.

70 1746 122 1782 18,
148 1743 202 1774 ubi
217 1758 232 1770 «
261 1754 366 1775 comes
381 1744 561 1786 Campaniae
577 1743 779 1775 Theobaldus
790 1767 798 1781 ,
822 1743 953 1774 consilio
968 1742 1076 1774 domni

69 1811 84 1825 a·
103 1797 270 1836 Norherti,
298 1797 466 1839 quemdam
491 1797 627 1829 coenobii
663 1797 903 1828 Sancti-Nicolai
937 1796 969 1826 in
997 1796 1075 1827 silva

70 1866 84 1879 ι-
101 1854 225 1894 Vosago
243 1866 256 1878 »ι
274 1851 497 1894 (forteVoago,
508 1851 622 1882 rectius
630 1849 786 1892 Vedogio,
798 1849 939 1881 dioecesis
950 1849 1074 1880 Laudu-

66 1905 202 1946 nensis)«
218 1904 421 1944 monachum,
435 1905 564 1936 nomine
574 1903 760 1941 Radulfum,
773 1903 981 1935 Latiniacensi
993 1902 1076 1933 ditis—

70 1973 84 1986 a·
95 1958 172 1990 simo
183 1958 372 1990 monasterio
381 1957 556 2001 praefecisse
566 1957 730 1989 abbatem:
745 1972 757 1984 »
770 1957 820 1988 cui
831 1956 897 1987 haec
906 1956 1076 1987 convenire

65 2022 131 2043 non
143 2011 334 2043 dubitamus.
351 2012 441 2043 Obiit
456 2022 539 2042 anno
558 2015 570 2043 1
585 2014 659 2050 148,
679 2022 716 2042 ex
734 2010 842 2042 codice
854 2010 1072 2047 Vallicelkmo,

66 2065 157 2107 eique
175 2064 366 2097 Godefridus
380 2065 528 2096 successit
539 2089 548 2103 ,
566 2064 725 2096 Galfridus
742 2064 842 2095 dictus
859 2063 892 2094 in
910 2062 1074 2095 Chartario

67 2119 317 2151 sancti-Martini
341 2118 381 2149 de
396 2119 538 2161 Campis,
561 2125 704 2149 mortuus
730 2129 814 2149 anno
836 2119 935 2148 1162.
961 2119 1077 2149 Contra

67 2171 152 2204 hunc
166 2172 243 2203 duas
258 2171 356 2203 habes
378 2172 496 2204 litteras
515 2171 643 2214 capituli
662 2171 814 2213 generalis
833 2171 994 2212 nigrorum
1010 2180 1077 2200 mo-

68 2225 240 2257 nachorum
259 2236 268 2257 :
287 2236 365 2257 unas
388 2225 430 2256 ad
452 2225 629 2258 Adrianum
651 2228 718 2263 ΙΙΙ,
741 2225 854 2256 alteras
876 2223 916 2254 ad
939 2223 1078 2255 Alexan-

69 2279 161 2311 drum
179 2279 288 2311 itidem
301 2282 347 2310 111
358 2303 366 2318 ,
381 2279 416 2310 in
430 2279 560 2321 hujusce
576 2278 652 2310 tomi
665 2277 852 2320 Appendice
865 2277 989 2308 relatas.

117 2335 182 2365 488
210 2335 252 2364 D.
280 2333 411 2364 consilio
435 2332 544 2375 utique
563 2332 685 2363 comitis
701 2331 890 2362 Theobaldi.
907 2350 953 2354 —
977 2329 1080 2360 Theo-

69 2385 180 2418 baldus
198 2389 351 2428 Magnus,
371 2387 550 2429 Campaniae
575 2396 679 2417 comes
692 2409 701 2423 ,
727 2384 879 2416 Latiniaci
895 2384 1076 2421 advocatus,

70 2439 186 2472 ibidem
199 2440 351 2481 sepultus,
371 2439 411 2470 ad
432 2440 520 2481 cujus
539 2439 694 2471 tumulum
717 2438 873 2469 Henricus
894 2447 998 2468 comes
1015 2437 1080 2478 ejus

71 2492 152 2524 filius
166 2492 344 2534 lampadem
371 2492 505 2523 instituit
517 2517 525 2531 ‚
549 2503 588 2523 ex
603 2491 685 2522 libro
704 2498 793 2523 sexto
810 2491 849 2522 de
866 2494 914 2522 Re
928 2490 1081 2531 diploma-

72 2545 131 2577 tica
141 2570 150 2585 ‚
166 2557 198 2576 n.
214 2548 294 2577 206.
309 2545 465 2577 Henricus
483 2545 529 2576 ibi
545 2544 729 2577 versabatur
744 2543 923 2585 aliquando,
940 2549 973 2573 ut
996 2547 1082 2584 patet

72 2610 110 2630 ex
125 2599 245 2641 Sugerii
259 2599 391 2641 epistola
409 2602 485 2630 120.
504 2602 551 2630 De
563 2597 748 2630 Tlieobaldo
762 2597 794 2628 in
814 2596 895 2627 notis
909 2595 948 2626 ad
965 2595 1079 2637 episto-

71 2653 133 2684 lam
150 2655 207 2692 37,
223 2658 255 2684 et
270 2652 356 2695 apud
373 2652 560 2684 Balduinum
574 2653 613 2683 de
626 2652 772 2684 Avesniis
783 2676 791 2689 ‚
814 2651 844 2682 in
860 2649 1015 2692 Spicilcgii
1032 2655 1080 2679 to-

72 2717 124 2738 mo
143 2709 176 2746 7,
197 2717 269 2749 pag.
286 2709 350 2738 584
367 2730 375 2744 ,
398 2706 454 2737 ubi
470 2706 622 2738 Latiniaci
635 2706 740 2748 jacere
760 2705 883 2736 dicitur.

121 2762 189 2791 492
205 2762 246 2791 D.
261 2759 292 2791 Si
304 2759 401 2791 frater
414 2763 434 2792 J
436 2770 553 2791 oannes
567 2759 645 2790 dixit
657 2759 691 2790 in
710 2769 779 2797 nos,
796 2759 845 2789 vel
858 2758 980 2800 scripsit
997 2756 1081 2798 quod

73 2823 138 2844 non
150 2812 274 2851 decuit,
296 2813 346 2844 vel
362 2813 520 2855 quomodo
534 2824 601 2855 non
618 2812 732 2844 decuit.
748 2830 791 2834 -
805 2815 825 2843 J
827 2822 943 2842 oannes
956 2811 1012 2841 iste
1030 2820 1080 2840 ca-

75 2865 204 2897 nonicus
223 2872 290 2897 erat
306 2867 456 2908 regularis
472 2867 506 2897 in
525 2866 655 2897 ecclesia
678 2863 950 2906 Sancti—Stephani
973 2863 1081 2895 Divio-

74 2919 163 2951 nensi
174 2944 182 2958 ‚
197 2919 253 2950 ubi
269 2919 444 2951 Herbertus
462 2919 560 2951 abbas
572 2944 579 2958 ,
601 2919 640 2950 de
656 2929 718 2960 quo
732 2919 763 2949 iu
778 2917 908 2960 epistola
927 2919 979 2947 59.
996 2915 1081 2956 Quid

74 2972 114 3004 sit
129 2972 207 3004 illud
223 2972 262 3004 de
274 2983 337 3014 quo
353 2973 511 3015 scripserit
523 2979 632 3004 contra
647 2971 840 3003 Bernardum
855 2995 863 3008 ,
883 2980 946 3000 non
971 2969 1078 3009 liquet.

76 3028 186 3068 Neque
203 3026 286 3057 enim
303 3033 449 3069 putamus
462 3037 534 3058 eum
554 3037 622 3057 esse
643 3029 799 3058 Joannem
819 3022 1077 3058 Cornubiensem,

77 3079 248 3111 Abaelardi
283 3080 470 3122 discipulum
484 3105 492 3119 ‚
526 3079 566 3110 de
593 3090 655 3121 quo
685 3077 836 3109 Chesnius
871 3076 903 3106 in
930 3074 1012 3105 notis
1041 3073 1081 3103 ad

77 3132 290 3165 Abaclardum
301 3157 309 3171 ,
325 3144 386 3175 pag
402 3135 414 3164 1
428 3136 502 3165 159.
517 3135 569 3164 An
588 3132 640 3163 hic
656 3131 695 3162 de
712 3129 924 3171 Conceptione
940 3126 1081 3168 scripsit?

125 3187 192 3217 493
222 3188 258 3220 C.
285 3187 418 3217 Causam
443 3185 651 3217 Eboracensis
669 3183 814 3214 Ecclesiae
830 3192 885 3224 per
902 3191 973 3211 eum
988 3179 1082 3209 fuisse

78 3236 213 3270 decisam
225 3238 294 3280 quis
307 3239 445 3270 nesciat?
454 3257 502 3261 —
515 3241 618 3270 Status
626 3247 726 3267 causae
736 3241 880 3266 narratur
894 3244 910 3263 a
922 3232 1082 3263 W'illelmo

78 3290 298 3333 Neubrigensi,
309 3291 349 3322 de
358 3291 467 3323 Rebus
478 3291 571 3333 Angl.
581 3291 662 3322 libro
682 3293 710 3327 1,
727 3300 798 3330 cap.
814 3290 848 3318 17
864 3299 871 3325 3
889 3297 905 3317 a
920 3284 1083 3317 Francisco

81 3343 260 3383 Goduvino,
271 3343 352 3375 libro
366 3344 406 3375 de
417 3344 580 3386 Episcopis
588 3343 723 3384 Angliae,
734 3353 787 3373 sen
801 3341 881 3372 inter
893 3338 1082 3370 Eboracens.

81 3406 112 3431 ¹¹³
123 3400 178 3435 293
191 3401 295 3440 aRog,
306 3397 432 3430 Hoved.
444 3396 610 3440 posteriori
620 3402 709 3438 parte
720 3393 902 3427 Annalium.
915 3395 993 3423 Rem
1011 3400 1085 3432 pau⁶

544 227 810 264 LECTIONES
841 227 1117 261 VARMNJ'ES
1148 228 1206 261 ET
1235 229 1378 264 NOTAE
1408 230 1652 265 FUSIORES.

2049 238 2125 273 nto

1133 304 1176 334 cis
1193 306 1309 347 accipe.
1328 310 1421 337 Anno
1440 308 1526 337 1140
1545 307 1621 337 obiit
1639 307 1821 340 'l'liurstinus
1835 312 1904 350 (atu
1920 313 2125 345 'thurstanum

1135 364 1244 388 vocant
1256 370 1263 396 ;
1276 359 1450 389 Willclmus
1467 359 1695 399 Ncubrigeusis,
1707 363 1884 393 'frustimim
1898 375 1904 394 :
1922 365 1989 396 side
2004 369 2126 397 lunium

1136 411 1357 442 Carnotcnscm
1370 435 1377 448 ,
1405 411 1534 453 epistola
1551 414 1613 442 2751
1629 436 1635 447 ,
1653 418 1680 442 et
1696 413 1809 443 ibidem
1826 416 1923 446 Jurcti
1939 424 2024 446 notas
2037 442 2042 452 ,
2055 421 2064 453 ’)
2080 430 2125 448 m-

1135 463 1348 506 chiepiscopus
1371 464 1586 495 Eboraccnsis.
1610 464 1726 496 Electin
1745 468 1925 498 mormoris
1938 469 2128 500 discordibus·

1137 517 1215 547 votis
1239 518 1351 558 agitata
1378 524 1442 555 est,
1466 518 1532 548 aliis
1557 518 1750 548 W'illclmum
1773 519 1918 560 Stephani
1943 522 2018 560 rcgis
2039 533 2129 563 nepo-

1136 575 1197 600 tem
1211 594 1218 607 ,
1236 570 1439 601 Fboracensis
1455 571 1598 601 Ecclesia&
1616 570 1837 601 umatum-ium
1853 583 1860 607 ς
1881 573 1945 602 aliis
1965 575 2129 604 lli-micum

1136 622 1290 653 Murdacli
1305 647 1312 660 ,
1332 623 1475 653 abbatem
1496 626 1719 654 fontanensem
1734 648 1741 660 ,
1764 627 1797 654 1‘..
1814 625 1960 654 Ili-ruardi
1978 626 2131 665 qunmlam

1135 675 1167 706 in
1186 676 1383 707 Clara-Valle
1397 676 1592 717 discipulum,
1608 676 1801 716 eligentibus.
1820 677 2011 707 u'illclmum
2029 679 2133 708 llvmi-

1136 739 1190 759 cus
1218 729 1445 759 wintoniensis
1472 729 1635 770 episcopus
1662 730 1871 766 consccraxit,
1900 730 1951 760 scd
1980 736 2133 771 peti-utem

1135 785 1237 813 Roma
1266 782 1392 823 pallium
1421 784 1504 823 Papa
1531 781 1647 822 rejecit.
1674 786 1743 822 Qua
1770 783 1891 823 repulsa
1910 793 1962 812 rex
1983 782 2130 819 essemus,

1136 835 1305 866 Henricum
1332 846 1349 865 a
1375 834 1525 866 Pontificc
1553 834 1789 871 contii-matum,
1817 841 1847 865 ct
1866 835 1959 876 pallio
1985 835 2133 865 donatum

1135 888 1276 930 recipere
1296 888 1408 918 renuit.
1428 887 1510 928 Quin
1531 888 1609 928 regis
1627 887 1665 917 ad
1682 888 1856 929 exemplum
1876 888 2035 929 compositi
2054 888 2133 918 cixcs

1136 947 1166 972 ct
1192 941 1326 978 subditi,
1353 947 1507 983 pastorem
1532 952 1593 971 non
1619 942 1817 972 admiserunt.
1848 942 1988 972 Tandem
2015 942 2133 983 placato

1136 1005 1207 1035 rege
1223 994 1410 1025 Henricus‘a
1430 994 1492 1024 suis
1507 1000 1667 1035 susceptus
1682 994 1799 1036 prafuit
1820 994 1925 1025 decem
1939 995 2039 1031 annis,
2056 1006 2134 1024 mor-

1137 1053 1206 1078 tuus
1232 1058 1314 1078 anno
1347 1051 1432 1078 1153
1465 1046 1656 1078 Slxerboniar.
1688 1051 1808 1078 Interea
1844 1047 2018 1078 Willelmus
2051 1047 2132 1089 apud

1138 1101 1307 1131 Hem-icum
1329 1100 1746 1141 wintoniensem·degebat.
1775 1100 1834 1131 Scd
1862 1101 1981 1141 cognita
2005 1101 2131 1141 Euge—nii

1137 1154 1291 1195 pontificis
1319 1160 1349 1184 et
1381 1154 1550 1191 Bernardi,
1589 1164 1710 1184 necnon
1746 1153 1871 1184 Hem-ici
1908 1153 2130 1195 archiepiscopi

1138 1214 1249 1244 morte,
1269 1210 1403 1238 Romam
1425 1217 1496 1237 mox
1521 1206 1698 1243 contendit,
1719 1212 1748 1236 ct
1765 1206 1804 1236 ab
1822 1206 1984 1237 Anastasio
2005 1206 2131 1247 Eugcuii

1138 1271 1312 1291 successore
1325 1284 1333 1298 ,
1353 1270 1412 1302 ope
1430 1260 1570 1300 Gregorii
1596 1259 1770 1296 cardinalis,
1790 1260 1850 1289 von
1867 1265 1930 1289 tum
1952 1258 2074 1289 demum
2090 1259 2133 1289 sa-

1139 1313 1197 1344 cile
1215 1313 1312 1344 factus
1335 1324 1479 1354 compos,
1502 1312 1767 1343 confirmationem
1790 1317 1819 1342 et
1837 1311 1962 1352 pallium
1987 1311 2132 1342 obtinuit.

1139 1367 1199 1398 Sed
1213 1377 1312 1408 pauco
1332 1372 1472 1407 tempore
1491 1371 1657 1406 superstes,
1683 1374 1763 1394 anno
1788 1366 1869 1394 1154
1888 1363 2048 1393 defunctus
2070 1370 2113 1394 cst
2127 1388 2133 1399 ,

1140 1430 1203 1450 non
1217 1420 1282 1450 sine
1296 1419 1471 1460 suspicione
1493 1417 1603 1448 veneni
1620 1416 1788 1458 propinati.
1808 1419 1898 1446 Hunc
1912 1416 1942 1446 in
1959 1422 2136 1446 sauctorum

1139 1483 1303 1503 numerum
1320 1472 1451 1502 relatum
1476 1470 1615 1501 meminit
1634 1469 1836 1506 Goduxinus,
1856 1474 1885 1499 et
1904 1468 1942 1498 ad
1964 1469 2136 1509 sepulcrum

1140 1527 1206 1568 ejus
1229 1525 1339 1556 crebra
1364 1530 1485 1567 patrata
1513 1523 1673 1554 miracula.
1700 1522 1760 1553 Sed
1783 1522 1868 1553 addit
1893 1522 1995 1559 idem,
2014 1535 2026 1547 «
2055 1522 2137 1562 quod

1145 1594 1157 1606 ω
1178 1579 1304 1610 credere
1327 1578 1377 1609 cui
1395 1577 1481 1609 cordi
1500 1583 1563 1614 est,
1583 1575 1755 1606 meminerit
1780 1575 1862 1606 hunc
1882 1575 2137 1616 qualemcumque

1145 1647 1158 1659 »ι
1177 1632 1282 1663 divum
1295 1655 1302 1669 ,
1323 1642 1340 1662 a
1365 1630 1437 1661 divo
1462 1636 1544 1661 certe
1570 1629 1739 1666 Bernardo,
1760 1634 1812 1659 aut
1833 1629 1898 1670 ejus
1917 1628 2024 1658 saltem
2044 1638 2137 1668 opera

1146 1702 1158 1714 n
1177 1690 1409 1717 exauctoratum
1424 1708 1431 1721 ,
1460 1690 1489 1714 et
1515 1683 1682 1725 praesulatu
1706 1682 1880 1724 expulsum.
1909 1696 1921 1707 »ι
1944 1684 1991 1712 De
2009 1680 2138 1721 negotiis

1142 1739 1286 1771 Ecclesiae
1312 1736 1516 1769 Eboracensis
1541 1735 1647 1767 confer
1672 1735 1815 1777 epistolas
1846 1736 2018 1771 238-240,
2048 1736 2135 1770 252,

1146 1797 1211 1825 346
1242 1803 1313 1833 sqq.

1189 1847 1256 1877 494
1277 1847 1312 1877 C.
1332 1855 1372 1875 an
1387 1843 1483 1884 magis
1506 1847 1689 1873 exsecratus.
1706 1858 1747 1863 ——-
1768 1840 1884 1872 Eodem
1901 1850 1991 1871 sensu
2008 1839 2137 1870 verbum

1144 1909 1316 1932 exsecrare,
1338 1902 1431 1939 prout
1453 1895 1595 1937 legitimre
1624 1893 1847 1925 consecrationi
1876 1893 2054 1935 opponitur,
2087 1903 2138 1922 oc-

1143 1952 1239 1984 currit
1255 1950 1433 1992 inepistola
1452 1951 1528 1987 166,
1547 1959 1578 1978 n.
1605 1950 1634 1985 1,
1654 1947 1685 1977 in
1709 1946 1837 1989 epistola
1857 1948 1934 1983 223,
1954 1956 1984 1976 n.
2006 1949 2036 1982 2,
2057 1951 2086 1975 et
2107 1945 2139 1975 in

1142 2006 1273 2048 epistola
1291 2008 1356 2037 300
1374 2004 1454 2034 inter
1470 2001 1659 2033 Chesnianas
1670 2025 1677 2038 ‚
1706 2006 1790 2031 tomo
1806 2002 1823 2031 4
1837 2024 1843 2037 ‚
1867 2009 1934 2040 quae
1951 1998 2078 2040 epistola
2095 2003 2139 2028 est

1142 2059 1297 2100 Drogonis
1319 2055 1533 2098 Lugdunensis
1553 2054 1641 2085 electi
1657 2053 1696 2084 ad
1712 2053 1903 2084 Ludovicum
1919 2052 2091 2083 Juniorem.

1191 2116 1255 2144 497
1273 2115 1307 2144 Β.
1325 2123 1366 2141 An
1384 2121 1497 2140 TOTAM
1516 2119 1643 2139 CCRIAM
1662 2117 1845 2143 Romanam,
1870 2115 2002 2142 QUANDO
2021 2115 2138 2134 ELEGB-

1143 2177 1234 2197 RUNT
1252 2175 1402 2196 amimam
1416 2171 1709 2194 SANCTl-ANASTASH
1723 2171 1756 2189 m
1771 2170 1876 2189 PAR-«M
1892 2168 2081 2188 scema-31.
2094 2176 2137 2178 —

1145 2223 1237 2250 Anno
1257 2221 1356 2255 1145,
1378 2216 1524 2248 defuncto
1541 2213 1636 2244 Lucio
1655 2216 1685 2244 ΙΙ
1710 2211 1877 2254 pontifice,
1895 2209 2051 2241 Coelestini
2075 2220 2139 2239 suc—

1143 2283 1283 2309 cessore,
1302 2272 1416 2303 electus
1430 2275 1474 2300 est
1488 2266 1662 2299 Bernardus
1683 2265 1778 2295 abbas
1798 2267 1905 2295 Romae
1926 2263 1964 2293 ad
1979 2265 2137 2293 Sanctum-

1144 2325 1342 2358 Auastasium
1355 2349 1362 2361 ,
1380 2326 1412 2354 S.
1433 2320 1583 2353 Bernardi
1598 2319 1776 2360 discipulus,
1796 2317 1893 2348 dictus
1905 2316 2056 2357 Eugenius
2069 2318 2115 2345 III
2129 2326 2136 2351 ;

1145 2379 1183 2410 ad
1201 2389 1293 2420 quem
1318 2377 1389 2407 libri
1418 2375 1456 2405 de
1475 2371 1744 2405 Consideratione.
1774 2370 1919 2411 Ejusdem
1937 2375 2000 2399 tum
2020 2366 2139 2398 abbatis

1145 2432 1307 2474 epistolam
1333 2429 1372 2460 ad
1398 2426 1590 2459 Bernardum
1616 2424 1712 2455 hahes
1740 2422 1791 2453 hic
1815 2422 1924 2452 ordine
1953 2422 2038 2457 3443
2066 2419 2138 2450 item

1145 2485 1242 2527 ipsius
1257 2486 1319 2526 jam
1334 2492 1423 2525 papce
1436 2480 1527 2511 aliam
1544 2477 1680 2519 epistolae
1700 2478 1763 2506 273
1781 2474 1969 2516 praeniissam
1983 2484 1990 2509 ;
2007 2472 2137 2512 denique

1145 2538 1308 2580 epistolam
1326 2535 1364 2566 de
1377 2535 1442 2576 ejus
1455 2532 1542 2563 obitu
1561 2530 1592 2560 in
1608 2528 1791 2571 Appendice
1804 2551 1811 2564 ,
1832 2526 1863 2556 id
1876 2532 1920 2557 est
1941 2528 2017 2555 475.

1194 2594 1257 2622 497
1288 2593 1326 2621 D.
1356 2590 1441 2620 Num
1469 2584 1584 2616 idcirco
1613 2582 1714 2613 Pisani
1745 2579 1901 2615 deseruit,
1935 2583 1966 2608 ut
1989 2576 2139 2618 reciperet

1146 2645 1305 2676 Romam?
1331 2658 1374 2664 —⁴
1401 2638 1556 2680 Eugenius
1585 2634 1743 2676 quondam
1772 2630 1995 2662 vice-dominus
2021 2629 2139 2660 Pisanae

1146 2697 1282 2730 ecclesiae
1305 2693 1424 2737 (codex
1441 2688 1668 2730 manuscriptus
1691 2685 1845 2716 Dunensis
1863 2684 1971 2714 citatus
1996 2682 2035 2712 ab
2054 2684 2139 2712 Hen-

1146 2752 1252 2793 riqnez
1272 2753 1365 2779 vocat
1383 2740 1662 2784 Suffraganeum),
1683 2737 1795 2769 deinde
1816 2735 1965 2768 Bernardi
1985 2735 2016 2765 in
2039 2734 2140 2765 Clara-

1146 2804 1238 2834 Valle
1252 2799 1420 2842 discipulus
1432 2822 1439 2835 ‚
1455 2807 1527 2827 mox
1544 2794 1641 2825 abbas
1657 2789 1839 2822 monasterii
1853 2786 2136 2822 Sancti-Anastasii,

1146 2868 1200 2888 scu
1230 2850 1501 2886 Trium-Pontium
1525 2847 1563 2879 ad
1591 2843 1835 2886 Aquas-Salvias
1858 2852 1956 2883 prope
1984 2843 2137 2876 Romam,

1147 2915 1258 2952 praeter
1277 2915 1396 2937 morem
1409 2928 1417 2941 ,
1434 2913 1497 2933 non
1513 2911 1551 2932 ex
1570 2898 1726 2930 cardinale
1740 2920 1747 2934 ‚
1766 2895 1820 2927 sed
1839 2906 1876 2925 ex
1894 2893 2009 2924 abbate
2028 2893 2141 2923 electus

1147 2969 1191 2993 est
1209 2972 1225 2992 a
1239 2957 1447 2991 cardinalibus
1471 2955 1501 2985 in
1514 2962 1666 2985 summum
1685 2948 1828 2982 Ecclesiae
1853 2946 2035 2979 Pontificem
2060 2955 2142 2975 anno

1151 3018 1236 3047 1115
1266 3014 1299 3044 in
1325 3013 1428 3042 locum
1453 3007 1558 3043 Lucii,
1583 3012 1615 3036 ut
1638 3005 1702 3046 jam
1727 3003 1841 3033 dictum
1862 3007 1926 3037 est,
1956 2999 2008 3040 qui
2034 2998 2142 3028 eodem

1147 3080 1229 3101 anno
1246 3067 1354 3109 quinto
1372 3062 1521 3095 kalendas
1534 3059 1638 3091 martii
1663 3069 1699 3089 ex
1721 3057 1778 3088 hac
1793 3056 1855 3086 vita
1876 3053 2029 3096 migravit.
2052 3055 2144 3083 Hunc

1148 3133 1220 3164 ergo
1240 3119 1370 3151 miratur
1387 3114 1563 3147 Bernardns
1576 3138 1584 3151 ‚
1605 3112 1659 3154 qui
1676 3109 1951 3141 vice-dominatum
1968 3105 2056 3135 unius
2073 3114 2142 3145 par-

1147 3173 1286 3206 ticularis
1307 3169 1443 3202 ecclesiae
1468 3178 1533 3199 non
1549 3164 1723 3196 sustinebat
1741 3187 1748 3199 ,
1775 3161 1814 3192 ad
1834 3160 2024 3191 dominatum
2048 3155 2140 3186 totius

1149 3225 1333 3260 u'niversalis
1355 3222 1499 3255 Ecclesiae
1527 3225 1681 3251 vocatum.
1702 3220 1797 3247 Porro
1814 3213 1887 3255 quid
1909 3211 1999 3242 oflicii
2025 3208 2072 3238 vel
2087 3206 2141 3263 'di-

1151 3279 1273 3311 onitatis
1286 3278 1346 3309 hoe
1363 3275 1490 3307 nomine
1502 3298 1509 3311 ,
1526 3269 1765 3303 vice-dominus,
1785 3262 2014 3305 intelligendum
2025 3264 2140 3293 veniat,

1150 3309 1259 3377 ¹paucis
1280 3336 1498 3362 monstremus.
1524 3330 1601 3360 Sunt
1617 3324 1700 3354 enim
1726 3321 1891 3351 etiamnum
1916 3313 2070 3368 ecclesiae,
2090 3320 2142 3340 seu

1153 3384 1329 3429 episcopia,
1362 3393 1432 3424 quae
1460 3379 1583 3411 titulum
1613 3376 1703 3407 istum
1726 3372 1885 3403 retineant.
1910 3366 1990 3399 Olim
2018 3362 2143 3405 quiden
