<?xml version="1.0" encoding="UTF-8"?>
<!DOCTYPE html PUBLIC "-//W3C//DTD XHTML 1.0 Transitional//EN"
    "http://www.w3.org/TR/xhtml1/DTD/xhtml1-transitional.dtd">
<html xmlns="http://www.w3.org/1999/xhtml" xml:lang="en" lang="en">
 <head>
  <title>
</title>
<meta http-equiv="Content-Type" content="text/html;charset=utf-8" />
  <meta name='ocr-system' content='tesseract 3.04.00' />
  <meta name='ocr-capabilities' content='ocr_page ocr_carea ocr_par ocr_line ocrx_word'/>
</head>
<body>
  <div class='ocr_page' id='page_1' title='image "./operaomniapostho01bernuoft/operaomniapostho01bernuoft_0238.png"; bbox 0 0 2533 3920; ppageno 0'>
   <div class='ocr_carea' id='block_1_1' title="bbox 374 197 448 234">
    <p class='ocr_par' dir='ltr' id='par_1_1' title="bbox 374 197 448 234">
     <span class='ocr_line' id='line_1_1' title="bbox 374 197 448 234; baseline -0.014 -1"><span class='ocrx_word' id='word_1_1' title='bbox 374 197 448 234; x_wconf 49' lang='lat' dir='ltr'>*sl-&#39;32</span> 
     </span>
    </p>
   </div>
   <div class='ocr_carea' id='block_1_2' title="bbox 369 335 1383 809">
    <p class='ocr_par' dir='ltr' id='par_1_2' title="bbox 369 335 1383 809">
     <span class='ocr_line' id='line_1_2' title="bbox 372 335 1379 386; baseline -0.003 -12"><span class='ocrx_word' id='word_1_2' title='bbox 372 351 419 373; x_wconf 85' lang='lat' dir='ltr'>ne</span> <span class='ocrx_word' id='word_1_3' title='bbox 437 337 483 374; x_wconf 80' lang='lat' dir='ltr'>de</span> <span class='ocrx_word' id='word_1_4' title='bbox 498 346 636 374; x_wconf 77' lang='lat' dir='ltr'>caetcro</span> <span class='ocrx_word' id='word_1_5' title='bbox 652 336 907 382; x_wconf 69' lang='lat' dir='ltr'>dissimuletis,</span> <span class='ocrx_word' id='word_1_6' title='bbox 925 335 990 372; x_wconf 89' lang='lat' dir='ltr'>sed</span> <span class='ocrx_word' id='word_1_7' title='bbox 1006 335 1214 372; x_wconf 85' lang='lat' dir='ltr'>secundum</span> <span class='ocrx_word' id='word_1_8' title='bbox 1233 337 1379 386; x_wconf 84' lang='lat' dir='ltr'>sapien-</span> 
     </span>
     <span class='ocr_line' id='line_1_3' title="bbox 372 395 1379 445; baseline -0.003 -11"><span class='ocrx_word' id='word_1_9' title='bbox 372 399 460 435; x_wconf 85' lang='lat' dir='ltr'>tiam</span> <span class='ocrx_word' id='word_1_10' title='bbox 476 397 586 434; x_wconf 83' lang='lat' dir='ltr'>vobis</span> <span class='ocrx_word' id='word_1_11' title='bbox 603 412 624 435; x_wconf 88' lang='lat' dir='ltr'>a</span> <span class='ocrx_word' id='word_1_12' title='bbox 640 402 722 435; x_wconf 91' lang='lat' dir='ltr'>Deo</span> <span class='ocrx_word' id='word_1_13' title='bbox 738 397 863 433; x_wconf 83' lang='lat' dir='ltr'>datam</span> <span class='ocrx_word' id='word_1_14' title='bbox 881 395 1063 432; x_wconf 83' lang='lat' dir='ltr'>studeatis</span> <span class='ocrx_word' id='word_1_15' title='bbox 1080 409 1165 444; x_wconf 67' lang='lat' dir='ltr'>quae</span> <span class='ocrx_word' id='word_1_16' title='bbox 1184 395 1230 431; x_wconf 89' lang='lat' dir='ltr'>ad</span> <span class='ocrx_word' id='word_1_17' title='bbox 1247 408 1379 445; x_wconf 80' lang='lat' dir='ltr'>pacem</span> 
     </span>
     <span class='ocr_line' id='line_1_4' title="bbox 370 456 1377 505; baseline -0.004 -10"><span class='ocrx_word' id='word_1_18' title='bbox 370 467 471 505; x_wconf 89' lang='lat' dir='ltr'>sunt,</span> <span class='ocrx_word' id='word_1_19' title='bbox 494 472 693 495; x_wconf 89' lang='lat' dir='ltr'>monemus</span> <span class='ocrx_word' id='word_1_20' title='bbox 706 465 874 495; x_wconf 81' lang='lat' dir='ltr'>sanctam</span> <span class='ocrx_word' id='word_1_21' title='bbox 891 456 1186 493; x_wconf 86' lang='lat' dir='ltr'>sollicitudinem</span> <span class='ocrx_word' id='word_1_22' title='bbox 1200 464 1377 493; x_wconf 79' lang='lat' dir='ltr'>vestram.</span> 
     </span>
     <span class='ocr_line' id='line_1_5' title="bbox 369 515 1378 568; baseline -0.004 -13"><span class='ocrx_word' id='word_1_23' title='bbox 369 522 464 555; x_wconf 59' lang='lat' dir='ltr'>&#39;Nam</span> <span class='ocrx_word' id='word_1_24' title='bbox 486 518 678 568; x_wconf 76' lang='lat' dir='ltr'>rogandus</span> <span class='ocrx_word' id='word_1_25' title='bbox 699 531 776 554; x_wconf 86' lang='lat' dir='ltr'>non</span> <span class='ocrx_word' id='word_1_26' title='bbox 801 517 889 554; x_wconf 84' lang='lat' dir='ltr'>estis</span> <span class='ocrx_word' id='word_1_27' title='bbox 910 529 993 566; x_wconf 12' lang='lat' dir='ltr'>pro*</span> <span class='ocrx_word' id='word_1_28' title='bbox 1013 516 1077 552; x_wconf 88' lang='lat' dir='ltr'>tali</span> <span class='ocrx_word' id='word_1_29' title='bbox 1099 529 1138 552; x_wconf 85' lang='lat' dir='ltr'>re</span> <span class='ocrx_word' id='word_1_30' title='bbox 1153 545 1162 561; x_wconf 91' lang='lat'>,</span> <span class='ocrx_word' id='word_1_31' title='bbox 1197 529 1271 565; x_wconf 88' lang='lat' dir='ltr'>qua</span> <span class='ocrx_word' id='word_1_32' title='bbox 1300 515 1378 551; x_wconf 89' lang='lat' dir='ltr'>uti-</span> 
     </span>
     <span class='ocr_line' id='line_1_6' title="bbox 371 575 1380 628; baseline -0.004 -13"><span class='ocrx_word' id='word_1_33' title='bbox 371 592 445 628; x_wconf 77' lang='lat' dir='ltr'>quc</span> <span class='ocrx_word' id='word_1_34' title='bbox 468 588 616 615; x_wconf 84' lang='lat' dir='ltr'>constat</span> <span class='ocrx_word' id='word_1_35' title='bbox 639 592 715 615; x_wconf 90' lang='lat' dir='ltr'>non</span> <span class='ocrx_word' id='word_1_36' title='bbox 736 577 852 614; x_wconf 88' lang='lat' dir='ltr'>modo</span> <span class='ocrx_word' id='word_1_37' title='bbox 872 577 983 613; x_wconf 75' lang='lat' dir='ltr'>valde</span> <span class='ocrx_word' id='word_1_38' title='bbox 1006 576 1252 612; x_wconf 76' lang='lat' dir='ltr'>honorificari</span> <span class='ocrx_word' id='word_1_39' title='bbox 1271 575 1380 611; x_wconf 92' lang='lat' dir='ltr'>mini-</span> 
     </span>
     <span class='ocr_line' id='line_1_7' title="bbox 371 636 1381 687; baseline -0.003 -12"><span class='ocrx_word' id='word_1_40' title='bbox 371 640 527 676; x_wconf 83' lang='lat' dir='ltr'>sterium</span> <span class='ocrx_word' id='word_1_41' title='bbox 557 648 750 683; x_wconf 85' lang='lat' dir='ltr'>vestrum,</span> <span class='ocrx_word' id='word_1_42' title='bbox 782 637 847 674; x_wconf 85' lang='lat' dir='ltr'>sed</span> <span class='ocrx_word' id='word_1_43' title='bbox 875 646 912 674; x_wconf 86' lang='lat' dir='ltr'>et</span> <span class='ocrx_word' id='word_1_44' title='bbox 939 638 1086 687; x_wconf 88' lang='lat' dir='ltr'>turpari</span> <span class='ocrx_word' id='word_1_45' title='bbox 1116 636 1323 673; x_wconf 82' lang='lat' dir='ltr'>admodum</span> <span class='ocrx_word' id='word_1_46' title='bbox 1351 636 1381 672; x_wconf 89' lang='lat' dir='ltr'>si</span> 
     </span>
     <span class='ocr_line' id='line_1_8' title="bbox 371 697 1383 749; baseline -0.004 -13"><span class='ocrx_word' id='word_1_47' title='bbox 371 700 568 749; x_wconf 75' lang='lat' dir='ltr'>negligitis.</span> <span class='ocrx_word' id='word_1_48' title='bbox 588 703 631 737; x_wconf 93' lang='lat' dir='ltr'>In</span> <span class='ocrx_word' id='word_1_49' title='bbox 653 699 794 735; x_wconf 87' lang='lat' dir='ltr'>indicta</span> <span class='ocrx_word' id='word_1_50' title='bbox 822 697 1040 734; x_wconf 76' lang='lat' dir='ltr'>celebritate</span> <span class='ocrx_word' id='word_1_51' title='bbox 1063 697 1166 747; x_wconf 88' lang='lat' dir='ltr'>apud</span> <span class='ocrx_word' id='word_1_52' title='bbox 1187 700 1383 734; x_wconf 87' lang='lat' dir='ltr'>Sanctum-</span> 
     </span>
     <span class='ocr_line' id='line_1_9' title="bbox 370 758 1089 809; baseline -0.004 -13"><span class='ocrx_word' id='word_1_53' title='bbox 370 760 599 808; x_wconf 82' lang='lat' dir='ltr'>Dionysium</span> <span class='ocrx_word' id='word_1_54' title='bbox 617 772 814 809; x_wconf 83' lang='lat' dir='ltr'>speramus</span> <span class='ocrx_word' id='word_1_55' title='bbox 831 758 961 795; x_wconf 75' lang='lat' dir='ltr'>videre</span> <span class='ocrx_word' id='word_1_56' title='bbox 976 771 1046 794; x_wconf 77' lang='lat' dir='ltr'>vos</span> <span class='ocrx_word' id='word_1_57' title='bbox 1058 758 1089 792; x_wconf 88' lang='lat'>*.</span> 
     </span>
    </p>
   </div>
   <div class='ocr_carea' id='block_1_3' title="bbox 384 895 1379 908">
    <p class='ocr_par' dir='ltr' id='par_1_3' title="bbox 384 895 1379 908">
     <span class='ocr_line' id='line_1_10' title="bbox 384 895 1379 908; baseline -0.005 0"><span class='ocrx_word' id='word_1_58' title='bbox 384 895 1379 908; x_wconf 43' lang='grc' dir='ltr'>ιιιιιιιιιιιιιιιιιιιιιιιιιιιιιιιιιιιιιιιιιιιιιιιιιιιιιιιιιιιιιιιιιιιι</span> 
     </span>
    </p>
   </div>
   <div class='ocr_carea' id='block_1_4' title="bbox 487 1015 1248 1076">
    <p class='ocr_par' dir='ltr' id='par_1_4' title="bbox 487 1015 1248 1076">
     <span class='ocr_line' id='line_1_11' title="bbox 487 1015 1248 1076; baseline -0.007 0"><span class='ocrx_word' id='word_1_59' title='bbox 487 1018 867 1076; x_wconf 84' lang='lat' dir='ltr'><strong>EPISTOLA</strong></span> <span class='ocrx_word' id='word_1_60' title='bbox 911 1015 1248 1075; x_wconf 59' lang='lat' dir='ltr'>CCXXVIJ&#39;</span> 
     </span>
    </p>
   </div>
   <div class='ocr_carea' id='block_1_5' title="bbox 506 1180 1234 1204">
    <p class='ocr_par' dir='ltr' id='par_1_5' title="bbox 506 1180 1234 1204">
     <span class='ocr_line' id='line_1_12' title="bbox 506 1180 1234 1204; baseline -0.003 0"><span class='ocrx_word' id='word_1_61' title='bbox 506 1183 552 1204; x_wconf 76' lang='lat' dir='ltr'>AI)</span> <span class='ocrx_word' id='word_1_62' title='bbox 582 1181 804 1204; x_wconf 69' lang='lat' dir='ltr'>LUDOVICUM</span> <span class='ocrx_word' id='word_1_63' title='bbox 836 1180 963 1202; x_wconf 78' lang='lat' dir='ltr'>REGEM</span> <span class='ocrx_word' id='word_1_64' title='bbox 994 1180 1234 1203; x_wconf 72' lang='lat' dir='ltr'>FRANCORUM.</span> 
     </span>
    </p>
   </div>
   <div class='ocr_carea' id='block_1_6' title="bbox 368 1302 1380 1454">
    <p class='ocr_par' dir='ltr' id='par_1_6' title="bbox 368 1302 1380 1454">
     <span class='ocr_line' id='line_1_13' title="bbox 368 1302 1380 1346; baseline -0.003 -11"><span class='ocrx_word' id='word_1_65' title='bbox 368 1304 545 1335; x_wconf 78' lang='lat' dir='ltr'>Bernardns</span> <span class='ocrx_word' id='word_1_66' title='bbox 561 1310 591 1335; x_wconf 87' lang='lat' dir='ltr'>et</span> <span class='ocrx_word' id='word_1_67' title='bbox 604 1307 696 1346; x_wconf 82' lang='lat' dir='ltr'>Hugo</span> <span class='ocrx_word' id='word_1_68' title='bbox 713 1309 888 1345; x_wconf 79' lang='lat' dir='ltr'>queruntur</span> <span class='ocrx_word' id='word_1_69' title='bbox 903 1303 942 1334; x_wconf 84' lang='lat' dir='ltr'>de</span> <span class='ocrx_word' id='word_1_70' title='bbox 958 1302 1127 1345; x_wconf 74' lang='lat' dir='ltr'>pertinacia</span> <span class='ocrx_word' id='word_1_71' title='bbox 1143 1302 1236 1344; x_wconf 72' lang='lat' dir='ltr'>Regis</span> <span class='ocrx_word' id='word_1_72' title='bbox 1253 1302 1283 1332; x_wconf 93' lang='lat' dir='ltr'>in</span> <span class='ocrx_word' id='word_1_73' title='bbox 1300 1302 1380 1333; x_wconf 84' lang='lat' dir='ltr'>male</span> 
     </span>
     <span class='ocr_line' id='line_1_14' title="bbox 415 1356 1380 1400; baseline -0.002 -11"><span class='ocrx_word' id='word_1_74' title='bbox 415 1358 523 1400; x_wconf 71' lang='lat' dir='ltr'>coeptis</span> <span class='ocrx_word' id='word_1_75' title='bbox 536 1369 542 1389; x_wconf 91' lang='lat'>:</span> <span class='ocrx_word' id='word_1_76' title='bbox 558 1358 661 1388; x_wconf 86' lang='lat' dir='ltr'>irritos</span> <span class='ocrx_word' id='word_1_77' title='bbox 672 1368 737 1388; x_wconf 84' lang='lat' dir='ltr'>esse</span> <span class='ocrx_word' id='word_1_78' title='bbox 748 1368 820 1387; x_wconf 87' lang='lat' dir='ltr'>suos</span> <span class='ocrx_word' id='word_1_79' title='bbox 834 1358 864 1387; x_wconf 94' lang='lat' dir='ltr'>in</span> <span class='ocrx_word' id='word_1_80' title='bbox 879 1356 1073 1388; x_wconf 85' lang='lat' dir='ltr'>concilianda</span> <span class='ocrx_word' id='word_1_81' title='bbox 1089 1367 1165 1399; x_wconf 82' lang='lat' dir='ltr'>paee</span> <span class='ocrx_word' id='word_1_82' title='bbox 1178 1356 1303 1387; x_wconf 61' lang='lat' dir='ltr'>labores</span> <span class='ocrx_word' id='word_1_83' title='bbox 1316 1367 1380 1387; x_wconf 90' lang='lat' dir='ltr'>non</span> 
     </span>
     <span class='ocr_line' id='line_1_15' title="bbox 414 1411 903 1454; baseline -0.004 -11"><span class='ocrx_word' id='word_1_84' title='bbox 414 1413 478 1443; x_wconf 81' lang='lat' dir='ltr'>sine</span> <span class='ocrx_word' id='word_1_85' title='bbox 498 1413 582 1454; x_wconf 79' lang='lat' dir='ltr'>regni</span> <span class='ocrx_word' id='word_1_86' title='bbox 596 1413 661 1454; x_wconf 78' lang='lat' dir='ltr'>ejus</span> <span class='ocrx_word' id='word_1_87' title='bbox 674 1412 767 1442; x_wconf 73' lang='lat' dir='ltr'>exitio</span> <span class='ocrx_word' id='word_1_88' title='bbox 784 1411 903 1442; x_wconf 85' lang='lat' dir='ltr'>dolent.</span> 
     </span>
    </p>
   </div>
   <div class='ocr_carea' id='block_1_7' title="bbox 366 1532 1377 1826">
    <p class='ocr_par' dir='ltr' id='par_1_7' title="bbox 366 1532 1377 1826">
     <span class='ocr_line' id='line_1_16' title="bbox 366 1532 1376 1582; baseline -0.003 -11"><span class='ocrx_word' id='word_1_89' title='bbox 366 1538 568 1572; x_wconf 70' lang='lat' dir='ltr'>Lcnowco</span> <span class='ocrx_word' id='word_1_90' title='bbox 596 1534 666 1570; x_wconf 91' lang='lat' dir='ltr'>Dei</span> <span class='ocrx_word' id='word_1_91' title='bbox 700 1532 819 1582; x_wconf 82' lang='lat' dir='ltr'>gratia</span> <span class='ocrx_word' id='word_1_92' title='bbox 844 1533 981 1569; x_wconf 83' lang='lat' dir='ltr'>illustri</span> <span class='ocrx_word' id='word_1_93' title='bbox 1009 1532 1087 1582; x_wconf 79' lang='lat' dir='ltr'>regi</span> <span class='ocrx_word' id='word_1_94' title='bbox 1117 1536 1350 1571; x_wconf 74' lang='lat' dir='ltr'>Francorum</span> <span class='ocrx_word' id='word_1_95' title='bbox 1367 1562 1376 1579; x_wconf 93' lang='lat'>,</span> 
     </span>
     <span class='ocr_line' id='line_1_17' title="bbox 420 1593 1377 1643; baseline -0.002 -12"><span class='ocrx_word' id='word_1_96' title='bbox 420 1604 453 1631; x_wconf 68' lang='lat' dir='ltr'>e:</span> <span class='ocrx_word' id='word_1_97' title='bbox 474 1594 560 1631; x_wconf 89' lang='lat' dir='ltr'>duci</span> <span class='ocrx_word' id='word_1_98' title='bbox 583 1593 865 1643; x_wconf 82' lang='lat' dir='ltr'>Aquitanorum</span> <span class='ocrx_word' id='word_1_99' title='bbox 881 1622 890 1639; x_wconf 91' lang='lat'>,</span> <span class='ocrx_word' id='word_1_100' title='bbox 908 1596 1018 1629; x_wconf 71' lang='lat' dir='ltr'>Hcco</span> <span class='ocrx_word' id='word_1_101' title='bbox 1034 1593 1377 1630; x_wconf 67' lang='lat' dir='ltr'>Autissiodorensis</span> 
     </span>
     <span class='ocr_line' id='line_1_18' title="bbox 417 1654 1374 1705; baseline -0.001 -13"><span class='ocrx_word' id='word_1_102' title='bbox 417 1656 706 1705; x_wconf 85' lang='lat' dir='ltr'>qualiscumque</span> <span class='ocrx_word' id='word_1_103' title='bbox 739 1654 938 1700; x_wconf 75' lang='lat' dir='ltr'>minister,</span> <span class='ocrx_word' id='word_1_104' title='bbox 975 1657 1201 1691; x_wconf 63' lang='lat' dir='ltr'>Bssummms</span> <span class='ocrx_word' id='word_1_105' title='bbox 1235 1655 1374 1691; x_wconf 78' lang='lat' dir='ltr'>Clarae-</span> 
     </span>
     <span class='ocr_line' id='line_1_19' title="bbox 417 1714 1377 1765; baseline -0.002 -12"><span class='ocrx_word' id='word_1_106' title='bbox 417 1716 533 1753; x_wconf 77' lang='lat' dir='ltr'>Vallis</span> <span class='ocrx_word' id='word_1_107' title='bbox 564 1724 722 1752; x_wconf 75' lang='lat' dir='ltr'>vocatus</span> <span class='ocrx_word' id='word_1_108' title='bbox 752 1714 890 1761; x_wconf 84' lang='lat' dir='ltr'>abbas,</span> <span class='ocrx_word' id='word_1_109' title='bbox 922 1715 1077 1765; x_wconf 76' lang='lat' dir='ltr'>diligere</span> <span class='ocrx_word' id='word_1_110' title='bbox 1104 1714 1316 1764; x_wconf 86' lang='lat' dir='ltr'>justitiam,</span> <span class='ocrx_word' id='word_1_111' title='bbox 1340 1723 1377 1752; x_wconf 88' lang='lat' dir='ltr'>et</span> 
     </span>
     <span class='ocr_line' id='line_1_20' title="bbox 412 1775 962 1826; baseline -0.002 -13"><span class='ocrx_word' id='word_1_112' title='bbox 412 1776 586 1826; x_wconf 79' lang='lat' dir='ltr'>judicare</span> <span class='ocrx_word' id='word_1_113' title='bbox 603 1785 743 1813; x_wconf 85' lang='lat' dir='ltr'>terram</span> <span class='ocrx_word' id='word_1_114' title='bbox 760 1775 962 1826; x_wconf 78' lang='lat' dir='ltr'>sapienter.</span> 
     </span>
    </p>
   </div>
   <div class='ocr_carea' id='block_1_8' title="bbox 364 1910 1378 2320">
    <p class='ocr_par' dir='ltr' id='par_1_8' title="bbox 364 1910 1378 2320">
     <span class='ocr_line' id='line_1_21' title="bbox 422 1910 1371 1961; baseline -0.001 -14"><span class='ocrx_word' id='word_1_115' title='bbox 422 1913 453 1948; x_wconf 89' lang='lat'>1.</span> <span class='ocrx_word' id='word_1_116' title='bbox 476 1912 550 1948; x_wconf 85' lang='lat' dir='ltr'>Diu</span> <span class='ocrx_word' id='word_1_117' title='bbox 571 1920 627 1948; x_wconf 88' lang='lat' dir='ltr'>est</span> <span class='ocrx_word' id='word_1_118' title='bbox 652 1911 755 1961; x_wconf 87' lang='lat' dir='ltr'>quod</span> <span class='ocrx_word' id='word_1_119' title='bbox 782 1911 921 1960; x_wconf 81' lang='lat' dir='ltr'>egressi</span> <span class='ocrx_word' id='word_1_120' title='bbox 948 1911 995 1947; x_wconf 92' lang='lat' dir='ltr'>de</span> <span class='ocrx_word' id='word_1_121' title='bbox 1014 1910 1192 1947; x_wconf 81' lang='lat' dir='ltr'>domibus</span> <span class='ocrx_word' id='word_1_122' title='bbox 1210 1910 1371 1953; x_wconf 86' lang='lat' dir='ltr'>nostris,</span> 
     </span>
     <span class='ocr_line' id='line_1_22' title="bbox 364 1971 1377 2022; baseline -0.001 -15"><span class='ocrx_word' id='word_1_123' title='bbox 364 1972 546 2020; x_wconf 78' lang='lat' dir='ltr'>expositis</span> <span class='ocrx_word' id='word_1_124' title='bbox 566 1972 732 2021; x_wconf 89' lang='lat' dir='ltr'>propriis</span> <span class='ocrx_word' id='word_1_125' title='bbox 751 1971 979 2009; x_wconf 77' lang='lat' dir='ltr'>utilitatibus</span> <span class='ocrx_word' id='word_1_126' title='bbox 996 1985 1067 2021; x_wconf 90' lang='lat' dir='ltr'>pro</span> <span class='ocrx_word' id='word_1_127' title='bbox 1083 1985 1175 2022; x_wconf 85' lang='lat' dir='ltr'>pace</span> <span class='ocrx_word' id='word_1_128' title='bbox 1197 1980 1320 2008; x_wconf 72' lang='lat' dir='ltr'>vestra</span> <span class='ocrx_word' id='word_1_129' title='bbox 1340 1979 1377 2006; x_wconf 80' lang='lat' dir='ltr'>et</span> 
     </span>
     <span class='ocr_line' id='line_1_23' title="bbox 365 2031 1376 2080; baseline 0 -13"><span class='ocrx_word' id='word_1_130' title='bbox 365 2032 490 2080; x_wconf 71' lang='lat' dir='ltr'>regni,</span> <span class='ocrx_word' id='word_1_131' title='bbox 515 2031 697 2075; x_wconf 73' lang='lat' dir='ltr'>fideliter,</span> <span class='ocrx_word' id='word_1_132' title='bbox 722 2033 816 2068; x_wconf 90' lang='lat' dir='ltr'>sicut</span> <span class='ocrx_word' id='word_1_133' title='bbox 836 2032 946 2069; x_wconf 85' lang='lat' dir='ltr'>nobis</span> <span class='ocrx_word' id='word_1_134' title='bbox 966 2037 1069 2069; x_wconf 87' lang='lat' dir='ltr'>Deus</span> <span class='ocrx_word' id='word_1_135' title='bbox 1097 2041 1153 2069; x_wconf 88' lang='lat' dir='ltr'>est</span> <span class='ocrx_word' id='word_1_136' title='bbox 1175 2032 1295 2077; x_wconf 86' lang='lat' dir='ltr'>testis,</span> <span class='ocrx_word' id='word_1_137' title='bbox 1321 2032 1376 2067; x_wconf 91' lang='lat' dir='ltr'>la—</span> 
     </span>
     <span class='ocr_line' id='line_1_24' title="bbox 365 2090 1376 2141; baseline 0.001 -15"><span class='ocrx_word' id='word_1_138' title='bbox 365 2090 557 2128; x_wconf 78' lang='lat' dir='ltr'>boramus.</span> <span class='ocrx_word' id='word_1_139' title='bbox 580 2092 791 2128; x_wconf 84' lang='lat' dir='ltr'>Tristamur</span> <span class='ocrx_word' id='word_1_140' title='bbox 811 2100 958 2138; x_wconf 86' lang='lat' dir='ltr'>autem,</span> <span class='ocrx_word' id='word_1_141' title='bbox 986 2092 1091 2141; x_wconf 89' lang='lat' dir='ltr'>quod</span> <span class='ocrx_word' id='word_1_142' title='bbox 1111 2100 1176 2128; x_wconf 88' lang='lat' dir='ltr'>aut</span> <span class='ocrx_word' id='word_1_143' title='bbox 1202 2093 1348 2128; x_wconf 89' lang='lat' dir='ltr'>nullum</span> <span class='ocrx_word' id='word_1_144' title='bbox 1367 2121 1376 2137; x_wconf 94' lang='lat'>,</span> 
     </span>
     <span class='ocr_line' id='line_1_25' title="bbox 365 2151 1377 2200; baseline 0 -13"><span class='ocrx_word' id='word_1_145' title='bbox 365 2159 430 2187; x_wconf 89' lang='lat' dir='ltr'>aut</span> <span class='ocrx_word' id='word_1_146' title='bbox 448 2152 626 2200; x_wconf 65' lang='lat' dir='ltr'>exiguum</span> <span class='ocrx_word' id='word_1_147' title='bbox 644 2152 765 2188; x_wconf 85' lang='lat' dir='ltr'>nostri</span> <span class='ocrx_word' id='word_1_148' title='bbox 783 2151 923 2188; x_wconf 85' lang='lat' dir='ltr'>laboris</span> <span class='ocrx_word' id='word_1_149' title='bbox 942 2153 1106 2189; x_wconf 85' lang='lat' dir='ltr'>fructum</span> <span class='ocrx_word' id='word_1_150' title='bbox 1127 2152 1250 2188; x_wconf 86' lang='lat' dir='ltr'>adhuc</span> <span class='ocrx_word' id='word_1_151' title='bbox 1271 2160 1377 2188; x_wconf 87' lang='lat' dir='ltr'>tene-</span> 
     </span>
     <span class='ocr_line' id='line_1_26' title="bbox 366 2211 1378 2263; baseline 0.002 -17"><span class='ocrx_word' id='word_1_152' title='bbox 366 2224 462 2247; x_wconf 86' lang='lat' dir='ltr'>mus.</span> <span class='ocrx_word' id='word_1_153' title='bbox 483 2211 618 2248; x_wconf 70' lang='lat' dir='ltr'>Adhuc</span> <span class='ocrx_word' id='word_1_154' title='bbox 639 2225 828 2261; x_wconf 74' lang='lat' dir='ltr'>pauperes</span> <span class='ocrx_word' id='word_1_155' title='bbox 853 2212 1017 2248; x_wconf 88' lang='lat' dir='ltr'>clamant</span> <span class='ocrx_word' id='word_1_156' title='bbox 1038 2221 1124 2263; x_wconf 90' lang='lat' dir='ltr'>post</span> <span class='ocrx_word' id='word_1_157' title='bbox 1146 2225 1234 2256; x_wconf 89' lang='lat' dir='ltr'>nos,</span> <span class='ocrx_word' id='word_1_158' title='bbox 1253 2212 1378 2248; x_wconf 84' lang='lat' dir='ltr'>adhuc</span> 
     </span>
     <span class='ocr_line' id='line_1_27' title="bbox 366 2271 1376 2320; baseline 0.002 -14"><span class='ocrx_word' id='word_1_159' title='bbox 366 2279 465 2307; x_wconf 72' lang='lat' dir='ltr'>terra</span> <span class='ocrx_word' id='word_1_160' title='bbox 489 2271 591 2307; x_wconf 71' lang='lat' dir='ltr'>vadit</span> <span class='ocrx_word' id='word_1_161' title='bbox 617 2271 788 2320; x_wconf 83' lang='lat' dir='ltr'>quotidie</span> <span class='ocrx_word' id='word_1_162' title='bbox 822 2272 856 2308; x_wconf 91' lang='lat' dir='ltr'>in</span> <span class='ocrx_word' id='word_1_163' title='bbox 883 2272 1170 2309; x_wconf 87' lang='lat' dir='ltr'>desolationem.</span> <span class='ocrx_word' id='word_1_164' title='bbox 1199 2273 1376 2320; x_wconf 76' lang='lat' dir='ltr'>Quaeritis</span> 
     </span>
    </p>
   </div>
   <div class='ocr_carea' id='block_1_9' title="bbox 311 2333 1373 2382">
    <p class='ocr_par' dir='ltr' id='par_1_9' title="bbox 311 2333 1373 2382">
     <span class='ocr_line' id='line_1_28' title="bbox 311 2333 1373 2382; baseline 0.003 -17"><span class='ocrx_word' id='word_1_165' title='bbox 311 2339 317 2341; x_wconf 53' lang='lat'><em>⁴</em></span> <span class='ocrx_word' id='word_1_166' title='bbox 365 2345 449 2379; x_wconf 59' lang='lat' dir='ltr'>quae</span> <span class='ocrx_word' id='word_1_167' title='bbox 488 2334 612 2368; x_wconf 76' lang='lat' dir='ltr'>terra?</span> <span class='ocrx_word' id='word_1_168' title='bbox 649 2335 800 2377; x_wconf 80' lang='lat' dir='ltr'>Vestra,</span> <span class='ocrx_word' id='word_1_169' title='bbox 839 2346 916 2368; x_wconf 90' lang='lat' dir='ltr'>non</span> <span class='ocrx_word' id='word_1_170' title='bbox 952 2333 1035 2369; x_wconf 86' lang='lat' dir='ltr'>alia.</span> <span class='ocrx_word' id='word_1_171' title='bbox 1073 2337 1178 2370; x_wconf 89' lang='lat' dir='ltr'>Intra</span> <span class='ocrx_word' id='word_1_172' title='bbox 1215 2346 1373 2382; x_wconf 74' lang='lat' dir='ltr'>regnum</span> 
     </span>
    </p>
   </div>
   <div class='ocr_carea' id='block_1_10' title="bbox 363 2392 1377 2623">
    <p class='ocr_par' dir='ltr' id='par_1_10' title="bbox 363 2392 1377 2623">
     <span class='ocr_line' id='line_1_29' title="bbox 365 2392 1374 2441; baseline 0.004 -15"><span class='ocrx_word' id='word_1_173' title='bbox 365 2392 465 2426; x_wconf 78' lang='lat' dir='ltr'>enini</span> <span class='ocrx_word' id='word_1_174' title='bbox 488 2420 496 2435; x_wconf 92' lang='lat'>‚</span> <span class='ocrx_word' id='word_1_175' title='bbox 527 2400 562 2428; x_wconf 83' lang='lat' dir='ltr'>et</span> <span class='ocrx_word' id='word_1_176' title='bbox 596 2401 728 2428; x_wconf 81' lang='lat' dir='ltr'>contra</span> <span class='ocrx_word' id='word_1_177' title='bbox 758 2405 917 2441; x_wconf 75' lang='lat' dir='ltr'>regnum</span> <span class='ocrx_word' id='word_1_178' title='bbox 945 2401 1115 2430; x_wconf 72' lang='lat' dir='ltr'>vestrum</span> <span class='ocrx_word' id='word_1_179' title='bbox 1143 2394 1214 2430; x_wconf 88' lang='lat' dir='ltr'>ista</span> <span class='ocrx_word' id='word_1_180' title='bbox 1247 2394 1374 2430; x_wconf 86' lang='lat' dir='ltr'>onmia</span> 
     </span>
     <span class='ocr_line' id='line_1_30' title="bbox 364 2452 1377 2501; baseline 0.005 -15"><span class='ocrx_word' id='word_1_181' title='bbox 364 2452 461 2487; x_wconf 83' lang='lat' dir='ltr'>mala</span> <span class='ocrx_word' id='word_1_182' title='bbox 496 2460 777 2501; x_wconf 75' lang='lat' dir='ltr'>perpetrantur.</span> <span class='ocrx_word' id='word_1_183' title='bbox 813 2456 906 2489; x_wconf 85' lang='lat' dir='ltr'>Nam</span> <span class='ocrx_word' id='word_1_184' title='bbox 929 2453 1007 2490; x_wconf 88' lang='lat' dir='ltr'>sive</span> <span class='ocrx_word' id='word_1_185' title='bbox 1040 2454 1172 2499; x_wconf 88' lang='lat' dir='ltr'>amici,</span> <span class='ocrx_word' id='word_1_186' title='bbox 1194 2455 1273 2491; x_wconf 84' lang='lat' dir='ltr'>sive</span> <span class='ocrx_word' id='word_1_187' title='bbox 1300 2455 1377 2490; x_wconf 88' lang='lat' dir='ltr'>ini-</span> 
     </span>
     <span class='ocr_line' id='line_1_31' title="bbox 363 2511 1374 2564; baseline 0.005 -18"><span class='ocrx_word' id='word_1_188' title='bbox 363 2511 449 2547; x_wconf 83' lang='lat' dir='ltr'>mici</span> <span class='ocrx_word' id='word_1_189' title='bbox 470 2512 584 2548; x_wconf 63' lang='lat' dir='ltr'>x‘cstri</span> <span class='ocrx_word' id='word_1_190' title='bbox 606 2512 680 2547; x_wconf 87' lang='lat' dir='ltr'>sint</span> <span class='ocrx_word' id='word_1_191' title='bbox 699 2512 764 2561; x_wconf 87' lang='lat' dir='ltr'>qui</span> <span class='ocrx_word' id='word_1_192' title='bbox 782 2512 828 2548; x_wconf 89' lang='lat' dir='ltr'>de</span> <span class='ocrx_word' id='word_1_193' title='bbox 849 2526 985 2562; x_wconf 74' lang='lat' dir='ltr'>guerra</span> <span class='ocrx_word' id='word_1_194' title='bbox 1005 2513 1075 2551; x_wconf 89' lang='lat' dir='ltr'>ista</span> <span class='ocrx_word' id='word_1_195' title='bbox 1096 2523 1374 2564; x_wconf 81' lang='lat' dir='ltr'>pauperantur,</span> 
     </span>
     <span class='ocr_line' id='line_1_32' title="bbox 363 2572 1375 2623; baseline 0.005 -17"><span class='ocrx_word' id='word_1_196' title='bbox 363 2572 629 2620; x_wconf 61' lang='lat' dir='ltr'>captivantur,</span> <span class='ocrx_word' id='word_1_197' title='bbox 660 2581 937 2619; x_wconf 83' lang='lat' dir='ltr'>conteruntur3</span> <span class='ocrx_word' id='word_1_198' title='bbox 961 2587 1039 2610; x_wconf 89' lang='lat' dir='ltr'>non</span> <span class='ocrx_word' id='word_1_199' title='bbox 1074 2574 1227 2610; x_wconf 85' lang='lat' dir='ltr'>aliunde</span> <span class='ocrx_word' id='word_1_200' title='bbox 1262 2588 1375 2623; x_wconf 87' lang='lat' dir='ltr'>quam</span> 
     </span>
    </p>
   </div>
   <div class='ocr_carea' id='block_1_11' title="bbox 364 2631 1426 2682">
    <p class='ocr_par' dir='ltr' id='par_1_11' title="bbox 364 2631 1426 2682">
     <span class='ocr_line' id='line_1_33' title="bbox 364 2631 1426 2682; baseline 0.005 -17"><span class='ocrx_word' id='word_1_201' title='bbox 364 2631 409 2666; x_wconf 83' lang='lat' dir='ltr'>de</span> <span class='ocrx_word' id='word_1_202' title='bbox 436 2645 553 2679; x_wconf 66' lang='lat' dir='ltr'>regno</span> <span class='ocrx_word' id='word_1_203' title='bbox 579 2640 707 2667; x_wconf 78' lang='lat' dir='ltr'>vestro</span> <span class='ocrx_word' id='word_1_204' title='bbox 734 2641 834 2668; x_wconf 90' lang='lat' dir='ltr'>sunt.</span> <span class='ocrx_word' id='word_1_205' title='bbox 859 2636 902 2669; x_wconf 89' lang='lat' dir='ltr'>In</span> <span class='ocrx_word' id='word_1_206' title='bbox 924 2647 1001 2682; x_wconf 87' lang='lat' dir='ltr'>quo</span> <span class='ocrx_word' id='word_1_207' title='bbox 1026 2634 1222 2670; x_wconf 84' lang='lat' dir='ltr'>manifeste</span> <span class='ocrx_word' id='word_1_208' title='bbox 1249 2634 1375 2670; x_wconf 91' lang='lat' dir='ltr'>immi-</span> <span class='ocrx_word' id='word_1_209' title='bbox 1393 2642 1426 2674; x_wconf 92' lang='lat' dir='ltr'>D</span> 
     </span>
    </p>
   </div>
   <div class='ocr_carea' id='block_1_12' title="bbox 363 2690 1378 3223">
    <p class='ocr_par' dir='ltr' id='par_1_12' title="bbox 363 2690 1378 3223">
     <span class='ocr_line' id='line_1_34' title="bbox 364 2690 1376 2740; baseline 0.005 -15"><span class='ocrx_word' id='word_1_210' title='bbox 364 2704 453 2727; x_wconf 81' lang='lat' dir='ltr'>nere</span> <span class='ocrx_word' id='word_1_211' title='bbox 479 2690 714 2740; x_wconf 82' lang='lat' dir='ltr'>jamjamque</span> <span class='ocrx_word' id='word_1_212' title='bbox 746 2692 897 2729; x_wconf 88' lang='lat' dir='ltr'>videtur</span> <span class='ocrx_word' id='word_1_213' title='bbox 931 2706 1056 2729; x_wconf 88' lang='lat' dir='ltr'>sermo</span> <span class='ocrx_word' id='word_1_214' title='bbox 1084 2694 1290 2730; x_wconf 86' lang='lat' dir='ltr'>Salvatoris</span> <span class='ocrx_word' id='word_1_215' title='bbox 1317 2694 1376 2730; x_wconf 90' lang='lat' dir='ltr'>di—</span> 
     </span>
     <span class='ocr_line' id='line_1_35' title="bbox 363 2752 1375 2801; baseline 0.004 -16"><span class='ocrx_word' id='word_1_216' title='bbox 363 2752 481 2787; x_wconf 77' lang='lat' dir='ltr'>centis</span> <span class='ocrx_word' id='word_1_217' title='bbox 499 2766 505 2786; x_wconf 91' lang='lat'>:</span> <span class='ocrx_word' id='word_1_218' title='bbox 527 2754 646 2787; x_wconf 72' lang='lat' dir='ltr'>Omne</span> <span class='ocrx_word' id='word_1_219' title='bbox 668 2766 822 2799; x_wconf 69' lang='lat' dir='ltr'>regnum</span> <span class='ocrx_word' id='word_1_220' title='bbox 836 2757 874 2788; x_wconf 70' lang='lat' dir='ltr'>ite</span> <span class='ocrx_word' id='word_1_221' title='bbox 891 2767 930 2788; x_wconf 75' lang='lat' dir='ltr'>se</span> <span class='ocrx_word' id='word_1_222' title='bbox 950 2757 1071 2801; x_wconf 77' lang='lat' dir='ltr'>ipsum</span> <span class='ocrx_word' id='word_1_223' title='bbox 1093 2756 1249 2789; x_wconf 57' lang='grc' dir='ltr'>(ἤριζε-(Νη</span> <span class='ocrx_word' id='word_1_224' title='bbox 1267 2756 1375 2789; x_wconf 72' lang='lat' dir='ltr'>(leso—</span> 
     </span>
     <span class='ocr_line' id='line_1_36' title="bbox 370 2810 1378 2862; baseline 0.007 -19"><span class='ocrx_word' id='word_1_225' title='bbox 370 2810 507 2845; x_wconf 66' lang='lat' dir='ltr'>(alum-</span> <span class='ocrx_word' id='word_1_226' title='bbox 539 2818 561 2846; x_wconf 83' lang='lat'>¹.</span> <span class='ocrx_word' id='word_1_227' title='bbox 588 2814 673 2847; x_wconf 83' lang='lat' dir='ltr'>Huc</span> <span class='ocrx_word' id='word_1_228' title='bbox 706 2812 872 2859; x_wconf 86' lang='lat' dir='ltr'>aceedit,</span> <span class='ocrx_word' id='word_1_229' title='bbox 906 2813 1010 2862; x_wconf 88' lang='lat' dir='ltr'>quod</span> <span class='ocrx_word' id='word_1_230' title='bbox 1038 2813 1108 2862; x_wconf 89' lang='lat' dir='ltr'>ipsi</span> <span class='ocrx_word' id='word_1_231' title='bbox 1138 2813 1322 2850; x_wconf 81' lang='lat' dir='ltr'>divisores</span> <span class='ocrx_word' id='word_1_232' title='bbox 1341 2823 1378 2850; x_wconf 86' lang='lat' dir='ltr'>et</span> 
     </span>
     <span class='ocr_line' id='line_1_37' title="bbox 366 2869 1377 2923; baseline 0.007 -20"><span class='ocrx_word' id='word_1_233' title='bbox 366 2869 598 2905; x_wconf 70' lang='lat' dir='ltr'>desolatores</span> <span class='ocrx_word' id='word_1_234' title='bbox 622 2883 689 2906; x_wconf 63' lang='lat' dir='ltr'>vos</span> <span class='ocrx_word' id='word_1_235' title='bbox 709 2872 992 2908; x_wconf 75' lang='lat' dir='ltr'>eoiistituerunt</span> <span class='ocrx_word' id='word_1_236' title='bbox 1014 2872 1084 2909; x_wconf 85' lang='lat' dir='ltr'>sibi</span> <span class='ocrx_word' id='word_1_237' title='bbox 1113 2873 1227 2922; x_wconf 84' lang='lat' dir='ltr'>liujus</span> <span class='ocrx_word' id='word_1_238' title='bbox 1247 2875 1377 2923; x_wconf 85' lang='lat' dir='ltr'>nequi-</span> 
     </span>
     <span class='ocr_line' id='line_1_38' title="bbox 365 2928 1374 2984; baseline 0.007 -21"><span class='ocrx_word' id='word_1_239' title='bbox 365 2928 424 2964; x_wconf 58' lang='lat' dir='ltr'>tiae</span> <span class='ocrx_word' id='word_1_240' title='bbox 440 2938 555 2977; x_wconf 84' lang='lat' dir='ltr'>caput</span> <span class='ocrx_word' id='word_1_241' title='bbox 572 2938 608 2965; x_wconf 80' lang='lat' dir='ltr'>et</span> <span class='ocrx_word' id='word_1_242' title='bbox 630 2930 864 2980; x_wconf 87' lang='lat' dir='ltr'>principem,</span> <span class='ocrx_word' id='word_1_243' title='bbox 888 2946 1002 2982; x_wconf 88' lang='lat' dir='ltr'>quem</span> <span class='ocrx_word' id='word_1_244' title='bbox 1020 2935 1213 2984; x_wconf 78' lang='lat' dir='ltr'>praecipue</span> <span class='ocrx_word' id='word_1_245' title='bbox 1234 2933 1374 2970; x_wconf 87' lang='lat' dir='ltr'>debue—</span> 
     </span>
     <span class='ocr_line' id='line_1_39' title="bbox 365 2990 1369 3037; baseline 0.007 -14"><span class='ocrx_word' id='word_1_246' title='bbox 365 2996 448 3024; x_wconf 89' lang='lat' dir='ltr'>rant</span> <span class='ocrx_word' id='word_1_247' title='bbox 467 2997 635 3025; x_wconf 84' lang='lat' dir='ltr'>metuere</span> <span class='ocrx_word' id='word_1_248' title='bbox 664 2990 925 3037; x_wconf 77' lang='lat' dir='ltr'>defensorem,</span> <span class='ocrx_word' id='word_1_249' title='bbox 956 3001 993 3028; x_wconf 86' lang='lat' dir='ltr'>et</span> <span class='ocrx_word' id='word_1_250' title='bbox 1021 2993 1162 3029; x_wconf 89' lang='lat' dir='ltr'>sentire</span> <span class='ocrx_word' id='word_1_251' title='bbox 1194 2994 1369 3031; x_wconf 86' lang='lat' dir='ltr'>ultorem.</span> 
     </span>
     <span class='ocr_line' id='line_1_40' title="bbox 363 3050 1373 3091; baseline 0.006 -6"><span class='ocrx_word' id='word_1_252' title='bbox 363 3053 440 3086; x_wconf 62' lang='lat' dir='ltr'>Nos</span> <span class='ocrx_word' id='word_1_253' title='bbox 473 3058 596 3085; x_wconf 87' lang='lat' dir='ltr'>autem</span> <span class='ocrx_word' id='word_1_254' title='bbox 632 3050 882 3088; x_wconf 77' lang='lat' dir='ltr'>credebamus</span> <span class='ocrx_word' id='word_1_255' title='bbox 910 3066 978 3089; x_wconf 79' lang='lat' dir='ltr'>vos</span> <span class='ocrx_word' id='word_1_256' title='bbox 1009 3062 1149 3090; x_wconf 80' lang='lat' dir='ltr'>tactum</span> <span class='ocrx_word' id='word_1_257' title='bbox 1183 3068 1203 3090; x_wconf 85' lang='lat' dir='ltr'>a</span> <span class='ocrx_word' id='word_1_258' title='bbox 1234 3058 1316 3091; x_wconf 84' lang='lat' dir='ltr'>Deo</span> <span class='ocrx_word' id='word_1_259' title='bbox 1336 3063 1373 3091; x_wconf 86' lang='lat' dir='ltr'>ct</span> 
     </span>
     <span class='ocr_line' id='line_1_41' title="bbox 363 3108 1372 3162; baseline 0.007 -19"><span class='ocrx_word' id='word_1_260' title='bbox 363 3108 619 3145; x_wconf 83' lang='lat' dir='ltr'>illuminatum</span> <span class='ocrx_word' id='word_1_261' title='bbox 645 3118 785 3146; x_wconf 85' lang='lat' dir='ltr'>tantam</span> <span class='ocrx_word' id='word_1_262' title='bbox 813 3111 966 3147; x_wconf 88' lang='lat' dir='ltr'>illorum</span> <span class='ocrx_word' id='word_1_263' title='bbox 1001 3113 1206 3162; x_wconf 80' lang='lat' dir='ltr'>nequitiam</span> <span class='ocrx_word' id='word_1_264' title='bbox 1235 3113 1372 3150; x_wconf 80' lang='lat' dir='ltr'>adver—</span> 
     </span>
     <span class='ocr_line' id='line_1_42' title="bbox 366 3169 1372 3223; baseline 0.007 -20"><span class='ocrx_word' id='word_1_265' title='bbox 366 3169 451 3204; x_wconf 62' lang='lat' dir='ltr'>[isse</span> <span class='ocrx_word' id='word_1_266' title='bbox 468 3197 476 3211; x_wconf 91' lang='lat'>,</span> <span class='ocrx_word' id='word_1_267' title='bbox 500 3177 537 3204; x_wconf 86' lang='lat' dir='ltr'>et</span> <span class='ocrx_word' id='word_1_268' title='bbox 558 3183 726 3206; x_wconf 87' lang='lat' dir='ltr'>errorem</span> <span class='ocrx_word' id='word_1_269' title='bbox 750 3179 914 3207; x_wconf 79' lang='lat' dir='ltr'>vestrum</span> <span class='ocrx_word' id='word_1_270' title='bbox 937 3173 1152 3221; x_wconf 66' lang='lat' dir='ltr'>agnovisse,</span> <span class='ocrx_word' id='word_1_271' title='bbox 1172 3181 1208 3209; x_wconf 83' lang='lat' dir='ltr'>et</span> <span class='ocrx_word' id='word_1_272' title='bbox 1233 3187 1372 3223; x_wconf 83' lang='lat' dir='ltr'>cupere</span> 
     </span>
    </p>
   </div>
   <div class='ocr_carea' id='block_1_13' title="bbox 416 3295 669 3326">
    <p class='ocr_par' dir='ltr' id='par_1_13' title="bbox 416 3295 669 3326">
     <span class='ocr_line' id='line_1_43' title="bbox 416 3295 669 3326; baseline 0.012 -5"><span class='ocrx_word' id='word_1_273' title='bbox 416 3296 519 3323; x_wconf 79' lang='grc' dir='ltr'>1Ῑ,ιι(·.</span> <span class='ocrx_word' id='word_1_274' title='bbox 540 3304 592 3326; x_wconf 74' lang='lat' dir='ltr'>xi.</span> <span class='ocrx_word' id='word_1_275' title='bbox 617 3295 669 3324; x_wconf 79' lang='lat'>17.</span> 
     </span>
    </p>
   </div>
   <div class='ocr_carea' id='block_1_14' title="bbox 1129 196 1680 234">
    <p class='ocr_par' dir='ltr' id='par_1_14' title="bbox 1129 196 1680 234">
     <span class='ocr_line' id='line_1_44' title="bbox 1129 196 1680 234; baseline -0.007 0"><span class='ocrx_word' id='word_1_276' title='bbox 1129 200 1164 234; x_wconf 79' lang='lat' dir='ltr'>S.</span> <span class='ocrx_word' id='word_1_277' title='bbox 1195 198 1451 233; x_wconf 65' lang='lat' dir='ltr'>BERNARDI</span> <span class='ocrx_word' id='word_1_278' title='bbox 1479 196 1680 232; x_wconf 65' lang='lat' dir='ltr'>ABBATIS</span> 
     </span>
    </p>
   </div>
   <div class='ocr_carea' id='block_1_15' title="bbox 373 270 2450 326">
    <p class='ocr_par' dir='ltr' id='par_1_15' title="bbox 373 270 2450 326">
     <span class='ocr_line' id='line_1_45' title="bbox 373 270 2450 326; baseline 0 -14"><span class='ocrx_word' id='word_1_279' title='bbox 373 276 621 326; x_wconf 69' lang='lat' dir='ltr'>cti-Dionysii</span> <span class='ocrx_word' id='word_1_280' title='bbox 645 275 820 313; x_wconf 82' lang='lat' dir='ltr'>abbatem</span> <span class='ocrx_word' id='word_1_281' title='bbox 847 274 1089 312; x_wconf 80' lang='lat' dir='ltr'>docebimini.</span> <span class='ocrx_word' id='word_1_282' title='bbox 1117 278 1227 312; x_wconf 82' lang='lat' dir='ltr'>Nunc</span> <span class='ocrx_word' id='word_1_283' title='bbox 1249 272 1437 324; x_wconf 71' lang='lat' dir='ltr'>itaque²⁰⁰</span> <span class='ocrx_word' id='word_1_284' title='bbox 1450 273 1609 310; x_wconf 88' lang='lat' dir='ltr'>omnino</span> <span class='ocrx_word' id='word_1_285' title='bbox 1630 271 1796 309; x_wconf 85' lang='lat' dir='ltr'>consiliis</span> <span class='ocrx_word' id='word_1_286' title='bbox 1815 270 2030 308; x_wconf 86' lang='lat' dir='ltr'>sanioribus</span> <span class='ocrx_word' id='word_1_287' title='bbox 2051 286 2070 308; x_wconf 82' lang='lat' dir='ltr'>a</span> <span class='ocrx_word' id='word_1_288' title='bbox 2090 272 2226 322; x_wconf 87' lang='lat' dir='ltr'>laqueo</span> <span class='ocrx_word' id='word_1_289' title='bbox 2240 273 2312 310; x_wconf 87' lang='lat' dir='ltr'>isto</span> <span class='ocrx_word' id='word_1_290' title='bbox 2333 283 2450 313; x_wconf 87' lang='lat' dir='ltr'>retra-</span> 
     </span>
    </p>
   </div>
   <div class='ocr_carea' id='block_1_16' title="bbox 2373 197 2450 236">
    <p class='ocr_par' dir='ltr' id='par_1_16' title="bbox 2373 197 2450 236">
     <span class='ocr_line' id='line_1_46' title="bbox 2373 197 2450 236; baseline 0.026 -2"><span class='ocrx_word' id='word_1_291' title='bbox 2373 197 2450 236; x_wconf 68' lang='grc' dir='ltr'>ι4(ἰο</span> 
     </span>
    </p>
   </div>
   <div class='ocr_carea' id='block_1_17' title="bbox 1399 333 2533 1832">
    <p class='ocr_par' dir='ltr' id='par_1_17' title="bbox 1399 333 1702 382">
     <span class='ocr_line' id='line_1_47' title="bbox 1399 333 1702 382; baseline 0.003 -15"><span class='ocrx_word' id='word_1_292' title='bbox 1399 333 1426 366; x_wconf 91' lang='grc' dir='ltr'>Α</span> <span class='ocrx_word' id='word_1_293' title='bbox 1446 333 1536 369; x_wconf 89' lang='lat' dir='ltr'>here</span> <span class='ocrx_word' id='word_1_294' title='bbox 1551 333 1702 382; x_wconf 85' lang='lat' dir='ltr'>pedem.</span> 
     </span>
    </p>

    <p class='ocr_par' dir='ltr' id='par_1_18' title="bbox 1445 391 2512 1046">
     <span class='ocr_line' id='line_1_48' title="bbox 1503 391 2452 443; baseline 0.004 -13"><span class='ocrx_word' id='word_1_295' title='bbox 1503 393 1536 430; x_wconf 75' lang='lat'>2.</span> <span class='ocrx_word' id='word_1_296' title='bbox 1560 396 1746 430; x_wconf 80' lang='lat' dir='ltr'>Caeterum</span> <span class='ocrx_word' id='word_1_297' title='bbox 1765 391 1812 428; x_wconf 92' lang='lat' dir='ltr'>ab</span> <span class='ocrx_word' id='word_1_298' title='bbox 1832 392 1901 428; x_wconf 83' lang='lat' dir='ltr'>hac</span> <span class='ocrx_word' id='word_1_299' title='bbox 1918 405 1984 443; x_wconf 89' lang='lat' dir='ltr'>spe</span> <span class='ocrx_word' id='word_1_300' title='bbox 2009 406 2108 443; x_wconf 87' lang='lat' dir='ltr'>pene</span> <span class='ocrx_word' id='word_1_301' title='bbox 2129 392 2267 442; x_wconf 89' lang='lat' dir='ltr'>dejecit</span> <span class='ocrx_word' id='word_1_302' title='bbox 2287 407 2356 431; x_wconf 90' lang='lat' dir='ltr'>nos</span> <span class='ocrx_word' id='word_1_303' title='bbox 2372 397 2452 434; x_wconf 89' lang='lat' dir='ltr'>col-</span> 
     </span>
     <span class='ocr_line' id='line_1_49' title="bbox 1447 451 2512 507; baseline 0.006 -18"><span class='ocrx_word' id='word_1_304' title='bbox 1447 453 1618 502; x_wconf 86' lang='lat' dir='ltr'>loquium</span> <span class='ocrx_word' id='word_1_305' title='bbox 1644 452 1737 489; x_wconf 89' lang='lat' dir='ltr'>illud</span> <span class='ocrx_word' id='word_1_306' title='bbox 1768 451 1939 489; x_wconf 83' lang='lat' dir='ltr'>habitum</span> <span class='ocrx_word' id='word_1_307' title='bbox 1972 467 2097 503; x_wconf 87' lang='lat' dir='ltr'>nuper</span> <span class='ocrx_word' id='word_1_308' title='bbox 2126 454 2226 491; x_wconf 85' lang='lat' dir='ltr'>inter</span> <span class='ocrx_word' id='word_1_309' title='bbox 2256 468 2327 492; x_wconf 89' lang='lat' dir='ltr'>nos</span> <span class='ocrx_word' id='word_1_310' title='bbox 2351 457 2452 507; x_wconf 88' lang='lat' dir='ltr'>apud</span> <span class='ocrx_word' id='word_1_311' title='bbox 2505 473 2512 485; x_wconf 76' lang='lat'>¹</span> 
     </span>
     <span class='ocr_line' id='line_1_50' title="bbox 1447 512 2465 565; baseline 0.006 -17"><span class='ocrx_word' id='word_1_312' title='bbox 1447 512 1682 549; x_wconf 89' lang='lat' dir='ltr'>Corbolium.</span> <span class='ocrx_word' id='word_1_313' title='bbox 1709 513 1817 550; x_wconf 90' lang='lat' dir='ltr'>Scitis</span> <span class='ocrx_word' id='word_1_314' title='bbox 1838 513 1937 549; x_wconf 86' lang='lat' dir='ltr'>enim</span> <span class='ocrx_word' id='word_1_315' title='bbox 1965 514 2162 563; x_wconf 86' lang='lat' dir='ltr'>quomodo</span> <span class='ocrx_word' id='word_1_316' title='bbox 2176 543 2185 561; x_wconf 93' lang='lat'>,</span> <span class='ocrx_word' id='word_1_317' title='bbox 2209 523 2246 551; x_wconf 89' lang='lat' dir='ltr'>et</span> <span class='ocrx_word' id='word_1_318' title='bbox 2266 528 2378 565; x_wconf 87' lang='lat' dir='ltr'>quam</span> <span class='ocrx_word' id='word_1_319' title='bbox 2396 516 2465 554; x_wconf 52' lang='lat' dir='ltr'>ir-x</span> 
     </span>
     <span class='ocr_line' id='line_1_51' title="bbox 1447 572 2453 625; baseline 0.005 -17"><span class='ocrx_word' id='word_1_320' title='bbox 1447 572 1725 609; x_wconf 79' lang='lat' dir='ltr'>rationabiliter</span> <span class='ocrx_word' id='word_1_321' title='bbox 1751 572 1819 623; x_wconf 81' lang='lat' dir='ltr'>(ut</span> <span class='ocrx_word' id='word_1_322' title='bbox 1838 586 1932 623; x_wconf 88' lang='lat' dir='ltr'>pace</span> <span class='ocrx_word' id='word_1_323' title='bbox 1952 581 2078 610; x_wconf 85' lang='lat' dir='ltr'>vestra</span> <span class='ocrx_word' id='word_1_324' title='bbox 2098 573 2330 625; x_wconf 84' lang='lat' dir='ltr'>dixerimus)</span> <span class='ocrx_word' id='word_1_325' title='bbox 2348 588 2369 612; x_wconf 88' lang='lat' dir='ltr'>a</span> <span class='ocrx_word' id='word_1_326' title='bbox 2387 589 2453 614; x_wconf 90' lang='lat' dir='ltr'>no-</span> 
     </span>
     <span class='ocr_line' id='line_1_52' title="bbox 1449 631 2487 684; baseline 0.006 -16"><span class='ocrx_word' id='word_1_327' title='bbox 1449 631 1506 668; x_wconf 87' lang='lat' dir='ltr'>bis</span> <span class='ocrx_word' id='word_1_328' title='bbox 1527 641 1616 669; x_wconf 89' lang='lat' dir='ltr'>tunc</span> <span class='ocrx_word' id='word_1_329' title='bbox 1634 633 1851 670; x_wconf 84' lang='lat' dir='ltr'>recessistis.</span> <span class='ocrx_word' id='word_1_330' title='bbox 1870 633 1984 671; x_wconf 88' lang='lat' dir='ltr'>Unde</span> <span class='ocrx_word' id='word_1_331' title='bbox 2007 634 2145 670; x_wconf 88' lang='lat' dir='ltr'>factum</span> <span class='ocrx_word' id='word_1_332' title='bbox 2163 643 2236 682; x_wconf 90' lang='lat' dir='ltr'>est,</span> <span class='ocrx_word' id='word_1_333' title='bbox 2257 635 2361 684; x_wconf 91' lang='lat' dir='ltr'>quod</span> <span class='ocrx_word' id='word_1_334' title='bbox 2379 649 2454 674; x_wconf 84' lang='lat' dir='ltr'>ser·-</span> <span class='ocrx_word' id='word_1_335' title='bbox 2485 648 2487 655; x_wconf 80' lang='lat'><strong><em>¹</em></strong></span> 
     </span>
     <span class='ocr_line' id='line_1_53' title="bbox 1449 693 2452 746; baseline 0.004 -17"><span class='ocrx_word' id='word_1_336' title='bbox 1449 694 1574 729; x_wconf 92' lang='lat' dir='ltr'>monis</span> <span class='ocrx_word' id='word_1_337' title='bbox 1592 693 1691 730; x_wconf 91' lang='lat' dir='ltr'>illius</span> <span class='ocrx_word' id='word_1_338' title='bbox 1702 723 1711 739; x_wconf 91' lang='lat'>,</span> <span class='ocrx_word' id='word_1_339' title='bbox 1727 694 1792 743; x_wconf 89' lang='lat' dir='ltr'>qui</span> <span class='ocrx_word' id='word_1_340' title='bbox 1806 693 1916 730; x_wconf 77' lang='lat' dir='ltr'>vobis</span> <span class='ocrx_word' id='word_1_341' title='bbox 1929 694 1967 730; x_wconf 93' lang='lat' dir='ltr'>in</span> <span class='ocrx_word' id='word_1_342' title='bbox 1981 693 2083 731; x_wconf 86' lang='lat' dir='ltr'>dicto</span> <span class='ocrx_word' id='word_1_343' title='bbox 2101 703 2232 732; x_wconf 92' lang='lat' dir='ltr'>nostro</span> <span class='ocrx_word' id='word_1_344' title='bbox 2248 695 2452 746; x_wconf 85' lang='lat' dir='ltr'>displicuit,</span> 
     </span>
     <span class='ocr_line' id='line_1_54' title="bbox 1450 753 2487 804; baseline 0.005 -15"><span class='ocrx_word' id='word_1_345' title='bbox 1450 753 1610 790; x_wconf 90' lang='lat' dir='ltr'>reddere</span> <span class='ocrx_word' id='word_1_346' title='bbox 1632 754 1677 791; x_wconf 86' lang='lat' dir='ltr'>ad</span> <span class='ocrx_word' id='word_1_347' title='bbox 1702 754 1887 804; x_wconf 89' lang='lat' dir='ltr'>liquidum</span> <span class='ocrx_word' id='word_1_348' title='bbox 1908 755 2095 791; x_wconf 89' lang='lat' dir='ltr'>rationem</span> <span class='ocrx_word' id='word_1_349' title='bbox 2116 768 2188 804; x_wconf 89' lang='lat' dir='ltr'>pro</span> <span class='ocrx_word' id='word_1_350' title='bbox 2205 763 2328 792; x_wconf 81' lang='lat' dir='ltr'>vestra</span> <span class='ocrx_word' id='word_1_351' title='bbox 2347 755 2454 796; x_wconf 85' lang='lat' dir='ltr'>nobis</span> <span class='ocrx_word' id='word_1_352' title='bbox 2484 777 2487 788; x_wconf 61' lang='grc' dir='ltr'><strong>ι</strong></span> 
     </span>
     <span class='ocr_line' id='line_1_55' title="bbox 1451 813 2452 867; baseline 0.004 -17"><span class='ocrx_word' id='word_1_353' title='bbox 1451 813 1669 851; x_wconf 86' lang='lat' dir='ltr'>turbatione</span> <span class='ocrx_word' id='word_1_354' title='bbox 1687 828 1763 851; x_wconf 91' lang='lat' dir='ltr'>non</span> <span class='ocrx_word' id='word_1_355' title='bbox 1786 815 1891 851; x_wconf 87' lang='lat' dir='ltr'>licuit</span> <span class='ocrx_word' id='word_1_356' title='bbox 1912 830 1920 851; x_wconf 76' lang='grc' dir='ltr'>ε</span> <span class='ocrx_word' id='word_1_357' title='bbox 1940 829 2054 865; x_wconf 84' lang='lat' dir='ltr'>quam</span> <span class='ocrx_word' id='word_1_358' title='bbox 2075 815 2106 851; x_wconf 88' lang='lat' dir='ltr'>si</span> <span class='ocrx_word' id='word_1_359' title='bbox 2125 824 2348 866; x_wconf 85' lang='lat' dir='ltr'>exspectare</span> <span class='ocrx_word' id='word_1_360' title='bbox 2369 817 2452 867; x_wconf 85' lang='lat' dir='ltr'>pla-</span> 
     </span>
     <span class='ocr_line' id='line_1_56' title="bbox 1446 875 2494 926; baseline 0.005 -16"><span class='ocrx_word' id='word_1_361' title='bbox 1446 875 1521 911; x_wconf 90' lang='lat' dir='ltr'>cito</span> <span class='ocrx_word' id='word_1_362' title='bbox 1549 875 1665 911; x_wconf 89' lang='lat' dir='ltr'>corde</span> <span class='ocrx_word' id='word_1_363' title='bbox 1691 875 1969 925; x_wconf 80' lang='lat' dir='ltr'>dignaremini,</span> <span class='ocrx_word' id='word_1_364' title='bbox 1999 876 2154 913; x_wconf 84' lang='lat' dir='ltr'>forsitan</span> <span class='ocrx_word' id='word_1_365' title='bbox 2185 877 2453 926; x_wconf 79' lang='lat' dir='ltr'>cognovissetis</span> <span class='ocrx_word' id='word_1_366' title='bbox 2482 880 2494 920; x_wconf 60' lang='grc' dir='ltr'>ξ’</span> 
     </span>
     <span class='ocr_line' id='line_1_57' title="bbox 1445 935 2485 986; baseline 0.004 -16"><span class='ocrx_word' id='word_1_367' title='bbox 1445 943 1483 971; x_wconf 91' lang='lat' dir='ltr'>et</span> <span class='ocrx_word' id='word_1_368' title='bbox 1505 948 1591 980; x_wconf 84' lang='lat' dir='ltr'>vos,</span> <span class='ocrx_word' id='word_1_369' title='bbox 1613 935 1718 984; x_wconf 88' lang='lat' dir='ltr'>quod</span> <span class='ocrx_word' id='word_1_370' title='bbox 1734 935 1786 972; x_wconf 91' lang='lat' dir='ltr'>nil</span> <span class='ocrx_word' id='word_1_371' title='bbox 1804 935 1914 972; x_wconf 90' lang='lat' dir='ltr'>vobis</span> <span class='ocrx_word' id='word_1_372' title='bbox 1933 936 2113 973; x_wconf 85' lang='lat' dir='ltr'>indecens</span> <span class='ocrx_word' id='word_1_373' title='bbox 2134 945 2199 973; x_wconf 87' lang='lat' dir='ltr'>aut</span> <span class='ocrx_word' id='word_1_374' title='bbox 2214 935 2454 986; x_wconf 82' lang='lat' dir='ltr'>importabile</span> <span class='ocrx_word' id='word_1_375' title='bbox 2482 935 2485 964; x_wconf 55' lang='lat' dir='ltr'>i</span> 
     </span>
     <span class='ocr_line' id='line_1_58' title="bbox 1446 995 2485 1046; baseline 0.005 -16"><span class='ocrx_word' id='word_1_376' title='bbox 1446 995 1589 1031; x_wconf 91' lang='lat' dir='ltr'>dictum</span> <span class='ocrx_word' id='word_1_377' title='bbox 1619 995 1771 1040; x_wconf 86' lang='lat' dir='ltr'>fuisset,</span> <span class='ocrx_word' id='word_1_378' title='bbox 1796 996 2007 1033; x_wconf 86' lang='lat' dir='ltr'>secundum</span> <span class='ocrx_word' id='word_1_379' title='bbox 2030 996 2134 1046; x_wconf 87' lang='lat' dir='ltr'>quod</span> <span class='ocrx_word' id='word_1_380' title='bbox 2156 996 2235 1046; x_wconf 86' lang='lat' dir='ltr'>jam</span> <span class='ocrx_word' id='word_1_381' title='bbox 2254 1010 2315 1033; x_wconf 83' lang='lat' dir='ltr'>res</span> <span class='ocrx_word' id='word_1_382' title='bbox 2334 1006 2455 1036; x_wconf 74' lang='lat' dir='ltr'>vestra</span> <span class='ocrx_word' id='word_1_383' title='bbox 2483 1014 2485 1039; x_wconf 65' lang='lat' dir='ltr'>i</span> 
     </span>
    </p>

    <p class='ocr_par' dir='ltr' id='par_1_19' title="bbox 1399 1055 2533 1832">
     <span class='ocr_line' id='line_1_59' title="bbox 1399 1055 2490 1105; baseline 0.004 -15"><span class='ocrx_word' id='word_1_384' title='bbox 1399 1055 1426 1089; x_wconf 86' lang='lat' dir='ltr'><strong>B</strong></span> <span class='ocrx_word' id='word_1_385' title='bbox 1445 1055 1641 1105; x_wconf 86' lang='lat' dir='ltr'>processit.</span> <span class='ocrx_word' id='word_1_386' title='bbox 1660 1058 1770 1092; x_wconf 77' lang='lat' dir='ltr'>Nunc</span> <span class='ocrx_word' id='word_1_387' title='bbox 1791 1063 1916 1092; x_wconf 88' lang='lat' dir='ltr'>autem</span> <span class='ocrx_word' id='word_1_388' title='bbox 1934 1056 2015 1092; x_wconf 90' lang='lat' dir='ltr'>sine</span> <span class='ocrx_word' id='word_1_389' title='bbox 2035 1069 2148 1093; x_wconf 87' lang='lat' dir='ltr'>causa</span> <span class='ocrx_word' id='word_1_390' title='bbox 2166 1056 2361 1103; x_wconf 84' lang='lat' dir='ltr'>turbatus,</span> <span class='ocrx_word' id='word_1_391' title='bbox 2379 1065 2455 1094; x_wconf 87' lang='lat' dir='ltr'>tur-</span> <span class='ocrx_word' id='word_1_392' title='bbox 2481 1055 2490 1095; x_wconf 67' lang='grc' dir='ltr'>ζ-</span> 
     </span>
     <span class='ocr_line' id='line_1_60' title="bbox 1444 1114 2533 1166; baseline 0.003 -15"><span class='ocrx_word' id='word_1_393' title='bbox 1444 1114 1553 1152; x_wconf 82' lang='lat' dir='ltr'>batos</span> <span class='ocrx_word' id='word_1_394' title='bbox 1572 1129 1642 1152; x_wconf 89' lang='lat' dir='ltr'>nos</span> <span class='ocrx_word' id='word_1_395' title='bbox 1663 1124 1700 1152; x_wconf 87' lang='lat' dir='ltr'>et</span> <span class='ocrx_word' id='word_1_396' title='bbox 1721 1116 1900 1152; x_wconf 88' lang='lat' dir='ltr'>confusos</span> <span class='ocrx_word' id='word_1_397' title='bbox 1915 1145 1924 1162; x_wconf 94' lang='lat'>,</span> <span class='ocrx_word' id='word_1_398' title='bbox 1953 1124 1991 1152; x_wconf 88' lang='lat' dir='ltr'>et</span> <span class='ocrx_word' id='word_1_399' title='bbox 2007 1115 2100 1166; x_wconf 90' lang='lat' dir='ltr'>quid</span> <span class='ocrx_word' id='word_1_400' title='bbox 2122 1116 2304 1154; x_wconf 85' lang='lat' dir='ltr'>faciamus</span> <span class='ocrx_word' id='word_1_401' title='bbox 2321 1116 2456 1156; x_wconf 84' lang='lat' dir='ltr'>dubios</span> <span class='ocrx_word' id='word_1_402' title='bbox 2481 1124 2499 1154; x_wconf 58' lang='grc' dir='ltr'>ν’</span> <span class='ocrx_word' id='word_1_403' title='bbox 2516 1135 2533 1157; x_wconf 64' lang='lat'>11]</span> 
     </span>
     <span class='ocr_line' id='line_1_61' title="bbox 1443 1172 2533 1227; baseline 0.006 -16"><span class='ocrx_word' id='word_1_404' title='bbox 1443 1176 1652 1225; x_wconf 80' lang='lat' dir='ltr'>anxiosque</span> <span class='ocrx_word' id='word_1_405' title='bbox 1675 1175 1831 1221; x_wconf 88' lang='lat' dir='ltr'>tenetis,</span> <span class='ocrx_word' id='word_1_406' title='bbox 1862 1175 2038 1213; x_wconf 86' lang='lat' dir='ltr'>homines</span> <span class='ocrx_word' id='word_1_407' title='bbox 2057 1176 2123 1226; x_wconf 86' lang='lat' dir='ltr'>qui</span> <span class='ocrx_word' id='word_1_408' title='bbox 2144 1175 2253 1213; x_wconf 86' lang='lat' dir='ltr'>vobis</span> <span class='ocrx_word' id='word_1_409' title='bbox 2272 1175 2374 1213; x_wconf 84' lang='lat' dir='ltr'>bona</span> <span class='ocrx_word' id='word_1_410' title='bbox 2390 1190 2456 1214; x_wconf 89' lang='lat' dir='ltr'>cu·</span> <span class='ocrx_word' id='word_1_411' title='bbox 2480 1172 2509 1227; x_wconf 57' lang='grc'><strong><em>55</em></strong></span> <span class='ocrx_word' id='word_1_412' title='bbox 2525 1184 2533 1218; x_wconf 74' lang='lat'>{1</span> 
     </span>
     <span class='ocr_line' id='line_1_62' title="bbox 1441 1227 2532 1286; baseline 0.004 -14"><span class='ocrx_word' id='word_1_413' title='bbox 1441 1236 1553 1286; x_wconf 86' lang='lat' dir='ltr'>piunt</span> <span class='ocrx_word' id='word_1_414' title='bbox 1579 1245 1617 1273; x_wconf 92' lang='lat' dir='ltr'>et</span> <span class='ocrx_word' id='word_1_415' title='bbox 1649 1245 1841 1286; x_wconf 81' lang='lat' dir='ltr'>quaerunt.</span> <span class='ocrx_word' id='word_1_416' title='bbox 1876 1237 1988 1284; x_wconf 90' lang='lat' dir='ltr'>Quod</span> <span class='ocrx_word' id='word_1_417' title='bbox 2024 1251 2103 1274; x_wconf 89' lang='lat' dir='ltr'>non</span> <span class='ocrx_word' id='word_1_418' title='bbox 2135 1246 2192 1274; x_wconf 88' lang='lat' dir='ltr'>est</span> <span class='ocrx_word' id='word_1_419' title='bbox 2227 1237 2329 1274; x_wconf 83' lang='lat' dir='ltr'>aliud</span> <span class='ocrx_word' id='word_1_420' title='bbox 2343 1267 2353 1284; x_wconf 87' lang='lat'>,</span> <span class='ocrx_word' id='word_1_421' title='bbox 2385 1238 2455 1277; x_wconf 82' lang='lat' dir='ltr'>nisi</span> <span class='ocrx_word' id='word_1_422' title='bbox 2481 1243 2484 1266; x_wconf 69' lang='lat'>²·</span> <span class='ocrx_word' id='word_1_423' title='bbox 2501 1230 2509 1250; x_wconf 72' lang='lat'>&#39;&#39;</span> <span class='ocrx_word' id='word_1_424' title='bbox 2528 1227 2532 1277; x_wconf 77' lang='lat' dir='ltr'>l</span> 
     </span>
     <span class='ocr_line' id='line_1_63' title="bbox 1447 1298 2533 1348; baseline 0.003 -14"><span class='ocrx_word' id='word_1_425' title='bbox 1447 1298 1535 1347; x_wconf 90' lang='lat' dir='ltr'>quia</span> <span class='ocrx_word' id='word_1_426' title='bbox 1575 1299 1676 1334; x_wconf 88' lang='lat' dir='ltr'>fraus</span> <span class='ocrx_word' id='word_1_427' title='bbox 1711 1298 1932 1347; x_wconf 87' lang='lat' dir='ltr'>iniquorum</span> <span class='ocrx_word' id='word_1_428' title='bbox 1954 1327 1963 1343; x_wconf 93' lang='lat'>,</span> <span class='ocrx_word' id='word_1_429' title='bbox 2000 1307 2039 1335; x_wconf 87' lang='lat' dir='ltr'>et</span> <span class='ocrx_word' id='word_1_430' title='bbox 2072 1299 2281 1335; x_wconf 89' lang='lat' dir='ltr'>rumusculi</span> <span class='ocrx_word' id='word_1_431' title='bbox 2321 1312 2454 1348; x_wconf 84' lang='lat' dir='ltr'>parum</span> <span class='ocrx_word' id='word_1_432' title='bbox 2480 1300 2490 1331; x_wconf 73' lang='grc' dir='ltr'>ι’-</span> <span class='ocrx_word' id='word_1_433' title='bbox 2523 1317 2533 1339; x_wconf 68' lang='lat' dir='ltr'>:i</span> 
     </span>
     <span class='ocr_line' id='line_1_64' title="bbox 1446 1355 2533 1408; baseline 0.004 -13"><span class='ocrx_word' id='word_1_434' title='bbox 1446 1358 1646 1395; x_wconf 85' lang='lat' dir='ltr'>scientium</span> <span class='ocrx_word' id='word_1_435' title='bbox 1662 1359 1860 1395; x_wconf 87' lang='lat' dir='ltr'>hominum</span> <span class='ocrx_word' id='word_1_436' title='bbox 1876 1388 1885 1405; x_wconf 95' lang='lat'>,</span> <span class='ocrx_word' id='word_1_437' title='bbox 1908 1359 2116 1396; x_wconf 88' lang='lat' dir='ltr'>dicentium</span> <span class='ocrx_word' id='word_1_438' title='bbox 2133 1360 2276 1396; x_wconf 86' lang='lat' dir='ltr'>malum</span> <span class='ocrx_word' id='word_1_439' title='bbox 2296 1358 2455 1407; x_wconf 82' lang='lat' dir='ltr'>bonum,</span> <span class='ocrx_word' id='word_1_440' title='bbox 2479 1381 2482 1395; x_wconf 63' lang='lat' dir='ltr'>v</span> <span class='ocrx_word' id='word_1_441' title='bbox 2498 1355 2507 1408; x_wconf 67' lang='lat' dir='ltr'>t</span> <span class='ocrx_word' id='word_1_442' title='bbox 2524 1379 2533 1400; x_wconf 60' lang='lat' dir='ltr'>:i</span> 
     </span>
     <span class='ocr_line' id='line_1_65' title="bbox 1446 1414 2519 1467; baseline 0.001 -11"><span class='ocrx_word' id='word_1_443' title='bbox 1446 1428 1483 1456; x_wconf 84' lang='lat' dir='ltr'>et</span> <span class='ocrx_word' id='word_1_444' title='bbox 1503 1419 1649 1456; x_wconf 89' lang='lat' dir='ltr'>bonum</span> <span class='ocrx_word' id='word_1_445' title='bbox 1672 1421 1814 1456; x_wconf 87' lang='lat' dir='ltr'>malum</span> <span class='ocrx_word' id='word_1_446' title='bbox 1829 1448 1838 1465; x_wconf 92' lang='lat'>,</span> <span class='ocrx_word' id='word_1_447' title='bbox 1859 1419 2095 1457; x_wconf 86' lang='lat' dir='ltr'>conturbant</span> <span class='ocrx_word' id='word_1_448' title='bbox 2111 1433 2191 1457; x_wconf 76' lang='lat' dir='ltr'>vos.</span> <span class='ocrx_word' id='word_1_449' title='bbox 2214 1423 2355 1457; x_wconf 87' lang='lat' dir='ltr'>Verum</span> <span class='ocrx_word' id='word_1_450' title='bbox 2371 1433 2453 1467; x_wconf 87' lang='lat' dir='ltr'>nos,</span> <span class='ocrx_word' id='word_1_451' title='bbox 2479 1414 2519 1464; x_wconf 54' lang='lat'>{43</span> 
     </span>
     <span class='ocr_line' id='line_1_66' title="bbox 1445 1479 2527 1530; baseline 0.004 -14"><span class='ocrx_word' id='word_1_452' title='bbox 1445 1480 1515 1517; x_wconf 86' lang='lat' dir='ltr'>etsi</span> <span class='ocrx_word' id='word_1_453' title='bbox 1540 1479 1786 1526; x_wconf 89' lang='lat' dir='ltr'>conturbati,</span> <span class='ocrx_word' id='word_1_454' title='bbox 1814 1493 1892 1516; x_wconf 91' lang='lat' dir='ltr'>non</span> <span class='ocrx_word' id='word_1_455' title='bbox 1923 1488 2050 1517; x_wconf 85' lang='lat' dir='ltr'>tamen</span> <span class='ocrx_word' id='word_1_456' title='bbox 2079 1480 2239 1517; x_wconf 91' lang='lat' dir='ltr'>omnino</span> <span class='ocrx_word' id='word_1_457' title='bbox 2268 1479 2455 1530; x_wconf 86' lang='lat' dir='ltr'>desperati</span> <span class='ocrx_word' id='word_1_458' title='bbox 2479 1494 2527 1524; x_wconf 70' lang='lat' dir='ltr'>v1:</span> 
     </span>
     <span class='ocr_line' id='line_1_67' title="bbox 1447 1540 2529 1590; baseline 0 -13"><span class='ocrx_word' id='word_1_459' title='bbox 1447 1541 1494 1577; x_wconf 88' lang='lat' dir='ltr'>de</span> <span class='ocrx_word' id='word_1_460' title='bbox 1510 1540 1652 1577; x_wconf 72' lang='lat' dir='ltr'>auxilio</span> <span class='ocrx_word' id='word_1_461' title='bbox 1675 1540 1858 1590; x_wconf 88' lang='lat' dir='ltr'>Spiritus,</span> <span class='ocrx_word' id='word_1_462' title='bbox 1885 1553 1997 1589; x_wconf 90' lang='lat' dir='ltr'>quem</span> <span class='ocrx_word' id='word_1_463' title='bbox 2022 1548 2192 1577; x_wconf 84' lang='lat' dir='ltr'>vestrum</span> <span class='ocrx_word' id='word_1_464' title='bbox 2215 1541 2382 1577; x_wconf 82' lang='lat' dir='ltr'>animum</span> <span class='ocrx_word' id='word_1_465' title='bbox 2402 1552 2456 1577; x_wconf 89' lang='lat' dir='ltr'>sa-</span> <span class='ocrx_word' id='word_1_466' title='bbox 2488 1551 2529 1583; x_wconf 40' lang='lat' dir='ltr'>&amp;a</span> 
     </span>
     <span class='ocr_line' id='line_1_68' title="bbox 1445 1598 2533 1661; baseline 0 -24"><span class='ocrx_word' id='word_1_467' title='bbox 1445 1601 1608 1638; x_wconf 84' lang='lat' dir='ltr'>lubriter</span> <span class='ocrx_word' id='word_1_468' title='bbox 1642 1615 1759 1651; x_wconf 89' lang='lat' dir='ltr'>super</span> <span class='ocrx_word' id='word_1_469' title='bbox 1809 1601 1917 1638; x_wconf 87' lang='lat' dir='ltr'>malis</span> <span class='ocrx_word' id='word_1_470' title='bbox 1976 1601 2181 1651; x_wconf 75' lang='lat' dir='ltr'>praeteritis</span> <span class='ocrx_word' id='word_1_471' title='bbox 2225 1601 2457 1638; x_wconf 77' lang='lat' dir='ltr'>concussisse</span> <span class='ocrx_word' id='word_1_472' title='bbox 2476 1598 2533 1661; x_wconf 46' lang='grc' dir='ltr'>νζ</span> 
     </span>
     <span class='ocr_line' id='line_1_69' title="bbox 1442 1662 2533 1723; baseline 0 -25"><span class='ocrx_word' id='word_1_473' title='bbox 1442 1662 1699 1712; x_wconf 85' lang='lat' dir='ltr'>persensimus</span> <span class='ocrx_word' id='word_1_474' title='bbox 1714 1691 1722 1707; x_wconf 88' lang='lat'>,</span> <span class='ocrx_word' id='word_1_475' title='bbox 1748 1662 1872 1698; x_wconf 84' lang='lat' dir='ltr'>adhuc</span> <span class='ocrx_word' id='word_1_476' title='bbox 1894 1669 2036 1698; x_wconf 85' lang='lat' dir='ltr'>stamus</span> <span class='ocrx_word' id='word_1_477' title='bbox 2062 1669 2100 1698; x_wconf 87' lang='lat' dir='ltr'>et</span> <span class='ocrx_word' id='word_1_478' title='bbox 2121 1669 2386 1711; x_wconf 84' lang='lat' dir='ltr'>exspectamus</span> <span class='ocrx_word' id='word_1_479' title='bbox 2416 1668 2457 1698; x_wconf 90' lang='lat' dir='ltr'>ut</span> <span class='ocrx_word' id='word_1_480' title='bbox 2475 1679 2481 1712; x_wconf 55' lang='lat'>2</span> <span class='ocrx_word' id='word_1_481' title='bbox 2497 1666 2509 1723; x_wconf 75' lang='grc'><strong><em>5</em></strong></span> <span class='ocrx_word' id='word_1_482' title='bbox 2525 1683 2533 1703; x_wconf 46' lang='lat'>⁴]</span> 
     </span>
     <span class='ocr_line' id='line_1_70' title="bbox 1443 1720 2533 1772; baseline -0.001 -13"><span class='ocrx_word' id='word_1_483' title='bbox 1443 1722 1605 1760; x_wconf 89' lang='lat' dir='ltr'>redeatis</span> <span class='ocrx_word' id='word_1_484' title='bbox 1626 1722 1672 1759; x_wconf 90' lang='lat' dir='ltr'>ad</span> <span class='ocrx_word' id='word_1_485' title='bbox 1701 1736 1792 1767; x_wconf 88' lang='lat' dir='ltr'>cor,</span> <span class='ocrx_word' id='word_1_486' title='bbox 1824 1730 1861 1758; x_wconf 89' lang='lat' dir='ltr'>et</span> <span class='ocrx_word' id='word_1_487' title='bbox 1887 1721 1992 1771; x_wconf 86' lang='lat' dir='ltr'>quod</span> <span class='ocrx_word' id='word_1_488' title='bbox 2022 1721 2236 1771; x_wconf 84' lang='lat' dir='ltr'>prudenter</span> <span class='ocrx_word' id='word_1_489' title='bbox 2264 1720 2457 1770; x_wconf 76' lang='lat' dir='ltr'>coepistis,</span> <span class='ocrx_word' id='word_1_490' title='bbox 2475 1723 2533 1772; x_wconf 56' lang='lat' dir='ltr'>‘im</span> 
     </span>
     <span class='ocr_line' id='line_1_71' title="bbox 1445 1773 2519 1832; baseline -0.004 -12"><span class='ocrx_word' id='word_1_491' title='bbox 1445 1783 1648 1821; x_wconf 83' lang='lat' dir='ltr'>efficaciter</span> <span class='ocrx_word' id='word_1_492' title='bbox 1668 1783 1908 1832; x_wconf 87' lang='lat' dir='ltr'>compleatis.</span> <span class='ocrx_word' id='word_1_493' title='bbox 1930 1781 2056 1831; x_wconf 84' lang='lat' dir='ltr'>Hujus</span> <span class='ocrx_word' id='word_1_494' title='bbox 2077 1782 2131 1818; x_wconf 86' lang='lat' dir='ltr'>rei</span> <span class='ocrx_word' id='word_1_495' title='bbox 2153 1781 2273 1831; x_wconf 80' lang='lat' dir='ltr'>gratia</span> <span class='ocrx_word' id='word_1_496' title='bbox 2289 1781 2458 1818; x_wconf 87' lang='lat' dir='ltr'>misimus</span> <span class='ocrx_word' id='word_1_497' title='bbox 2475 1773 2519 1826; x_wconf 59' lang='lat' dir='ltr'>il</span> 
     </span>
    </p>
   </div>
   <div class='ocr_carea' id='block_1_18' title="bbox 2484 594 2513 1164">
    <p class='ocr_par' dir='ltr' id='par_1_20' title="bbox 2484 594 2513 1164">
     <span class='ocr_line' id='line_1_72' title="bbox 2484 594 2513 1164; textangle 90"><span class='ocrx_word' id='word_1_498' title='bbox 2484 712 2513 1164; x_wconf 39' lang='grc' dir='ltr'>Μοὸήοιφηε-.ξέ</span> <span class='ocrx_word' id='word_1_499' title='bbox 2501 659 2512 682; x_wconf 52' lang='lat' dir='ltr'>a·</span> <span class='ocrx_word' id='word_1_500' title='bbox 2506 594 2511 619; x_wconf 90' lang='grc'>-.</span> 
     </span>
    </p>
   </div>
   <div class='ocr_carea' id='block_1_19' title="bbox 1395 1827 2532 1886">
    <p class='ocr_par' dir='ltr' id='par_1_21' title="bbox 1395 1827 2532 1886">
     <span class='ocr_line' id='line_1_73' title="bbox 1395 1827 2532 1886; baseline -0.001 -6"><span class='ocrx_word' id='word_1_501' title='bbox 1395 1843 1421 1879; x_wconf 94' lang='lat' dir='ltr'>C</span> <span class='ocrx_word' id='word_1_502' title='bbox 1442 1844 1597 1880; x_wconf 86' lang='lat' dir='ltr'>fratrem</span> <span class='ocrx_word' id='word_1_503' title='bbox 1619 1844 1882 1880; x_wconf 86' lang='lat' dir='ltr'>charissimum</span> <span class='ocrx_word' id='word_1_504' title='bbox 1901 1841 2014 1879; x_wconf 89' lang='lat' dir='ltr'>nobis</span> <span class='ocrx_word' id='word_1_505' title='bbox 2033 1841 2227 1879; x_wconf 89' lang='lat' dir='ltr'>Andream</span> <span class='ocrx_word' id='word_1_506' title='bbox 2251 1841 2296 1878; x_wconf 89' lang='lat' dir='ltr'>de</span> <span class='ocrx_word' id='word_1_507' title='bbox 2317 1840 2453 1878; x_wconf 88' lang='lat' dir='ltr'>Balde-</span> <span class='ocrx_word' id='word_1_508' title='bbox 2475 1827 2505 1886; x_wconf 53' lang='lat' dir='ltr'>*ii</span> <span class='ocrx_word' id='word_1_509' title='bbox 2519 1872 2532 1879; x_wconf 24' lang='grc' dir='ltr'>,ι</span> 
     </span>
    </p>
   </div>
   <div class='ocr_carea' id='block_1_20' title="bbox 1443 1901 2504 2303">
    <p class='ocr_par' dir='ltr' id='par_1_22' title="bbox 1443 1901 2504 2303">
     <span class='ocr_line' id='line_1_74' title="bbox 1443 1901 2503 1958; baseline -0.002 -18"><span class='ocrx_word' id='word_1_510' title='bbox 1443 1913 1573 1941; x_wconf 88' lang='lat' dir='ltr'>mento</span> <span class='ocrx_word' id='word_1_511' title='bbox 1589 1904 1622 1951; x_wconf 87' lang='lat'>*,</span> <span class='ocrx_word' id='word_1_512' title='bbox 1644 1904 1711 1953; x_wconf 91' lang='lat' dir='ltr'>qui</span> <span class='ocrx_word' id='word_1_513' title='bbox 1730 1902 1839 1940; x_wconf 78' lang='lat' dir='ltr'>vobis</span> <span class='ocrx_word' id='word_1_514' title='bbox 1861 1903 1931 1939; x_wconf 89' lang='lat' dir='ltr'>ista</span> <span class='ocrx_word' id='word_1_515' title='bbox 1960 1903 2110 1953; x_wconf 88' lang='lat' dir='ltr'>plenius</span> <span class='ocrx_word' id='word_1_516' title='bbox 2132 1902 2220 1938; x_wconf 81' lang='lat' dir='ltr'>viva</span> <span class='ocrx_word' id='word_1_517' title='bbox 2240 1915 2334 1938; x_wconf 88' lang='lat' dir='ltr'>voce</span> <span class='ocrx_word' id='word_1_518' title='bbox 2358 1901 2454 1938; x_wconf 88' lang='lat' dir='ltr'>insi·</span> <span class='ocrx_word' id='word_1_519' title='bbox 2475 1901 2503 1958; x_wconf 54' lang='lat'>2!</span> 
     </span>
     <span class='ocr_line' id='line_1_75' title="bbox 1444 1962 2504 2014; baseline -0.003 -13"><span class='ocrx_word' id='word_1_520' title='bbox 1444 1973 1554 2008; x_wconf 78' lang='lat' dir='ltr'>unet,</span> <span class='ocrx_word' id='word_1_521' title='bbox 1573 1973 1609 2000; x_wconf 87' lang='lat' dir='ltr'>ct</span> <span class='ocrx_word' id='word_1_522' title='bbox 1629 1964 1817 2014; x_wconf 85' lang='lat' dir='ltr'>quidquid</span> <span class='ocrx_word' id='word_1_523' title='bbox 1837 1963 1884 2000; x_wconf 90' lang='lat' dir='ltr'>ad</span> <span class='ocrx_word' id='word_1_524' title='bbox 1904 1963 1983 2000; x_wconf 79' lang='lat' dir='ltr'>liaec</span> <span class='ocrx_word' id='word_1_525' title='bbox 2002 1962 2237 2013; x_wconf 88' lang='lat' dir='ltr'>respondere</span> <span class='ocrx_word' id='word_1_526' title='bbox 2255 1962 2453 2013; x_wconf 87' lang='lat' dir='ltr'>placuerit,</span> <span class='ocrx_word' id='word_1_527' title='bbox 2489 1978 2504 2003; x_wconf 65' lang='lat' dir='ltr'>os</span> 
     </span>
     <span class='ocr_line' id='line_1_76' title="bbox 1444 2015 2503 2073; baseline -0.001 -12"><span class='ocrx_word' id='word_1_528' title='bbox 1444 2025 1607 2061; x_wconf 70' lang='lat' dir='ltr'>fideliter</span> <span class='ocrx_word' id='word_1_529' title='bbox 1639 2024 1831 2061; x_wconf 85' lang='lat' dir='ltr'>renuntiet</span> <span class='ocrx_word' id='word_1_530' title='bbox 1868 2024 1992 2060; x_wconf 87' lang='lat' dir='ltr'>nobis.</span> <span class='ocrx_word' id='word_1_531' title='bbox 2030 2024 2067 2062; x_wconf 91' lang='lat' dir='ltr'>Si</span> <span class='ocrx_word' id='word_1_532' title='bbox 2100 2032 2226 2061; x_wconf 87' lang='lat' dir='ltr'>autem</span> <span class='ocrx_word' id='word_1_533' title='bbox 2258 2023 2455 2073; x_wconf 87' lang='lat' dir='ltr'>persistitis</span> <span class='ocrx_word' id='word_1_534' title='bbox 2474 2015 2503 2069; x_wconf 84' lang='grc'><strong><em>5</em></strong></span> 
     </span>
     <span class='ocr_line' id='line_1_77' title="bbox 1444 2084 2502 2136; baseline -0.002 -14"><span class='ocrx_word' id='word_1_535' title='bbox 1444 2085 1577 2136; x_wconf 80' lang='lat' dir='ltr'>(quod</span> <span class='ocrx_word' id='word_1_536' title='bbox 1598 2084 1724 2135; x_wconf 83' lang='lat' dir='ltr'>absit)</span> <span class='ocrx_word' id='word_1_537' title='bbox 1751 2098 1829 2122; x_wconf 89' lang='lat' dir='ltr'>non</span> <span class='ocrx_word' id='word_1_538' title='bbox 1855 2084 2096 2135; x_wconf 86' lang='lat' dir='ltr'>acquiescere</span> <span class='ocrx_word' id='word_1_539' title='bbox 2127 2085 2227 2122; x_wconf 88' lang='lat' dir='ltr'>sanis</span> <span class='ocrx_word' id='word_1_540' title='bbox 2259 2084 2452 2130; x_wconf 87' lang='lat' dir='ltr'>consiliis,</span> <span class='ocrx_word' id='word_1_541' title='bbox 2486 2085 2502 2125; x_wconf 64' lang='lat' dir='ltr'>fi</span> 
     </span>
     <span class='ocr_line' id='line_1_78' title="bbox 1445 2145 2477 2207; baseline 0 -26"><span class='ocrx_word' id='word_1_542' title='bbox 1445 2145 1579 2182; x_wconf 88' lang='lat' dir='ltr'>mundi</span> <span class='ocrx_word' id='word_1_543' title='bbox 1596 2158 1666 2182; x_wconf 89' lang='lat' dir='ltr'>nos</span> <span class='ocrx_word' id='word_1_544' title='bbox 1687 2159 1819 2182; x_wconf 88' lang='lat' dir='ltr'>sumus</span> <span class='ocrx_word' id='word_1_545' title='bbox 1839 2158 1860 2182; x_wconf 89' lang='lat' dir='ltr'>a</span> <span class='ocrx_word' id='word_1_546' title='bbox 1880 2145 2065 2194; x_wconf 79' lang='lat' dir='ltr'>sanguine</span> <span class='ocrx_word' id='word_1_547' title='bbox 2082 2153 2234 2182; x_wconf 83' lang='lat' dir='ltr'>vestro:</span> <span class='ocrx_word' id='word_1_548' title='bbox 2254 2149 2357 2182; x_wconf 89' lang='lat' dir='ltr'>Deus</span> <span class='ocrx_word' id='word_1_549' title='bbox 2379 2157 2452 2182; x_wconf 91' lang='lat' dir='ltr'>non</span> <span class='ocrx_word' id='word_1_550' title='bbox 2471 2163 2477 2207; x_wconf 54' lang='grc'>’,-</span> 
     </span>
     <span class='ocr_line' id='line_1_79' title="bbox 1444 2204 2496 2268; baseline 0 -27"><span class='ocrx_word' id='word_1_551' title='bbox 1444 2205 1640 2256; x_wconf 86' lang='lat' dir='ltr'>permittet</span> <span class='ocrx_word' id='word_1_552' title='bbox 1660 2205 1867 2242; x_wconf 85' lang='lat' dir='ltr'>Ecclesiam</span> <span class='ocrx_word' id='word_1_553' title='bbox 1885 2218 1989 2242; x_wconf 90' lang='lat' dir='ltr'>suam</span> <span class='ocrx_word' id='word_1_554' title='bbox 2006 2235 2016 2252; x_wconf 90' lang='lat'>‚</span> <span class='ocrx_word' id='word_1_555' title='bbox 2038 2205 2116 2242; x_wconf 88' lang='lat' dir='ltr'>sive</span> <span class='ocrx_word' id='word_1_556' title='bbox 2143 2219 2162 2242; x_wconf 87' lang='lat' dir='ltr'>a</span> <span class='ocrx_word' id='word_1_557' title='bbox 2188 2204 2298 2242; x_wconf 82' lang='lat' dir='ltr'>vohis</span> <span class='ocrx_word' id='word_1_558' title='bbox 2312 2234 2322 2251; x_wconf 91' lang='lat'>,</span> <span class='ocrx_word' id='word_1_559' title='bbox 2342 2205 2418 2242; x_wconf 83' lang='lat' dir='ltr'>sive</span> <span class='ocrx_word' id='word_1_560' title='bbox 2433 2217 2454 2242; x_wconf 82' lang='lat' dir='ltr'>a</span> <span class='ocrx_word' id='word_1_561' title='bbox 2470 2208 2496 2268; x_wconf 88' lang='grc'><strong><em>5</em></strong></span> 
     </span>
     <span class='ocr_line' id='line_1_80' title="bbox 1443 2266 2497 2303; baseline 0 -1"><span class='ocrx_word' id='word_1_562' title='bbox 1443 2266 1577 2303; x_wconf 80' lang='lat' dir='ltr'>vestris</span> <span class='ocrx_word' id='word_1_563' title='bbox 1595 2266 1736 2303; x_wconf 90' lang='lat' dir='ltr'>diutius</span> <span class='ocrx_word' id='word_1_564' title='bbox 1757 2266 1987 2303; x_wconf 86' lang='lat' dir='ltr'>conculcari.</span> <span class='ocrx_word' id='word_1_565' title='bbox 2494 2292 2497 2294; x_wconf 91' lang='lat'><em>-</em></span> 
     </span>
    </p>
   </div>
   <div class='ocr_carea' id='block_1_21' title="bbox 2487 2130 2503 2287">
    <p class='ocr_par' dir='ltr' id='par_1_23' title="bbox 2487 2130 2503 2287">
     <span class='ocr_line' id='line_1_81' title="bbox 2487 2130 2503 2287; textangle 90"><span class='ocrx_word' id='word_1_566' title='bbox 2489 2268 2497 2287; x_wconf 51' lang='lat' dir='ltr'>x</span> <span class='ocrx_word' id='word_1_567' title='bbox 2487 2130 2503 2248; x_wconf 39' lang='lat' dir='ltr'>*aa</span> 
     </span>
    </p>
   </div>
   <div class='ocr_carea' id='block_1_22' title="bbox 1444 2405 2530 2415">
    <p class='ocr_par' dir='ltr' id='par_1_24' title="bbox 1444 2405 2530 2415">
     <span class='ocr_line' id='line_1_82' title="bbox 1444 2405 2530 2415; baseline -0.003 0"><span class='ocrx_word' id='word_1_568' title='bbox 1444 2405 2530 2415; x_wconf 53' lang='lat'>======================================================================</span> 
     </span>
    </p>
   </div>
   <div class='ocr_carea' id='block_1_23' title="bbox 1558 2519 2356 2587">
    <p class='ocr_par' dir='ltr' id='par_1_25' title="bbox 1558 2519 2356 2587">
     <span class='ocr_line' id='line_1_83' title="bbox 1558 2519 2356 2587; baseline 0.003 -5"><span class='ocrx_word' id='word_1_569' title='bbox 1558 2528 1934 2584; x_wconf 87' lang='lat' dir='ltr'><strong>EPISTOLA</strong></span> <span class='ocrx_word' id='word_1_570' title='bbox 1978 2519 2356 2587; x_wconf 85' lang='lat' dir='ltr'>CCXXVII.¹’</span> 
     </span>
    </p>
   </div>
   <div class='ocr_carea' id='block_1_24' title="bbox 1616 2688 2283 2718">
    <p class='ocr_par' dir='ltr' id='par_1_26' title="bbox 1616 2688 2283 2718">
     <span class='ocr_line' id='line_1_84' title="bbox 1616 2688 2283 2718; baseline 0.006 -5"><span class='ocrx_word' id='word_1_571' title='bbox 1616 2692 1662 2713; x_wconf 47' lang='lat' dir='ltr'>sm</span> <span class='ocrx_word' id='word_1_572' title='bbox 1698 2692 1902 2715; x_wconf 76' lang='lat' dir='ltr'>EPISCOPUM</span> <span class='ocrx_word' id='word_1_573' title='bbox 1947 2692 2241 2718; x_wconf 79' lang='lat' dir='ltr'>SUI-:ssloNENSEM</span> <span class='ocrx_word' id='word_1_574' title='bbox 2258 2688 2283 2717; x_wconf 66' lang='lat'>⁸.</span> 
     </span>
    </p>
   </div>
   <div class='ocr_carea' id='block_1_25' title="bbox 1439 2814 2528 3228">
    <p class='ocr_par' dir='ltr' id='par_1_27' title="bbox 1439 2814 2528 3228">
     <span class='ocr_line' id='line_1_85' title="bbox 1468 2814 2496 2858; baseline 0.003 -15"><span class='ocrx_word' id='word_1_575' title='bbox 1468 2816 1567 2856; x_wconf 82' lang='lat' dir='ltr'>Opem</span> <span class='ocrx_word' id='word_1_576' title='bbox 1583 2814 1720 2857; x_wconf 75' lang='lat' dir='ltr'>episcopi</span> <span class='ocrx_word' id='word_1_577' title='bbox 1744 2825 1896 2856; x_wconf 79' lang='lat' dir='ltr'>perquam</span> <span class='ocrx_word' id='word_1_578' title='bbox 1914 2815 2044 2847; x_wconf 83' lang='lat' dir='ltr'>sollicite</span> <span class='ocrx_word' id='word_1_579' title='bbox 2063 2821 2094 2847; x_wconf 77' lang='lat' dir='ltr'>et</span> <span class='ocrx_word' id='word_1_580' title='bbox 2109 2815 2256 2847; x_wconf 80' lang='lat' dir='ltr'>ardenter</span> <span class='ocrx_word' id='word_1_581' title='bbox 2271 2815 2427 2858; x_wconf 84' lang='lat' dir='ltr'>implorat.</span> <span class='ocrx_word' id='word_1_582' title='bbox 2480 2826 2496 2850; x_wconf 66' lang='grc' dir='ltr'>ᾏ</span> 
     </span>
     <span class='ocr_line' id='line_1_86' title="bbox 2465 2871 2493 2910; baseline 0 0"><span class='ocrx_word' id='word_1_583' title='bbox 2465 2884 2469 2897; x_wconf 85' lang='grc'>’</span> <span class='ocrx_word' id='word_1_584' title='bbox 2487 2871 2493 2910; x_wconf 64' lang='lat'>,²</span> 
     </span>
     <span class='ocr_line' id='line_1_87' title="bbox 1495 2927 2528 2984; baseline 0 -15"><span class='ocrx_word' id='word_1_585' title='bbox 1495 2936 1652 2983; x_wconf 81' lang='lat' dir='ltr'>Semper</span> <span class='ocrx_word' id='word_1_586' title='bbox 1668 2934 1823 2983; x_wconf 88' lang='lat' dir='ltr'>quidem</span> <span class='ocrx_word' id='word_1_587' title='bbox 1838 2935 1922 2984; x_wconf 84' lang='lat' dir='ltr'>egui</span> <span class='ocrx_word' id='word_1_588' title='bbox 1939 2935 2074 2972; x_wconf 86' lang='lat' dir='ltr'>officiis</span> <span class='ocrx_word' id='word_1_589' title='bbox 2090 2935 2315 2981; x_wconf 87' lang='lat' dir='ltr'>amicorum,</span> <span class='ocrx_word' id='word_1_590' title='bbox 2335 2935 2448 2971; x_wconf 86' lang='lat' dir='ltr'>homo</span> <span class='ocrx_word' id='word_1_591' title='bbox 2464 2927 2528 2977; x_wconf 33' lang='lat' dir='ltr'>,ing</span> 
     </span>
     <span class='ocr_line' id='line_1_88' title="bbox 1441 2986 2523 3045; baseline -0.001 -15"><span class='ocrx_word' id='word_1_592' title='bbox 1441 2995 1621 3031; x_wconf 87' lang='lat' dir='ltr'>nimirum</span> <span class='ocrx_word' id='word_1_593' title='bbox 1641 3003 1768 3031; x_wconf 88' lang='lat' dir='ltr'>mente</span> <span class='ocrx_word' id='word_1_594' title='bbox 1786 3009 1938 3045; x_wconf 88' lang='lat' dir='ltr'>semper</span> <span class='ocrx_word' id='word_1_595' title='bbox 1953 3004 1991 3032; x_wconf 88' lang='lat' dir='ltr'>et</span> <span class='ocrx_word' id='word_1_596' title='bbox 2010 3009 2175 3045; x_wconf 90' lang='lat' dir='ltr'>corpore</span> <span class='ocrx_word' id='word_1_597' title='bbox 2190 2994 2447 3033; x_wconf 85' lang='lat' dir='ltr'>miserandus:</span> <span class='ocrx_word' id='word_1_598' title='bbox 2463 3017 2468 3038; x_wconf 61' lang='lat'>5</span> <span class='ocrx_word' id='word_1_599' title='bbox 2485 2986 2492 3029; x_wconf 76' lang='lat' dir='ltr'>l</span> <span class='ocrx_word' id='word_1_600' title='bbox 2519 3006 2523 3027; x_wconf 79' lang='grc' dir='ltr'><strong><em>ι</em></strong></span> 
     </span>
     <span class='ocr_line' id='line_1_89' title="bbox 1440 3053 2489 3106; baseline 0.001 -16"><span class='ocrx_word' id='word_1_601' title='bbox 1440 3055 1504 3091; x_wconf 85' lang='lat' dir='ltr'>sed</span> <span class='ocrx_word' id='word_1_602' title='bbox 1532 3068 1634 3092; x_wconf 88' lang='lat' dir='ltr'>nunc</span> <span class='ocrx_word' id='word_1_603' title='bbox 1663 3056 1826 3092; x_wconf 81' lang='lat' dir='ltr'>maxime</span> <span class='ocrx_word' id='word_1_604' title='bbox 1854 3069 1952 3106; x_wconf 89' lang='lat' dir='ltr'>opus</span> <span class='ocrx_word' id='word_1_605' title='bbox 1981 3064 2018 3093; x_wconf 89' lang='lat' dir='ltr'>et</span> <span class='ocrx_word' id='word_1_606' title='bbox 2048 3064 2197 3106; x_wconf 84' lang='lat' dir='ltr'>tempus</span> <span class='ocrx_word' id='word_1_607' title='bbox 2219 3053 2445 3100; x_wconf 88' lang='lat' dir='ltr'>miserendi,</span> <span class='ocrx_word' id='word_1_608' title='bbox 2486 3070 2489 3081; x_wconf 63' lang='lat'><strong>¹</strong></span> 
     </span>
     <span class='ocr_line' id='line_1_90' title="bbox 1440 3116 2487 3166; baseline 0 -15"><span class='ocrx_word' id='word_1_609' title='bbox 1440 3129 1525 3151; x_wconf 90' lang='lat' dir='ltr'>cum</span> <span class='ocrx_word' id='word_1_610' title='bbox 1567 3124 1727 3164; x_wconf 70' lang='lat' dir='ltr'>urgente</span> <span class='ocrx_word' id='word_1_611' title='bbox 1763 3116 1995 3153; x_wconf 88' lang='lat' dir='ltr'>conscientia</span> <span class='ocrx_word' id='word_1_612' title='bbox 2025 3125 2063 3153; x_wconf 87' lang='lat' dir='ltr'>et</span> <span class='ocrx_word' id='word_1_613' title='bbox 2095 3125 2297 3166; x_wconf 79' lang='lat' dir='ltr'>aggravata</span> <span class='ocrx_word' id='word_1_614' title='bbox 2335 3127 2445 3153; x_wconf 87' lang='lat' dir='ltr'>manu</span> <span class='ocrx_word' id='word_1_615' title='bbox 2483 3141 2487 3147; x_wconf 87' lang='lat'><em>-</em></span> 
     </span>
     <span class='ocr_line' id='line_1_91' title="bbox 1439 3173 2486 3228; baseline 0.001 -17"><span class='ocrx_word' id='word_1_616' title='bbox 1439 3176 1594 3212; x_wconf 85' lang='lat' dir='ltr'>Domini</span> <span class='ocrx_word' id='word_1_617' title='bbox 1612 3190 1727 3225; x_wconf 84' lang='lat' dir='ltr'>super</span> <span class='ocrx_word' id='word_1_618' title='bbox 1745 3190 1823 3223; x_wconf 87' lang='lat' dir='ltr'>me,</span> <span class='ocrx_word' id='word_1_619' title='bbox 1843 3176 1944 3214; x_wconf 88' lang='lat' dir='ltr'>duro</span> <span class='ocrx_word' id='word_1_620' title='bbox 1957 3190 2016 3214; x_wconf 87' lang='lat' dir='ltr'>me</span> <span class='ocrx_word' id='word_1_621' title='bbox 2032 3177 2174 3214; x_wconf 87' lang='lat' dir='ltr'>carceri</span> <span class='ocrx_word' id='word_1_622' title='bbox 2196 3173 2446 3228; x_wconf 69' lang='lat' dir='ltr'>mancipavid,</span> <span class='ocrx_word' id='word_1_623' title='bbox 2483 3191 2486 3193; x_wconf 50' lang='lat'>&gt;</span> 
     </span>
    </p>
   </div>
   <div class='ocr_carea' id='block_1_26' title="bbox 833 3290 2375 3344">
    <p class='ocr_par' dir='ltr' id='par_1_28' title="bbox 833 3290 2375 3344">
     <span class='ocr_line' id='line_1_92' title="bbox 833 3290 2375 3344; baseline 0.005 -21"><span class='ocrx_word' id='word_1_624' title='bbox 833 3299 845 3314; x_wconf 77' lang='lat'><strong>³</strong></span> <span class='ocrx_word' id='word_1_625' title='bbox 864 3294 983 3336; x_wconf 76' lang='lat' dir='ltr'>Seripta</span> <span class='ocrx_word' id='word_1_626' title='bbox 1000 3306 1082 3324; x_wconf 86' lang='lat' dir='ltr'>anno</span> <span class='ocrx_word' id='word_1_627' title='bbox 1097 3294 1208 3325; x_wconf 66' lang='lat' dir='ltr'>Clu-isti</span> <span class='ocrx_word' id='word_1_628' title='bbox 1240 3298 1248 3326; x_wconf 92' lang='grc'>1</span> <span class='ocrx_word' id='word_1_629' title='bbox 1264 3298 1272 3326; x_wconf 94' lang='lat' dir='ltr'>l</span> <span class='ocrx_word' id='word_1_630' title='bbox 1288 3298 1338 3327; x_wconf 68' lang='lat'>223.</span> <span class='ocrx_word' id='word_1_631' title='bbox 1358 3313 1398 3317; x_wconf 83' lang='lat'>---</span> <span class='ocrx_word' id='word_1_632' title='bbox 1414 3290 1429 3312; x_wconf 86' lang='lat'>¹’</span> <span class='ocrx_word' id='word_1_633' title='bbox 1446 3297 1567 3339; x_wconf 74' lang='lat' dir='ltr'>Scripta</span> <span class='ocrx_word' id='word_1_634' title='bbox 1586 3298 1695 3329; x_wconf 80' lang='lat' dir='ltr'>codem</span> <span class='ocrx_word' id='word_1_635' title='bbox 1723 3310 1817 3331; x_wconf 86' lang='lat' dir='ltr'>anno.</span> <span class='ocrx_word' id='word_1_636' title='bbox 1840 3319 1881 3323; x_wconf 74' lang='lat'>—-</span> <span class='ocrx_word' id='word_1_637' title='bbox 1897 3305 1911 3322; x_wconf 73' lang='lat'>‘¹</span> <span class='ocrx_word' id='word_1_638' title='bbox 1927 3301 2091 3333; x_wconf 82' lang='lat' dir='ltr'>Joslemuu</span> <span class='ocrx_word' id='word_1_639' title='bbox 2105 3325 2113 3339; x_wconf 86' lang='lat'>,</span> <span class='ocrx_word' id='word_1_640' title='bbox 2132 3301 2171 3332; x_wconf 78' lang='lat' dir='ltr'>de</span> <span class='ocrx_word' id='word_1_641' title='bbox 2193 3312 2255 3344; x_wconf 85' lang='lat' dir='ltr'>quo</span> <span class='ocrx_word' id='word_1_642' title='bbox 2271 3311 2375 3344; x_wconf 86' lang='lat' dir='ltr'>supra.</span> 
     </span>
    </p>
   </div>
   <div class='ocr_carea' id='block_1_27' title="bbox 410 3352 1765 3397">
    <p class='ocr_par' dir='ltr' id='par_1_29' title="bbox 410 3352 1765 3397">
     <span class='ocr_line' id='line_1_93' title="bbox 410 3352 1765 3397; baseline 0.006 -16"><span class='ocrx_word' id='word_1_643' title='bbox 410 3352 424 3371; x_wconf 68' lang='lat'>‘¹</span> <span class='ocrx_word' id='word_1_644' title='bbox 450 3352 479 3381; x_wconf 82' lang='lat' dir='ltr'>ld</span> <span class='ocrx_word' id='word_1_645' title='bbox 496 3359 537 3393; x_wconf 64' lang='lat' dir='ltr'>cst</span> <span class='ocrx_word' id='word_1_646' title='bbox 559 3353 736 3383; x_wconf 63' lang='lat' dir='ltr'>monastica)</span> <span class='ocrx_word' id='word_1_647' title='bbox 754 3353 919 3384; x_wconf 71' lang='lat' dir='ltr'>reclusioni</span> <span class='ocrx_word' id='word_1_648' title='bbox 934 3360 961 3384; x_wconf 72' lang='lat' dir='ltr'>et</span> <span class='ocrx_word' id='word_1_649' title='bbox 978 3354 1156 3391; x_wconf 72' lang='lat' dir='ltr'>solitudini,</span> <span class='ocrx_word' id='word_1_650' title='bbox 1173 3355 1211 3384; x_wconf 81' lang='lat' dir='ltr'>de</span> <span class='ocrx_word' id='word_1_651' title='bbox 1229 3366 1290 3396; x_wconf 85' lang='lat' dir='ltr'>qua</span> <span class='ocrx_word' id='word_1_652' title='bbox 1308 3356 1337 3385; x_wconf 90' lang='lat' dir='ltr'>in</span> <span class='ocrx_word' id='word_1_653' title='bbox 1355 3356 1483 3397; x_wconf 80' lang='lat' dir='ltr'>epistola</span> <span class='ocrx_word' id='word_1_654' title='bbox 1505 3358 1657 3397; x_wconf 75' lang='lat' dir='ltr'>sequenti,</span> <span class='ocrx_word' id='word_1_655' title='bbox 1676 3369 1708 3389; x_wconf 85' lang='lat' dir='ltr'>n.</span> <span class='ocrx_word' id='word_1_656' title='bbox 1735 3363 1765 3390; x_wconf 71' lang='lat'>2.</span> 
     </span>
    </p>
   </div>
  </div>
 </body>
</html>
