2533 3920
2395 98 2467 136 672
2502 76 2505 114 ²

1521 172 1618 221 nysii
1633 170 1774 215 abbati,
1791 170 1906 206 frater
1921 172 2148 206 Bmmrmcs
2161 170 2469 213 Clarae-Vallensis
2501 194 2504 251 f

1526 239 1682 268 vocatus
1699 229 1834 275 abbas,
1851 229 2009 266 salutem
2030 237 2067 265 et
2087 229 2341 267 dilectionem.
2502 261 2503 273 ,

401 105 471 141 671
1154 102 1189 135 S.
1221 97 1476 135 BERNARDI
1510 95 1710 132 ABBATIS

392 194 478 219 rens
494 188 519 217 ¹.
535 183 625 217 Haec
642 178 776 227 cogita,
793 176 1047 220 dilectissime,
1065 183 1102 211 et
1114 175 1192 211 haec
1210 175 1398 212 meditare
1411 171 1462 189 ³³⁴³

386 241 542 291 jugiter,
564 248 601 275 et
625 239 661 274 in
682 236 797 274 corde
821 245 884 272 tuo
908 234 1082 271 describe
1110 248 1167 280 ea,
1197 247 1266 271 nec
1287 248 1308 270 a
1328 245 1407 270 me-
1423 232 1454 266 A

390 301 509 337 moria
533 308 598 336 tua
613 298 801 334 ullatenus
823 295 1014 332 recedant.
1036 295 1143 331 Vale.

390 431 1402 448 ιιιιιιιιιιιιιιιιιιιιιιιιιιιιιιιιιιιιιιιιιιιιιιιιιιιιιιιιιιιιιιιιιι

495 542 864 600 EPISTOLA
925 539 1313 598 CCCLXlX.³

650 683 698 705 AD
727 681 917 705 §EGERICM
948 680 1131 703 ABBATEM.

389 800 571 832 Gratulatur
583 798 712 839 Sugerio
727 797 766 827 (le
787 795 1008 827 reformatione
1027 795 1163 826 ecclesiae
1182 798 1212 826 S.
1229 793 1399 825 Genovefae

408 854 539 885 feliciter
561 852 719 887 instituta,
742 857 772 881 et
790 857 823 881 ut
846 850 925 880 bene
949 849 1058 890 emptis
1077 849 1219 885 insistat,
1243 848 1396 879 hortatur.

1520 361 1682 407 Oportet
1707 370 1776 410 vos
1797 356 1948 406 operari
1974 369 2092 404 opera
2122 355 2204 405 ejus
2233 357 2298 406 qui
2323 359 2470 409 reliquit
2501 348 2503 386 i

1467 431 1535 454 vos
1551 419 1588 453 in
1610 418 1694 453 loco
1716 419 1822 462 suo*‚
1837 417 1914 453 imo
1933 429 2050 465 opera
2074 417 2229 453 Domini
2253 417 2322 453 Dei
2342 420 2467 468 vestri,
2500 454 2503 459 ,

1466 477 1531 526 qui
1552 476 1597 512 ad
1618 477 1688 513 tale
1710 476 1960 512 ministerium
1983 488 2050 512 vos
2073 476 2196 525 elegit.
2218 479 2275 512 De
2295 477 2469 526 operibus
2500 471 2501 500 }

1467 536 1547 586 ejus
1580 545 1658 580 est,
1680 535 1785 585 quod
1817 535 1974 572 ecclesia
2011 534 2057 571 de
2094 539 2225 572 Monte
2255 536 2469 586 religionem
2500 562 2501 571 1

1466 597 1590 633 induit
1611 605 1647 632 et
1668 596 1868 632 decorem:
1898 594 1965 631 ubi
1989 608 2058 630 vos
2091 594 2244 631 novella
2270 595 2333 632 illa
2353 596 2469 646 'plan-

1469 657 1560 693 tatio
1582 656 1862 692 consiliatorem
1882 663 1917 691 et
1938 655 2200 691 auxiliatorem
2220 667 2397 704 magnum
2416 656 2470 696 i*
2499 670 2501 675 ·

1466 717 1582 753 venit.
1599 716 1881 765 Supplicamus,
1898 723 1941 751 ut
1956 715 2061 764 quod
2081 714 2180 751 bene
2200 715 2378 764 coepistis,
2392 729 2470 756 me-

1466 775 1539 812 lius
1555 775 1828 812 consummetis
1840 804 1849 820 ,
1870 783 1907 810 et
1920 774 2126 825 opponatis
2146 787 2215 811 vos
2232 787 2382 811 murum
2401 780 2469 827 prb

1467 835 1583 871 domo
1604 835 1739 880 Israel,
1761 843 1803 871 ut
1832 848 1908 870 non
1946 834 2152 884 praevaleat
2182 833 2311 870 homo.
2332 835 2471 885 Digne-

1467 894 1559 930 mini
1584 894 1697 930 etiam
1722 895 1911 930 consolari
1937 893 2111 931 abbatem
2141 894 2215 931 loci
2241 894 2369 930 illiuse
2387 895 2471 945 quia
2497 902 2501 936 i

389 963 659 1003 Amantissimo
682 961 781 1011 patri
799 968 835 996 et
850 959 1006 996 domino
1023 963 1204 1004 Scomuo,
1228 959 1296 996 Dei
1313 971 1401 1007 gra-
1424 952 1452 986 B
1472 954 1723 1004 pusillanimis
1740 962 1795 990 est
1816 969 1823 990 ἔ
1848 955 1937 1003 qula
1950 955 2001 990 Sic
2019 955 2198 991 CODVGUit
2216 954 2356 990 ῙΙΟΠΟΓῘ
2379 967 2466 1005 Ρθῐ·ὸ
2497 968 2500 975 ’

1469 1025 1571 1049 sonae
1591 1021 1740 1058 vestrae,
1755 1021 1791 1049 et
1812 1013 1922 1049 saluti
1944 1013 2081 1050 animae
2107 1021 2258 1058 vestrae,
2276 1021 2314 1049 et
2326 1013 2468 1064 specia—
2516 1032 2518 1034 ·

448 1024 501 1060 tia
535 1020 745 1059 venerabili
775 1018 903 1055 abbati
933 1018 1256 1067 Beati—Dionysii,
1287 1018 1403 1054 frater

450 1087 674 1119 Bam-Annis
701 1080 747 1116 de
768 1079 1030 1125 Clara-Valle,
1060 1078 1219 1115 salutem
1249 1085 1286 1113 et
1317 1089 1405 1113 ora-

452 1143 574 1178 tiones
591 1139 620 1177 ¹³.

450 1254 676 1291 Benedictus
698 1257 821 1300 Deus,
840 1253 905 1302 qui
922 1254 962 1289 in
982 1266 1098 1289 manu
1118 1260 1244 1288 vestra
1272 1263 1406 1301 opera-

398 1323 457 1350 tus
479 1322 535 1350 est
555 1314 714 1350 salutem
736 1313 773 1349 in
795 1313 950 1349 ecclesia
968 1311 1343 1351 Sanctae-Genovefae
1359 1310 1376 1325 *
1396 1325 1404 1346 :

397 1382 439 1411 ut
461 1373 598 1410 domus
615 1374 684 1410 Dei
702 1373 966 1410 restitueretur
982 1372 1109 1409 ordini
1126 1381 1163 1409 et
1183 1371 1404 1421 disciplinae.

396 1434 484 1483 Agit
514 1433 624 1470 vobis
654 1434 791 1482 gratias
827 1432 1037 1482 apostolica
1065 1432 1147 1482 ipsa
1173 1431 1404 1476 auctoritas,

395 1494 500 1544 quod
535 1493 696 1530 fideliter
728 1502 765 1530 et
797 1493 1001 1529 efficaciter
1028 1505 1125 1542 opus
1157 1491 1401 1541 magnificum

393 1554 598 1606 incoepistis
620 1568 628 1590 :
660 1554 804 1603 agimus
828 1561 865 1589 et
889 1566 959 1590 nos
979 1567 1073 1603 quas
1093 1565 1296 1603 possumus
1313 1564 1402 1600 gra-

395 1614 483 1659 tias,
511 1622 547 1651 et
568 1613 800 1663 quicumque
821 1617 944 1650 Deum
967 1613 1128 1663 diligunt
1157 1613 1195 1649 in
1229 1612 1399 1648 veritate.

395 1678 588 1723 Rogamus
616 1673 744 1722 itaque
780 1672 957 1709 obnixius
992 1682 1029 1710 et
1062 1673 1322 1723 postulamus,
1361 1679 1402 1707 ut

396 1733 605 1770 secundum
635 1732 929 1782 apostolicarum
958 1741 1131 1769 tenorem
1166 1733 1399 1777 litterarum,
1419 1724 1446 1759 C

395 1794 504 1844 operi
524 1807 705 1830 manuum
726 1802 939 1830 vestrarum
961 1794 1156 1830 dexteram
1174 1793 1395 1843 porrigatis:

394 1863 436 1890 ut
460 1853 566 1903 quod
594 1853 792 1902 magnifice
810 1862 976 1903 coeptum
1001 1862 1075 1900 est,
1097 1862 1232 1890 vestrae
1254 1852 1402 1901 Magni—

394 1913 537 1951 tudinis
553 1926 671 1963 opera
688 1914 874 1963 prolicere
892 1914 1011 1964 possit
1027 1914 1063 1950 in
1080 1914 1172 1959 dies,
1190 1922 1227 1950 et
1242 1913 1400 1949 feliciter

392 1973 661 2010 consummari.
683 1977 767 2010 Jam
789 1987 859 2024 pro
881 1974 1037 2010 ecclesia
1058 1973 1368 2012 Sancti-Victoris
1385 1979 1398 1995 ⁶

393 2033 613 2070 charitatem
645 2041 809 2070 vestram
841 2034 1042 2070 sollicitare
1072 2033 1309 2083 superfluum
1332 2032 1398 2081 ju-

393 2093 563 2129 dicamus
593 2107 600 2129 :
632 2092 721 2142 quia
749 2094 920 2130 omnium
954 2093 1197 2130 ecclesiarum
1227 2092 1402 2129 custodia

391 2151 500 2188 vobis
518 2152 718 2189 commissa
738 2166 819 2191 esse
840 2153 1087 2202 dignoscitur.
1112 2152 1183 2190 Sed
1205 2152 1260 2189 his
1281 2151 1400 2189 debe-

392 2221 453 2249 tur
481 2212 657 2262 amplius,
679 2226 838 2262 quarum
876 2214 1009 2263 religio
1037 2213 1202 2264 amplius
1230 2212 1400 2249 noscitur

391 2272 574 2323 indigere.

391 2399 1403 2409 ======================================================================

505 2505 889 2562 EPISTOLA
940 2497 1295 2565 CCCLXXJ

774 2648 819 2669 AD
849 2648 1022 2672 Ecatnmi.

583 2741 751 2771 Ecclesiam
767 2741 806 2772 de
824 2745 936 2773 Monte
955 2742 983 2773 ei
1005 2743 1212 2775 commendat.

393 2847 618 2885 Cliarissimo
639 2847 738 2896 patri
757 2855 794 2883 et
813 2847 969 2885 domino
982 2852 1402 2897 Suonmoffleati-Dio-

443 2990 453 3006 ¹
470 2983 580 3015 Jacobi
595 2994 643 3021 w,
668 2986 720 3013 15.
740 3001 783 3005 —
800 2989 812 3004 ²
829 2987 904 3015 Luc.
925 2997 1014 3016 xv111
1027 3009 1034 3023 ‚
1053 2990 1106 3018 27.

1469 1072 1555 1109 liter
1568 1072 1607 1108 in
1631 1081 1804 1122 tempore
1823 1073 1910 1109 isto.

1515 1211 1641 1220 sxnwxmxs
1647 1211 1755 1220 ========
1761 1210 2164 1220 msssxutsssxsunsvuntsssws
2169 1211 2432 1222 ιιιηνικκιικιωι
2437 1213 2473 1223 nu

1575 1326 1957 1383 EPISTOLA
2010 1316 2389 1385 CCCLXXI.‘

1851 1482 1897 1504 AD
1927 1481 2100 1504 EUMDEM.

1469 1598 1637 1630 Dissuadet
1659 1598 1893 1629 matrimonium
1907 1598 1989 1630 inter
2013 1598 2112 1630 hlium
2132 1598 2254 1629 comitis
2275 1597 2473 1640 Andegaveu-
2491 1621 2495 1646 3

1516 1653 1556 1683 sis
1574 1660 1604 1683 et
1622 1652 1717 1683 filiam
1738 1653 1818 1694 regis
1838 1655 2051 1691 Francorum,
2073 1651 2114 1683 ob
2133 1651 2390 1695 impedimentum
2405 1663 2472 1686 eou-

1515 1706 1739 1748 sanguinitatis.
2490 1700 2494 1712 ’

2491 1807 2497 1819 2

1468 1827 1636 1864 Domino
1651 1826 1779 1864 abbati
1794 1828 2106 1877 Beati—Dionysii,
2126 1828 2241 1865 frater
2254 1831 2471 1867 anmunus
2489 1825 2497 1872 ,’

1580 1886 1627 1924 de
1644 1888 1898 1933 Clara-Valle,
1918 1888 2079 1924 salutem
2099 1895 2137 1924 et
2156 1888 2364 1926 orationes.

1517 2015 1575 2052 Sic
1586 2015 1725 2065 scripsi*
1735 2014 1783 2051 ad
1797 2014 1996 2052 dominum
2010 2018 2152 2064 Regem
2166 2030 2174 2052 ε
2187 2032 2202 2048 α
2216 2018 2321 2066 Opus
2335 2013 2470 2064 grande

1470 2094 1485 2108 »
1505 2083 1542 2112 et
1572 2088 1669 2111 onus
1694 2074 1958 2112 inaestimabile
1982 2075 2219 2125 suscepistis,
2246 2074 2350 2125 quod
2374 2088 2394 2112 a
2412 2087 2490 2112 ne-·

1468 2154 1482 2169 n
1503 2136 1620 2181 mine,
1639 2135 1712 2172 nisi
1727 2135 1855 2172 divina
1873 2136 2025 2182 virtute,
2041 2136 2160 2186 possit
2179 2135 2336 2187 portari.
2354 2138 2471 2186 Supra

1467 2213 1482 2229 »
1503 2197 1604 2233 vires
1635 2204 1692 2233 est
1729 2195 1896 2233 hominis
1926 2197 2125 2246 negotium
2155 2196 2353 2233 vestrum*
2375 2210 2383 2232 :
2408 2195 2491 2237 sed}

1468 2274 1482 2289 υ
1503 2260 1585 2294 Deo
1607 2256 1713 2292 facile
1728 2263 1803 2301 est,
1826 2255 1930 2305 quod
1947 2255 2167 2293 hominibus
2188 2264 2244 2293 est
2260 2254 2489 2306 impossibid

1470 2334 1484 2350 »
1505 2317 1539 2354 le
1552 2322 1577 2353 ².
1597 2317 1633 2355 Si
1647 2316 1727 2352 haec
1747 2316 1863 2361 scitis,
1875 2316 2089 2352 cavendum
2107 2315 2218 2352 vobis
2235 2327 2470 2366 summopere

1469 2396 1482 2408 ι
1507 2386 1582 2422 est,
1605 2390 1652 2413 ne
1673 2390 1748 2426 qua
1768 2376 1969 2414 occasione
1987 2385 2063 2413 tam
2082 2377 2336 2414 necessarium
2357 2375 2488 2427 repel-·

1470 2454 1483 2470 »
1504 2437 1588 2473 latis
1614 2436 1817 2482 auxilium,
1839 2449 1887 2473 ne
1907 2449 1982 2486 qua
2010 2436 2251 2486 suggestione
2276 2439 2398 2474 Deum
2416 2434 2471 2475 of-

1472 2574 1486 2588 »
1506 2570 1598 2593 sam.
1618 2556 1859 2603 Cavendum,
1876 2557 2031 2606 inquam
2044 2586 2053 2603 ‚
2081 2570 2184 2594 nunc
2204 2556 2388 2602 maxime,
2411 2561 2487 2597 ηιξ-ἱ

1471 2634 1485 2649 υ
1506 2616 1660 2666 quando
1677 2625 1909 2667 provocatus
1929 2630 1950 2654 a
1968 2617 2079 2654 vobis
2094 2617 2281 2654 irascatur
2298 2620 2418 2664 Deus,
2434 2614 2489 2667 et,⁴

1473 2694 1487 2707 -›
1508 2684 1653 2713 avertat
1679 2676 1811 2713 faciem
1841 2690 1946 2714 suam
1969 2690 1990 2714 a
2012 2676 2144 2724 vobis,
2165 2690 2207 2714 ac
2233 2689 2388 2714 manum
2412 2677 2484 2718 te-»i

2499 2149 2514 2158 Ἰ

1418 2501 1451 2535 D
1471 2513 1485 2529 »
1507 2495 1687 2541 feudatis,
1709 2504 1747 2532 et
1765 2495 1923 2545 gratiam
1945 2495 2026 2545 ejus
2043 2495 2154 2533 vobis
2168 2495 2336 2533 reddatis
2354 2495 2505 2541 insen-1:

2503 2631 2510 2653 l

1471 2754 1484 2768 n
1508 2737 1629 2773 trahat
1645 2735 1836 2786 adjutorii.
1859 2737 2054 2787 Siquidem
2073 2737 2287 2787 periculum
2305 2736 2376 2773 hoc
2396 2747 2469 2772 non
2496 2753 2497 2758 ¹

1472 2815 1486 2830 )›
1508 2796 1554 2833 ad
1585 2797 1708 2832 solum
1735 2799 1876 2846 Regem
1907 2805 2075 2847 spectat,
2098 2796 2164 2834 sed
2190 2796 2238 2833 ad
2261 2795 2468 2833 universam
2490 2787 2509 2819 '¹‘

1471 2875 1485 2890 »
1508 2857 1714 2894 Ecclesiam
1741 2857 1833 2894 Dei:
1852 2858 1941 2907 quia
1960 2870 2006 2894 ex
2024 2857 2097 2894 hoc
2114 2855 2196 2907 jam
2216 2864 2342 2894 vestra
2361 2863 2398 2893 et
2413 2861 2482 2905 to-¹

2498 2855 2508 2922 l

2501 2940 2505 2949 .

2499 2954 2505 2967 Ι

2478 2974 2482 2993 ⁵
2496 2970 2506 3017 l

441 3049 456 3065 ὃ
475 3043 560 3074 Alias
575 3042 705 3084 epistola
722 3046 785 3074 356
804 3054 811 3074 2
830 3054 898 3085 quse
916 3056 990 3076 vero
1011 3054 1103 3078 autea
1127 3051 1193 3080 369
1213 3057 1300 3089 erat,
1327 3064 1409 3086 nunc
1428 3058 1506 3087 338.
1523 3056 1643 3099 Scripta
1661 3056 1741 3087 circa
1759 3067 1876 3088 annum
1901 3059 2002 3089 1147.

441 3089 457 3111 ¹³
475 3099 542 3126 Hac
556 3095 703 3137 precandi
723 3094 856 3127 formula
874 3097 917 3128 uti
932 3098 1009 3129 solet
1032 3102 1207 3134 Bernardus
1220 3105 1386 3138 scribendo
1408 3109 1448 3140 ad
1466 3109 1641 3151 Sugerium.
1661 3127 1705 3131 —
1719 3114 1732 3130 ⁰
1751 3109 1834 3141 Vide
1859 3110 2025 3152 epistolam
2056 3112 2134 3142 410.

441 3150 456 3170 ‘¹
472 3149 556 3180 Alias
579 3149 708 3190 epistola
724 3152 787 3180 357
815 3160 822 3181 :
845 3161 914 3192 quae
933 3162 1005 3183 vero
1022 3160 1111 3185 antea
1127 3159 1194 3187 370
1211 3165 1276 3189 erat
1290 3183 1296 3196 ‚
1320 3170 1404 3192 nunc
1419 3165 1497 3194 337.
1518 3162 1638 3204 Scripta
1653 3162 1733 3193 circa
1752 3172 1867 3194 annum
1887 3166 1897 3194 1
1912 3165 1987 3194 147.
2003 3182 2049 3186 —
2062 3163 2208 3195 escilicet
2223 3162 2378 3195 Odonem.

440 3195 451 3219 f
466 3201 551 3233 Alias
564 3201 694 3244 epistola
707 3206 770 3234 363
789 3213 795 3233 :
819 3213 887 3245 quse
905 3215 977 3236 vcro
992 3212 1082 3237 antea
1097 3211 1158 3240 371
1179 3217 1242 3241 erat
1258 3235 1264 3249 ‚
1281 3223 1364 3244 nunc
1379 3217 1456 3246 323.
1479 3215 1599 3257 Scripta
1615 3215 1696 3246 circa
1713 3226 1830 3247 annum
1854 3218 1951 3247 1147.
2220 3208 2226 3211 ¹
