2517 3920
353 214 451 250 1359

697 359 874 398 CAPUT
906 360 1017 399 XIV.

623 475 671 504 De
690 473 756 516 lege
774 475 932 511 charitatis
950 475 1095 507 filiorum.

407 592 469 629 37.
491 595 624 642 Itaque
652 607 720 631 1166
749 595 813 631 lilii
838 603 926 633 sunt
944 596 1024 632 51116
1044 595 1146 643 lege,
1172 594 1244 631 11151
1266 595 1362 631 forte

356 650 491 700 aliquis
506 652 615 689 aliter
635 654 772 690 sentiat
789 664 948 704 propter
968 655 1040 691 hoc
1057 653 1163 704 quod
1178 655 1361 704 scriptum

357 719 414 747 cst
431 726 439 747 x
457 714 574 748 lastis
593 726 666 749 non
687 722 739 748 est
760 716 823 749 lew
834 715 960 762 posita
982 720 1006 749 ¹.
1033 714 1106 752 Sed
1138 713 1334 751 sciendum
1351 744 1360 760 ‚

357 771 461 820 quod
481 772 552 808 alia
567 781 623 809 est
644 774 704 809 lex
719 774 960 823 promulgata
973 787 993 810 a
1011 774 1146 824 spiritu
1167 774 1362 812 servitutis

358 831 397 867 in
424 831 579 878 timore;
599 833 670 882 alia
690 847 711 869 a
729 834 864 883 spiritu
885 833 1070 871 libertatis
1098 834 1185 871 data
1215 834 1253 870 in
1275 847 1364 871 sua-—

357 890 485 927 vitate.
509 895 585 928 Nec
603 891 672 928 sub
693 892 755 929 illa
777 902 967 942 coguntur
984 907 1064 930 esse
1085 894 1170 940 filii3
1190 907 1260 930 nec
1282 895 1364 931 sine

357 949 427 986 ista
451 963 531 986 esse
551 951 761 1000 patiuntur.
785 953 848 988 Vis
875 952 1007 989 audire
1029 953 1118 1002 quia
1144 952 1257 1002 justis
1285 968 1363 991 non

357 1017 413 1046 est
449 1010 509 1061 leit
540 1010 700 1059 posita?
734 1013 819 1047 Non
850 1017 1064 1061 accepistis,
1092 1013 1162 1059 ait,
1191 1018 1363 1062 spiritum
1405 1030 1412 1035 ·

353 1073 532 1106 servitutis
549 1072 684 1107 'iterum
703 1076 741 1109 1'11
765 1077 908 1109 amore.
939 1073 998 1111 Vis
1028 1073 1161 1110 audire
1178 1074 1284 1124 quod
1311 1083 1367 1112 ta·
1386 1067 1411 1101 Β

357 1143 444 1168 men
465 1129 546 1166 sine
567 1130 648 1180 lege
668 1131 860 1169 charitatis
887 1146 965 1169 non
993 1133 1069 1170 sint
1084 1134 1104 1169 i‘v
1120 1135 1197 1170 Sed
1219 1139 1367 1183 accepi-

353 1194 440 1235 stis,
462 1190 606 1240 inquit,
626 1195 796 1240 spiritum
825 1196 1042 1243 adoptionis
1058 1196 1230 1242 filiorum
1248 1202 1273 1232 ἒ.
1295 1199 1367 1233 De-

355 1250 471 1299 nique
492 1250 580 1287 audi
598 1249 746 1300 justum
763 1262 971 1304 utrumque
992 1254 1039 1292 dc
1056 1268 1095 1292 se
1112 1255 1311 1303 fatentem,
1329 1265 1368 1293 et

355 1309 459 1360 quod
480 1323 557 1347 non
577 1310 624 1348 sit
641 1311 711 1348 sub
733 1313 814 1362 lege
827 1343 836 1361 ‚
856 1327 927 1351 1166
948 1323 1075 1352 tamen
1099 1316 1146 1352 sit
1166 1315 1248 1353 sine
1269 1316 1362 1366 lege.

355 1371 497 1406 Factus
525 1384 627 1416 sum,
657 1372 804 1422 inquit,
832 1374 889 1410 lzss
922 1376 988 1423 qui
1016 1375 1082 1411 sab
1110 1378 1191 1424 lege
1222 1385 1357 1423 erant,

354 1434 466 1478 quasi
484 1429 551 1465 sub
581 1433 660 1479 lege
688 1445 803 1468 essem
814 1447 830 1477 ;
850 1448 930 1470 cum
957 1439 1037 1484 ipse
1062 1449 1137 1471 non
1157 1450 1273 1472 essem
1294 1435 1360 1472 sub

354 1492 435 1539 lege
453 1504 464 1525 :
481 1491 537 1526 leis
552 1495 618 1538 qui
638 1496 720 1527 sine
739 1495 819 1542 lege
834 1503 956 1539 eram,
977 1504 1158 1543 tanquam
1179 1500 1260 1531 sine
1279 1498 1359 1545 lege

354 1562 495 1594 essem,·
511 1564 591 1586 eum
604 1554 684 1587 sine
698 1555 778 1604 lege
790 1556 864 1590 Dee·
883 1568 958 1590 mm
977 1569 1090 1591 essem
1104 1584 1115 1600 ,
1137 1557 1205 1591 sed
1217 1560 1256 1591 in
1278 1558 1359 1605 lege

353 1622 468 1645 essem
513 1610 647 1647 Christi
661 1609 687 1647 3.
724 1612 836 1649 Unde
866 1622 953 1664 apte
983 1628 1061 1651 non
1088 1614 1239 1661 dicitur,
1259 1615 1357 1652 Justi

351 1682 430 1709 non
450 1669 593 1707 hahent
617 1671 756 1722 legem,
779 1682 867 1721 aut,
892 1676 990 1712 Justi
1019 1684 1108 1712 sunt
1136 1676 1216 1712 sine
1243 1676 1325 1726 lege
1347 1691 1355 1713 ε

353 1729 440 1777 sed,
466 1733 584 1767 lastis
616 1746 689 1768 non
721 1743 780 1769 est.
803 1737 868 1769 lex
897 1740 1050 1784 posita5
1074 1736 1148 1772 1106
1183 1744 1260 1783 651,
1282 1749 1360 1776 non

353 1797 533 1840 tanquam
563 1791 692 1829 invitis
726 1793 927 1843 imposita,
963 1795 1028 1832 sed
1061 1796 1288 1833 voluntariis
1313 1810 1359 1833 eo

1121 218 1155 254 S.
1185 217 1438 253 BERNARDI
1468 216 1669 251 ABBATIS

1363 290 1377 308 G

2336 221 2434 258 1360

1381 291 1412 309 ⁰⁰
1428 305 1566 341 genere
1586 291 1790 328 locutionis
1808 319 1817 337 ‚
1841 304 1918 340 quo
1937 305 2036 341 saepe
2056 306 2168 331 causa
2192 296 2351 345 ponitur
2366 312 2437 348 pro

1381 356 1411 389 A
1430 352 1580 388 effectu.
1605 351 1754 388 Deinde
1771 351 1956 401 cupiditas
1978 360 2068 390 tunc
2088 363 2191 392 recte
2208 369 2229 392 a
2250 370 2437 407 superve—

1430 411 1559 447 niente
1588 411 1772 447 charitate
1797 411 2011 459 ordinatur,
2039 427 2127 450 cum
2156 416 2253 452 mala
2282 418 2438 466 quidem

1430 470 1582 520 penitus
1603 478 1851 519 respuuntur,
1872 470 1984 508 bonis
2003 485 2097 509 vero
2118 474 2277 512 meliora
2299 478 2436 526 praefe-

1429 538 1580 575 runtur‚
1600 543 1672 566 nec
1683 529 1785 567 bona
1799 531 1870 568 nisi
1890 541 2051 582 propter
2067 534 2227 571 meliora
2246 545 2430 586 appetun-

1432 599 1503 626 tur.
1519 590 1630 638 Quod
1645 603 1729 626 cum
1745 591 1857 640 plene
1871 604 1940 641 per
1955 592 2024 629 Dei
2042 593 2202 642 gratiam
2219 604 2432 634 assecutum

1429 650 1566 697 fuerit,
1591 651 1769 700 diligetur
1799 664 1963 702 corpus,
1989 661 2027 689 et
2053 653 2232 691 universa
2261 657 2433 706 corporis

1429 710 1531 747 bona
1558 718 1705 747 tantum
1735 720 1896 761 propter
1918 712 2106 760 animam3
2129 713 2254 751 anima
2280 725 2439 766 propter

1428 772 1574 817 Deum3
1595 774 1699 807 Deus
1718 779 1843 807 autem
1862 779 2022 822 propter
2041 785 2080 809 se
2100 772 2239 823 ipsum.

1788 897 1965 936 CAPUT
1995 897 2087 939 XV.

1488 1020 1535 1049 De
1554 1025 1688 1060 quatuor
1706 1019 1853 1061 gradibus
1872 1020 1987 1051 amoris
2000 1045 2008 1059 ,
2030 1026 2062 1053 et
2083 1020 2165 1055 felici
2185 1027 2266 1054 statu
2285 1024 2394 1066 patriae

1865 1075 2008 1107 coelestis.

1487 1194 1549 1231 39.
1567 1198 1840 1233 Verumtamen
1862 1195 1953 1246 quia
1969 1197 2141 1234 carnales
2160 1210 2293 1235 sumus
2305 1227 2315 1245 ,
2336 1206 2374 1235 et
2393 1198 2439 1236 de

1432 1254 1555 1291 carnis
1583 1256 1896 1306 concupiscentia
1925 1257 2130 1303 nascimur,
2151 1270 2305 1295 necesse
2325 1267 2382 1295 est
2398 1267 2440 1296 ut

1432 1313 1620 1363 cupiditas
1635 1316 1696 1353 vel
1711 1329 1819 1352 amor
1838 1324 1969 1353 noster
1988 1330 2010 1353 a
2027 1330 2141 1354 carne
2155 1312 2335 1368 incipiat}
2355 1332 2439 1369 quae

1430 1374 1461 1410 si
1478 1383 1583 1412 recto
1603 1375 1739 1412 ordine
1761 1375 1951 1426 dirigitur,
1970 1376 2200 1426 quibusdam
2216 1378 2293 1415 suis
2310 1378 2438 1428 gradi-

1428 1434 1499 1472 bus
1521 1436 1617 1473 duce
1637 1438 1756 1487 gratia
1772 1438 1999 1487 proficiens,
2016 1438 2154 1488 spiritu
2177 1438 2330 1476 tandem
2349 1453 2441 1476 con—

1426 1495 1709 1534 summabitur:
1734 1497 1821 1547 q-uia
1851 1510 1930 1534 non
1955 1499 2065 1548 prius
2091 1498 2197 1548 quod
2222 1498 2439 1549 spirituale,

1425 1554 1491 1591 sed
1517 1555 1623 1605 quod
1641 1554 1826 1604 animale3
1846 1557 1986 1594 deinde
2007 1558 2113 1608 quod
2134 1559 2332 1609 spirituale
2347 1566 2374 1596 7.
2393 1563 2440 1597 Et

1424 1615 1532 1664 prius
1547 1629 1700 1653 11666556
1716 1626 1772 1654 est
1787 1626 1988 1668 portemus
2005 1619 2210 1668 imaginem
2228 1619 2437 1668 terrestri53

1424 1674 1562 1712 deinde
1584 1677 1758 1714 coelestis.
1780 1681 1825 1714 In
1845 1678 1979 1727 primis
2001 1691 2092 1728 ergo
2112 1679 2234 1729 diligit
2253 1692 2293 1716 se
2314 1679 2440 1729 ipsum

1422 1735 1544 1773 'homo
1559 1746 1723 1787 propter
1739 1751 1797 1785 se,
1816 1752 1904 1775 caro
1926 1739 2069 1790 quippe
2090 1747 2170 1785 est,
2187 1748 2224 1776 et
2237 1739 2290 1776 nil
2305 1753 2438 1790 sapere

1426 1796 1528 1832 valet
1561 1806 1701 1846 praeter
1726 1811 1776 1835 se.
1805 1802 1976 1848 Cumque
2003 1813 2042 1836 se
2068 1799 2174 1837 videt
2194 1813 2264 1850 per
2290 1813 2330 1836 56
2357 1813 2434 1837 11011

352 1849 561 1887 liberaliter
591 1851 696 1897 data,
720 1866 797 1902 quo
824 1855 991 1891 suaviter
1017 1855 1213 1905 inspirata.
1246 1856 1358 1893 Unde
1377 1858 1403 1893 C
1427 1869 1538 1905 posse
1558 1856 1790 1905 subsistere3
1813 1862 1936 1895 Deum
1960 1859 2066 1908 quasi
2087 1858 2158 1896 sibi
2178 1859 2433 1897 necessarium

351 1918 390 1946 et
405 1910 565 1960 pulchre
580 1911 788 1958 Dominus,
813 1915 966 1958 Tollile,
989 1915 1060 1962 ait,
1075 1916 1210 1964 jugum
1238 1930 1358 1952 meum

351 1983 466 2018 super
482 1971 571 2006 νοςά
592 1985 600 2007 :
620 1985 663 2008 ac
683 1973 712 2008 si
732 1972 875 2010 diceret
889 2003 898 2020 ,
917 1978 1001 2011 Non
1022 1975 1181 2025 impono
1204 1975 1356 2021 invitis,

353 2030 418 2066 sed
439 2043 506 2067 vos
529 2031 647 2068 tollite
665 2032 694 2068 si
710 2033 848 2079 vultis,
869 2035 1039 2084 alioquin
1062 2048 1141 2072 non
1162 2036 1332 2084 requiem
1347 2064 1357 2082 ,

351 2090 417 2127 sed
437 2090 604 2128 laborem
626 2092 827 2130 invenietis
845 2094 1044 2132 animabus
1061 2096 1208 2133 vestris.

406 2152 469 2188 38.
486 2154 588 2187 Bona
609 2152 737 2201 itaque
758 2154 818 2190 lex
839 2155 1020 2203 charitas,
1038 2165 1075 2193 et
1095 2156 1220 2193 suavis
1241 2171 1249 2194 :
1271 2170 1357 2207 quae

351 2225 429 2249 non
466 2212 590 2249 solum
629 2213 763 2250 leviter
797 2216 1041 2266 suaviterque
1075 2225 1265 2267 portatur,
1290 2217 1357 2254 sed

349 2272 462 2308 etiam
492 2284 689 2309 servorum
720 2281 757 2309 et
784 2277 1110 2314 mercenariorum
1140 2278 1240 2327 leges
1260 2291 1356 2328 por-

350 2330 482 2368 tabiles
499 2331 659 2368 acleves
673 2332 811 2380 reddit,
826 2348 920 2383 quas
935 2337 1067 2386 utique
1081 2350 1159 2373 non
1178 2337 1354 2383 destruit,

350 2390 417 2428 sed
439 2390 526 2428 facit
548 2399 589 2427 ut
612 2392 863 2441 impleantur,
884 2394 1034 2432 dicente
1055 2397 1222 2434 Domino
1244 2411 1251 2433 :
1273 2399 1358 2434 Non

350 2456 441 2488 veni
459 2454 574 2500 legem
594 2455 749 2497 solvere,
770 2456 840 2489 secl
860 2457 1068 2505 adimplere
1085 2455 1111 2493 ⁵.
1136 2457 1244 2493 Illam
1265 2465 1359 2494 tem-

349 2520 479 2562 perat,
506 2512 616 2549 istam
643 2512 816 2559 ordinat,
845 2523 1048 2565 utramque
1069 2517 1221 2565 levigat.
1251 2520 1359 2554 Nun-

350 2585 465 2622 quam
485 2572 557 2609 erit
578 2572 740 2610 charitas
755 2573 834 2611 51116
858 2574 1014 2623 timore,
1030 2576 1100 2615 sed,
1113 2584 1217 2613 casto
1235 2590 1243 2612 :
1262 2590 1359 2613 nun-

1427 1916 1561 1966 incipit
1587 1930 1657 1967 per
1681 1917 1796 1954 sidem
1827 1918 2035 1968 inquirere,
2058 1927 2096 1955 et
2115 1919 2284 1969 diligere.
2305 1920 2435 1970 Diligit

1426 1975 1554 2025 itaque
1570 1976 1609 2012 in
1628 1977 1798 2016 secundo
1816 1978 1936 2027 gradu
1952 1982 2074 2016 Deum
2089 2007 2098 2025 ‚
2119 1979 2184 2016 sed
2201 1988 2360 2030 propter
2375 1993 2433 2027 se,

1427 2048 1505 2072 11011
1523 2045 1684 2086 propter
1697 2037 1836 2088 ipsum.
1853 2042 1904 2076 At
1918 2051 2011 2075 vero
2028 2053 2114 2076 cum
2133 2039 2258 2090 ipsum
2277 2041 2435 2091 coeperit

1426 2096 1628 2133 occasione
1662 2098 1829 2148 propriae
1864 2099 2098 2136 necessitatis
2133 2100 2257 2137 colere
2291 2108 2328 2137 et
2356 2100 2432 2137 fre-

1428 2165 1626 2206 quentare,
1643 2158 1862 2208 cogitando,
1878 2159 2055 2209 legendo,
2072 2159 2234 2208 orando,
2252 2159 2433 2198 obedien-

1423 2215 1497 2262 do;
1533 2217 1696 2266 quadam
1726 2218 1991 2269 hujuscemodi
2022 2220 2275 2258 familiaritate
2306 2221 2434 2271 paula-

1424 2276 1490 2312 tim
1522 2277 1739 2328 sensimque
1772 2283 1875 2317 Deus
1903 2280 2126 2328 innotescit,
2157 2289 2434 2331 consequenter

1424 2345 1462 2372 et
1483 2335 1667 2374 dulcescit
1686 2353 1693 2375 :
1714 2347 1751 2376 et
1772 2339 1823 2376 sic
1841 2348 1992 2389 gustato
2006 2354 2122 2391 quam
2143 2340 2269 2378 suavis
2285 2349 2342 2378 est
2358 2344 2434 2378 Do-

1426 2396 1552 2434 minus
1568 2427 1577 2445 ,
1602 2399 1738 2436 transit
1763 2399 1811 2436 ad
1843 2400 1997 2438 tertium
2025 2401 2207 2452 gradum,
2236 2409 2280 2438 ut
2307 2401 2434 2451 diligat

1424 2461 1547 2495 Deum
1562 2488 1572 2506 ,
1588 2473 1665 2497 non
1678 2460 1757 2510 jam
1778 2470 1939 2512 propter
1954 2475 1994 2500 se
2007 2492 2016 2509 ,
2036 2462 2102 2500 sed
2118 2471 2280 2513 propter
2295 2463 2430 2513 ipsum.

1425 2520 1522 2555 Sane
1553 2519 1592 2556 in
1623 2520 1695 2557 hoc
1725 2521 1846 2571 gradu
1877 2521 1944 2559 diu
1977 2531 2100 2559 statur
2121 2537 2130 2559 ε
2151 2531 2190 2560 61
2208 2523 2337 2560 1165610
2357 2523 2386 2560 51
2411 2536 2433 2560 a

1425 2590 1621 2627 quoquam
1634 2580 1836 2617 hominum
1853 2590 2013 2631 quartus
2025 2583 2065 2619 in
2082 2583 2152 2620 hac
2171 2582 2250 2620 vita
2267 2582 2432 2633 perfecte

350 2646 465 2682 quam
481 2633 562 2669 sine
579 2633 805 2684 cupiditate,
823 2634 889 2671 sed
907 2635 1093 2673 ordinata.
1111 2637 1251 2686 Implet
1268 2650 1358 2686 ergo
1378 2644 1410 2678 D
1428 2638 1743 2687 apprehenditur,
1769 2650 1812 2677 ut
1837 2655 1876 2678 se
1899 2642 2041 2680 scilicet
2064 2643 2196 2693 diligat
2218 2643 2334 2680 homo
2356 2650 2433 2679 tan-

352 2692 512 2729 charitas
527 2693 649 2742 legem
665 2693 782 2741 servi,
799 2707 884 2731 cum
903 2695 1071 2732 infundit
1085 2695 1329 2733 devotionem
1348 2711 1356 2733 ε

352 2750 485 2801 implet
502 2761 538 2789 et
556 2753 802 2800 mercenarii,
821 2767 907 2790 cum
926 2754 1078 2792 ordinat
1096 2756 1355 2806 cupiditatem.

354 2812 473 2846 Porro
499 2811 626 2849 timori
648 2813 837 2863 permixta
860 2814 1014 2852 devotio
1040 2816 1165 2865 ipsum
1188 2830 1265 2853 non
1290 2831 1359 2853 an-

354 2869 492 2916 nullat,
507 2871 571 2907 sed
593 2874 784 2911 castificat.
800 2878 914 2912 Poena
936 2884 1081 2912 tantum
1102 2877 1262 2923 tollitur,
1277 2878 1357 2915 sine

355 2941 430 2977 qua
449 2942 528 2966 esse
549 2944 625 2967 non
644 2934 769 2982 potuit
789 2934 880 2971 dum
904 2936 975 2972 fuit
995 2936 1165 2983 servilis3
1188 2945 1225 2973 et
1244 2937 1358 2974 timor

356 2996 485 3024 manet
499 2988 537 3024 in
555 2992 731 3028 saeculum
757 2995 884 3031 saeculi
905 3004 1030 3032 castus
1051 3004 1088 3034 et
1109 2996 1242 3033 filialis.
1263 3000 1357 3034 Nam

355 3047 460 3096 quod
483 3048 638 3097 legitur,
661 3051 834 3098 Perfecta
865 3056 1028 3092 charitas
1045 3055 1155 3104 foras
1184 3061 1296 3092 mittit
1316 3063 1361 3093 ti-

357 3106 671 3158 morem⁰3poena
692 3110 933 3162 intelligenda
954 3126 1028 3162 est,
1052 3131 1137 3166 quae
1157 3116 1303 3164 servili,
1319 3127 1362 3155 ut

343 3166 542 3215 ffliximus,
566 3182 761 3219 nunquam
796 3172 901 3210 deest
935 3175 1086 3224 timori,
1117 3178 1181 3214 1110
1218 3178 1361 3215 56111661

1425 2705 1505 2734 111111
1527 2709 1687 2750 propter
1708 2705 1844 2738 Deum.
1861 2703 2127 2741 Asserantlioc
2148 2704 2179 2741 si
2199 2703 2264 2754 qui
2285 2702 2429 2754 experti

1425 2766 1513 2794 sunt
1529 2773 1537 2795 :
1560 2760 1650 2796 mihi
1665 2789 1675 2806 ,
1691 2761 1824 2809 fateor,
1846 2762 2080 2813 impossibile
2098 2763 2261 2801 videtur.
2275 2763 2355 2800 Erit
2371 2775 2432 2799 au·

1427 2825 1500 2854 tem
1523 2821 1658 2868 procul
1687 2820 1823 2868 dubio,
1846 2836 1932 2860 cum
1956 2824 2199 2861 introductus
2224 2824 2336 2861 fuerit
2359 2836 2432 2860 ser-

1424 2891 1494 2914 vus
1509 2878 1635 2917 bonus
1651 2890 1687 2918 et
1704 2882 1824 2919 fidelis
1840 2883 1876 2919 in
1896 2884 2076 2933 gaudium
2100 2885 2256 2922 Domini
2273 2884 2329 2921 sui
2343 2882 2371 2930 ⁸,
2391 2891 2429 2920 et

1424 2938 1634 2978 inebriatus
1651 2941 1698 2978 ah
1718 2941 1894 2980 ubertate
1913 2944 2050 2982 domus
2071 2945 2142 2982 Dei
2154 2952 2181 2982 9.
2202 2943 2317 2993 Quasi
2331 2943 2428 2981 enim

1428 3001 1525 3037 miro
1542 3001 1709 3051 quodam
1730 3003 1847 3040 modo
1868 3003 2011 3041 oblitus
2029 3005 2106 3051 sui,
2129 3013 2168 3042 et
2184 3018 2206 3042 a
2221 3017 2260 3041 se
2282 3003 2430 3054 penitus

1427 3061 1533 3097 velut
1553 3060 1755 3108 deficiens,
1775 3071 1879 3100 totus
1900 3072 2034 3113 perget
2053 3064 2097 3101 111
2112 3068 2236 3101 Ι)611111
2252 3071 2312 3100 :et
2328 3062 2431 3099 dein-

1429 3133 1517 3169 ceps
1537 3120 1733 3159 adhaerens
1750 3122 1785 3158 ei
1800 3150 1810 3168 ,
1833 3136 1932 3160 unus
1947 3137 2033 3160 611111
2052 3136 2098 3160 60
2127 3123 2282 3173 spiritus
2300 3122 2370 3159 erit
2386 3128 2426 3158 ¹⁰.

1427 3179 1606 3217 Arbitror
1622 3181 1695 3218 1106
1722 3182 1882 3219 sensisse
1902 3184 2133 3233 Prophetam
2158 3196 2244 3220 cum
2262 3181 2400 3218 diceret
2421 3194 2429 3216 :

402 3306 411 3320 ¹
430 3304 443 3330 I
463 3300 546 3332 Tim.
564 3312 575 3332 1
589 3326 597 3340 ,
617 3306 648 3334 9,
666 3321 710 3325 —
727 3309 738 3324 2
755 3308 847 3336 Rom.
867 3316 947 3344 vui,
970 3311 1020 3338 15.
1034 3325 1079 3331 —
1096 3307 1108 3329 ⁵
1124 3313 1138 3340 Ι
1153 3312 1225 3341 (lor.
1243 3322 1297 3348 xx,
1318 3315 1371 3343 21.
1388 3331 1431 3334 —
1448 3314 1461 3339 4
1475 3312 1591 3344 Matth.
1605 3324 1637 3344 xz
1652 3331 1659 3351 ‚-
1677 3318 1732 3345 29.
1747 3333 1792 3337 ——
1808 3312 1821 3335 5
1837 3315 1884 3346 Id.
1901 3327 1931 3353 v,
1955 3318 2005 3346 17.
2021 3313 2096 3338 —5
2110 3319 2124 3347 1
2138 3318 2294 3353 Joan.1v,
2318 3317 2368 3345 18.
2386 3329 2430 3336 -·

350 3356 478 3385 71001·⁴
496 3366 551 3391 XV,
572 3357 625 3387 40.
639 3374 681 3378 —
699 3356 712 3379 ⁸
727 3357 843 3389 Manli,
860 3369 936 3395 xxv,
959 3363 1013 3390 21.
1031 3379 1073 3382 —
1091 3367 1106 3390 9
1126 3363 1205 3393 I'sal.
1222 3374 1323 3401 xum,
1343 3368 1419 3395 5).-—
1440 3370 1469 3386 ¹⁰
1485 3369 1499 3396 1
1513 3367 1584 3397 Cor.
1600 3377 1630 3396 11
1645 3390 1652 3404 ‚
1674 3368 1725 3397 17.
