2533 3920
357 171 430 208 731

1124 170 1159 204 S.
1191 167 1392 203 BERNAR
1399 166 1449 200 DI
1477 164 1681 200 ABBATIS

2375 166 2446 204 732

2499 170 2502 239 l

363 249 430 286 lud
451 244 778 298 pactum,leviter
794 244 1063 294 praevaricari,
1087 244 1159 281 nisi
1175 240 1433 294 grandiex⁵⁰³
1447 254 1534 278 mur
1565 240 1762 287 dubitare,
1798 239 1895 277 male
1929 252 1999 276 vos
2029 252 2162 277 revera
2192 241 2373 291 suspicari
2404 244 2448 283 de
2500 248 2501 287 ἶ

362 322 499 346 causa:
522 307 666 356 quippe
690 318 803 355 quem
824 304 913 341 etin
934 313 1042 342 aetate
1061 304 1203 341 minori
1224 303 1373 340 fidelem
1395 305 1420 336 A
1441 302 1576 347 nobis,
1607 302 1715 352 quasi
1747 301 1813 351 qui
1838 301 1876 337 in
1905 299 2176 338 distributione
2198 302 2450 354 eleemosyna-
2500 303 2502 349 ᾗ

1442 376 1528 399 rum
1560 362 1711 399 comitis
1744 360 2017 411 Campaniaeb,
2055 362 2186 398 amicis
2213 363 2352 401 nostris
2385 364 2450 402 ab-
2500 366 2501 404 ἒ

1442 422 1614 459 sentibus
1654 422 1765 459 amici
1798 435 1876 458 non
1905 422 2170 460 existeremus.
2205 425 2252 460 Et
2281 422 2354 460 hoc
2384 438 2452 463 vos
2500 440 2501 445 ¹

359 370 448 407 satis
474 379 727 416 veracemque
751 379 1027 416 compereram.
1050 370 1127 403 Nec
1155 378 1214 402 mc
1243 364 1375 401 fefellit

358 430 501 481 opinio.
535 432 684 465 Revera
712 427 814 464 enim
843 426 998 477 grandis
1027 426 1228 476 gravisque
1262 437 1375 461 causa

359 499 415 528 est
431 503 515 540 quae
533 498 568 525 te
587 488 743 525 detinet.
760 492 811 525 Ea
830 488 1016 538 siquidem
1036 489 1116 538 ipsa
1136 487 1226 523 vicit
1246 485 1373 522 fortis-

358 552 496 589 simum
524 549 672 595 David,
692 548 841 598 decepit
857 548 1178 598 sapientissimum
1200 547 1374 584 Salomo-

360 626 460 649 nem.
495 610 596 659 Quid
630 610 778 647 dicam?
811 609 1006 658 Numquid
1039 609 1105 658 qui
1139 608 1260 653 cadit,
1298 620 1376 643 non

359 673 512 723 adjiciet
530 681 571 709 ut
588 673 831 721 resurgat?0
850 684 965 720 quam
984 671 1104 706 multa
1123 678 1160 706 et
1179 682 1292 719 quam
1312 681 1376 705 ne-

359 734 519 772 cessaria
546 732 668 770 habeo
696 732 764 768 tibi
786 732 931 768 dicere!
951 730 1017 767 sed
1038 744 1080 767 ca
1099 729 1266 767 scribere
1287 729 1374 765 lon-

357 809 447 846 gum
463 803 530 831 est.
548 797 632 830 Hoc
648 806 738 842 ergo
756 792 928 828 breviter
941 791 1090 827 intimo.
1106 790 1142 827 Si
1159 803 1235 839 qua
1250 789 1373 825 nostri

358 856 505 905 antiqui
524 854 664 891 amoris
687 853 811 889 adhuc
829 853 867 888 in
888 860 923 888 te
943 851 1107 888 scintilla
1124 850 1239 895 vivit,
1258 850 1286 886 si
1306 848 1373 885 tibi

359 916 592 967 quandoque
620 913 807 950 evadendi
838 926 859 949 a
886 912 1099 948 miserrima
1125 911 1189 947 illa
1219 910 1375 960 captivi-

363 986 439 1014 tate
471 986 534 1013 tua
560 988 646 1025 spes
670 974 745 1010 ulla
765 972 965 1018 remansit,
983 972 1013 1008 si
1041 971 1208 1020 denique
1230 983 1372 1007 cassam

361 1039 540 1075 falsamve
563 1049 640 1072 non
666 1034 722 1071 vis
743 1047 823 1071 esse
844 1033 1041 1079 fiduciam,
1060 1045 1174 1082 quam
1198 1040 1232 1068 te
1250 1032 1288 1067 in
1311 1031 1375 1067 tali
1397 1030 1424 1063 B
1446 1027 1579 1063 merui.
1616 1026 1818 1064 Distribuit
1846 1027 1974 1077 itaque
2004 1027 2121 1064 homo
2154 1027 2201 1064 de
2235 1025 2350 1063 rebus
2379 1027 2455 1077 ipse
2502 1069 2505 1076 ¹

359 1111 514 1149 quoque
541 1095 834 1133 conversatione
857 1103 920 1130 tua
938 1094 1095 1130 multam
1112 1092 1254 1129 habere
1269 1091 1377 1128 aiunt.

359 1160 399 1196 in
425 1155 664 1195 orationibus
689 1164 726 1191 et
751 1155 917 1191 amicitia
945 1162 1084 1190 nostrae
1105 1152 1376 1202 congregatio-

364 1220 444 1264 nis;
470 1218 637 1255 revisere
659 1215 977 1253 Claram-Vallem
996 1226 1043 1249 ne
1064 1213 1217 1249 differas
1239 1228 1247 1249 z
1270 1212 1300 1249 si
1328 1220 1379 1248 ta-

363 1293 451 1317 men
474 1288 548 1315 tam
569 1277 666 1314 liber
685 1286 723 1313 et
743 1289 902 1327 compos
925 1275 978 1312 tui
993 1287 1052 1319 es,
1072 1282 1115 1311 ut
1133 1282 1168 1310 te
1186 1287 1204 1309 a
1223 1279 1381 1309 cruenta

361 1342 426 1378 illa
455 1339 595 1385 bestia,
615 1352 700 1388 quae
729 1346 793 1374 tua
815 1336 988 1387 quotidie
1007 1335 1138 1372 onmia
1159 1333 1270 1371 simul
1294 1345 1381 1368 cum

361 1401 545 1451 sanguine
578 1399 713 1435 animae
744 1406 817 1433 tuae
841 1396 1042 1433 effundere
1072 1395 1225 1444 satagit,
1245 1393 1304 1429 vel
1334 1392 1381 1428 ad

360 1472 513 1512 tempus
537 1459 676 1497 audeas
701 1458 913 1495 absentare.
936 1457 1116 1506 Alioquin
1139 1469 1186 1492 ex
1206 1455 1279 1491 hoc
1298 1453 1378 1502 jam

358 1523 513 1560 noveris
544 1530 579 1557 te
609 1534 629 1556 a
665 1528 805 1556 nostrae
845 1518 1092 1555 fraternitatis
1126 1517 1379 1553 familiaritate

359 1596 519 1635 prorsus
543 1582 750 1631 sepositum
768 1609 776 1625 ,
801 1593 870 1616 nec
898 1579 1043 1629 poteris
1060 1579 1179 1623 ultra,
1208 1577 1280 1613 nisi
1305 1577 1381 1613 fru-

362 1654 438 1682 stra
454 1673 462 1688 ‚
489 1642 654 1679 blandiri
675 1640 721 1677 de
741 1641 921 1677 societate
942 1640 1136 1676 bonorum
1163 1654 1170 1675 :
1196 1638 1379 1688 quoniam

361 1705 561 1754 indignum
582 1702 757 1753 profecto
781 1711 815 1738 te
832 1701 981 1751 judicas
1002 1714 1136 1737 eorum
1159 1699 1378 1744 consortio,

364 1777 530 1814 quorum
556 1763 799 1812 acquiescere
824 1774 974 1798 recusas
995 1761 1168 1797 consilio.
1192 1763 1379 1797 Caeterum

1441 483 1639 533 patimini,
1669 483 1759 533 quia
1796 495 1877 519 rem
1911 482 1950 518 in
1986 496 2103 520 manu
2129 491 2260 520 nostra
2292 486 2450 534 positam

1442 544 1556 581 fuisse
1584 544 1749 581 creditis.
1772 547 1915 581 Verum
1939 543 2005 592 qui
2027 543 2254 593 praedictum
2279 545 2450 585 comitem

1444 605 1504 641 vel
1533 617 1590 651 se,
1609 604 1669 641 vel
1691 617 1757 641 sua
1778 611 1887 654 putat
1909 603 2101 640 moderari
2123 612 2256 640 nostro
2277 605 2451 655 consilio;

1444 674 1570 702 certus
1588 679 1671 703 sum
1687 666 1776 715 quia
1797 674 1859 702 aut
1878 678 1937 701 me
1951 694 1960 710 ,
1981 672 2047 701 aut
2062 664 2168 701 illum
2188 677 2266 701 non
2287 664 2374 702 satis
2389 679 2454 704 no-
2501 663 2503 666 ⁴

1444 726 1509 762 vit.
1539 726 1713 776 Denique
1740 734 1776 762 et
1801 724 2007 775 probatum
2036 733 2104 762 est.
2128 725 2330 762 Nonnullis
2350 738 2454 764 nam·
2502 747 2503 753 =

1442 800 1517 837 que
1535 787 1790 831 monasteriis,
1808 786 1873 823 sed
1892 795 1929 823 et
1944 786 2016 836 ipsi
2030 785 2246 836 specialiter
2262 785 2452 836 episcopo,
2492 820 2498 824 .

1442 848 1489 884 de
1506 861 1584 896 quo
1602 861 1676 892 me,
1697 860 1744 883 ne
1765 846 1810 883 de
1829 846 1940 883 vobis
1957 855 2088 896 aperte
2103 846 2364 895 loqueremur,
2381 854 2454 884 tam
2502 895 2505 898 .

1443 920 1576 957 aspere
1606 908 1801 957 tetigistis;
1827 907 2048 957 importune
2073 907 2163 943 satis
2188 914 2226 943 et
2253 905 2455 956 impuden-
2502 904 2505 930 ἶ

1444 975 1502 1004 ter
1528 967 1722 1016 rogitans,
1752 976 1795 1004 ut
1828 967 1972 1016 aliquid
2006 966 2132 1013 daret,
2153 967 2360 1017 impetrare
2380 980 2454 1005 non

1444 1088 1521 1125 suis
1535 1117 1543 1131 ‚
1563 1097 1750 1138 quantum
1770 1089 1915 1134 voluit,
1939 1097 1977 1125 et
1996 1087 2136 1138 quibus
2153 1088 2298 1134 voluit;
2319 1088 2454 1138 partim

1445 1148 1600 1199 quidem
1630 1163 1691 1185 me
1721 1149 1878 1186 vidente
1893 1179 1902 1196 ,
1924 1149 1990 1186 sed
2010 1162 2088 1186 non
2106 1145 2301 1186 dividente
2317 1164 2326 1195 ;
2345 1148 2454 1198 pluri-

1447 1223 1553 1247 mum
1581 1223 1672 1246 vero
1699 1224 1768 1247 nec
1796 1210 1972 1256 vidente,
1993 1224 2072 1247 non
2102 1219 2228 1247 tamen
2252 1209 2455 1247 invidente.
2503 1204 2505 1227 ³

1449 1274 1544 1308 Nam
1562 1279 1600 1307 et
1617 1270 1728 1307 nobis
1748 1271 1904 1308 forsitan
1927 1271 2054 1320 aliqua
2071 1279 2306 1320 extorquere
2320 1269 2458 1321 potuis-

1449 1345 1594 1379 semus,
1613 1332 1643 1368 si
1665 1331 1933 1369 voluissemus.
1956 1334 2039 1368 Deo
2060 1339 2188 1368 autem
2205 1331 2343 1382 gratias
2356 1359 2366 1377 ,
2384 1343 2470 1382 quod

1449 1393 1659 1443 inspirante
1690 1406 1760 1430 nec
1785 1392 1914 1430 oblata
1942 1393 2166 1443 contingere
2188 1392 2456 1443 acquievimus.

1447 1458 1530 1492 Jam
1549 1455 1579 1490 si
1598 1454 1754 1504 dignum
1775 1453 1926 1501 ducitis,
1942 1454 2033 1491 mihi
2050 1455 2179 1505 potius
2197 1454 2244 1491 de
2260 1467 2334 1499 me,
2349 1467 2457 1503 quam

1447 1516 1555 1552 famae
1576 1529 1656 1552 esse
1678 1515 1933 1562 credendum3
1959 1516 2065 1553 nulla
2090 1515 2220 1562 vobis,
2234 1523 2278 1552 ut
2298 1515 2460 1554 arbitror

1447 1576 1596 1613 occasio
1619 1584 1807 1623 remanet,
1831 1590 1900 1613 cur
1921 1577 2056 1613 vestris
2085 1577 2159 1613 illis
2193 1577 2313 1613 solitis
2343 1576 2459 1614 bene-

1448 1637 1560 1684 ficiis,
1589 1651 1674 1687 quae
1710 1637 1821 1674 nobis
1850 1637 2151 1687 improperanda
2177 1650 2258 1674 esse
2285 1637 2459 1688 putastis,
2502 1638 2505 1643 “

1449 1698 1562 1734 50Ιίῐο
1588 1698 1823 1748 indigniores
1849 1699 1908 1735 vel
1927 1711 2017 1746 nos,
2042 1698 2102 1735 vel
2118 1699 2343 1749 episcopum
2359 1698 2460 1747 judi—
2502 1701 2506 1732 Ξ

1451 1759 1554 1796 cetis.
1594 1759 1736 1797 Scitote
1777 1767 1903 1795 tamen
1927 1767 2080 1809 paratos
2108 1772 2178 1796 nos
2201 1758 2460 1809 aequanimiter
2503 1788 2511 1813 ¹:

365 1826 395 1862 si
427 1825 559 1862 venire
597 1837 674 1860 non
702 1823 914 1872 pigritaris,
949 1821 1103 1858 confido
1144 1829 1179 1857 te
1213 1834 1283 1870 per
1312 1819 1383 1856 Dei
1403 1821 1428 1857 C
1450 1831 1604 1867 carere,
1633 1819 1822 1869 quidquid
1846 1818 1988 1857 habere
2006 1833 2084 1857 non
2105 1820 2331 1857 meruimus.

365 1884 664 1922 misericordiam
681 1913 690 1929 ,
722 1883 945 1933 priusquam
982 1881 1152 1918 discedas
1188 1895 1208 1917 a
1246 1879 1380 1926 nobis,

363 1945 592 1983 solvendum
615 1958 635 1981 a
656 1945 790 1981 mortis
811 1943 997 1993 compede
1013 1956 1091 1992 quo
1111 1942 1263 1979 teneris.

362 2085 1383 2098 ιιιιιιιιιιιιιιιιιιιιιιιιιιιιιιιιιιιιιιιιιιιιιιιιιιιιιιιιιιιιιιιιιιιιιι

513 2206 885 2262 EPISTULA
949 2202 1235 2263 (ΖΒΧΨΙ.ἐι

713 2371 761 2392 ΑΒ
791 2371 1048 2395 ΙΝΟΟΟΝΙΤΠΜ.

360 2491 581 2533 Eleemosynas
595 2489 717 2520 comitis
734 2489 911 2521 Theobaldi
931 2500 949 2521 a
965 2500 997 2521 se
1012 2501 1077 2521 non
1094 2489 1189 2520 fuisse
1205 2487 1386 2520 distributas

813 2550 933 2576 asserit.

418 2659 620 2697 Mordaces
641 2660 800 2706 litterae,
824 2673 920 2709 quas
954 2673 1061 2696 more
1084 2667 1212 2696 vestro
1241 2659 1387 2696 dudum

365 2720 476 2758 nobis
508 2721 662 2757 misistis
678 2750 687 2766 ,
710 2734 880 2757 morsum
903 2734 972 2757 vos
995 2719 1120 2757 cordis
1143 2720 1223 2770 pati
1249 2720 1388 2769 signifi-

364 2791 461 2819 cant.
487 2785 581 2818 Nam
603 2782 729 2831 primo
755 2782 910 2832 quidem
928 2811 936 2827 ,
961 2795 1048 2819 cum
1073 2794 1142 2817 vos
1164 2789 1388 2831 putaremus

364 2845 403 2880 in
424 2843 477 2879 eis
499 2856 577 2878 non
599 2843 700 2878 serio
722 2842 841 2891 loqui,
858 2842 924 2878 sed
949 2841 1073 2888 nobis,
1091 2850 1134 2878 ut
1156 2842 1303 2888 soletis,
1321 2856 1388 2878 vo-

364 2903 477 2949 luisse
499 2901 641 2950 jocari,
664 2902 760 2938 forte
782 2916 803 2938 a
826 2902 1000 2951 partibus
1022 2902 1158 2939 vestris
1179 2902 1386 2940 adveniens

367 2963 577 3000 monachus
599 2962 756 3012 aliquis,
777 2963 900 2999 inanis
917 2971 1058 2999 nostrae
1076 2963 1176 3000 illius
1193 2964 1388 3013 opinionis

365 3024 545 3061 nebulam
575 3023 701 3060 solvit.
735 3023 930 3072 Siquidem
955 3037 1043 3060 cum
1070 3023 1116 3060 de
1145 3024 1280 3061 litteris
1314 3026 1386 3062 illis

365 3084 458 3121 nihil
482 3091 569 3120 ante
598 3092 869 3131 cognosceret,
887 3092 1028 3134 praeter
1049 3098 1113 3129 ea,
1137 3098 1222 3134 quae
1247 3085 1294 3122 de
1319 3100 1386 3123 ore

363 3153 498 3182 nostro
527 3143 719 3189 audierat,
739 3144 839 3194 ipsas
863 3145 992 3190 aliter,
1017 3145 1082 3182 sed
1111 3147 1316 3193 veraciter,
1341 3148 1386 3184 li—

364 3214 422 3242 cet
446 3205 640 3251 nesciens,
659 3204 859 3254 exposuit,
882 3205 933 3241 ita
954 3204 1085 3254 utjam
1108 3206 1266 3244 minime
1288 3208 1387 3245 sina-

1725 1961 1869 1970 ===u=x=1=
1875 1961 2393 1971 v=x======v=xxu====m=sx=v===uuw=¹=
2399 1962 2461 1972 nuum

1586 2085 1970 2142 EPISTOLA
2031 2084 2345 2144 CDXVII.c

1573 2242 1622 2264 AD
1654 2241 1828 2264 ABBATEM
1859 2242 1909 2265 DE
1938 2242 2362 2267 TRUNco-BERERGARII.

1526 2362 1667 2391 Fratrem
1683 2358 1851 2390 Dodonem
1868 2357 1908 2390 ab
1923 2369 1960 2390 eo
1976 2358 2115 2391 humane
2135 2359 2233 2402 recipi
2247 2360 2396 2402 postulat.

1453 2472 1712 2510 Dilectissimo
1728 2472 1837 2509 fratri
1853 2481 1891 2509 et
1903 2471 2080 2510 coabbati
2095 2486 2166 2510 suo
2179 2476 2227 2512 G.
2242 2472 2289 2510 de
2301 2477 2466 2511 Trunco-

1507 2534 1725 2584 Berengarii
1738 2564 1747 2580 ‚
1769 2535 1886 2571 frater
1900 2538 2133 2572 Bnnmnnus
2154 2534 2201 2571 de
2216 2534 2464 2582 Clara—Valle,
2502 2564 2505 2570 .

1508 2596 1668 2633 salutem
1686 2595 1724 2632 in
1749 2595 1928 2632 Domino.

1772 2692 1787 2699 s

1508 2723 1622 2762 Unde
1638 2724 1754 2760 frater
1767 2723 1880 2761 Dodo
1894 2732 2064 2761 nostram
2080 2724 2359 2775 simplicitatem
2376 2735 2466 2761 con-⁴

1457 2784 1598 2821 sultum
1616 2784 1744 2830 venit,
1764 2784 1837 2820 tale
1858 2797 1879 2820 a
1899 2783 2012 2821 nobis
2032 2784 2254 2832 consilium,
2272 2784 2351 2821 imo
2362 2782 2465 2834 judi-

1457 2845 1556 2882 cium
1582 2844 1806 2894 reportavit.
1826 2847 1920 2882 Cum
1946 2845 2089 2881 nullam
2117 2844 2295 2882 idoneam
2318 2855 2464 2881 causam

1455 2905 1645 2951 attulerit,
1662 2918 1731 2941 cur
1752 2905 1878 2941 locum
1901 2918 2011 2942 suum
2033 2913 2072 2942 et
2094 2905 2278 2943 Ordinem
2296 2904 2465 2942 deserere
2501 2903 2504 2911 ’

1454 2966 1565 3011 velit3
1602 2966 1707 3002 nulla
1742 2964 1854 3003 nobis
1883 2965 1964 3002 visa
1999 2974 2056 3002 est
2092 2966 2190 3003 ratio
2222 2965 2462 3016 permittere,

1456 3026 1562 3076 quod
1596 3026 1644 3063 ad
1683 3026 1800 3063 alium
1836 3026 1998 3063 transire
2031 3025 2182 3064 debeat.
2211 3030 2307 3065 Nam
2334 3032 2503 3063 votum't

1453 3087 1547 3124 illud
1565 3116 1574 3133 ‚
1604 3087 1708 3137 quod
1737 3100 1776 3124 se
1810 3088 1918 3137 prius
1952 3087 2085 3125 fecisse
2113 3087 2205 3125 dicit
2218 3085 2300 3135 ‚⁴de
2325 3100 2402 3138 quo
2427 3092 2465 3123 et

1455 3148 1620 3185 maxime
1641 3148 1698 3184 sui
1720 3148 1891 3198 scrupuli
1912 3148 2151 3185 occasionem
2174 3148 2356 3198 sumpsit;
2379 3158 2461 3184 cum

1455 3209 1535 3246 sola
1551 3208 1802 3258 cogitatione,
1825 3217 1890 3245 aut
1909 3209 1997 3258 plus
2017 3209 2131 3246 etiam
2148 3207 2291 3254 verb'o,
2310 3206 2374 3246 sed
2394 3206 2463 3243 hoc

411 3335 424 3349 ²
446 3333 585 3376 Epistola
606 3343 700 3363 noxa.
723 3352 763 3355 ο
787 3326 800 3348 ¹'
819 3332 941 3365 Scilicet
959 3333 1147 3365 Theobaldi.
1167 3355 1207 3358 ψ
1223 3340 1236 3356 ⁰
1253 3336 1393 3378 Epistola
1408 3349 1502 3369 nota.
