2517 3920
294 220 393 257 149⁴.)

1066 215 1101 250 S.
1133 213 1386 249 BERNARDI
1414 212 1615 248 ABBATIS

2282 215 2380 251 1500

294 297 386 334 catis
415 307 547 332 eorum
582 292 714 330 altaria
743 292 911 329 cumulat
944 291 1042 328 votis
1058 321 1067 338 ‚
1100 291 1308 339 hostiisque
1320 287 1457 325 ⁴⁵⁷⁷loco
1477 303 1484 326 :
1507 297 1735 339 sumptaque
1754 289 1909 336 fiducia,
1931 299 1968 327 et
1987 303 2065 340 quo
2085 292 2211 341 potuit
2224 302 2384 339 conatu,

293 356 472 407 pacificis.
489 355 548 392 Illi
564 354 636 391 alta
649 353 787 404 palatia
808 353 972 402 erigunt,
992 360 1129 397 turres,
1148 365 1190 387 ac
1209 364 1303 386 moe-
1323 367 1352 399 A
1375 349 1638 399 coepitrepere
1659 348 1795 386 debilis
1817 363 2000 400 corpore,
2021 350 2086 387 sed
2108 351 2180 389 fide
2205 353 2324 389 fortis.
2340 357 2387 390 Et

294 419 357 454 nia
373 416 420 453 ad
436 416 551 452 coelos
572 416 724 451 levant:
746 413 948 450 Malachias
968 426 1046 449 non
1069 411 1212 448 habens
1240 410 1305 447 ubi

293 485 407 527 eaput
423 476 598 520 reclinet,
616 487 713 524 opus
728 474 814 510 facit
832 473 1086 523 evangelistae.
1110 473 1169 509 Illi
1186 484 1305 521 equos

294 537 505 574 ascendunt
531 549 617 572 cum
648 534 758 571 turba
782 534 979 570 hominum
1010 533 1124 583 gratis
1150 531 1307 568 mandu-

293 598 460 634 cantium
476 609 633 646 panem,
651 603 687 631 et
704 608 781 630 non
806 607 916 630 suum
934 608 940 630 :
958 593 1159 630 Malachias
1176 601 1305 643 septus

295 665 514 695 sanctorum
534 657 692 692 fratrum
711 655 869 703 collegio
882 683 890 699 ‚
911 653 1028 704 pedes
1047 653 1200 700 circuit,
1217 667 1305 703 por-

294 726 377 754 tans
409 730 527 767 panes
554 716 808 765 Angelorum,
846 713 984 763 quibus
1016 713 1125 749 satiet
1159 714 1303 750 animas

292 779 513 815 esurientes.
541 776 601 814 Illi
625 774 754 825 plebes
781 788 829 810 ne
861 782 1072 823 agnoscunt
1103 773 1257 822 quidem
1291 789 1299 810 ε

290 839 360 875 iste
381 837 518 874 erudit.
542 836 600 873 Illi
620 843 795 885 potentes
815 842 851 870 et
874 842 1056 882 tyrannos
1076 833 1270 869 honorant
1291 848 1299 870 ε

293 900 362 936 15ῑο
386 898 507 948 punit.
539 900 569 934 O
592 897 715 932 virum
738 895 1013 945 apostolicum,
1047 906 1160 942 quem
1192 902 1248 930 tot
1265 902 1301 930 et

295 960 381 996 talia
403 957 606 995 nobilitant
624 957 729 1005 signa
743 955 979 1005 apostolatus
997 951 1077 991 suil
1096 954 1197 1002 Quid
1211 967 1301 1003 ergo

293 1020 450 1065 mirum,
467 1019 496 1055 si
517 1018 612 1054 mira
631 1025 686 1053 est
707 1024 906 1066 operatus,
930 1015 981 1061 sie.
996 1013 1178 1051 mirabilis
1194 1014 1301 1065 ipse?

1374 422 1461 445 ecce
1489 409 1527 445 in
1559 422 1645 446 aere
1677 409 1821 445 clamor
1848 418 1886 446 et
1908 410 2152 448 vociferatio:
2184 429 2198 444 «
2222 412 2387 449 Prohibe

1376 487 1389 502 υ
1409 482 1518 515 eum,
1540 468 1727 520 prohibe3
1752 469 1873 505 retine
1888 483 1994 516 eum,
2011 470 2131 507 retine
2153 486 2160 508 :
2178 471 2385 509 amittimus

1376 547 1389 562 »
1417 530 1606 580 praedam.
1636 548 1649 563 »
1684 533 1827 567 Verum
1847 530 1878 566 is
1897 543 2011 579 quem
2035 531 2213 580 portabat
2234 532 2326 569 fides
2348 541 2386 570 et

1373 590 1602 627 desiderium
1633 589 1842 636 evadendi,
1880 598 2025 639 quanto
2051 591 2136 640 plus
2168 591 2386 629 clamabant

1372 652 1444 697 illi,
1467 660 1573 688 tanto
1587 651 1704 701 magis
1722 649 1881 700 genibus
1902 650 2153 701 manibusque
2171 652 2315 698 nitenS,
2337 651 2385 689 ad

1371 712 1584 748 remedium
1614 710 1828 748 festinabat.
1864 714 1912 747 Et
1952 712 2181 761 perveniens
2217 712 2388 749 ascendit

1369 773 1572 818 lectulum,
1587 772 1781 809 volutatur
1800 772 1836 808 in
1855 772 2056 819 stramine,
2077 772 2182 809 audit
2200 773 2387 810 ululatum

1369 833 1631 883 plangentium
1649 847 1656 869 ε
1675 850 1689 865 «
1710 836 1813 879 Heu,
1831 832 1923 869 heu!
1943 832 2015 882 ipsi
2037 845 2106 870 nos
2132 833 2388 883 prodidimUS,

1371 911 1386 926 »
1405 893 1553 943 decepti
1569 906 1700 930 sumus
1713 922 1722 939 ,
1744 892 1874 929 evasit.
1894 910 1908 925 υ
1928 896 1974 929 Et
1991 893 2092 929 dicto
2107 893 2216 930 citius
2234 894 2389 931 recessit

1370 953 1417 991 ab
1434 967 1480 990 eo
1502 954 1721 990 daemonum
1741 961 1866 989 terror
1880 961 1917 989 et
1933 953 2075 990 horror
2089 967 2201 1003 quem
2218 953 2387 1004 patieba-

1371 1023 1451 1061 tur,
1472 1022 1509 1050 et
1525 1013 1651 1050 omnis
1673 1012 1815 1063 pariter
1833 1013 2031 1062 aegritudo.
2048 1017 2093 1050 In
2108 1018 2268 1051 Lesmor
2289 1015 2384 1052 civi—

289 1084 371 1118 Imo
394 1093 486 1116 vero
508 1092 585 1115 non
608 1079 707 1128 ipse,
724 1076 789 1113 sed
812 1080 914 1113 Deus
940 1076 978 1112 in
1004 1075 1101 1125 ipso.
1122 1075 1303 1125 Alioquin
1325 1076 1353 1110 B
1375 1083 1449 1111 tate
1474 1075 1590 1111 homo
1608 1087 1627 1111 a
1649 1074 1841 1111 daemonio
1866 1083 2047 1120 vexatus,
2071 1088 2141 1125 per
2161 1076 2386 1113 Malachiam

291 1150 330 1176 tu
352 1154 389 1175 es
407 1143 518 1184 Deus,
540 1138 682 1188 inquit,
701 1136 883 1186 quifacis
903 1137 1096 1172 ιηὶναύίίιά
1116 1143 1141 1173 ¹.

659 1272 836 1313 CAPUT
867 1272 960 1310 XX.

433 1393 666 1435 Energumenos
682 1396 808 1421 vexatos
823 1400 840 1420 a
855 1388 1018 1420 daemoniis
1035 1388 1159 1419 liberat.

343 1510 405 1546 45.
430 1511 520 1545 Erat
536 1507 672 1542 mulier
691 1505 729 1541 in
752 1504 902 1541 civitate
920 1503 1123 1541 Culratim³
1136 1533 1144 1549 ,
1161 1502 1304 1539 (laemo-

294 1569 399 1605 nium
421 1567 575 1604 habens.
604 1570 770 1603 Vocatus
790 1573 847 1600 est
874 1564 1075 1601 Malaeliias
1094 1579 1101 1600 ε
1124 1572 1208 1600 orat
1234 1577 1304 1613 pro

290 1630 459 1675 addicta,
494 1636 604 1677 urget
638 1627 875 1671 invasore1n3
905 1625 992 1661 exit.
1028 1625 1100 1662 Sed
1132 1624 1305 1661 nondum

291 1698 505 1728 exsaturata
523 1688 693 1738 nequitia
717 1686 822 1736 ejus,
846 1686 1021 1723 miseram
1044 1685 1190 1722 invadit
1219 1698 1306 1721 mu-

292 1752 508 1796 lierculam,
525 1763 610 1800 quae
631 1750 728 1785 sorte
750 1761 872 1798 prope
899 1747 1102 1784 assisteret.
1126 1749 1172 1782 Et
1188 1746 1306 1782 Mala—

294 1812 397 1849 chias
415 1828 422 1848 :
447 1829 461 1843 «
483 1815 569 1848 Non
589 1809 726 1846 adhoc
740 1838 749 1855 ,
770 1826 784 1841 »
802 1808 948 1857 inquit,
973 1825 987 1840 «
1006 1806 1074 1843 tibi
1094 1807 1196 1843 illam
1214 1807 1302 1852 tuli,

1377 1135 1560 1172 liberatus
1575 1143 1643 1172 cst.
1660 1138 1756 1172 Item
1777 1135 1987 1171 transeunti
2001 1135 2208 1185 aliquando
2225 1149 2295 1186 per
2310 1140 2387 1173 La-

1374 1197 1537 1246 giniam,
1562 1195 1714 1233 oblatus
1742 1196 1795 1232 illi
1814 1196 1940 1233 infans
1963 1195 2107 1233 habens
2133 1196 2387 1243 daemonium3

1372 1271 1489 1295 sanus
1508 1258 1650 1294 relatus
1671 1264 1740 1293 est.
1760 1259 1804 1293 In
1823 1256 1978 1306 regione
1998 1256 2130 1294 eadem
2147 1257 2300 1307 ligatam
2326 1258 2389 1294 fu-

1373 1317 1486 1355 nibus
1502 1317 1763 1368 phreneticam
1780 1317 1876 1353 solvi
1894 1315 2020 1366 jussit,
2037 1325 2074 1354 et
2088 1317 2126 1353 in
2140 1330 2238 1367 aqua
2249 1347 2259 1365 ,
2271 1331 2386 1367 quam

1371 1377 1590 1425 benedixit,
1609 1378 1740 1414 lavari.
1762 1381 1859 1414 Lota
1878 1385 1953 1423 est,
1977 1385 2015 1413 et
2035 1386 2166 1414 sanata
2189 1386 2257 1415 est.
2278 1379 2386 1416 Alte-

1372 1452 1450 1475 ram
1469 1453 1623 1489 quoque
1638 1439 1675 1475 in
1691 1438 1841 1476 Saballo
1855 1438 2012 1487 regione
2022 1437 2173 1488 Ulydiae
2189 1468 2199 1485 ,
2216 1438 2387 1476 membra

1372 1500 1531 1550 propria
1547 1498 1727 1536 dentibus
1739 1498 1943 1536 laniantem
1959 1527 1968 1544 ,
1986 1498 2134 1535 orando
2146 1507 2183 1535 et
2196 1500 2388 1549 tangendo

1373 1561 1533 1597 curavit.
1547 1564 1749 1598 Amentem
1765 1560 1975 1606 hominem,
1991 1559 2389 1610 multapraedicentem

1374 1621 1522 1667 futura,
1541 1620 1650 1657 amici
1670 1628 1707 1656 et
1727 1620 1936 1670 propinqui
1959 1619 2155 1656 adducunt
2168 1620 2216 1656 ad
2232 1621 2300 1657 Dei
2315 1621 2388 1658 ho-

1373 1682 1514 1718 minem
1528 1711 1537 1727 ,
1561 1681 1730 1717 vinctum
1753 1679 1909 1717 funibus
1934 1680 2106 1726 fortiter,
2124 1680 2228 1730 quod
2248 1681 2386 1718 fortem

1374 1741 1421 1778 ad
1438 1741 1654 1778 nocendum
1677 1739 1800 1777 rabies
1824 1740 1907 1790 ipsa
1927 1740 2096 1784 fecisset,
2117 1747 2154 1776 et
2175 1739 2385 1777 terribilem

1374 1801 1497 1838 valde.
1520 1806 1612 1839 Orat
1633 1801 1855 1847 Malachia53
1877 1809 1914 1837 et
1938 1800 2194 1837 incontinenti
2213 1814 2387 1851 aegersa-

287 1890 301 1905 »
324 1881 364 1909 ut
380 1872 477 1908 hanc.
492 1869 745 1921 pervaderes:
769 1868 830 1904 exi
851 1876 888 1904 et
903 1866 950 1903 ab
968 1880 1023 1903 ea.
1047 1884 1060 1899 »
1079 1870 1212 1913 Paret,
1236 1865 1302 1903 sed
1325 1865 1351 1901 C
1372 1869 1503 1907 natur,
1516 1869 1553 1896 et
1568 1860 1743 1897 solvitur.
1760 1862 1917 1896 Factum
1932 1867 1989 1895 est
2002 1858 2076 1895 hoc
2099 1859 2186 1895 loco
2202 1859 2386 1908 quodam,

290 1932 429 1982 repetit
448 1930 630 1980 priorem.
654 1932 737 1977 Qua
760 1928 888 1964 denuo
911 1928 1057 1977 pulsus,
1081 1927 1244 1963 recurrit
1264 1926 1302 1962 in

290 1993 461 2029 alteram.
500 1994 557 2027 Ita
594 2003 663 2040 per
700 1988 855 2038 aliquod
889 1988 1053 2038 spatium
1086 1986 1302 2023 alternatim

287 2052 564 2096 vexabatillas,
580 2051 668 2086 hine.
694 2049 784 2086 inde
802 2049 1003 2098 refugiens.
1026 2051 1131 2084 Tunc
1152 2057 1302 2084 sanctus

289 2114 492 2163 indignans
518 2111 589 2148 sibi
623 2110 730 2147 illudi
763 2123 783 2146 a
814 2110 1011 2155 daemone,
1044 2109 1303 2158 colligensque

294 2175 471 2225 spiritum
486 2202 495 2219 ,
516 2171 734 2217 infremuit,
759 2179 796 2207 et
820 2170 908 2207 totis
930 2169 1076 2206 viribus
1098 2169 1184 2206 [idei
1205 2170 1303 2206 sacto

289 2236 434 2285 impetu
456 2234 493 2270 in
521 2232 802 2278 adversarium,
825 2230 872 2267 ab
891 2239 1053 2281 utraque
1077 2231 1241 2280 fugavit,
1264 2238 1302 2266 et

285 2296 440 2347 quidem
456 2308 533 2331 non
553 2294 679 2330 minus
697 2301 876 2330 vexatum
897 2292 972 2338 his,
988 2305 1082 2342 quas
1098 2299 1302 2328 vexaverat

284 2358 376 2407 ipse.
401 2358 586 2392 Caeterum
614 2353 718 2404 quod
746 2366 892 2389 moram
925 2353 1012 2389 fecit
1041 2360 1195 2398 sancto,
1222 2365 1301 2387 non

282 2423 412 2465 putes,
431 2415 573 2459 lector,
592 2413 705 2449 fuisse
722 2412 873 2449 virtutis
891 2411 993 2461 ejus,
1012 2411 1076 2448 sed
1099 2411 1300 2461 dispensa-

285 2474 400 2511 tionis
425 2474 563 2510 divinae
588 2488 595 2510 :
621 2481 662 2509 ut
691 2472 869 2509 videlieet
897 2486 943 2508 ex
966 2472 1038 2508 1100
1067 2471 1302 2508 manifestior

283 2537 390 2572 fieret
421 2544 458 2572 et
493 2534 646 2583 maligni
677 2533 903 2584 praesentia,
931 2542 967 2570 et
998 2533 1156 2570 victoria
1180 2534 1300 2570 Mala-

283 2595 386 2632 chize.
413 2595 587 2643 Denique
615 2593 703 2630 audi
722 2593 816 2644 quid
838 2593 926 2630 alibi
952 2593 1101 2639 feeerit,
1130 2606 1207 2629 non
1230 2606 1299 2629 au-
1317 2600 1350 2633 D

285 2665 359 2692 tem
395 2670 464 2706 per
495 2655 736 2705 praesentiam
776 2668 895 2691 suam.
928 2657 975 2691 Et
1009 2654 1140 2703 utique
1175 2653 1302 2704 potuit

282 2730 462 2766 prcesens,
486 2715 591 2765 quod
611 2714 747 2752 absens
772 2715 904 2752 valuit.

339 2777 401 2813 46.
430 2780 473 2813 In
500 2776 654 2825 regione
687 2776 922 2825 aquilonaris
953 2775 1073 2825 partis
1104 2774 1299 2812 Hiberniae

276 2835 427 2885 jacebat
456 2836 630 2872 infirmus
666 2835 705 2871 in
738 2835 872 2882 domo,
909 2849 979 2872 nec
1006 2834 1167 2872 dubium
1201 2835 1295 2885 quin

281 2897 501 2933 daemonum
518 2897 717 2933 maleficio.
731 2900 824 2933 Nam
843 2896 1007 2946 quadam
1023 2905 1134 2933 noete
1151 2896 1297 2933 audivit

280 2970 346 2994 eos
367 2957 586 3006 loquentes,
603 2957 751 2993 dicente
768 2958 888 2994 altero
902 2957 949 2994 ad
966 2958 1127 2994 alterum
1148 2972 1155 2994 ε
1174 2975 1188 2990 <t
1202 2957 1297 2995 Vide

279 3035 294 3051 1>
317 3031 364 3054 ne
389 3017 502 3054 miser
522 3017 594 3053 iste
615 3017 827 3067 hypocritae
855 3018 958 3054 illius
985 3026 1168 3064 stratum,
1195 3026 1295 3054 stra-

283 3096 296 3111 ‹›
319 3091 454 3114 menve
487 3077 707 3127 contingat,
741 3087 778 3114 et
805 3079 857 3115 sic
885 3079 1040 3128 effugiat
1061 3091 1194 3115 manus
1227 3091 1294 3114 no-

282 3155 296 3171 »
309 3149 418 3176 stras.
433 3155 448 3171 »
463 3137 650 3187 Cognovit
664 3137 793 3183 homo,
809 3139 913 3187 quod
928 3139 1151 3175 Malachiam
1166 3139 1296 3188 loque-

283 3207 416 3235 rentur
431 3227 440 3244 ,
472 3212 586 3248 quem
609 3211 686 3234 non
715 3199 836 3234 multo
855 3207 943 3234 ante
964 3199 1002 3234 in
1026 3198 1157 3235 eadem
1179 3198 1296 3235 domo

280 3260 505 3296 meminerat
541 3267 797 3309 pernoctasse.
832 3262 878 3295 Et
906 3258 1029 3296 adhuc.
1061 3267 1227 3296 stramen
1258 3260 1294 3296 in

333 3393 341 3407 ¹
360 3387 440 3418 Psal.
462 3398 578 3426 Lxxvl,
602 3391 653 3418 15.

1369 1920 1477 1969 eujus
1508 1933 1648 1956 nomen
1673 1928 1858 1964 tacemus,
1900 1918 2007 1968 quod
2039 1919 2152 1956 nimis
2179 1918 2386 1956 barbarum

1369 1989 1499 2026 sonet,
1517 1981 1614 2017 sicut
1634 1988 1670 2016 et
1693 1979 1766 2016 alia
1790 1979 1921 2016 multa.
1939 1979 2026 2016 Alio
2039 1987 2211 2029 tempore
2228 1979 2267 2016 in
2285 1993 2388 2030 prae-

1371 2041 1446 2078 fata
1478 2041 1630 2077 civitate
1659 2044 1820 2077 Lesmor
1847 2040 2014 2090 puellam
2045 2048 2189 2076 mutam
2210 2048 2388 2090 parentes

1371 2102 1453 2152 ejus
1470 2102 1509 2138 in
1541 2101 1665 2138 media
1697 2101 1822 2152 platea
1844 2101 2012 2137 offerunt
2039 2101 2278 2147 transeunti,
2298 2114 2384 2138 cum

1371 2164 1491 2200 multa
1520 2162 1800 2213 supplicatione
1831 2170 2027 2212 rogantes,
2049 2170 2091 2199 ut
2118 2161 2153 2199 ei
2178 2161 2385 2200 subvenire

1370 2224 1561 2274 dignetur.
1579 2226 1659 2261 Stat
1674 2223 1878 2260 Malachias
1893 2252 1901 2269 ,
1924 2232 1962 2260 et
1977 2223 2074 2260 facta
2089 2223 2283 2270 oratione,
2297 2231 2385 2260 tan—-

1369 2298 1461 2335 gens
1491 2285 1610 2335 digito
1639 2285 1805 2334 linguam
1830 2283 1935 2333 ejus,
1967 2292 2124 2335 sputum
2144 2284 2247 2322 misit
2276 2284 2316 2322 in
2342 2297 2385 2321 os

1369 2345 1469 2397 ejus,
1492 2354 1529 2383 et
1552 2347 1775 2396 loquentem
1797 2344 1952 2382 dimisit.

1717 2478 1896 2518 CAPUT
1925 2477 2040 2517 XXI.

1451 2595 1608 2627 Beneficia
1625 2594 1822 2626 moribundis
1839 2601 1869 2626 et
1882 2593 2130 2637 parturientibus
2145 2593 2296 2638 praestita.

1429 2716 1492 2754 47.
1514 2715 1655 2753 Exiens
1677 2715 1724 2752 de
1748 2715 1913 2766 quadam
1933 2716 2110 2760 ecclesia,
2136 2713 2296 2752 obvium
2315 2714 2385 2751 ha-

1365 2775 1449 2813 buit
1465 2776 1661 2813 hominem
1685 2790 1770 2813 cum
1790 2790 1910 2814 uxore
1925 2790 2012 2823 sua,
2033 2789 2118 2826 quae
2133 2789 2212 2812 non
2229 2783 2384 2826 poterat

1363 2837 1483 2887 loqui.
1501 2841 1673 2886 Rogatus
1702 2846 1744 2874 ut
1765 2836 1848 2886 ejus
1865 2837 2109 2882 misereatur,
2130 2836 2255 2873 statin
2271 2844 2385 2887 porta

1364 2898 1510 2947 populo
1533 2898 1825 2944 circumstante3
1852 2905 1888 2934 et
1916 2897 2004 2934 data
2024 2896 2292 2934 benedictione
2315 2910 2383 2934 su-

1364 2972 1434 3008 per
1447 2972 1545 3004 eam,
1557 2957 1670 3007 jubet
1687 2958 1917 2995 dominicam
1934 2958 2060 2995 dicere
2074 2957 2300 2994 orationem.
2318 2957 2384 2994 Di-

1365 3019 1419 3056 xit
1434 3019 1514 3065 illa,
1531 3028 1568 3055 et
1589 3019 1757 3068 populus
1777 3018 1973 3055 benedixit
1986 3018 2207 3055 Dominum.
2226 3020 2271 3054 In
2289 3016 2384 3053 civi-

1366 3087 1463 3124 tate,
1484 3079 1545 3115 cui
1566 3092 1706 3115 nomen
1729 3077 1925 3116 Oenthreb
1941 3076 1971 3124 b,
1988 3075 2222 3114 decumbens
2241 3077 2381 3113 lectulo

1364 3139 1520 3189 quidam
1537 3139 1663 3185 dives,
1685 3138 1764 3187 jam
1795 3138 1874 3174 dies
1895 3137 2097 3174 duodecim
2115 3136 2287 3187 privatus
2307 3136 2382 3172 lin-

1365 3213 1448 3249 guae
1472 3199 1620 3245 officio,
1650 3199 1695 3236 ad
1720 3198 1931 3247 jussionem
1960 3197 2148 3234 visitantis
2178 3209 2217 3233 sc
2245 3196 2380 3242 saneti,

1366 3261 1556 3310 loquelam
1580 3267 1799 3310 recuperat,
1823 3258 2089 3294 eucharistiam
2107 3256 2222 3295 sumit
2247 3264 2309 3293 :et
2329 3256 2381 3293 ita

1317 3390 1328 3403 ³
1345 3387 1432 3419 Alias
1446 3412 1453 3426 ,
1476 3387 1637 3420 Callatim.
1658 3408 1699 3411 —
1717 3388 1732 3409 1»
1751 3387 1855 3426 Alias,
1882 3384 2015 3417 Ota-rel).
