2533 3920
392 241 464 277 367

1153 243 1188 277 S.
1220 241 1474 276 BERNARDI
1502 242 1703 277 ABBATIS

388 333 472 356 rare
490 319 700 357 debuerim.
718 320 802 357 Scio
818 320 971 370 quidem
990 320 1078 356 dare
1096 333 1208 369 quam
1224 319 1395 368 accipere
1410 317 1597 369 '⁰⁵⁶aperui
1618 319 1756 355 vulnus
1774 317 1895 353 amieo
1915 332 1921 353 ε
1941 325 2024 363 tua,
2044 318 2172 364 frater,
2193 318 2348 355 interest
2367 333 2469 358 com-

2394 242 2468 280 368

389 380 537 417 beatius
551 394 631 418 esse
645 381 752 427 ¹;sed
771 381 801 417 si
818 381 928 418 detur
939 380 1043 431 quod
1060 380 1166 417 danti
1178 381 1395 424 honestum,
1415 379 1442 412 A
1465 380 1542 430 pati
1563 378 1674 425 mihi,
1691 379 1764 415 hoc
1784 386 1858 424 est,
1877 386 2030 427 portare
2048 391 2195 415 mecum
2213 378 2316 428 quod
2334 380 2470 430 patior,

389 440 589 490 accipienti
624 441 716 478 utile
757 441 804 477 sit
836 456 843 477 :
876 441 989 491 quale
1019 441 1150 490 utique
1182 452 1299 490 penes
1335 452 1394 475 nie

391 501 598 551 quidquam
620 515 700 538 esse
716 502 868 551 penitus
888 501 1027 537 nescio.
1047 500 1157 549 Quod
1185 508 1309 536 autem
1327 499 1396 535 ha-

390 561 482 608 beo,
500 575 637 599 vereor
653 563 683 599 si
701 563 737 598 in
755 562 921 598 medium
942 562 1108 608 venerit,
1127 575 1174 598 ne
1192 570 1226 597 te
1242 573 1395 610 quoque

389 631 540 672 optasse
560 622 653 658 illud
679 621 838 671 pudeat,
868 622 1049 671 poeniteat
1076 622 1299 671 postulasse.
1320 619 1390 657 Sed

390 683 509 733 quid?
525 696 602 719 non
622 683 756 719 melius
771 696 840 719 nos
856 682 957 732 apud
975 690 1008 718 te
1024 690 1062 718 tu
1078 681 1158 731 ipse
1172 680 1392 718 excusabis?

389 744 457 780 Tui
479 742 545 779 tibi
567 752 667 780 certe
687 743 798 779 iidem
825 743 925 779 oculi
953 742 1103 779 faciant.
1120 741 1222 779 Cedo
1249 741 1394 790 impor—

391 804 541 840 tunitati
560 813 652 849 tuse,
670 812 712 840 ut
729 804 784 839 vel
803 803 985 840 exhibitio
1005 803 1110 839 tollat
1123 802 1392 852 suspicionem.

389 868 464 901 Res
478 873 533 901 est
551 878 635 901 cum
650 865 783 901 amico.
799 868 882 901 Non
900 876 1017 913 parco
1032 862 1111 911 jam
1128 861 1369 898 verecundiae
1385 875 1392 897 :

391 939 546 974 prorsus
567 925 656 961 dum
680 926 742 961 liat
761 924 865 973 quod
893 932 929 959 tu
954 923 1031 969 vis,
1058 922 1284 972 insipientiae
1303 934 1396 957 mcae

389 999 464 1020 non
488 984 741 1020 memorabor.
763 988 965 1021 Sermones
984 996 1126 1033 paucos
1146 983 1183 1019 in
1205 981 1396 1032 principio

386 1044 628 1080 (Ianticorum
667 1043 899 1087 Salomonis,
945 1055 1076 1078 recens
1116 1041 1297 1085 dictatos,
1346 1053 1393 1076 en

388 1105 482 1140 l'acio
502 1103 699 1140 transcribi
717 1118 725 1139 :
744 1112 781 1139 et
799 1102 864 1139 tibi
879 1131 888 1147 ‚
909 1115 993 1138 cum
1015 1101 1175 1138 necdum
1194 1100 1392 1146 ediderim,
1413 1100 1441 1134 B

386 1178 498 1214 quam
538 1164 647 1200 citius
684 1164 806 1200 mitto.
835 1167 878 1200 In
911 1176 988 1212 quo
1017 1174 1133 1212 opere
1170 1175 1255 1198 cum
1284 1174 1394 1198 acce-

386 1238 478 1275 pero
500 1234 667 1274 tempus,
689 1224 836 1261 Christo
861 1223 1074 1272 imperante
1095 1222 1214 1267 curis,
1241 1220 1396 1258 tentabo

385 1286 592 1337 procedere
611 1300 618 1321 ;
641 1286 670 1321 si
689 1293 813 1321 tamen
835 1297 894 1320 me
924 1282 1013 1319 inde
1045 1283 1250 1319 confortes.
1272 1286 1395 1319 Dom—

386 1362 476 1385 num
496 1356 532 1384 et
552 1355 697 1397 patrem
717 1354 889 1382 nostrum
910 1344 1081 1381 Priorem
1097 1352 1286 1389 vestrum,
1306 1357 1393 1380 cum

387 1409 531 1447 caeteris
554 1407 751 1453 fratribus,
773 1419 842 1457 per
864 1414 898 1441 te
925 1404 1063 1441 devote
1079 1405 1223 1450 saluto,
1245 1413 1281 1440 et
1301 1417 1395 1454 pro-

385 1471 498 1521 pitios
528 1468 668 1506 habere
703 1468 804 1519 apud
836 1471 960 1504 Deum
992 1465 1108 1503 corde
1141 1466 1274 1502 humili
1301 1478 1394 1516 sup-

386 1533 498 1582 plico.

385 1645 1392 1660 =====================================================================

566 1766 939 1824 EPISTOLA
984 1760 1206 1824 CLIV.a

764 1934 813 1955 AD
841 1933 1016 1955 EUMDEM.

384 2055 456 2084 Non
479 2051 598 2083 licuisse
619 2062 675 2094 per
690 2049 813 2092 negotia
838 2056 919 2082 stare
937 2049 1137 2093 promissioni
1162 2049 1200 2082 de
1222 2050 1391 2082 invisendis

454 2105 714 2140 Cartusiensibus.
727 2104 826 2136 Mittit
839 2105 951 2147 petitos
962 2115 1119 2137 sermones
1134 2104 1166 2135 in
1179 2104 1318 2136 Cantica.

434 2225 680 2262 Dissimulare
701 2238 779 2262 non
800 2225 907 2262 valeo
931 2225 1120 2262 tristitiam
1143 2225 1269 2263 cordis
1290 2225 1390 2273 mei,

383 2300 451 2323 nec
472 2287 596 2336 patior
618 2287 717 2322 ultra
737 2287 853 2323 latere
881 2295 916 2323 te
943 2286 1153 2323 cruciatum
1179 2300 1293 2336 quem
1322 2300 1392 2338 pa—

384 2347 470 2392 tior,
492 2346 681 2383 Bernarde
698 2347 928 2386 charissime.
946 2351 1096 2384 Memor
1111 2348 1278 2397 antiquae
1299 2362 1393 2385 meae

384 2406 668 2456 promissionis,
690 2407 931 2457 propositum
953 2407 1070 2444 habui
1095 2416 1133 2444 et
1163 2408 1394 2445 desiderium

386 2479 562 2515 magnum
584 2467 742 2503 transire
769 2481 838 2516 per
863 2481 950 2514 vos,
978 2468 1143 2504 revisere
1161 2482 1256 2519 quos
1274 2468 1396 2518 diligit

384 2527 509 2562 anima
548 2540 647 2572 mea,
684 2527 811 2563 itineri
848 2541 934 2564 meo
973 2528 1169 2574 solatium,
1200 2528 1396 2565 laboribus

384 2586 576 2631 levamen,
598 2587 762 2637 peccatis
779 2587 990 2624 remedium
1013 2588 1207 2636 postulare
1231 2602 1239 2623 :
1262 2596 1299 2624 et
1315 2588 1396 2623 cul—

384 2647 442 2696 pis
459 2647 550 2683 meis
564 2646 804 2696 exigentibus
822 2647 960 2683 factum
982 2655 1057 2692 est,
1076 2659 1154 2682 non
1171 2655 1212 2683 ut
1230 2647 1394 2692 nollem,

385 2705 450 2742 sed
467 2714 507 2741 ut
524 2719 600 2742 non
618 2719 782 2756 possem.
806 2710 961 2743 Poenam
979 2705 1165 2754 siquidem
1183 2706 1255 2742 hoc
1273 2719 1396 2755 agno-

385 2778 447 2801 sco
473 2766 690 2814 ‹·ul17›arum,
718 2779 795 2801 non
823 2766 987 2814 culpam.
1019 2769 1152 2802 Certus
1180 2766 1250 2811 sis,
1279 2766 1395 2802 homo

385 2825 473 2870 Dei,
493 2825 649 2861 minime
663 2838 822 2874 prorsus
841 2825 951 2862 amici
968 2826 1080 2862 fuisse
1095 2826 1301 2873 incuriam,
1319 2840 1395 2863 non

388 2885 598 2934 pigritiam,
620 2899 697 2922 non
720 2887 985 2936 negligentiam
1018 2901 1025 2922 :
1054 2886 1120 2923 sed
1146 2901 1295 2924 causam
1326 2888 1396 2924 ob-

385 2946 523 2982 stitisse
545 2947 658 2996 plane
679 2960 757 2983 non
775 2947 1057 2997 negligendam,
1081 2956 1118 2984 et
1141 2962 1290 2985 eausam
1312 2949 1394 2986 Dei.

386 3006 639 3043 Nihilominus
669 3015 794 3043 tamen
814 3008 956 3044 vermis
983 3008 1052 3044 iste
1082 3009 1263 3045 continue
1295 3009 1398 3046 rodit

384 3079 464 3113 me,
485 3075 522 3103 et
542 3066 653 3103 dolor
681 3080 787 3104 meus
813 3068 850 3103 in
878 3076 1086 3118 conspectu
1118 3082 1202 3106 meo
1230 3083 1393 3120 semper.

384 3129 432 3163 Et
456 3126 609 3176 quidem
636 3128 726 3164 alias
750 3128 838 3165 satis
863 3127 1026 3165 tribulor
1048 3144 1055 3165 :
1082 3129 1167 3175 sed,
1196 3139 1238 3166 ut
1260 3144 1393 3169 verum

383 3187 515 3232 fatear,
544 3187 582 3223 in
613 3188 718 3223 nullo
747 3201 867 3237 aequc.
892 3189 1016 3225 Vincit
1045 3188 1194 3226 labores
1222 3190 1392 3236 itineris,

384 3246 520 3284 caloris
537 3247 847 3293 incommodum,
867 3262 1042 3285 curarum
1064 3250 1282 3288 anxietates.
1299 3255 1396 3288 Ecce

435 3386 444 3400 ¹
464 3383 535 3413 Art,
555 3392 649 3419 xxti,
669 3384 724 3411 39.

1375 3392 1388 3407 ‘¹
1405 3387 1523 3429 Scripta
1547 3387 1627 3419 eirca
1645 3398 1760 3420 amium
1782 3392 1789 3419 t
1806 3391 1879 3420 1313.
1905 3409 1908 3411 >

1463 449 1503 477 ut
1524 440 1670 477 relever
1692 453 1772 489 ego.
1795 442 1892 475 Tuas
1913 446 1949 474 et
1974 451 2044 488 per
2069 447 2104 474 te
2129 448 2368 486 sanctorum,
2385 454 2470 479 cum

1463 499 1601 548 quibus
1625 513 1682 543 es,
1706 499 1898 535 orationes
1923 498 2085 548 supplex
2107 498 2248 548 flagito.
2269 501 2470 538 Sermones

1462 574 1578 610 super
1595 560 1782 610 principia
1802 558 2044 595 Cantieorum
2056 588 2065 605 ‚
2083 572 2179 608 quos
2197 568 2236 596 tu
2257 560 2416 609 petiisti,
2434 570 2471 598 et

1458 633 1528 669 ego
1553 621 1823 670 promiseram,
1853 619 2067 656 transmitto
2091 619 2159 656 tibi
2177 635 2184 657 :
2203 619 2342 670 quibus
2367 621 2471 660 lectis

1460 689 1569 731 peto,
1601 690 1642 718 ut
1673 694 1785 731 quam
1821 680 1934 717 citius
1962 690 2181 730 opportune
2210 682 2372 731 poteris,
2404 690 2471 720 tuo

1461 742 1646 791 rescripto
1671 755 1896 778 moneamur
1921 742 1980 777 vel
2004 741 2051 778 ad
2076 741 2387 791 procedendum,
2413 743 2469 780 vel

1462 801 1509 837 ad
1531 801 1871 851 supersedendum.

1679 943 1687 951 ι
1695 943 1748 952 xxx·
1755 943 1776 951 κι
1784 943 1894 951 ==x=v==1
1901 943 1965 951 =====
1972 943 1994 951 ει
2001 943 2092 952 ικκγιν
2099 943 2122 951 ιι
2128 943 2180 952 amv-
2187 943 2240 951 ιιιι
2246 941 2470 952 ιινινικςιιιιιυι

1654 1051 2027 1108 EPISTOLA
2091 1041 2286 1113 CLV?

1462 1221 1507 1243 An
1543 1220 1723 1244 nomm-M
1759 1220 1872 1242 parm
1906 1219 2169 1243 INNOCENTIUM
2192 1236 2202 1254 ‚
2238 1221 2310 1245 PRO
2342 1222 2471 1245 nomm

1737 1280 1888 1310 QUANDO
1906 1280 2070 1304 ELECTUS
2085 1280 2152 1304 Es‘r
2168 1268 2197 1305 *.

1460 1397 1656 1430 Bernardum
1682 1396 1721 1428 de
1743 1396 1846 1428 Portis
1859 1421 1867 1435 ‚
1887 1397 1920 1428 in
1939 1396 2129 1429 Lombardia
2150 1398 2340 1431 destinatum
2355 1399 2474 1442 episco-

1507 1463 1583 1494 pum
1594 1476 1602 1490 ‚
1623 1451 1751 1493 dignum
1775 1450 1904 1493 quidem
1921 1461 1957 1482 eo
1973 1450 2094 1483 honore
2105 1476 2113 1490 ‚
2135 1452 2189 1483 sed
2211 1452 2266 1484 tali
2281 1453 2350 1484 loco
2370 1453 2472 1486 minus

1507 1508 1656 1540 idoneum
1673 1519 1680 1546 ;
1700 1507 1833 1550 ideoque
1853 1508 1942 1539 alteri
1958 1508 2194 1540 convenientius
2215 1509 2448 1542 reservandum.

1512 1625 1704 1662 Dilectum
1729 1627 1812 1661 Deo
1839 1631 1877 1660 et
1905 1623 2128 1661 hominibus
2158 1623 2396 1662 Bernardnm
2426 1623 2472 1662 de

1458 1686 1582 1723 Portis
1595 1715 1604 1732 ‚
1628 1689 1740 1723 Pater
1756 1684 1998 1730 venerande,
2018 1684 2223 1722 vocatione
2247 1693 2374 1722 vestra
2389 1684 2473 1735 cogi
2523 1703 2525 1706 ⁴

1459 1745 1507 1782 ad
1532 1759 1630 1796 opus
1654 1754 1692 1782 et
1711 1758 1810 1782 onus
1830 1745 2048 1795 episcopale
2068 1745 2298 1782 audivimus.
2323 1743 2470 1782 Proba-

1460 1805 1546 1843 bilis
1578 1820 1638 1844 res
1660 1836 1670 1854 ‚
1699 1820 1742 1843 ac
1771 1805 1886 1855 digna
1916 1805 2031 1856 plane
2063 1815 2193 1843 vestro
2224 1805 2440 1856 apostolatu
2458 1834 2470 1852 ,

1412 1872 1439 1908 C
1460 1880 1606 1917 ponere
1623 1867 1661 1903 in
1682 1866 1825 1903 lumine
1851 1866 1979 1903 lumen
2007 1865 2299 1913 absconditum3
2330 1879 2377 1903 ne
2398 1864 2470 1902 sibi

1459 1927 1527 1963 soli
1549 1928 1672 1973 vivat,
1701 1926 1766 1976 qui
1784 1934 1822 1962 et
1849 1925 1944 1963 alios
1961 1926 2008 1963 ad
2036 1927 2152 1963 vitam
2174 1926 2324 1963 trahere
2340 1925 2471 1976 possit.

1457 1991 1669 2038 Usquequo
1698 2000 1864 2036 namque
1880 1987 1973 2024 latet
1996 1996 2034 2024 et
2057 1987 2165 2025 ardet
2183 1986 2472 2033 tantummodo,

1458 2049 1524 2100 qui
1549 2058 1586 2086 et
1614 2049 1740 2085 lucere
1765 2048 2099 2095 valet?Levetur‚
2126 2048 2156 2085 si
2180 2048 2328 2098 placet,
2358 2059 2474 2097 super

1458 2109 1729 2147 candelabrum
1744 2137 1754 2154 ‚
1779 2116 1822 2145 ut
1843 2108 1891 2145 sit
1910 2109 2067 2146 lucerna
2087 2107 2228 2146 ardens
2253 2116 2291 2145 et
2314 2108 2471 2146 lucens:

1459 2170 1524 2208 sed
1547 2183 1636 2207 sane
1665 2168 1731 2206 ubi
1751 2182 1829 2205 non
1852 2169 2058 2219 praevaleat
2086 2169 2143 2206 vis
2167 2177 2394 2215 ventorum,
2424 2181 2472 2206 ne

1460 2232 1557 2268 forte
1574 2230 1700 2281 (quod
1717 2228 1840 2281 absit)
1858 2230 2135 2279 exstinguatur.
2157 2228 2353 2279 Siquidem
2371 2228 2469 2265 inso-

1459 2291 1575 2328 lentia
1601 2289 1910 2328 Lonibardorum
1938 2298 1976 2326 et
2004 2290 2230 2339 inquietudo
2253 2302 2388 2326 eorum
2411 2287 2471 2325 cui
2522 2292 2524 2308 ²

1461 2364 1539 2388 non
1561 2359 1617 2387 est
1636 2351 1753 2386 nota?
1774 2359 1836 2386 aut
1857 2350 1918 2386 cui
1939 2351 2057 2399 magis
2074 2363 2186 2400 quam
2202 2349 2336 2387 vobis?
2355 2348 2473 2387 Nobis

1460 2412 1595 2448 melius
1616 2410 1758 2454 nostis,
1791 2423 1906 2459 quam
1929 2410 1976 2447 sit
1997 2410 2061 2446 ille
2088 2410 2332 2460 episcopatus
2362 2409 2472 2447 dissi-

1460 2480 1572 2523 patus
1585 2501 1594 2517 ‚
1611 2484 1803 2520 quamque
1824 2469 1961 2507 domus
1979 2483 2222 2521 exasperans.
2240 2470 2340 2520 Quid
2359 2478 2470 2521 puta-

1461 2546 1546 2569 mus
1574 2545 1654 2568 csse
1680 2531 1867 2568 facturum
1885 2531 2088 2581 juvenem,
2118 2531 2266 2569 viribus
2295 2530 2470 2581 corporis

1463 2593 1623 2628 fractum
1638 2621 1647 2638 ‚
1675 2600 1711 2627 ct
1731 2591 1848 2641 quieti
1874 2592 1992 2628 eremi
2013 2600 2226 2638 assuetum,
2253 2592 2293 2628 in
2320 2591 2468 2642 populo

1412 2656 1444 2689 D
1462 2651 1627 2689 barbaro
1640 2682 1649 2699 ‚
1672 2652 1911 2689 tumultuoso
1924 2682 1933 2699 ‚
1955 2653 2200 2702 procelloso?
2219 2651 2382 2701 Quando
2397 2665 2468 2702 po-

1464 2713 1552 2749 terit
1573 2713 1780 2749 convenire
1802 2720 1914 2749 tantae
1934 2713 2145 2758 sanctitati,
2171 2722 2208 2750 et
2235 2721 2350 2750 tantae
2379 2719 2478 2762 per-'
2528 2727 2530 2730 ·

1462 2773 1651 2818 versitati3
1668 2781 1778 2809 tantae
1793 2773 2046 2823 simplicitati,
2063 2782 2100 2810 et
2121 2781 2234 2810 tantae
2255 2771 2468 2810 dolositati?

1462 2836 1704 2878 Reservetur‚
1717 2832 1746 2869 si
1765 2833 1906 2882 placet,
1921 2834 2211 2883 congruentiori
2230 2834 2336 2879 loco,
2356 2841 2468 2883 atque

1463 2893 1570 2929 alteri
1587 2893 1734 2942 populo
1755 2908 1762 2930 :
1789 2893 1849 2929 cui
1872 2893 1925 2930 sic
1944 2894 2094 2944 praesit,
2114 2902 2158 2931 ut
2179 2894 2322 2945 prosit;
2350 2902 2388 2930 et
2414 2892 2469 2929 se-

1464 2953 1668 2989 stinatione
1700 2966 1777 2989 non
1812 2962 1945 3003 pereat
1973 2954 2148 3001 fructus,
2178 2967 2293 3004 quem
2327 2951 2468 3004 poterit

1463 3012 1553 3050 dare
1574 3013 1612 3050 in
1634 3021 1806 3064 tempore
1827 3027 1908 3051 suo.

1958 3390 1974 3411 ¹³
1990 3389 2110 3433 Scripta
2128 3390 2209 3422 circa
2228 3400 2346 3421 annum
2368 3391 2378 3420 1
2393 3389 2462 3420 135.
