<?xml version="1.0" encoding="UTF-8"?>
<!DOCTYPE html PUBLIC "-//W3C//DTD XHTML 1.0 Transitional//EN"
    "http://www.w3.org/TR/xhtml1/DTD/xhtml1-transitional.dtd">
<html xmlns="http://www.w3.org/1999/xhtml" xml:lang="en" lang="en">
 <head>
  <title>
</title>
<meta http-equiv="Content-Type" content="text/html;charset=utf-8" />
  <meta name='ocr-system' content='tesseract 3.04.00' />
  <meta name='ocr-capabilities' content='ocr_page ocr_carea ocr_par ocr_line ocrx_word'/>
</head>
<body>
  <div class='ocr_page' id='page_1' title='image "./operaomniapostho01bernuoft/operaomniapostho01bernuoft_0777.png"; bbox 0 0 2517 3936; ppageno 0'>
   <div class='ocr_carea' id='block_1_1' title="bbox 126 196 222 234">
    <p class='ocr_par' dir='ltr' id='par_1_1' title="bbox 126 196 222 234">
     <span class='ocr_line' id='line_1_1' title="bbox 126 196 222 234; baseline 0.021 -2"><span class='ocrx_word' id='word_1_1' title='bbox 126 196 222 234; x_wconf 88' lang='grc'><strong>1537</strong></span> 
     </span>
    </p>
   </div>
   <div class='ocr_carea' id='block_1_2' title="bbox 113 395 1126 1047">
    <p class='ocr_par' dir='ltr' id='par_1_2' title="bbox 113 395 1126 1047">
     <span class='ocr_line' id='line_1_2' title="bbox 116 395 1125 457; baseline 0.016 -26"><span class='ocrx_word' id='word_1_2' title='bbox 116 395 388 435; x_wconf 80' lang='lat' dir='ltr'>authentorum</span> <span class='ocrx_word' id='word_1_3' title='bbox 406 400 680 448; x_wconf 78' lang='lat' dir='ltr'>elevationem,</span> <span class='ocrx_word' id='word_1_4' title='bbox 704 418 817 453; x_wconf 90' lang='lat' dir='ltr'>quam</span> <span class='ocrx_word' id='word_1_5' title='bbox 847 407 1125 457; x_wconf 75' lang='lat' dir='ltr'>depositionem</span> 
     </span>
     <span class='ocr_line' id='line_1_3' title="bbox 116 455 1125 515; baseline 0.015 -25"><span class='ocrx_word' id='word_1_6' title='bbox 116 455 335 505; x_wconf 77' lang='lat' dir='ltr'>plagalium.</span> <span class='ocrx_word' id='word_1_7' title='bbox 371 459 565 509; x_wconf 81' lang='lat' dir='ltr'>Incipiunt</span> <span class='ocrx_word' id='word_1_8' title='bbox 600 471 725 499; x_wconf 89' lang='lat' dir='ltr'>autem</span> <span class='ocrx_word' id='word_1_9' title='bbox 762 478 782 500; x_wconf 92' lang='lat' dir='ltr'>a</span> <span class='ocrx_word' id='word_1_10' title='bbox 811 469 843 502; x_wconf 96' lang='lat' dir='ltr'>D</span> <span class='ocrx_word' id='word_1_11' title='bbox 877 468 1002 515; x_wconf 76' lang='lat' dir='ltr'>gravi,</span> <span class='ocrx_word' id='word_1_12' title='bbox 1023 477 1058 504; x_wconf 88' lang='lat' dir='ltr'>ct</span> <span class='ocrx_word' id='word_1_13' title='bbox 1089 469 1125 505; x_wconf 91' lang='lat' dir='ltr'>in</span> 
     </span>
     <span class='ocr_line' id='line_1_4' title="bbox 116 516 1124 570; baseline 0.014 -19"><span class='ocrx_word' id='word_1_14' title='bbox 116 517 144 552; x_wconf 94' lang='lat' dir='ltr'>C</span> <span class='ocrx_word' id='word_1_15' title='bbox 163 524 275 552; x_wconf 90' lang='lat' dir='ltr'>acuto</span> <span class='ocrx_word' id='word_1_16' title='bbox 297 516 477 555; x_wconf 87' lang='lat' dir='ltr'>desinunt</span> <span class='ocrx_word' id='word_1_17' title='bbox 502 535 509 556; x_wconf 91' lang='lat'><strong>:</strong></span> <span class='ocrx_word' id='word_1_18' title='bbox 532 534 647 570; x_wconf 88' lang='lat' dir='ltr'>supra</span> <span class='ocrx_word' id='word_1_19' title='bbox 668 524 767 559; x_wconf 88' lang='lat' dir='ltr'>enim</span> <span class='ocrx_word' id='word_1_20' title='bbox 789 525 846 561; x_wconf 76' lang='lat' dir='ltr'>vel</span> <span class='ocrx_word' id='word_1_21' title='bbox 866 526 961 563; x_wconf 77' lang='lat' dir='ltr'>infra</span> <span class='ocrx_word' id='word_1_22' title='bbox 983 529 1124 565; x_wconf 88' lang='lat' dir='ltr'>nullam</span> 
     </span>
     <span class='ocr_line' id='line_1_5' title="bbox 116 575 1125 637; baseline 0.012 -25"><span class='ocrx_word' id='word_1_23' title='bbox 116 575 307 624; x_wconf 88' lang='lat' dir='ltr'>invenies,</span> <span class='ocrx_word' id='word_1_24' title='bbox 338 580 397 616; x_wconf 87' lang='lat' dir='ltr'>cui</span> <span class='ocrx_word' id='word_1_25' title='bbox 432 593 507 616; x_wconf 92' lang='lat' dir='ltr'>non</span> <span class='ocrx_word' id='word_1_26' title='bbox 542 581 639 618; x_wconf 87' lang='lat' dir='ltr'>desit</span> <span class='ocrx_word' id='word_1_27' title='bbox 670 584 895 621; x_wconf 73' lang='lat' dir='ltr'>elevationis</span> <span class='ocrx_word' id='word_1_28' title='bbox 921 587 979 622; x_wconf 85' lang='lat' dir='ltr'>vel</span> <span class='ocrx_word' id='word_1_29' title='bbox 1009 587 1125 637; x_wconf 88' lang='lat' dir='ltr'>depo-</span> 
     </span>
     <span class='ocr_line' id='line_1_6' title="bbox 116 635 1124 693; baseline 0.011 -22"><span class='ocrx_word' id='word_1_30' title='bbox 116 635 264 673; x_wconf 87' lang='lat' dir='ltr'>sitionis</span> <span class='ocrx_word' id='word_1_31' title='bbox 290 638 486 687; x_wconf 84' lang='lat' dir='ltr'>persectiO.</span> <span class='ocrx_word' id='word_1_32' title='bbox 509 644 559 678; x_wconf 65' lang='lat' dir='ltr'>L‘t</span> <span class='ocrx_word' id='word_1_33' title='bbox 581 650 706 678; x_wconf 91' lang='lat' dir='ltr'>autem</span> <span class='ocrx_word' id='word_1_34' title='bbox 731 656 967 693; x_wconf 68' lang='lat' dir='ltr'>unaqufeque</span> <span class='ocrx_word' id='word_1_35' title='bbox 994 659 1124 682; x_wconf 91' lang='lat' dir='ltr'>earum</span> 
     </span>
     <span class='ocr_line' id='line_1_7' title="bbox 116 697 1126 749; baseline 0.01 -18"><span class='ocrx_word' id='word_1_36' title='bbox 116 697 397 745; x_wconf 79' lang='lat' dir='ltr'>progressionis</span> <span class='ocrx_word' id='word_1_37' title='bbox 415 700 650 748; x_wconf 73' lang='lat' dir='ltr'>praecelleret</span> <span class='ocrx_word' id='word_1_38' title='bbox 670 701 908 749; x_wconf 83' lang='lat' dir='ltr'>plenitudine</span> <span class='ocrx_word' id='word_1_39' title='bbox 927 732 935 747; x_wconf 95' lang='lat'>,</span> <span class='ocrx_word' id='word_1_40' title='bbox 956 704 1126 741; x_wconf 87' lang='lat' dir='ltr'>fecerunt</span> 
     </span>
     <span class='ocr_line' id='line_1_8' title="bbox 114 756 1124 811; baseline 0.008 -19"><span class='ocrx_word' id='word_1_41' title='bbox 114 756 248 793; x_wconf 85' lang='lat' dir='ltr'>Musici</span> <span class='ocrx_word' id='word_1_42' title='bbox 273 756 562 806; x_wconf 84' lang='lat' dir='ltr'>dispositionem</span> <span class='ocrx_word' id='word_1_43' title='bbox 588 760 799 796; x_wconf 90' lang='lat' dir='ltr'>litterarum</span> <span class='ocrx_word' id='word_1_44' title='bbox 823 775 843 797; x_wconf 91' lang='lat' dir='ltr'>a</span> <span class='ocrx_word' id='word_1_45' title='bbox 865 772 888 799; x_wconf 87' lang='grc' dir='ltr'><strong>Γ</strong></span> <span class='ocrx_word' id='word_1_46' title='bbox 912 776 1034 811; x_wconf 79' lang='lat' dir='ltr'>graeco</span> <span class='ocrx_word' id='word_1_47' title='bbox 1056 778 1124 800; x_wconf 82' lang='lat' dir='ltr'>us-</span> 
     </span>
     <span class='ocr_line' id='line_1_9' title="bbox 114 815 1126 868; baseline 0.009 -18"><span class='ocrx_word' id='word_1_48' title='bbox 114 827 190 863; x_wconf 88' lang='lat' dir='ltr'>que</span> <span class='ocrx_word' id='word_1_49' title='bbox 209 815 248 851; x_wconf 88' lang='lat' dir='ltr'>in</span> <span class='ocrx_word' id='word_1_50' title='bbox 271 828 314 852; x_wconf 86' lang='lat' dir='ltr'>ee</span> <span class='ocrx_word' id='word_1_51' title='bbox 334 822 349 838; x_wconf 55' lang='grc' dir='ltr'><strong>ὃ</strong></span> <span class='ocrx_word' id='word_1_52' title='bbox 371 826 642 866; x_wconf 78' lang='lat' dir='ltr'>superacutum</span> <span class='ocrx_word' id='word_1_53' title='bbox 663 831 671 853; x_wconf 73' lang='grc' dir='ltr'>ε</span> <span class='ocrx_word' id='word_1_54' title='bbox 696 832 773 855; x_wconf 92' lang='lat' dir='ltr'>non</span> <span class='ocrx_word' id='word_1_55' title='bbox 795 820 882 868; x_wconf 88' lang='lat' dir='ltr'>quia</span> <span class='ocrx_word' id='word_1_56' title='bbox 908 822 1126 859; x_wconf 75' lang='lat' dir='ltr'>maluissent</span> 
     </span>
     <span class='ocr_line' id='line_1_10' title="bbox 113 872 1124 931; baseline 0.008 -21"><span class='ocrx_word' id='word_1_57' title='bbox 113 872 310 911; x_wconf 90' lang='lat' dir='ltr'>abundare</span> <span class='ocrx_word' id='word_1_58' title='bbox 329 888 443 925; x_wconf 89' lang='lat' dir='ltr'>quam</span> <span class='ocrx_word' id='word_1_59' title='bbox 469 876 650 923; x_wconf 82' lang='lat' dir='ltr'>deficere3</span> <span class='ocrx_word' id='word_1_60' title='bbox 670 878 736 914; x_wconf 93' lang='lat' dir='ltr'>sed</span> <span class='ocrx_word' id='word_1_61' title='bbox 755 879 844 928; x_wconf 88' lang='lat' dir='ltr'>quia</span> <span class='ocrx_word' id='word_1_62' title='bbox 875 893 944 917; x_wconf 92' lang='lat' dir='ltr'>nec</span> <span class='ocrx_word' id='word_1_63' title='bbox 965 894 1124 931; x_wconf 85' lang='lat' dir='ltr'>supera-</span> 
     </span>
     <span class='ocr_line' id='line_1_11' title="bbox 113 932 1125 983; baseline 0.008 -13"><span class='ocrx_word' id='word_1_64' title='bbox 113 932 300 981; x_wconf 81' lang='lat' dir='ltr'>bundare,</span> <span class='ocrx_word' id='word_1_65' title='bbox 319 948 389 972; x_wconf 90' lang='lat' dir='ltr'>nec</span> <span class='ocrx_word' id='word_1_66' title='bbox 411 935 574 973; x_wconf 84' lang='lat' dir='ltr'>deficere</span> <span class='ocrx_word' id='word_1_67' title='bbox 595 938 825 983; x_wconf 75' lang='lat' dir='ltr'>voluerunt,</span> <span class='ocrx_word' id='word_1_68' title='bbox 846 939 1028 977; x_wconf 79' lang='lat' dir='ltr'>facientes</span> <span class='ocrx_word' id='word_1_69' title='bbox 1047 941 1125 979; x_wconf 88' lang='lat' dir='ltr'>dis-</span> 
     </span>
     <span class='ocr_line' id='line_1_12' title="bbox 113 994 1124 1047; baseline 0.007 -16"><span class='ocrx_word' id='word_1_70' title='bbox 113 994 368 1044; x_wconf 86' lang='lat' dir='ltr'>positionem,</span> <span class='ocrx_word' id='word_1_71' title='bbox 405 1010 490 1046; x_wconf 82' lang='lat' dir='ltr'>quae</span> <span class='ocrx_word' id='word_1_72' title='bbox 527 1010 652 1047; x_wconf 86' lang='lat' dir='ltr'>neque</span> <span class='ocrx_word' id='word_1_73' title='bbox 692 998 773 1035; x_wconf 91' lang='lat' dir='ltr'>sine</span> <span class='ocrx_word' id='word_1_74' title='bbox 813 999 1124 1038; x_wconf 83' lang='lat' dir='ltr'>incommoditate</span> 
     </span>
    </p>
   </div>
   <div class='ocr_carea' id='block_1_3' title="bbox 117 213 1727 401">
    <p class='ocr_par' dir='ltr' id='par_1_3' title="bbox 117 213 1727 401">
     <span class='ocr_line' id='line_1_13' title="bbox 870 213 1453 255; baseline 0.014 -9"><span class='ocrx_word' id='word_1_75' title='bbox 870 213 1154 251; x_wconf 79' lang='lat' dir='ltr'>TRACTATUS</span> <span class='ocrx_word' id='word_1_76' title='bbox 1189 217 1250 252; x_wconf 85' lang='lat' dir='ltr'>DE</span> <span class='ocrx_word' id='word_1_77' title='bbox 1280 218 1453 255; x_wconf 69' lang='lat' dir='ltr'>CANTU.</span> 
     </span>
     <span class='ocr_line' id='line_1_14' title="bbox 117 274 1152 339; baseline 0.016 -29"><span class='ocrx_word' id='word_1_78' title='bbox 117 274 183 311; x_wconf 90' lang='lat' dir='ltr'>sed</span> <span class='ocrx_word' id='word_1_79' title='bbox 214 288 349 313; x_wconf 87' lang='lat' dir='ltr'>omnes</span> <span class='ocrx_word' id='word_1_80' title='bbox 381 280 576 328; x_wconf 78' lang='lat' dir='ltr'>aequaliter</span> <span class='ocrx_word' id='word_1_81' title='bbox 618 283 847 334; x_wconf 75' lang='lat' dir='ltr'>principales</span> <span class='ocrx_word' id='word_1_82' title='bbox 876 301 918 324; x_wconf 87' lang='lat' dir='ltr'>ac</span> <span class='ocrx_word' id='word_1_83' title='bbox 953 291 1152 339; x_wconf 76' lang='lat' dir='ltr'>proprias⁸³</span> 
     </span>
     <span class='ocr_line' id='line_1_15' title="bbox 118 336 1727 401; baseline 0.015 -31"><span class='ocrx_word' id='word_1_84' title='bbox 118 336 249 372; x_wconf 86' lang='lat' dir='ltr'>finales</span> <span class='ocrx_word' id='word_1_85' title='bbox 287 350 367 374; x_wconf 87' lang='lat' dir='ltr'>esse</span> <span class='ocrx_word' id='word_1_86' title='bbox 410 341 582 386; x_wconf 74' lang='lat' dir='ltr'>noveris;</span> <span class='ocrx_word' id='word_1_87' title='bbox 614 342 796 381; x_wconf 88' lang='lat' dir='ltr'>habentes</span> <span class='ocrx_word' id='word_1_88' title='bbox 836 348 1015 385; x_wconf 84' lang='lat' dir='ltr'>nimirum</span> <span class='ocrx_word' id='word_1_89' title='bbox 1053 358 1126 386; x_wconf 89' lang='lat' dir='ltr'>tam</span> <span class='ocrx_word' id='word_1_90' title='bbox 1148 352 1173 383; x_wconf 83' lang='grc' dir='ltr'>Α</span> <span class='ocrx_word' id='word_1_91' title='bbox 1196 353 1297 401; x_wconf 88' lang='lat' dir='ltr'>quod</span> <span class='ocrx_word' id='word_1_92' title='bbox 1334 354 1611 391; x_wconf 87' lang='lat' dir='ltr'>decachordum</span> <span class='ocrx_word' id='word_1_93' title='bbox 1651 367 1727 394; x_wconf 90' lang='lat' dir='ltr'>est·</span> 
     </span>
    </p>
   </div>
   <div class='ocr_carea' id='block_1_4' title="bbox 2095 237 2190 272">
    <p class='ocr_par' dir='ltr' id='par_1_4' title="bbox 2095 237 2190 272">
     <span class='ocr_line' id='line_1_16' title="bbox 2095 237 2190 272; baseline 0.011 -1"><span class='ocrx_word' id='word_1_94' title='bbox 2095 237 2190 272; x_wconf 78' lang='lat'>1538</span> 
     </span>
    </p>
   </div>
   <div class='ocr_carea' id='block_1_5' title="bbox 1175 292 2187 349">
    <p class='ocr_par' dir='ltr' id='par_1_5' title="bbox 1175 292 2187 349">
     <span class='ocr_line' id='line_1_17' title="bbox 1175 292 2187 349; baseline 0.022 -22"><span class='ocrx_word' id='word_1_95' title='bbox 1175 292 1186 308; x_wconf 78' lang='lat'>⁸</span> <span class='ocrx_word' id='word_1_96' title='bbox 1200 302 1332 329; x_wconf 89' lang='lat' dir='ltr'>cantus</span> <span class='ocrx_word' id='word_1_97' title='bbox 1353 295 1557 344; x_wconf 82' lang='lat' dir='ltr'>progredi,</span> <span class='ocrx_word' id='word_1_98' title='bbox 1576 308 1732 347; x_wconf 79' lang='lat' dir='ltr'>propter</span> <span class='ocrx_word' id='word_1_99' title='bbox 1748 307 2004 344; x_wconf 80' lang='lat' dir='ltr'>auctoritatem</span> <span class='ocrx_word' id='word_1_100' title='bbox 2026 312 2187 349; x_wconf 67' lang='lat' dir='ltr'>psalterii</span> 
     </span>
    </p>
   </div>
   <div class='ocr_carea' id='block_1_6' title="bbox 1191 370 2187 1065">
    <p class='ocr_par' dir='ltr' id='par_1_6' title="bbox 1191 370 2187 1065">
     <span class='ocr_line' id='line_1_18' title="bbox 1721 370 2185 416; baseline 0.03 -22"><span class='ocrx_word' id='word_1_101' title='bbox 1721 389 1729 404; x_wconf 93' lang='lat'>,</span> <span class='ocrx_word' id='word_1_102' title='bbox 1767 370 1801 397; x_wconf 75' lang='lat' dir='ltr'>et</span> <span class='ocrx_word' id='word_1_103' title='bbox 1848 373 1884 399; x_wconf 92' lang='lat' dir='ltr'>ut</span> <span class='ocrx_word' id='word_1_104' title='bbox 1926 370 2077 416; x_wconf 75' lang='lat' dir='ltr'>:equalis</span> <span class='ocrx_word' id='word_1_105' title='bbox 2116 373 2185 407; x_wconf 80' lang='lat' dir='ltr'>siut</span> 
     </span>
     <span class='ocr_line' id='line_1_19' title="bbox 1194 411 2185 474; baseline 0.018 -27"><span class='ocrx_word' id='word_1_106' title='bbox 1194 411 1386 461; x_wconf 84' lang='lat' dir='ltr'>dignitatis</span> <span class='ocrx_word' id='word_1_107' title='bbox 1418 414 1574 462; x_wconf 60' lang='lat' dir='ltr'>singulte</span> <span class='ocrx_word' id='word_1_108' title='bbox 1610 428 1721 453; x_wconf 67' lang='lat' dir='ltr'>voces</span> <span class='ocrx_word' id='word_1_109' title='bbox 1751 419 1954 470; x_wconf 81' lang='lat' dir='ltr'>diapason,</span> <span class='ocrx_word' id='word_1_110' title='bbox 1985 440 2068 474; x_wconf 64' lang='lat' dir='ltr'>quse</span> <span class='ocrx_word' id='word_1_111' title='bbox 2099 440 2185 465; x_wconf 68' lang='lat' dir='ltr'>orto</span> 
     </span>
     <span class='ocr_line' id='line_1_20' title="bbox 1193 474 2183 535; baseline 0.019 -30"><span class='ocrx_word' id='word_1_112' title='bbox 1193 480 1308 506; x_wconf 90' lang='lat' dir='ltr'>sunt:</span> <span class='ocrx_word' id='word_1_113' title='bbox 1338 481 1525 520; x_wconf 87' lang='lat' dir='ltr'>quatenus</span> <span class='ocrx_word' id='word_1_114' title='bbox 1558 474 1722 521; x_wconf 70' lang='lat' dir='ltr'>ultimae,</span> <span class='ocrx_word' id='word_1_115' title='bbox 1755 478 1847 514; x_wconf 86' lang='lat' dir='ltr'>sicut</span> <span class='ocrx_word' id='word_1_116' title='bbox 1876 491 1911 517; x_wconf 84' lang='lat' dir='ltr'>ct</span> <span class='ocrx_word' id='word_1_117' title='bbox 1939 486 2088 531; x_wconf 66' lang='lat' dir='ltr'>modim,</span> <span class='ocrx_word' id='word_1_118' title='bbox 2119 504 2183 535; x_wconf 70' lang='lat' dir='ltr'>ge—</span> 
     </span>
     <span class='ocr_line' id='line_1_21' title="bbox 1193 529 2180 583; baseline 0.019 -19"><span class='ocrx_word' id='word_1_119' title='bbox 1193 529 1332 566; x_wconf 90' lang='lat' dir='ltr'>minam</span> <span class='ocrx_word' id='word_1_120' title='bbox 1370 530 1533 567; x_wconf 87' lang='lat' dir='ltr'>habeant</span> <span class='ocrx_word' id='word_1_121' title='bbox 1562 532 1845 580; x_wconf 74' lang='lat' dir='ltr'>habitudinem,</span> <span class='ocrx_word' id='word_1_122' title='bbox 1878 541 2014 578; x_wconf 76' lang='lat' dir='ltr'>scilicet</span> <span class='ocrx_word' id='word_1_123' title='bbox 2045 547 2180 583; x_wconf 64' lang='lat' dir='ltr'>‹flexari</span> 
     </span>
     <span class='ocr_line' id='line_1_22' title="bbox 1192 588 2185 641; baseline 0.019 -18"><span class='ocrx_word' id='word_1_124' title='bbox 1192 596 1229 623; x_wconf 89' lang='lat' dir='ltr'>et</span> <span class='ocrx_word' id='word_1_125' title='bbox 1263 588 1423 638; x_wconf 88' lang='lat' dir='ltr'>deponi,</span> <span class='ocrx_word' id='word_1_126' title='bbox 1460 592 1656 629; x_wconf 86' lang='lat' dir='ltr'>collocatis</span> <span class='ocrx_word' id='word_1_127' title='bbox 1693 595 1913 634; x_wconf 81' lang='lat' dir='ltr'>altrinsecus</span> <span class='ocrx_word' id='word_1_128' title='bbox 1949 602 2093 639; x_wconf 69' lang='lat' dir='ltr'>duabus</span> <span class='ocrx_word' id='word_1_129' title='bbox 2117 620 2185 641; x_wconf 74' lang='lat' dir='ltr'>vo-</span> 
     </span>
     <span class='ocr_line' id='line_1_23' title="bbox 1192 646 2185 712; baseline 0.02 -31"><span class='ocrx_word' id='word_1_130' title='bbox 1192 646 1317 692; x_wconf 81' lang='lat' dir='ltr'>cibus,</span> <span class='ocrx_word' id='word_1_131' title='bbox 1353 649 1469 686; x_wconf 87' lang='lat' dir='ltr'>altera</span> <span class='ocrx_word' id='word_1_132' title='bbox 1503 652 1701 700; x_wconf 90' lang='lat' dir='ltr'>superius,</span> <span class='ocrx_word' id='word_1_133' title='bbox 1741 654 1857 691; x_wconf 88' lang='lat' dir='ltr'>altera</span> <span class='ocrx_word' id='word_1_134' title='bbox 1891 657 2064 706; x_wconf 71' lang='lat' dir='ltr'>inst-rius3</span> <span class='ocrx_word' id='word_1_135' title='bbox 2100 667 2185 712; x_wconf 71' lang='lat' dir='ltr'>quia</span> 
     </span>
     <span class='ocr_line' id='line_1_24' title="bbox 1195 708 2186 759; baseline 0.019 -18"><span class='ocrx_word' id='word_1_136' title='bbox 1195 714 1338 743; x_wconf 89' lang='lat' dir='ltr'>tantum</span> <span class='ocrx_word' id='word_1_137' title='bbox 1359 708 1429 744; x_wconf 91' lang='lat' dir='ltr'>hoc</span> <span class='ocrx_word' id='word_1_138' title='bbox 1453 723 1520 758; x_wconf 90' lang='lat' dir='ltr'>per</span> <span class='ocrx_word' id='word_1_139' title='bbox 1549 719 1635 747; x_wconf 87' lang='lat' dir='ltr'>octo</span> <span class='ocrx_word' id='word_1_140' title='bbox 1667 725 1778 749; x_wconf 75' lang='lat' dir='ltr'>voces</span> <span class='ocrx_word' id='word_1_141' title='bbox 1800 715 1937 753; x_wconf 86' lang='lat' dir='ltr'>habeut</span> <span class='ocrx_word' id='word_1_142' title='bbox 1963 730 2092 757; x_wconf 82' lang='lat' dir='ltr'>cautus</span> <span class='ocrx_word' id='word_1_143' title='bbox 2113 724 2186 759; x_wconf 57' lang='lat' dir='ltr'>dis&gt;</span> 
     </span>
     <span class='ocr_line' id='line_1_25' title="bbox 1193 774 2184 831; baseline 0.018 -30"><span class='ocrx_word' id='word_1_144' title='bbox 1193 779 1368 813; x_wconf 87' lang='lat' dir='ltr'>currere,</span> <span class='ocrx_word' id='word_1_145' title='bbox 1402 777 1438 804; x_wconf 87' lang='lat' dir='ltr'>ct</span> <span class='ocrx_word' id='word_1_146' title='bbox 1470 782 1546 806; x_wconf 91' lang='lat' dir='ltr'>non</span> <span class='ocrx_word' id='word_1_147' title='bbox 1585 784 1653 820; x_wconf 89' lang='lat' dir='ltr'>per</span> <span class='ocrx_word' id='word_1_148' title='bbox 1687 774 1813 821; x_wconf 83' lang='lat' dir='ltr'>plures</span> <span class='ocrx_word' id='word_1_149' title='bbox 1850 791 1857 811; x_wconf 90' lang='lat'>:</span> <span class='ocrx_word' id='word_1_150' title='bbox 1894 788 2051 828; x_wconf 84' lang='lat' dir='ltr'>propter</span> <span class='ocrx_word' id='word_1_151' title='bbox 2084 786 2184 831; x_wconf 82' lang='lat' dir='ltr'>quod</span> 
     </span>
     <span class='ocr_line' id='line_1_26' title="bbox 1193 826 2187 887; baseline 0.019 -27"><span class='ocrx_word' id='word_1_152' title='bbox 1193 826 1353 875; x_wconf 85' lang='lat' dir='ltr'>regulari</span> <span class='ocrx_word' id='word_1_153' title='bbox 1377 837 1556 865; x_wconf 83' lang='lat' dir='ltr'>cantuum</span> <span class='ocrx_word' id='word_1_154' title='bbox 1586 834 1840 880; x_wconf 84' lang='lat' dir='ltr'>progressioni</span> <span class='ocrx_word' id='word_1_155' title='bbox 1876 836 2054 887; x_wconf 78' lang='lat' dir='ltr'>diapason</span> <span class='ocrx_word' id='word_1_156' title='bbox 2081 845 2187 878; x_wconf 84' lang='lat' dir='ltr'>sulli—</span> 
     </span>
     <span class='ocr_line' id='line_1_27' title="bbox 1192 885 2186 939; baseline 0.018 -19"><span class='ocrx_word' id='word_1_157' title='bbox 1192 885 1252 921; x_wconf 90' lang='lat' dir='ltr'>cit.</span> <span class='ocrx_word' id='word_1_158' title='bbox 1272 886 1376 922; x_wconf 91' lang='lat' dir='ltr'>Licet</span> <span class='ocrx_word' id='word_1_159' title='bbox 1391 888 1490 924; x_wconf 87' lang='lat' dir='ltr'>enim</span> <span class='ocrx_word' id='word_1_160' title='bbox 1508 889 1545 924; x_wconf 92' lang='lat' dir='ltr'>in</span> <span class='ocrx_word' id='word_1_161' title='bbox 1562 893 1826 939; x_wconf 73' lang='lat' dir='ltr'>progressione</span> <span class='ocrx_word' id='word_1_162' title='bbox 1843 905 2019 934; x_wconf 85' lang='lat' dir='ltr'>cantuum</span> <span class='ocrx_word' id='word_1_163' title='bbox 2041 899 2186 937; x_wconf 81' lang='lat' dir='ltr'>duabus</span> 
     </span>
     <span class='ocr_line' id='line_1_28' title="bbox 1191 945 2184 1006; baseline 0.016 -26"><span class='ocrx_word' id='word_1_164' title='bbox 1191 945 1349 982; x_wconf 77' lang='lat' dir='ltr'>vocibus</span> <span class='ocrx_word' id='word_1_165' title='bbox 1370 946 1456 983; x_wconf 86' lang='lat' dir='ltr'>hinc</span> <span class='ocrx_word' id='word_1_166' title='bbox 1483 948 1571 985; x_wconf 90' lang='lat' dir='ltr'>inde</span> <span class='ocrx_word' id='word_1_167' title='bbox 1588 978 1597 995; x_wconf 90' lang='lat'>,</span> <span class='ocrx_word' id='word_1_168' title='bbox 1624 960 1665 986; x_wconf 88' lang='lat' dir='ltr'>ut</span> <span class='ocrx_word' id='word_1_169' title='bbox 1685 951 1824 989; x_wconf 88' lang='lat' dir='ltr'>dictum</span> <span class='ocrx_word' id='word_1_170' title='bbox 1846 964 1917 1002; x_wconf 87' lang='lat' dir='ltr'>est,</span> <span class='ocrx_word' id='word_1_171' title='bbox 1942 958 2072 1006; x_wconf 73' lang='lat' dir='ltr'>positis</span> <span class='ocrx_word' id='word_1_172' title='bbox 2087 988 2095 1004; x_wconf 90' lang='lat'>‚</span> <span class='ocrx_word' id='word_1_173' title='bbox 2119 960 2184 995; x_wconf 68' lang='lat' dir='ltr'>dv-</span> 
     </span>
     <span class='ocr_line' id='line_1_29' title="bbox 1191 1007 2180 1065; baseline 0.016 -26"><span class='ocrx_word' id='word_1_174' title='bbox 1191 1017 1270 1040; x_wconf 88' lang='lat' dir='ltr'>cem</span> <span class='ocrx_word' id='word_1_175' title='bbox 1294 1018 1404 1042; x_wconf 82' lang='lat' dir='ltr'>voces</span> <span class='ocrx_word' id='word_1_176' title='bbox 1430 1007 1690 1057; x_wconf 75' lang='lat' dir='ltr'>inveniantur,</span> <span class='ocrx_word' id='word_1_177' title='bbox 1716 1025 1790 1048; x_wconf 92' lang='lat' dir='ltr'>non</span> <span class='ocrx_word' id='word_1_178' title='bbox 1812 1022 1931 1050; x_wconf 90' lang='lat' dir='ltr'>tamen</span> <span class='ocrx_word' id='word_1_179' title='bbox 1963 1030 2028 1065; x_wconf 89' lang='lat' dir='ltr'>per</span> <span class='ocrx_word' id='word_1_180' title='bbox 2053 1018 2180 1055; x_wconf 83' lang='lat' dir='ltr'>decem</span> 
     </span>
    </p>
   </div>
   <div class='ocr_carea' id='block_1_7' title="bbox 112 1056 2182 1119">
    <p class='ocr_par' dir='ltr' id='par_1_7' title="bbox 112 1056 2182 1119">
     <span class='ocr_line' id='line_1_30' title="bbox 112 1056 2182 1119; baseline 0.012 -29"><span class='ocrx_word' id='word_1_181' title='bbox 112 1056 358 1103; x_wconf 86' lang='lat' dir='ltr'>contractior,</span> <span class='ocrx_word' id='word_1_182' title='bbox 388 1069 458 1093; x_wconf 91' lang='lat' dir='ltr'>nec</span> <span class='ocrx_word' id='word_1_183' title='bbox 486 1057 566 1093; x_wconf 88' lang='lat' dir='ltr'>sine</span> <span class='ocrx_word' id='word_1_184' title='bbox 595 1058 857 1107; x_wconf 89' lang='lat' dir='ltr'>superfluitate</span> <span class='ocrx_word' id='word_1_185' title='bbox 880 1070 1008 1109; x_wconf 89' lang='lat' dir='ltr'>posset</span> <span class='ocrx_word' id='word_1_186' title='bbox 1038 1075 1118 1098; x_wconf 86' lang='lat' dir='ltr'>esse</span> <span class='ocrx_word' id='word_1_187' title='bbox 1138 1063 1162 1097; x_wconf 83' lang='lat' dir='ltr'><strong>B</strong></span> <span class='ocrx_word' id='word_1_188' title='bbox 1184 1076 1294 1100; x_wconf 77' lang='lat' dir='ltr'>voces</span> <span class='ocrx_word' id='word_1_189' title='bbox 1308 1094 1317 1110; x_wconf 91' lang='lat'>,</span> <span class='ocrx_word' id='word_1_190' title='bbox 1336 1066 1399 1102; x_wconf 87' lang='lat' dir='ltr'>sed</span> <span class='ocrx_word' id='word_1_191' title='bbox 1420 1074 1563 1104; x_wconf 85' lang='lat' dir='ltr'>tantum</span> <span class='ocrx_word' id='word_1_192' title='bbox 1585 1083 1654 1119; x_wconf 91' lang='lat' dir='ltr'>per</span> <span class='ocrx_word' id='word_1_193' title='bbox 1681 1080 1766 1107; x_wconf 89' lang='lat' dir='ltr'>octo</span> <span class='ocrx_word' id='word_1_194' title='bbox 1788 1073 1927 1110; x_wconf 87' lang='lat' dir='ltr'>medias</span> <span class='ocrx_word' id='word_1_195' title='bbox 1947 1085 2076 1113; x_wconf 84' lang='lat' dir='ltr'>cautus</span> <span class='ocrx_word' id='word_1_196' title='bbox 2105 1078 2182 1115; x_wconf 86' lang='lat' dir='ltr'>dis-</span> 
     </span>
    </p>
   </div>
   <div class='ocr_carea' id='block_1_8' title="bbox 108 1115 1121 1829">
    <p class='ocr_par' dir='ltr' id='par_1_8' title="bbox 109 1115 1121 1408">
     <span class='ocr_line' id='line_1_31' title="bbox 111 1115 1115 1169; baseline 0.007 -18"><span class='ocrx_word' id='word_1_197' title='bbox 111 1115 312 1165; x_wconf 88' lang='lat' dir='ltr'>prolixior.</span> <span class='ocrx_word' id='word_1_198' title='bbox 343 1116 489 1167; x_wconf 85' lang='lat' dir='ltr'>thuid</span> <span class='ocrx_word' id='word_1_199' title='bbox 517 1118 617 1154; x_wconf 89' lang='lat' dir='ltr'>enim</span> <span class='ocrx_word' id='word_1_200' title='bbox 643 1118 785 1167; x_wconf 89' lang='lat' dir='ltr'>aliquid</span> <span class='ocrx_word' id='word_1_201' title='bbox 815 1121 1115 1169; x_wconf 87' lang='lat' dir='ltr'>superadderes,</span> 
     </span>
     <span class='ocr_line' id='line_1_32' title="bbox 112 1176 1121 1229; baseline 0.006 -17"><span class='ocrx_word' id='word_1_202' title='bbox 112 1189 199 1212; x_wconf 91' lang='lat' dir='ltr'>cum</span> <span class='ocrx_word' id='word_1_203' title='bbox 220 1176 449 1226; x_wconf 87' lang='lat' dir='ltr'>supradictae</span> <span class='ocrx_word' id='word_1_204' title='bbox 473 1177 704 1227; x_wconf 84' lang='lat' dir='ltr'>plenitudini</span> <span class='ocrx_word' id='word_1_205' title='bbox 725 1179 805 1215; x_wconf 86' lang='lat' dir='ltr'>haec</span> <span class='ocrx_word' id='word_1_206' title='bbox 823 1179 1020 1229; x_wconf 86' lang='lat' dir='ltr'>dispositio</span> <span class='ocrx_word' id='word_1_207' title='bbox 1045 1183 1121 1218; x_wconf 88' lang='lat' dir='ltr'>suf-</span> 
     </span>
     <span class='ocr_line' id='line_1_33' title="bbox 109 1235 1120 1287; baseline 0.005 -15"><span class='ocrx_word' id='word_1_208' title='bbox 109 1235 213 1272; x_wconf 86' lang='lat' dir='ltr'>ficiat</span> <span class='ocrx_word' id='word_1_209' title='bbox 230 1249 239 1271; x_wconf 89' lang='lat'>:</span> <span class='ocrx_word' id='word_1_210' title='bbox 258 1237 319 1273; x_wconf 89' lang='lat' dir='ltr'>cui</span> <span class='ocrx_word' id='word_1_211' title='bbox 336 1250 357 1273; x_wconf 91' lang='lat' dir='ltr'>e</span> <span class='ocrx_word' id='word_1_212' title='bbox 375 1237 531 1287; x_wconf 85' lang='lat' dir='ltr'>regione</span> <span class='ocrx_word' id='word_1_213' title='bbox 559 1237 589 1274; x_wconf 93' lang='lat' dir='ltr'>si</span> <span class='ocrx_word' id='word_1_214' title='bbox 617 1237 760 1287; x_wconf 90' lang='lat' dir='ltr'>aliquid</span> <span class='ocrx_word' id='word_1_215' title='bbox 778 1238 1032 1286; x_wconf 84' lang='lat' dir='ltr'>subtraheres,</span> <span class='ocrx_word' id='word_1_216' title='bbox 1050 1241 1120 1277; x_wconf 87' lang='lat' dir='ltr'>ali—</span> 
     </span>
     <span class='ocr_line' id='line_1_34' title="bbox 111 1296 1120 1348; baseline 0.006 -17"><span class='ocrx_word' id='word_1_217' title='bbox 111 1308 226 1345; x_wconf 86' lang='lat' dir='ltr'>quam</span> <span class='ocrx_word' id='word_1_218' title='bbox 255 1296 430 1347; x_wconf 89' lang='lat' dir='ltr'>profecto</span> <span class='ocrx_word' id='word_1_219' title='bbox 467 1296 637 1333; x_wconf 89' lang='lat' dir='ltr'>finalium</span> <span class='ocrx_word' id='word_1_220' title='bbox 667 1297 839 1346; x_wconf 88' lang='lat' dir='ltr'>ejusdem</span> <span class='ocrx_word' id='word_1_221' title='bbox 873 1299 1120 1348; x_wconf 89' lang='lat' dir='ltr'>plenitudinis</span> 
     </span>
     <span class='ocr_line' id='line_1_35' title="bbox 111 1354 479 1408; baseline 0.003 -16"><span class='ocrx_word' id='word_1_222' title='bbox 111 1354 250 1393; x_wconf 90' lang='lat' dir='ltr'>decore</span> <span class='ocrx_word' id='word_1_223' title='bbox 267 1357 479 1408; x_wconf 82' lang='lat' dir='ltr'>spoliares?</span> 
     </span>
    </p>

    <p class='ocr_par' dir='ltr' id='par_1_9' title="bbox 108 1416 1121 1829">
     <span class='ocr_line' id='line_1_36' title="bbox 166 1416 1120 1470; baseline 0.006 -17"><span class='ocrx_word' id='word_1_224' title='bbox 166 1416 201 1452; x_wconf 90' lang='lat'>7.</span> <span class='ocrx_word' id='word_1_225' title='bbox 232 1420 421 1454; x_wconf 90' lang='lat' dir='ltr'>Praeterea</span> <span class='ocrx_word' id='word_1_226' title='bbox 452 1426 542 1455; x_wconf 88' lang='lat' dir='ltr'>sunt</span> <span class='ocrx_word' id='word_1_227' title='bbox 577 1419 687 1455; x_wconf 88' lang='lat' dir='ltr'>multi</span> <span class='ocrx_word' id='word_1_228' title='bbox 720 1428 875 1466; x_wconf 88' lang='lat' dir='ltr'>cantus,</span> <span class='ocrx_word' id='word_1_229' title='bbox 907 1421 944 1457; x_wconf 94' lang='lat' dir='ltr'>in</span> <span class='ocrx_word' id='word_1_230' title='bbox 980 1421 1120 1470; x_wconf 88' lang='lat' dir='ltr'>quibus</span> 
     </span>
     <span class='ocr_line' id='line_1_37' title="bbox 110 1475 1119 1530; baseline 0.005 -18"><span class='ocrx_word' id='word_1_231' title='bbox 110 1475 263 1526; x_wconf 88' lang='lat' dir='ltr'>duplari</span> <span class='ocrx_word' id='word_1_232' title='bbox 282 1478 487 1515; x_wconf 89' lang='lat' dir='ltr'>elevationi</span> <span class='ocrx_word' id='word_1_233' title='bbox 507 1478 724 1515; x_wconf 89' lang='lat' dir='ltr'>hemioliam</span> <span class='ocrx_word' id='word_1_234' title='bbox 752 1479 812 1515; x_wconf 70' lang='lat' dir='ltr'>vel</span> <span class='ocrx_word' id='word_1_235' title='bbox 837 1481 1033 1530; x_wconf 87' lang='lat' dir='ltr'>epitritum</span> <span class='ocrx_word' id='word_1_236' title='bbox 1057 1481 1119 1517; x_wconf 86' lang='lat' dir='ltr'>de-</span> 
     </span>
     <span class='ocr_line' id='line_1_38' title="bbox 108 1536 1118 1588; baseline 0.005 -16"><span class='ocrx_word' id='word_1_237' title='bbox 108 1536 339 1586; x_wconf 89' lang='lat' dir='ltr'>positionem</span> <span class='ocrx_word' id='word_1_238' title='bbox 360 1551 473 1588; x_wconf 91' lang='lat' dir='ltr'>quam</span> <span class='ocrx_word' id='word_1_239' title='bbox 496 1537 636 1575; x_wconf 89' lang='lat' dir='ltr'>habere</span> <span class='ocrx_word' id='word_1_240' title='bbox 663 1538 860 1585; x_wconf 88' lang='lat' dir='ltr'>solebant,</span> <span class='ocrx_word' id='word_1_241' title='bbox 887 1539 1118 1577; x_wconf 86' lang='lat' dir='ltr'>subtractam</span> 
     </span>
     <span class='ocr_line' id='line_1_39' title="bbox 108 1595 1120 1645; baseline 0.006 -14"><span class='ocrx_word' id='word_1_242' title='bbox 108 1595 292 1633; x_wconf 85' lang='lat' dir='ltr'>invenies.</span> <span class='ocrx_word' id='word_1_243' title='bbox 322 1597 427 1634; x_wconf 93' lang='lat' dir='ltr'>Sicut</span> <span class='ocrx_word' id='word_1_244' title='bbox 446 1615 461 1630; x_wconf 92' lang='lat'>«</span> <span class='ocrx_word' id='word_1_245' title='bbox 484 1599 683 1635; x_wconf 90' lang='lat' dir='ltr'>Cornelius</span> <span class='ocrx_word' id='word_1_246' title='bbox 698 1627 707 1643; x_wconf 88' lang='lat'>‚</span> <span class='ocrx_word' id='word_1_247' title='bbox 737 1601 870 1636; x_wconf 83' lang='lat' dir='ltr'>Sancte</span> <span class='ocrx_word' id='word_1_248' title='bbox 896 1601 1029 1645; x_wconf 87' lang='lat' dir='ltr'>Paule,</span> <span class='ocrx_word' id='word_1_249' title='bbox 1051 1618 1064 1633; x_wconf 75' lang='grc' dir='ltr'><strong>υ</strong></span> <span class='ocrx_word' id='word_1_250' title='bbox 1083 1609 1120 1637; x_wconf 89' lang='lat' dir='ltr'>et</span> 
     </span>
     <span class='ocr_line' id='line_1_40' title="bbox 108 1655 1121 1707; baseline 0.006 -16"><span class='ocrx_word' id='word_1_251' title='bbox 108 1655 171 1692; x_wconf 89' lang='lat' dir='ltr'>alii</span> <span class='ocrx_word' id='word_1_252' title='bbox 192 1656 332 1705; x_wconf 89' lang='lat' dir='ltr'>plures.</span> <span class='ocrx_word' id='word_1_253' title='bbox 357 1660 499 1695; x_wconf 89' lang='lat' dir='ltr'>Omnes</span> <span class='ocrx_word' id='word_1_254' title='bbox 523 1658 625 1694; x_wconf 90' lang='lat' dir='ltr'>enim</span> <span class='ocrx_word' id='word_1_255' title='bbox 653 1657 876 1707; x_wconf 87' lang='lat' dir='ltr'>hujusmodi</span> <span class='ocrx_word' id='word_1_256' title='bbox 900 1669 1032 1696; x_wconf 88' lang='lat' dir='ltr'>cantus</span> <span class='ocrx_word' id='word_1_257' title='bbox 1051 1660 1121 1697; x_wconf 89' lang='lat' dir='ltr'>du-</span> 
     </span>
     <span class='ocr_line' id='line_1_41' title="bbox 109 1715 1118 1770; baseline 0.005 -18"><span class='ocrx_word' id='word_1_258' title='bbox 109 1715 228 1765; x_wconf 90' lang='lat' dir='ltr'>plices</span> <span class='ocrx_word' id='word_1_259' title='bbox 249 1725 339 1754; x_wconf 88' lang='lat' dir='ltr'>sunt</span> <span class='ocrx_word' id='word_1_260' title='bbox 361 1726 399 1754; x_wconf 91' lang='lat' dir='ltr'>et</span> <span class='ocrx_word' id='word_1_261' title='bbox 420 1718 647 1767; x_wconf 87' lang='lat' dir='ltr'>irregulares</span> <span class='ocrx_word' id='word_1_262' title='bbox 671 1733 679 1756; x_wconf 75' lang='grc' dir='ltr'>ε</span> <span class='ocrx_word' id='word_1_263' title='bbox 706 1718 896 1769; x_wconf 84' lang='lat' dir='ltr'>duplices,</span> <span class='ocrx_word' id='word_1_264' title='bbox 921 1721 1009 1770; x_wconf 87' lang='lat' dir='ltr'>quia</span> <span class='ocrx_word' id='word_1_265' title='bbox 1033 1734 1118 1770; x_wconf 89' lang='lat' dir='ltr'>par-</span> 
     </span>
     <span class='ocr_line' id='line_1_42' title="bbox 110 1775 1116 1829; baseline 0.005 -17"><span class='ocrx_word' id='word_1_266' title='bbox 110 1775 176 1812; x_wconf 87' lang='lat' dir='ltr'>tim</span> <span class='ocrx_word' id='word_1_267' title='bbox 198 1785 289 1814; x_wconf 90' lang='lat' dir='ltr'>sunt</span> <span class='ocrx_word' id='word_1_268' title='bbox 310 1778 500 1823; x_wconf 90' lang='lat' dir='ltr'>authenti,</span> <span class='ocrx_word' id='word_1_269' title='bbox 524 1779 663 1828; x_wconf 88' lang='lat' dir='ltr'>partim</span> <span class='ocrx_word' id='word_1_270' title='bbox 688 1780 868 1829; x_wconf 75' lang='lat' dir='ltr'>plagales.</span> <span class='ocrx_word' id='word_1_271' title='bbox 889 1781 1002 1829; x_wconf 87' lang='lat' dir='ltr'>Quod</span> <span class='ocrx_word' id='word_1_272' title='bbox 1025 1794 1116 1817; x_wconf 74' lang='lat' dir='ltr'>vero</span> 
     </span>
    </p>
   </div>
   <div class='ocr_carea' id='block_1_9' title="bbox 1183 1129 2182 1840">
    <p class='ocr_par' dir='ltr' id='par_1_10' title="bbox 1183 1129 2182 1840">
     <span class='ocr_line' id='line_1_43' title="bbox 1187 1129 2182 1186; baseline 0.016 -28"><span class='ocrx_word' id='word_1_273' title='bbox 1187 1136 1359 1170; x_wconf 88' lang='lat' dir='ltr'>currere,</span> <span class='ocrx_word' id='word_1_274' title='bbox 1384 1134 1420 1162; x_wconf 90' lang='lat' dir='ltr'>et</span> <span class='ocrx_word' id='word_1_275' title='bbox 1448 1140 1566 1176; x_wconf 89' lang='lat' dir='ltr'>usque</span> <span class='ocrx_word' id='word_1_276' title='bbox 1599 1129 1645 1165; x_wconf 92' lang='lat' dir='ltr'>ad</span> <span class='ocrx_word' id='word_1_277' title='bbox 1682 1144 1792 1168; x_wconf 68' lang='lat' dir='ltr'>voces</span> <span class='ocrx_word' id='word_1_278' title='bbox 1833 1134 2052 1171; x_wconf 83' lang='lat' dir='ltr'>altrinsecus</span> <span class='ocrx_word' id='word_1_279' title='bbox 2084 1139 2182 1186; x_wconf 86' lang='lat' dir='ltr'>posi-</span> 
     </span>
     <span class='ocr_line' id='line_1_44' title="bbox 1190 1187 2179 1240; baseline 0.015 -21"><span class='ocrx_word' id='word_1_280' title='bbox 1190 1192 1243 1220; x_wconf 89' lang='lat' dir='ltr'>tas</span> <span class='ocrx_word' id='word_1_281' title='bbox 1271 1187 1469 1234; x_wconf 71' lang='lat' dir='ltr'>pervenire</span> <span class='ocrx_word' id='word_1_282' title='bbox 1498 1187 1632 1235; x_wconf 86' lang='lat' dir='ltr'>habet,</span> <span class='ocrx_word' id='word_1_283' title='bbox 1654 1190 1717 1226; x_wconf 87' lang='lat' dir='ltr'>sed</span> <span class='ocrx_word' id='word_1_284' title='bbox 1740 1205 1806 1240; x_wconf 91' lang='lat' dir='ltr'>per</span> <span class='ocrx_word' id='word_1_285' title='bbox 1837 1207 1897 1230; x_wconf 90' lang='lat' dir='ltr'>eas</span> <span class='ocrx_word' id='word_1_286' title='bbox 1920 1195 1971 1230; x_wconf 79' lang='lat' dir='ltr'>ire</span> <span class='ocrx_word' id='word_1_287' title='bbox 2003 1198 2057 1232; x_wconf 70' lang='lat' dir='ltr'>vel</span> <span class='ocrx_word' id='word_1_288' title='bbox 2092 1198 2179 1233; x_wconf 83' lang='lat' dir='ltr'>red-</span> 
     </span>
     <span class='ocr_line' id='line_1_45' title="bbox 1188 1243 2178 1300; baseline 0.015 -21"><span class='ocrx_word' id='word_1_289' title='bbox 1188 1243 1240 1279; x_wconf 92' lang='lat' dir='ltr'>ire</span> <span class='ocrx_word' id='word_1_290' title='bbox 1264 1257 1341 1281; x_wconf 90' lang='lat' dir='ltr'>non</span> <span class='ocrx_word' id='word_1_291' title='bbox 1369 1245 1491 1283; x_wconf 85' lang='lat' dir='ltr'>habet.</span> <span class='ocrx_word' id='word_1_292' title='bbox 1525 1251 1570 1284; x_wconf 84' lang='lat' dir='ltr'>Et</span> <span class='ocrx_word' id='word_1_293' title='bbox 1596 1250 1698 1297; x_wconf 87' lang='lat' dir='ltr'>quod</span> <span class='ocrx_word' id='word_1_294' title='bbox 1728 1251 1848 1300; x_wconf 88' lang='lat' dir='ltr'>majus</span> <span class='ocrx_word' id='word_1_295' title='bbox 1874 1262 1949 1299; x_wconf 87' lang='lat' dir='ltr'>est,</span> <span class='ocrx_word' id='word_1_296' title='bbox 1972 1257 2178 1293; x_wconf 85' lang='lat' dir='ltr'>secundum</span> 
     </span>
     <span class='ocr_line' id='line_1_46' title="bbox 1187 1302 2177 1365; baseline 0.016 -27"><span class='ocrx_word' id='word_1_297' title='bbox 1187 1302 1471 1353; x_wconf 84' lang='lat' dir='ltr'>dispositionem</span> <span class='ocrx_word' id='word_1_298' title='bbox 1493 1315 1669 1344; x_wconf 86' lang='lat' dir='ltr'>tonorum</span> <span class='ocrx_word' id='word_1_299' title='bbox 1687 1318 1723 1346; x_wconf 92' lang='lat' dir='ltr'>et</span> <span class='ocrx_word' id='word_1_300' title='bbox 1743 1313 2043 1360; x_wconf 88' lang='lat' dir='ltr'>semitoniorum,</span> <span class='ocrx_word' id='word_1_301' title='bbox 2067 1331 2177 1365; x_wconf 86' lang='lat' dir='ltr'>quam</span> 
     </span>
     <span class='ocr_line' id='line_1_47' title="bbox 1188 1362 2178 1421; baseline 0.015 -23"><span class='ocrx_word' id='word_1_302' title='bbox 1188 1362 1326 1400; x_wconf 89' lang='lat' dir='ltr'>habent</span> <span class='ocrx_word' id='word_1_303' title='bbox 1352 1366 1512 1411; x_wconf 83' lang='lat' dir='ltr'>musici,</span> <span class='ocrx_word' id='word_1_304' title='bbox 1544 1368 1608 1416; x_wconf 90' lang='lat' dir='ltr'>qui</span> <span class='ocrx_word' id='word_1_305' title='bbox 1640 1369 1772 1417; x_wconf 79' lang='lat' dir='ltr'>primae</span> <span class='ocrx_word' id='word_1_306' title='bbox 1805 1380 1843 1407; x_wconf 87' lang='lat' dir='ltr'>et</span> <span class='ocrx_word' id='word_1_307' title='bbox 1877 1383 2019 1421; x_wconf 79' lang='lat' dir='ltr'>quartae</span> <span class='ocrx_word' id='word_1_308' title='bbox 2049 1385 2085 1411; x_wconf 90' lang='lat' dir='ltr'>et</span> <span class='ocrx_word' id='word_1_309' title='bbox 2118 1391 2178 1413; x_wconf 86' lang='lat' dir='ltr'>se-</span> 
     </span>
     <span class='ocr_line' id='line_1_48' title="bbox 1187 1422 2176 1480; baseline 0.014 -22"><span class='ocrx_word' id='word_1_310' title='bbox 1187 1422 1315 1472; x_wconf 87' lang='lat' dir='ltr'>ptimae</span> <span class='ocrx_word' id='word_1_311' title='bbox 1348 1425 1480 1462; x_wconf 81' lang='lat' dir='ltr'>litterae</span> <span class='ocrx_word' id='word_1_312' title='bbox 1523 1427 1744 1465; x_wconf 88' lang='lat' dir='ltr'>altrinsecus</span> <span class='ocrx_word' id='word_1_313' title='bbox 1780 1438 1909 1467; x_wconf 87' lang='lat' dir='ltr'>tonum</span> <span class='ocrx_word' id='word_1_314' title='bbox 1944 1434 2176 1480; x_wconf 85' lang='lat' dir='ltr'>attribuunt,</span> 
     </span>
     <span class='ocr_line' id='line_1_49' title="bbox 1187 1482 2176 1545; baseline 0.015 -28"><span class='ocrx_word' id='word_1_315' title='bbox 1187 1482 1361 1519; x_wconf 84' lang='lat' dir='ltr'>secuudae</span> <span class='ocrx_word' id='word_1_316' title='bbox 1395 1493 1431 1520; x_wconf 88' lang='lat' dir='ltr'>et</span> <span class='ocrx_word' id='word_1_317' title='bbox 1462 1485 1603 1534; x_wconf 85' lang='lat' dir='ltr'>quintae</span> <span class='ocrx_word' id='word_1_318' title='bbox 1638 1487 1794 1525; x_wconf 84' lang='lat' dir='ltr'>inferius</span> <span class='ocrx_word' id='word_1_319' title='bbox 1835 1498 1965 1528; x_wconf 87' lang='lat' dir='ltr'>tonum</span> <span class='ocrx_word' id='word_1_320' title='bbox 1999 1502 2035 1529; x_wconf 86' lang='lat' dir='ltr'>et</span> <span class='ocrx_word' id='word_1_321' title='bbox 2064 1508 2176 1545; x_wconf 85' lang='lat' dir='ltr'>supra</span> 
     </span>
     <span class='ocr_line' id='line_1_50' title="bbox 1186 1551 2174 1599; baseline 0.014 -22"><span class='ocrx_word' id='word_1_322' title='bbox 1186 1551 1449 1588; x_wconf 85' lang='lat' dir='ltr'>semitonium,</span> <span class='ocrx_word' id='word_1_323' title='bbox 1480 1552 1598 1581; x_wconf 80' lang='lat' dir='ltr'>tertiae</span> <span class='ocrx_word' id='word_1_324' title='bbox 1619 1559 1710 1582; x_wconf 72' lang='lat' dir='ltr'>vero</span> <span class='ocrx_word' id='word_1_325' title='bbox 1736 1556 1772 1583; x_wconf 88' lang='lat' dir='ltr'>et</span> <span class='ocrx_word' id='word_1_326' title='bbox 1792 1557 1905 1586; x_wconf 76' lang='lat' dir='ltr'>sextae</span> <span class='ocrx_word' id='word_1_327' title='bbox 1934 1564 1953 1587; x_wconf 89' lang='lat' dir='ltr'>e</span> <span class='ocrx_word' id='word_1_328' title='bbox 1979 1566 2174 1599; x_wconf 74' lang='lat' dir='ltr'>converso,</span> 
     </span>
     <span class='ocr_line' id='line_1_51' title="bbox 1185 1601 2172 1657; baseline 0.014 -21"><span class='ocrx_word' id='word_1_329' title='bbox 1185 1601 1360 1638; x_wconf 71' lang='lat' dir='ltr'>videlicet</span> <span class='ocrx_word' id='word_1_330' title='bbox 1389 1616 1502 1652; x_wconf 87' lang='lat' dir='ltr'>supra</span> <span class='ocrx_word' id='word_1_331' title='bbox 1522 1612 1652 1641; x_wconf 89' lang='lat' dir='ltr'>tonum</span> <span class='ocrx_word' id='word_1_332' title='bbox 1680 1614 1717 1642; x_wconf 91' lang='lat' dir='ltr'>et</span> <span class='ocrx_word' id='word_1_333' title='bbox 1735 1607 1890 1645; x_wconf 84' lang='lat' dir='ltr'>inferius</span> <span class='ocrx_word' id='word_1_334' title='bbox 1910 1612 2172 1657; x_wconf 87' lang='lat' dir='ltr'>semitonium,</span> 
     </span>
     <span class='ocr_line' id='line_1_52' title="bbox 1186 1663 2173 1716; baseline 0.013 -20"><span class='ocrx_word' id='word_1_335' title='bbox 1186 1674 1264 1696; x_wconf 91' lang='lat' dir='ltr'>non</span> <span class='ocrx_word' id='word_1_336' title='bbox 1299 1663 1628 1710; x_wconf 68' lang='lat' dir='ltr'>praetermittentes</span> <span class='ocrx_word' id='word_1_337' title='bbox 1657 1666 1885 1716; x_wconf 89' lang='lat' dir='ltr'>quandoque</span> <span class='ocrx_word' id='word_1_338' title='bbox 1910 1673 1937 1706; x_wconf 89' lang='lat' dir='ltr'><strong>B</strong></span> <span class='ocrx_word' id='word_1_339' title='bbox 1969 1672 2173 1709; x_wconf 85' lang='lat' dir='ltr'>rotundum</span> 
     </span>
     <span class='ocr_line' id='line_1_53' title="bbox 1185 1722 2173 1777; baseline 0.013 -21"><span class='ocrx_word' id='word_1_340' title='bbox 1185 1734 1256 1771; x_wconf 90' lang='lat' dir='ltr'>pro</span> <span class='ocrx_word' id='word_1_341' title='bbox 1286 1722 1485 1771; x_wconf 88' lang='lat' dir='ltr'>asperitate</span> <span class='ocrx_word' id='word_1_342' title='bbox 1517 1723 1646 1759; x_wconf 86' lang='lat' dir='ltr'>tritoni</span> <span class='ocrx_word' id='word_1_343' title='bbox 1676 1738 1683 1758; x_wconf 93' lang='lat'>:</span> <span class='ocrx_word' id='word_1_344' title='bbox 1717 1727 1923 1764; x_wconf 87' lang='lat' dir='ltr'>secundum</span> <span class='ocrx_word' id='word_1_345' title='bbox 1962 1730 2080 1777; x_wconf 86' lang='lat' dir='ltr'>hanc,</span> <span class='ocrx_word' id='word_1_346' title='bbox 2112 1733 2173 1769; x_wconf 89' lang='lat' dir='ltr'>in-</span> 
     </span>
     <span class='ocr_line' id='line_1_54' title="bbox 1183 1781 2175 1840; baseline 0.012 -24"><span class='ocrx_word' id='word_1_347' title='bbox 1183 1794 1321 1830; x_wconf 87' lang='lat' dir='ltr'>quam,</span> <span class='ocrx_word' id='word_1_348' title='bbox 1357 1781 1641 1831; x_wconf 89' lang='lat' dir='ltr'>dispositionem</span> <span class='ocrx_word' id='word_1_349' title='bbox 1682 1786 1807 1822; x_wconf 87' lang='lat' dir='ltr'>nullus</span> <span class='ocrx_word' id='word_1_350' title='bbox 1837 1797 1966 1825; x_wconf 88' lang='lat' dir='ltr'>cantus</span> <span class='ocrx_word' id='word_1_351' title='bbox 1999 1791 2077 1827; x_wconf 87' lang='lat' dir='ltr'>fieri</span> <span class='ocrx_word' id='word_1_352' title='bbox 2107 1805 2175 1840; x_wconf 90' lang='lat' dir='ltr'>po-</span> 
     </span>
    </p>
   </div>
   <div class='ocr_carea' id='block_1_10' title="bbox 109 1838 2172 1896">
    <p class='ocr_par' dir='ltr' id='par_1_11' title="bbox 109 1838 2172 1896">
     <span class='ocr_line' id='line_1_55' title="bbox 109 1838 2172 1896; baseline 0.007 -24"><span class='ocrx_word' id='word_1_353' title='bbox 109 1845 244 1873; x_wconf 91' lang='lat' dir='ltr'>contra</span> <span class='ocrx_word' id='word_1_354' title='bbox 275 1838 445 1887; x_wconf 87' lang='lat' dir='ltr'>regulam</span> <span class='ocrx_word' id='word_1_355' title='bbox 477 1838 530 1874; x_wconf 87' lang='lat' dir='ltr'>sic</span> <span class='ocrx_word' id='word_1_356' title='bbox 558 1838 765 1875; x_wconf 87' lang='lat' dir='ltr'>ascendant</span> <span class='ocrx_word' id='word_1_357' title='bbox 794 1848 832 1875; x_wconf 90' lang='lat' dir='ltr'>et</span> <span class='ocrx_word' id='word_1_358' title='bbox 862 1839 1116 1886; x_wconf 87' lang='lat' dir='ltr'>descendant,</span> <span class='ocrx_word' id='word_1_359' title='bbox 1138 1845 1164 1881; x_wconf 93' lang='lat' dir='ltr'>C</span> <span class='ocrx_word' id='word_1_360' title='bbox 1185 1849 1257 1877; x_wconf 89' lang='lat' dir='ltr'>test</span> <span class='ocrx_word' id='word_1_361' title='bbox 1286 1842 1324 1878; x_wconf 92' lang='lat' dir='ltr'>in</span> <span class='ocrx_word' id='word_1_362' title='bbox 1357 1841 1486 1878; x_wconf 89' lang='lat' dir='ltr'>decem</span> <span class='ocrx_word' id='word_1_363' title='bbox 1506 1842 1663 1879; x_wconf 79' lang='lat' dir='ltr'>vocibus</span> <span class='ocrx_word' id='word_1_364' title='bbox 1680 1845 1739 1880; x_wconf 66' lang='lat' dir='ltr'>vel</span> <span class='ocrx_word' id='word_1_365' title='bbox 1757 1846 1849 1882; x_wconf 89' lang='lat' dir='ltr'>citra</span> <span class='ocrx_word' id='word_1_366' title='bbox 1866 1849 1929 1896; x_wconf 87' lang='lat' dir='ltr'>qui</span> <span class='ocrx_word' id='word_1_367' title='bbox 1955 1851 2075 1887; x_wconf 84' lang='lat' dir='ltr'>notari</span> <span class='ocrx_word' id='word_1_368' title='bbox 2096 1864 2172 1887; x_wconf 86' lang='lat' dir='ltr'>non</span> 
     </span>
    </p>
   </div>
   <div class='ocr_carea' id='block_1_11' title="bbox 101 1898 1117 2607">
    <p class='ocr_par' dir='ltr' id='par_1_12' title="bbox 101 1898 1117 2607">
     <span class='ocr_line' id='line_1_56' title="bbox 108 1898 1117 1949; baseline 0.003 -16"><span class='ocrx_word' id='word_1_369' title='bbox 108 1905 296 1933; x_wconf 89' lang='lat' dir='ltr'>testantur</span> <span class='ocrx_word' id='word_1_370' title='bbox 328 1898 441 1934; x_wconf 91' lang='lat' dir='ltr'>etiam</span> <span class='ocrx_word' id='word_1_371' title='bbox 465 1898 538 1948; x_wconf 89' lang='lat' dir='ltr'>ipsi</span> <span class='ocrx_word' id='word_1_372' title='bbox 559 1898 736 1935; x_wconf 89' lang='lat' dir='ltr'>doctores</span> <span class='ocrx_word' id='word_1_373' title='bbox 764 1899 929 1945; x_wconf 73' lang='lat' dir='ltr'>erroris,</span> <span class='ocrx_word' id='word_1_374' title='bbox 961 1900 1026 1936; x_wconf 85' lang='lat' dir='ltr'>sed</span> <span class='ocrx_word' id='word_1_375' title='bbox 1048 1913 1117 1949; x_wconf 87' lang='lat' dir='ltr'>per</span> 
     </span>
     <span class='ocr_line' id='line_1_57' title="bbox 106 1957 1116 2007; baseline 0.002 -14"><span class='ocrx_word' id='word_1_376' title='bbox 106 1957 298 1994; x_wconf 88' lang='lat' dir='ltr'>licentiam</span> <span class='ocrx_word' id='word_1_377' title='bbox 321 1957 454 1994; x_wconf 89' lang='lat' dir='ltr'>dicunt</span> <span class='ocrx_word' id='word_1_378' title='bbox 475 1958 546 1994; x_wconf 88' lang='lat' dir='ltr'>hoc</span> <span class='ocrx_word' id='word_1_379' title='bbox 567 1958 672 2005; x_wconf 87' lang='lat' dir='ltr'>fieri,</span> <span class='ocrx_word' id='word_1_380' title='bbox 695 1959 843 2007; x_wconf 84' lang='lat' dir='ltr'>regulas</span> <span class='ocrx_word' id='word_1_381' title='bbox 873 1959 1116 1995; x_wconf 86' lang='lat' dir='ltr'>confunden-</span> 
     </span>
     <span class='ocr_line' id='line_1_58' title="bbox 107 2018 1116 2064; baseline 0.002 -10"><span class='ocrx_word' id='word_1_382' title='bbox 107 2025 163 2054; x_wconf 86' lang='lat' dir='ltr'>tes</span> <span class='ocrx_word' id='word_1_383' title='bbox 191 2025 235 2054; x_wconf 87' lang='lat' dir='ltr'>ut</span> <span class='ocrx_word' id='word_1_384' title='bbox 263 2018 352 2054; x_wconf 91' lang='lat' dir='ltr'>vitia</span> <span class='ocrx_word' id='word_1_385' title='bbox 377 2018 589 2064; x_wconf 89' lang='lat' dir='ltr'>retineant,</span> <span class='ocrx_word' id='word_1_386' title='bbox 620 2031 696 2054; x_wconf 91' lang='lat' dir='ltr'>non</span> <span class='ocrx_word' id='word_1_387' title='bbox 722 2019 814 2055; x_wconf 74' lang='lat' dir='ltr'>vitia</span> <span class='ocrx_word' id='word_1_388' title='bbox 835 2027 1047 2056; x_wconf 89' lang='lat' dir='ltr'>resecantes</span> <span class='ocrx_word' id='word_1_389' title='bbox 1073 2028 1116 2056; x_wconf 89' lang='lat' dir='ltr'>ut</span> 
     </span>
     <span class='ocr_line' id='line_1_59' title="bbox 106 2078 1114 2128; baseline 0.001 -14"><span class='ocrx_word' id='word_1_390' title='bbox 106 2078 256 2127; x_wconf 84' lang='lat' dir='ltr'>regulas</span> <span class='ocrx_word' id='word_1_391' title='bbox 281 2078 510 2116; x_wconf 87' lang='lat' dir='ltr'>custodiant.</span> <span class='ocrx_word' id='word_1_392' title='bbox 534 2082 628 2127; x_wconf 85' lang='lat' dir='ltr'>Quae</span> <span class='ocrx_word' id='word_1_393' title='bbox 653 2088 709 2116; x_wconf 88' lang='lat' dir='ltr'>est</span> <span class='ocrx_word' id='word_1_394' title='bbox 736 2079 806 2116; x_wconf 86' lang='lat' dir='ltr'>ista</span> <span class='ocrx_word' id='word_1_395' title='bbox 832 2079 983 2116; x_wconf 89' lang='lat' dir='ltr'>licentia</span> <span class='ocrx_word' id='word_1_396' title='bbox 999 2109 1008 2126; x_wconf 91' lang='lat'>,</span> <span class='ocrx_word' id='word_1_397' title='bbox 1029 2093 1114 2128; x_wconf 85' lang='lat' dir='ltr'>quae</span> 
     </span>
     <span class='ocr_line' id='line_1_60' title="bbox 107 2137 1113 2188; baseline 0.002 -14"><span class='ocrx_word' id='word_1_398' title='bbox 107 2137 302 2188; x_wconf 85' lang='lat' dir='ltr'>regionem</span> <span class='ocrx_word' id='word_1_399' title='bbox 322 2138 593 2188; x_wconf 83' lang='lat' dir='ltr'>perambulans</span> <span class='ocrx_word' id='word_1_400' title='bbox 616 2139 932 2176; x_wconf 87' lang='lat' dir='ltr'>dissimilitudinis</span> <span class='ocrx_word' id='word_1_401' title='bbox 946 2168 955 2183; x_wconf 91' lang='lat'>,</span> <span class='ocrx_word' id='word_1_402' title='bbox 976 2140 1113 2176; x_wconf 86' lang='lat' dir='ltr'>confu-</span> 
     </span>
     <span class='ocr_line' id='line_1_61' title="bbox 106 2197 1114 2249; baseline 0.001 -15"><span class='ocrx_word' id='word_1_403' title='bbox 106 2197 252 2235; x_wconf 88' lang='lat' dir='ltr'>sionem</span> <span class='ocrx_word' id='word_1_404' title='bbox 273 2198 468 2235; x_wconf 87' lang='lat' dir='ltr'>adducens</span> <span class='ocrx_word' id='word_1_405' title='bbox 488 2198 784 2245; x_wconf 88' lang='lat' dir='ltr'>incertitudinis,</span> <span class='ocrx_word' id='word_1_406' title='bbox 802 2199 1114 2249; x_wconf 73' lang='lat' dir='ltr'>praesumptionis</span> 
     </span>
     <span class='ocr_line' id='line_1_62' title="bbox 105 2258 1114 2308; baseline 0 -13"><span class='ocrx_word' id='word_1_407' title='bbox 105 2266 227 2295; x_wconf 85' lang='lat' dir='ltr'>mater</span> <span class='ocrx_word' id='word_1_408' title='bbox 253 2266 292 2295; x_wconf 92' lang='lat' dir='ltr'>et</span> <span class='ocrx_word' id='word_1_409' title='bbox 327 2258 517 2308; x_wconf 89' lang='lat' dir='ltr'>refugium</span> <span class='ocrx_word' id='word_1_410' title='bbox 551 2259 715 2305; x_wconf 89' lang='lat' dir='ltr'>erroris,</span> <span class='ocrx_word' id='word_1_411' title='bbox 750 2259 948 2295; x_wconf 77' lang='lat' dir='ltr'>veritatem</span> <span class='ocrx_word' id='word_1_412' title='bbox 980 2259 1114 2308; x_wconf 87' lang='lat' dir='ltr'>depri-</span> 
     </span>
     <span class='ocr_line' id='line_1_63' title="bbox 105 2317 1109 2368; baseline 0 -13"><span class='ocrx_word' id='word_1_413' title='bbox 105 2318 187 2362; x_wconf 83' lang='lat' dir='ltr'>mit,</span> <span class='ocrx_word' id='word_1_414' title='bbox 208 2326 246 2355; x_wconf 90' lang='lat' dir='ltr'>et</span> <span class='ocrx_word' id='word_1_415' title='bbox 276 2318 479 2368; x_wconf 88' lang='lat' dir='ltr'>perturbat</span> <span class='ocrx_word' id='word_1_416' title='bbox 495 2317 709 2368; x_wconf 78' lang='lat' dir='ltr'>judicium?</span> <span class='ocrx_word' id='word_1_417' title='bbox 728 2332 813 2368; x_wconf 86' lang='lat' dir='ltr'>quae</span> <span class='ocrx_word' id='word_1_418' title='bbox 833 2327 910 2365; x_wconf 91' lang='lat' dir='ltr'>est,</span> <span class='ocrx_word' id='word_1_419' title='bbox 933 2319 1086 2368; x_wconf 90' lang='lat' dir='ltr'>inquam</span> <span class='ocrx_word' id='word_1_420' title='bbox 1100 2346 1109 2363; x_wconf 86' lang='lat'>‚</span> 
     </span>
     <span class='ocr_line' id='line_1_64' title="bbox 102 2372 1108 2428; baseline 0 -14"><span class='ocrx_word' id='word_1_421' title='bbox 102 2377 184 2414; x_wconf 87' lang='lat' dir='ltr'>haec</span> <span class='ocrx_word' id='word_1_422' title='bbox 210 2377 340 2415; x_wconf 87' lang='lat' dir='ltr'>illicita</span> <span class='ocrx_word' id='word_1_423' title='bbox 356 2378 508 2415; x_wconf 88' lang='lat' dir='ltr'>licentia</span> <span class='ocrx_word' id='word_1_424' title='bbox 522 2407 531 2424; x_wconf 94' lang='lat'>,</span> <span class='ocrx_word' id='word_1_425' title='bbox 553 2391 638 2428; x_wconf 83' lang='lat' dir='ltr'>quae</span> <span class='ocrx_word' id='word_1_426' title='bbox 658 2372 897 2427; x_wconf 82' lang='lat' dir='ltr'>conjungens</span> <span class='ocrx_word' id='word_1_427' title='bbox 918 2379 1108 2428; x_wconf 90' lang='lat' dir='ltr'>opposita,</span> 
     </span>
     <span class='ocr_line' id='line_1_65' title="bbox 102 2438 1111 2488; baseline -0.001 -14"><span class='ocrx_word' id='word_1_428' title='bbox 102 2446 299 2488; x_wconf 86' lang='lat' dir='ltr'>metasque</span> <span class='ocrx_word' id='word_1_429' title='bbox 341 2438 534 2474; x_wconf 87' lang='lat' dir='ltr'>naturales</span> <span class='ocrx_word' id='word_1_430' title='bbox 572 2438 854 2488; x_wconf 88' lang='lat' dir='ltr'>transgrediens</span> <span class='ocrx_word' id='word_1_431' title='bbox 869 2466 878 2481; x_wconf 94' lang='lat'>,</span> <span class='ocrx_word' id='word_1_432' title='bbox 915 2438 1012 2474; x_wconf 89' lang='lat' dir='ltr'>sicut</span> <span class='ocrx_word' id='word_1_433' title='bbox 1049 2438 1111 2473; x_wconf 89' lang='lat' dir='ltr'>in—</span> 
     </span>
     <span class='ocr_line' id='line_1_66' title="bbox 101 2496 1112 2547; baseline -0.002 -13"><span class='ocrx_word' id='word_1_434' title='bbox 101 2497 397 2534; x_wconf 89' lang='lat' dir='ltr'>concinnitatem</span> <span class='ocrx_word' id='word_1_435' title='bbox 414 2496 629 2547; x_wconf 87' lang='lat' dir='ltr'>juncturae,</span> <span class='ocrx_word' id='word_1_436' title='bbox 646 2497 698 2534; x_wconf 90' lang='lat' dir='ltr'>ita</span> <span class='ocrx_word' id='word_1_437' title='bbox 717 2506 755 2533; x_wconf 93' lang='lat' dir='ltr'>et</span> <span class='ocrx_word' id='word_1_438' title='bbox 771 2496 950 2545; x_wconf 88' lang='lat' dir='ltr'>injuriam</span> <span class='ocrx_word' id='word_1_439' title='bbox 970 2497 1112 2545; x_wconf 83' lang='lat' dir='ltr'>irrogat</span> 
     </span>
     <span class='ocr_line' id='line_1_67' title="bbox 101 2557 1109 2607; baseline -0.001 -14"><span class='ocrx_word' id='word_1_440' title='bbox 101 2559 270 2594; x_wconf 80' lang='lat' dir='ltr'>naturae?</span> <span class='ocrx_word' id='word_1_441' title='bbox 308 2561 411 2595; x_wconf 90' lang='lat' dir='ltr'>Luce</span> <span class='ocrx_word' id='word_1_442' title='bbox 455 2557 644 2607; x_wconf 90' lang='lat' dir='ltr'>siquidem</span> <span class='ocrx_word' id='word_1_443' title='bbox 678 2557 815 2594; x_wconf 87' lang='lat' dir='ltr'>clarius</span> <span class='ocrx_word' id='word_1_444' title='bbox 850 2566 924 2601; x_wconf 88' lang='lat' dir='ltr'>est,</span> <span class='ocrx_word' id='word_1_445' title='bbox 957 2565 1109 2593; x_wconf 78' lang='lat' dir='ltr'>cantum</span> 
     </span>
    </p>
   </div>
   <div class='ocr_carea' id='block_1_12' title="bbox 1179 1902 2177 2615">
    <p class='ocr_par' dir='ltr' id='par_1_13' title="bbox 1179 1902 2177 2555">
     <span class='ocr_line' id='line_1_68' title="bbox 1182 1902 2175 1959; baseline 0.01 -22"><span class='ocrx_word' id='word_1_446' title='bbox 1182 1902 1323 1951; x_wconf 84' lang='lat' dir='ltr'>possit3</span> <span class='ocrx_word' id='word_1_447' title='bbox 1353 1902 1419 1938; x_wconf 91' lang='lat' dir='ltr'>sed</span> <span class='ocrx_word' id='word_1_448' title='bbox 1448 1902 1624 1939; x_wconf 89' lang='lat' dir='ltr'>undecim</span> <span class='ocrx_word' id='word_1_449' title='bbox 1646 1917 1781 1940; x_wconf 66' lang='lat' dir='ltr'>vocum</span> <span class='ocrx_word' id='word_1_450' title='bbox 1801 1915 1931 1943; x_wconf 87' lang='lat' dir='ltr'>cantus</span> <span class='ocrx_word' id='word_1_451' title='bbox 1954 1910 2031 1945; x_wconf 87' lang='lat' dir='ltr'>fieri</span> <span class='ocrx_word' id='word_1_452' title='bbox 2052 1919 2175 1959; x_wconf 86' lang='lat' dir='ltr'>potest</span> 
     </span>
     <span class='ocr_line' id='line_1_69' title="bbox 1182 1961 2174 2019; baseline 0.009 -22"><span class='ocrx_word' id='word_1_453' title='bbox 1182 1961 1248 2010; x_wconf 89' lang='lat' dir='ltr'>qui</span> <span class='ocrx_word' id='word_1_454' title='bbox 1271 1962 1395 1998; x_wconf 86' lang='lat' dir='ltr'>notari</span> <span class='ocrx_word' id='word_1_455' title='bbox 1427 1975 1504 1998; x_wconf 88' lang='lat' dir='ltr'>non</span> <span class='ocrx_word' id='word_1_456' title='bbox 1533 1971 1668 2012; x_wconf 88' lang='lat' dir='ltr'>potest.</span> <span class='ocrx_word' id='word_1_457' title='bbox 1698 1967 1768 2001; x_wconf 87' lang='lat' dir='ltr'>Fac</span> <span class='ocrx_word' id='word_1_458' title='bbox 1799 1966 1898 2002; x_wconf 91' lang='lat' dir='ltr'>enim</span> <span class='ocrx_word' id='word_1_459' title='bbox 1931 1977 2081 2005; x_wconf 87' lang='lat' dir='ltr'>cantum</span> <span class='ocrx_word' id='word_1_460' title='bbox 2112 1970 2174 2019; x_wconf 89' lang='lat' dir='ltr'>qui</span> 
     </span>
     <span class='ocr_line' id='line_1_70' title="bbox 1182 2022 2177 2079; baseline 0.01 -22"><span class='ocrx_word' id='word_1_461' title='bbox 1182 2022 1229 2058; x_wconf 89' lang='lat' dir='ltr'>sit</span> <span class='ocrx_word' id='word_1_462' title='bbox 1249 2022 1451 2059; x_wconf 89' lang='lat' dir='ltr'>authentus</span> <span class='ocrx_word' id='word_1_463' title='bbox 1474 2023 1592 2059; x_wconf 85' lang='lat' dir='ltr'>tertiae</span> <span class='ocrx_word' id='word_1_464' title='bbox 1616 2025 1812 2069; x_wconf 80' lang='lat' dir='ltr'>maneriae,</span> <span class='ocrx_word' id='word_1_465' title='bbox 1841 2035 1877 2062; x_wconf 93' lang='lat' dir='ltr'>et</span> <span class='ocrx_word' id='word_1_466' title='bbox 1898 2026 1943 2064; x_wconf 88' lang='lat' dir='ltr'>da</span> <span class='ocrx_word' id='word_1_467' title='bbox 1964 2028 2177 2079; x_wconf 87' lang='lat' dir='ltr'>dispositio-</span> 
     </span>
     <span class='ocr_line' id='line_1_71' title="bbox 1182 2081 2175 2131; baseline 0.008 -14"><span class='ocrx_word' id='word_1_468' title='bbox 1182 2081 1221 2117; x_wconf 90' lang='lat' dir='ltr'>ni</span> <span class='ocrx_word' id='word_1_469' title='bbox 1253 2081 1335 2131; x_wconf 88' lang='lat' dir='ltr'>ejus</span> <span class='ocrx_word' id='word_1_470' title='bbox 1369 2082 1406 2118; x_wconf 89' lang='lat' dir='ltr'>in</span> <span class='ocrx_word' id='word_1_471' title='bbox 1447 2096 1523 2118; x_wconf 93' lang='lat' dir='ltr'>uno</span> <span class='ocrx_word' id='word_1_472' title='bbox 1556 2083 1638 2119; x_wconf 88' lang='lat' dir='ltr'>loco</span> <span class='ocrx_word' id='word_1_473' title='bbox 1669 2092 1821 2131; x_wconf 91' lang='lat' dir='ltr'>tonum,</span> <span class='ocrx_word' id='word_1_474' title='bbox 1850 2086 1888 2121; x_wconf 90' lang='lat' dir='ltr'>in</span> <span class='ocrx_word' id='word_1_475' title='bbox 1919 2087 1991 2123; x_wconf 89' lang='lat' dir='ltr'>alio</span> <span class='ocrx_word' id='word_1_476' title='bbox 2022 2089 2175 2125; x_wconf 90' lang='lat' dir='ltr'>semito-</span> 
     </span>
     <span class='ocr_line' id='line_1_72' title="bbox 1181 2141 2170 2194; baseline 0.008 -17"><span class='ocrx_word' id='word_1_477' title='bbox 1181 2141 1312 2188; x_wconf 86' lang='lat' dir='ltr'>nium;</span> <span class='ocrx_word' id='word_1_478' title='bbox 1333 2150 1370 2178; x_wconf 92' lang='lat' dir='ltr'>et</span> <span class='ocrx_word' id='word_1_479' title='bbox 1399 2143 1503 2178; x_wconf 74' lang='lat' dir='ltr'>eleva</span> <span class='ocrx_word' id='word_1_480' title='bbox 1533 2151 1682 2179; x_wconf 88' lang='lat' dir='ltr'>cantum</span> <span class='ocrx_word' id='word_1_481' title='bbox 1714 2144 1820 2180; x_wconf 88' lang='lat' dir='ltr'>illum</span> <span class='ocrx_word' id='word_1_482' title='bbox 1851 2145 1979 2182; x_wconf 90' lang='lat' dir='ltr'>decem</span> <span class='ocrx_word' id='word_1_483' title='bbox 2003 2147 2170 2194; x_wconf 73' lang='lat' dir='ltr'>vocibus,</span> 
     </span>
     <span class='ocr_line' id='line_1_73' title="bbox 1179 2201 2172 2257; baseline 0.007 -20"><span class='ocrx_word' id='word_1_484' title='bbox 1179 2210 1222 2237; x_wconf 89' lang='lat' dir='ltr'>ut</span> <span class='ocrx_word' id='word_1_485' title='bbox 1242 2201 1318 2238; x_wconf 88' lang='lat' dir='ltr'>sint</span> <span class='ocrx_word' id='word_1_486' title='bbox 1343 2201 1544 2248; x_wconf 88' lang='lat' dir='ltr'>undecim,</span> <span class='ocrx_word' id='word_1_487' title='bbox 1565 2202 1690 2239; x_wconf 86' lang='lat' dir='ltr'>addita</span> <span class='ocrx_word' id='word_1_488' title='bbox 1712 2203 1774 2240; x_wconf 92' lang='lat' dir='ltr'>illa</span> <span class='ocrx_word' id='word_1_489' title='bbox 1798 2218 1881 2254; x_wconf 84' lang='lat' dir='ltr'>quae</span> <span class='ocrx_word' id='word_1_490' title='bbox 1912 2215 1967 2242; x_wconf 88' lang='lat' dir='ltr'>est</span> <span class='ocrx_word' id='word_1_491' title='bbox 1994 2207 2030 2243; x_wconf 91' lang='lat' dir='ltr'>in</span> <span class='ocrx_word' id='word_1_492' title='bbox 2052 2207 2172 2257; x_wconf 89' lang='lat' dir='ltr'>depo-</span> 
     </span>
     <span class='ocr_line' id='line_1_74' title="bbox 1180 2261 2171 2317; baseline 0.006 -19"><span class='ocrx_word' id='word_1_493' title='bbox 1180 2261 1337 2309; x_wconf 73' lang='lat' dir='ltr'>sitione,</span> <span class='ocrx_word' id='word_1_494' title='bbox 1360 2263 1453 2299; x_wconf 89' lang='lat' dir='ltr'>scito</span> <span class='ocrx_word' id='word_1_495' title='bbox 1474 2264 1645 2312; x_wconf 87' lang='lat' dir='ltr'>profecto</span> <span class='ocrx_word' id='word_1_496' title='bbox 1667 2273 1816 2300; x_wconf 87' lang='lat' dir='ltr'>cantum</span> <span class='ocrx_word' id='word_1_497' title='bbox 1844 2266 1947 2302; x_wconf 87' lang='lat' dir='ltr'>illum</span> <span class='ocrx_word' id='word_1_498' title='bbox 1967 2280 2040 2303; x_wconf 88' lang='lat' dir='ltr'>non</span> <span class='ocrx_word' id='word_1_499' title='bbox 2063 2281 2171 2317; x_wconf 86' lang='lat' dir='ltr'>posse</span> 
     </span>
     <span class='ocr_line' id='line_1_75' title="bbox 1179 2322 2168 2377; baseline 0.005 -18"><span class='ocrx_word' id='word_1_500' title='bbox 1179 2323 1321 2369; x_wconf 90' lang='lat' dir='ltr'>notari,</span> <span class='ocrx_word' id='word_1_501' title='bbox 1343 2323 1430 2372; x_wconf 90' lang='lat' dir='ltr'>quia</span> <span class='ocrx_word' id='word_1_502' title='bbox 1451 2322 1520 2359; x_wconf 89' lang='lat' dir='ltr'>sub</span> <span class='ocrx_word' id='word_1_503' title='bbox 1542 2326 1568 2361; x_wconf 90' lang='lat' dir='ltr'>C</span> <span class='ocrx_word' id='word_1_504' title='bbox 1586 2332 1695 2360; x_wconf 88' lang='lat' dir='ltr'>acuto</span> <span class='ocrx_word' id='word_1_505' title='bbox 1717 2325 1908 2362; x_wconf 86' lang='lat' dir='ltr'>terminari</span> <span class='ocrx_word' id='word_1_506' title='bbox 1927 2340 2002 2363; x_wconf 89' lang='lat' dir='ltr'>non</span> <span class='ocrx_word' id='word_1_507' title='bbox 2020 2336 2168 2377; x_wconf 88' lang='lat' dir='ltr'>potest:</span> 
     </span>
     <span class='ocr_line' id='line_1_76' title="bbox 1179 2383 2166 2433; baseline 0.005 -14"><span class='ocrx_word' id='word_1_508' title='bbox 1179 2397 1264 2419; x_wconf 89' lang='lat' dir='ltr'>cum</span> <span class='ocrx_word' id='word_1_509' title='bbox 1291 2384 1329 2419; x_wconf 91' lang='lat' dir='ltr'>in</span> <span class='ocrx_word' id='word_1_510' title='bbox 1355 2383 1614 2433; x_wconf 88' lang='lat' dir='ltr'>depositione,</span> <span class='ocrx_word' id='word_1_511' title='bbox 1638 2384 1707 2420; x_wconf 88' lang='lat' dir='ltr'>sub</span> <span class='ocrx_word' id='word_1_512' title='bbox 1730 2385 1852 2430; x_wconf 84' lang='lat' dir='ltr'>finali,</span> <span class='ocrx_word' id='word_1_513' title='bbox 1875 2387 1988 2423; x_wconf 88' lang='lat' dir='ltr'>modo</span> <span class='ocrx_word' id='word_1_514' title='bbox 2012 2396 2166 2433; x_wconf 86' lang='lat' dir='ltr'>tonum,</span> 
     </span>
     <span class='ocr_line' id='line_1_77' title="bbox 1179 2443 2165 2493; baseline 0.003 -13"><span class='ocrx_word' id='word_1_515' title='bbox 1179 2444 1294 2480; x_wconf 87' lang='lat' dir='ltr'>modo</span> <span class='ocrx_word' id='word_1_516' title='bbox 1329 2444 1568 2481; x_wconf 89' lang='lat' dir='ltr'>semitonium</span> <span class='ocrx_word' id='word_1_517' title='bbox 1601 2443 1759 2490; x_wconf 88' lang='lat' dir='ltr'>habeat,</span> <span class='ocrx_word' id='word_1_518' title='bbox 1792 2446 1855 2482; x_wconf 89' lang='lat' dir='ltr'>sed</span> <span class='ocrx_word' id='word_1_519' title='bbox 1884 2459 1952 2483; x_wconf 88' lang='lat' dir='ltr'>nec</span> <span class='ocrx_word' id='word_1_520' title='bbox 1982 2447 2055 2493; x_wconf 85' lang='lat' dir='ltr'>ibi,</span> <span class='ocrx_word' id='word_1_521' title='bbox 2083 2462 2165 2485; x_wconf 87' lang='lat' dir='ltr'>cum</span> 
     </span>
     <span class='ocr_line' id='line_1_78' title="bbox 1179 2505 1838 2555; baseline 0.002 -14"><span class='ocrx_word' id='word_1_522' title='bbox 1179 2513 1310 2541; x_wconf 90' lang='lat' dir='ltr'>cantus</span> <span class='ocrx_word' id='word_1_523' title='bbox 1325 2505 1482 2542; x_wconf 76' lang='lat' dir='ltr'>excedat</span> <span class='ocrx_word' id='word_1_524' title='bbox 1502 2518 1544 2542; x_wconf 90' lang='lat' dir='ltr'>ee</span> <span class='ocrx_word' id='word_1_525' title='bbox 1560 2514 1838 2555; x_wconf 87' lang='lat' dir='ltr'>superacutum.</span> 
     </span>
    </p>

    <p class='ocr_par' dir='ltr' id='par_1_14' title="bbox 1233 2564 2167 2615">
     <span class='ocr_line' id='line_1_79' title="bbox 1233 2564 2167 2615; baseline 0.003 -14"><span class='ocrx_word' id='word_1_526' title='bbox 1233 2565 1267 2601; x_wconf 87' lang='grc'>8.</span> <span class='ocrx_word' id='word_1_527' title='bbox 1298 2568 1362 2602; x_wconf 88' lang='lat' dir='ltr'>Est</span> <span class='ocrx_word' id='word_1_528' title='bbox 1397 2564 1510 2614; x_wconf 85' lang='lat' dir='ltr'>igitur</span> <span class='ocrx_word' id='word_1_529' title='bbox 1550 2565 1684 2614; x_wconf 85' lang='lat' dir='ltr'>triplex</span> <span class='ocrx_word' id='word_1_530' title='bbox 1714 2566 1827 2611; x_wconf 90' lang='lat' dir='ltr'>ratio,</span> <span class='ocrx_word' id='word_1_531' title='bbox 1858 2579 1973 2615; x_wconf 86' lang='lat' dir='ltr'>quare</span> <span class='ocrx_word' id='word_1_532' title='bbox 1999 2566 2167 2604; x_wconf 86' lang='lat' dir='ltr'>cantibus</span> 
     </span>
    </p>
   </div>
   <div class='ocr_carea' id='block_1_13' title="bbox 99 2617 2166 2671">
    <p class='ocr_par' dir='ltr' id='par_1_15' title="bbox 99 2617 2166 2671">
     <span class='ocr_line' id='line_1_80' title="bbox 99 2617 2166 2671; baseline 0.004 -18"><span class='ocrx_word' id='word_1_533' title='bbox 99 2617 208 2654; x_wconf 87' lang='lat' dir='ltr'>illum</span> <span class='ocrx_word' id='word_1_534' title='bbox 254 2618 352 2654; x_wconf 90' lang='lat' dir='ltr'>male</span> <span class='ocrx_word' id='word_1_535' title='bbox 392 2626 430 2655; x_wconf 88' lang='lat' dir='ltr'>et</span> <span class='ocrx_word' id='word_1_536' title='bbox 470 2618 686 2655; x_wconf 90' lang='lat' dir='ltr'>inordinate</span> <span class='ocrx_word' id='word_1_537' title='bbox 730 2618 984 2668; x_wconf 89' lang='lat' dir='ltr'>compositum</span> <span class='ocrx_word' id='word_1_538' title='bbox 1001 2647 1010 2663; x_wconf 91' lang='lat'>,</span> <span class='ocrx_word' id='word_1_539' title='bbox 1046 2617 1111 2666; x_wconf 86' lang='lat' dir='ltr'>qui</span> <span class='ocrx_word' id='word_1_540' title='bbox 1130 2624 1162 2657; x_wconf 96' lang='lat' dir='ltr'>D</span> <span class='ocrx_word' id='word_1_541' title='bbox 1181 2623 1309 2660; x_wconf 89' lang='lat' dir='ltr'>decem</span> <span class='ocrx_word' id='word_1_542' title='bbox 1327 2637 1438 2660; x_wconf 74' lang='lat' dir='ltr'>voces</span> <span class='ocrx_word' id='word_1_543' title='bbox 1456 2623 1710 2660; x_wconf 88' lang='lat' dir='ltr'>attribuantur</span> <span class='ocrx_word' id='word_1_544' title='bbox 1733 2639 1739 2659; x_wconf 91' lang='lat'>:</span> <span class='ocrx_word' id='word_1_545' title='bbox 1761 2625 1927 2661; x_wconf 86' lang='lat' dir='ltr'>Psalterii</span> <span class='ocrx_word' id='word_1_546' title='bbox 1944 2627 2166 2671; x_wconf 85' lang='lat' dir='ltr'>auctoritas,</span> 
     </span>
    </p>
   </div>
   <div class='ocr_carea' id='block_1_14' title="bbox 94 2677 1110 3272">
    <p class='ocr_par' dir='ltr' id='par_1_16' title="bbox 94 2677 1110 3272">
     <span class='ocr_line' id='line_1_81' title="bbox 98 2677 1110 2728; baseline -0.001 -14"><span class='ocrx_word' id='word_1_547' title='bbox 98 2678 159 2714; x_wconf 87' lang='lat' dir='ltr'>vel</span> <span class='ocrx_word' id='word_1_548' title='bbox 176 2678 228 2715; x_wconf 91' lang='lat' dir='ltr'>ita</span> <span class='ocrx_word' id='word_1_549' title='bbox 254 2677 496 2728; x_wconf 84' lang='lat' dir='ltr'>deprimitur,</span> <span class='ocrx_word' id='word_1_550' title='bbox 521 2687 730 2728; x_wconf 90' lang='lat' dir='ltr'>quatenus,</span> <span class='ocrx_word' id='word_1_551' title='bbox 753 2686 870 2728; x_wconf 89' lang='lat' dir='ltr'>prout</span> <span class='ocrx_word' id='word_1_552' title='bbox 890 2678 1019 2723; x_wconf 88' lang='lat' dir='ltr'>decet,</span> <span class='ocrx_word' id='word_1_553' title='bbox 1043 2691 1110 2714; x_wconf 87' lang='lat' dir='ltr'>au-</span> 
     </span>
     <span class='ocr_line' id='line_1_82' title="bbox 100 2736 1109 2788; baseline 0.001 -15"><span class='ocrx_word' id='word_1_554' title='bbox 100 2736 174 2774; x_wconf 90' lang='lat' dir='ltr'>diri</span> <span class='ocrx_word' id='word_1_555' title='bbox 202 2746 389 2788; x_wconf 83' lang='lat' dir='ltr'>nequeat3</span> <span class='ocrx_word' id='word_1_556' title='bbox 411 2739 470 2776; x_wconf 86' lang='lat' dir='ltr'>vel</span> <span class='ocrx_word' id='word_1_557' title='bbox 497 2739 550 2776; x_wconf 91' lang='lat' dir='ltr'>ita</span> <span class='ocrx_word' id='word_1_558' title='bbox 577 2740 763 2784; x_wconf 82' lang='lat' dir='ltr'>elevatur,</span> <span class='ocrx_word' id='word_1_559' title='bbox 788 2747 829 2775; x_wconf 90' lang='lat' dir='ltr'>ut</span> <span class='ocrx_word' id='word_1_560' title='bbox 857 2739 1002 2775; x_wconf 85' lang='lat' dir='ltr'>cantari</span> <span class='ocrx_word' id='word_1_561' title='bbox 1032 2752 1109 2774; x_wconf 87' lang='lat' dir='ltr'>non</span> 
     </span>
     <span class='ocr_line' id='line_1_83' title="bbox 98 2798 1106 2846; baseline 0.002 -14"><span class='ocrx_word' id='word_1_562' title='bbox 98 2798 233 2838; x_wconf 88' lang='lat' dir='ltr'>valeat.</span> <span class='ocrx_word' id='word_1_563' title='bbox 253 2799 312 2836; x_wconf 87' lang='lat' dir='ltr'>Sic</span> <span class='ocrx_word' id='word_1_564' title='bbox 339 2799 440 2836; x_wconf 90' lang='lat' dir='ltr'>enim</span> <span class='ocrx_word' id='word_1_565' title='bbox 471 2799 586 2836; x_wconf 91' lang='lat' dir='ltr'>debet</span> <span class='ocrx_word' id='word_1_566' title='bbox 607 2800 687 2836; x_wconf 90' lang='lat' dir='ltr'>fieri</span> <span class='ocrx_word' id='word_1_567' title='bbox 702 2829 711 2846; x_wconf 90' lang='lat'>,</span> <span class='ocrx_word' id='word_1_568' title='bbox 733 2808 775 2836; x_wconf 89' lang='lat' dir='ltr'>ut</span> <span class='ocrx_word' id='word_1_569' title='bbox 803 2799 841 2835; x_wconf 92' lang='lat' dir='ltr'>in</span> <span class='ocrx_word' id='word_1_570' title='bbox 862 2798 1106 2835; x_wconf 88' lang='lat' dir='ltr'>inferioribus</span> 
     </span>
     <span class='ocr_line' id='line_1_84' title="bbox 98 2858 1105 2910; baseline 0 -15"><span class='ocrx_word' id='word_1_571' title='bbox 98 2858 311 2896; x_wconf 88' lang='lat' dir='ltr'>auditorem</span> <span class='ocrx_word' id='word_1_572' title='bbox 344 2859 506 2907; x_wconf 90' lang='lat' dir='ltr'>habeat,</span> <span class='ocrx_word' id='word_1_573' title='bbox 536 2869 574 2897; x_wconf 91' lang='lat' dir='ltr'>et</span> <span class='ocrx_word' id='word_1_574' title='bbox 609 2861 649 2897; x_wconf 89' lang='lat' dir='ltr'>in</span> <span class='ocrx_word' id='word_1_575' title='bbox 684 2859 946 2910; x_wconf 88' lang='lat' dir='ltr'>superioribus</span> <span class='ocrx_word' id='word_1_576' title='bbox 974 2860 1105 2909; x_wconf 88' lang='lat' dir='ltr'>prola-</span> 
     </span>
     <span class='ocr_line' id='line_1_85' title="bbox 98 2919 1106 2969; baseline 0 -14"><span class='ocrx_word' id='word_1_577' title='bbox 98 2926 232 2957; x_wconf 89' lang='lat' dir='ltr'>torem.</span> <span class='ocrx_word' id='word_1_578' title='bbox 254 2919 377 2969; x_wconf 83' lang='lat' dir='ltr'>Hujus</span> <span class='ocrx_word' id='word_1_579' title='bbox 406 2921 678 2958; x_wconf 85' lang='lat' dir='ltr'>mediocritatis</span> <span class='ocrx_word' id='word_1_580' title='bbox 701 2929 873 2957; x_wconf 89' lang='lat' dir='ltr'>tenorem</span> <span class='ocrx_word' id='word_1_581' title='bbox 894 2919 1049 2968; x_wconf 87' lang='lat' dir='ltr'>quidam</span> <span class='ocrx_word' id='word_1_582' title='bbox 1068 2920 1106 2955; x_wconf 92' lang='lat' dir='ltr'>in</span> 
     </span>
     <span class='ocr_line' id='line_1_86' title="bbox 97 2979 1107 3029; baseline 0 -14"><span class='ocrx_word' id='word_1_583' title='bbox 97 2987 210 3025; x_wconf 92' lang='lat' dir='ltr'>octo,</span> <span class='ocrx_word' id='word_1_584' title='bbox 239 2980 395 3029; x_wconf 87' lang='lat' dir='ltr'>quidam</span> <span class='ocrx_word' id='word_1_585' title='bbox 429 2981 468 3017; x_wconf 91' lang='lat' dir='ltr'>in</span> <span class='ocrx_word' id='word_1_586' title='bbox 498 2995 637 3018; x_wconf 79' lang='lat' dir='ltr'>novem</span> <span class='ocrx_word' id='word_1_587' title='bbox 672 2979 832 3017; x_wconf 86' lang='lat' dir='ltr'>vocibus</span> <span class='ocrx_word' id='word_1_588' title='bbox 861 2992 941 3015; x_wconf 80' lang='lat' dir='ltr'>esse</span> <span class='ocrx_word' id='word_1_589' title='bbox 973 2979 1107 3015; x_wconf 88' lang='lat' dir='ltr'>volue-</span> 
     </span>
     <span class='ocr_line' id='line_1_87' title="bbox 96 3038 1107 3087; baseline -0.001 -12"><span class='ocrx_word' id='word_1_590' title='bbox 96 3047 200 3085; x_wconf 90' lang='lat' dir='ltr'>runt,</span> <span class='ocrx_word' id='word_1_591' title='bbox 217 3052 296 3076; x_wconf 90' lang='lat' dir='ltr'>non</span> <span class='ocrx_word' id='word_1_592' title='bbox 317 3041 591 3087; x_wconf 87' lang='lat' dir='ltr'>clamosarum,</span> <span class='ocrx_word' id='word_1_593' title='bbox 609 3041 674 3078; x_wconf 92' lang='lat' dir='ltr'>sed</span> <span class='ocrx_word' id='word_1_594' title='bbox 694 3053 832 3076; x_wconf 83' lang='lat' dir='ltr'>vocum</span> <span class='ocrx_word' id='word_1_595' title='bbox 858 3038 1107 3075; x_wconf 88' lang='lat' dir='ltr'>mediocrium</span> 
     </span>
     <span class='ocr_line' id='line_1_88' title="bbox 94 3098 1107 3148; baseline -0.001 -13"><span class='ocrx_word' id='word_1_596' title='bbox 94 3098 386 3148; x_wconf 88' lang='lat' dir='ltr'>possibilitatem</span> <span class='ocrx_word' id='word_1_597' title='bbox 421 3101 720 3138; x_wconf 89' lang='lat' dir='ltr'>considerantes.</span> <span class='ocrx_word' id='word_1_598' title='bbox 750 3103 1022 3137; x_wconf 86' lang='lat' dir='ltr'>Verumtamen</span> <span class='ocrx_word' id='word_1_599' title='bbox 1045 3112 1107 3135; x_wconf 78' lang='lat' dir='ltr'>se-</span> 
     </span>
     <span class='ocr_line' id='line_1_89' title="bbox 96 3157 1108 3211; baseline -0.001 -16"><span class='ocrx_word' id='word_1_600' title='bbox 96 3158 265 3196; x_wconf 89' lang='lat' dir='ltr'>cundum</span> <span class='ocrx_word' id='word_1_601' title='bbox 303 3160 411 3206; x_wconf 82' lang='lat' dir='ltr'>illos,</span> <span class='ocrx_word' id='word_1_602' title='bbox 457 3175 624 3211; x_wconf 90' lang='lat' dir='ltr'>quorum</span> <span class='ocrx_word' id='word_1_603' title='bbox 672 3159 902 3209; x_wconf 77' lang='lat' dir='ltr'>exquisitior</span> <span class='ocrx_word' id='word_1_604' title='bbox 956 3157 1108 3194; x_wconf 72' lang='lat' dir='ltr'>videtur</span> 
     </span>
     <span class='ocr_line' id='line_1_90' title="bbox 95 3221 1106 3272; baseline -0.002 -16"><span class='ocrx_word' id='word_1_605' title='bbox 95 3231 177 3256; x_wconf 88' lang='lat' dir='ltr'>esse</span> <span class='ocrx_word' id='word_1_606' title='bbox 211 3221 423 3266; x_wconf 87' lang='lat' dir='ltr'>sententia,</span> <span class='ocrx_word' id='word_1_607' title='bbox 454 3235 576 3272; x_wconf 90' lang='lat' dir='ltr'>usque</span> <span class='ocrx_word' id='word_1_608' title='bbox 608 3221 655 3258; x_wconf 88' lang='lat' dir='ltr'>ad</span> <span class='ocrx_word' id='word_1_609' title='bbox 689 3221 820 3257; x_wconf 88' lang='lat' dir='ltr'>decern</span> <span class='ocrx_word' id='word_1_610' title='bbox 847 3231 960 3255; x_wconf 89' lang='lat' dir='ltr'>voces</span> <span class='ocrx_word' id='word_1_611' title='bbox 981 3226 1106 3268; x_wconf 88' lang='lat' dir='ltr'>potest</span> 
     </span>
    </p>
   </div>
   <div class='ocr_carea' id='block_1_15' title="bbox 1172 2683 2167 3268">
    <p class='ocr_par' dir='ltr' id='par_1_17' title="bbox 1172 2683 2167 3268">
     <span class='ocr_line' id='line_1_91' title="bbox 1178 2683 2167 2733; baseline 0.003 -14"><span class='ocrx_word' id='word_1_612' title='bbox 1178 2683 1370 2733; x_wconf 79' lang='lat' dir='ltr'>dignitatis</span> <span class='ocrx_word' id='word_1_613' title='bbox 1391 2684 1600 2732; x_wconf 74' lang='lat' dir='ltr'>aequalitas,</span> <span class='ocrx_word' id='word_1_614' title='bbox 1629 2693 1665 2719; x_wconf 91' lang='lat' dir='ltr'>et</span> <span class='ocrx_word' id='word_1_615' title='bbox 1687 2684 1842 2719; x_wconf 88' lang='lat' dir='ltr'>notandi</span> <span class='ocrx_word' id='word_1_616' title='bbox 1868 2685 2076 2721; x_wconf 82' lang='lat' dir='ltr'>necessitas.</span> <span class='ocrx_word' id='word_1_617' title='bbox 2100 2689 2167 2722; x_wconf 88' lang='lat' dir='ltr'>Se-</span> 
     </span>
     <span class='ocr_line' id='line_1_92' title="bbox 1178 2743 2165 2792; baseline 0.001 -12"><span class='ocrx_word' id='word_1_618' title='bbox 1178 2743 1344 2780; x_wconf 88' lang='lat' dir='ltr'>cundum</span> <span class='ocrx_word' id='word_1_619' title='bbox 1373 2743 1587 2792; x_wconf 89' lang='lat' dir='ltr'>hujusmodi</span> <span class='ocrx_word' id='word_1_620' title='bbox 1606 2743 1862 2779; x_wconf 83' lang='lat' dir='ltr'>sufficientiam</span> <span class='ocrx_word' id='word_1_621' title='bbox 1886 2743 2013 2780; x_wconf 86' lang='lat' dir='ltr'>decem</span> <span class='ocrx_word' id='word_1_622' title='bbox 2032 2758 2165 2781; x_wconf 69' lang='lat' dir='ltr'>vocum</span> 
     </span>
     <span class='ocr_line' id='line_1_93' title="bbox 1172 2803 2167 2854; baseline 0 -13"><span class='ocrx_word' id='word_1_623' title='bbox 1172 2804 1509 2841; x_wconf 74' lang='lat' dir='ltr'>consideraverunt</span> <span class='ocrx_word' id='word_1_624' title='bbox 1535 2803 1665 2839; x_wconf 86' lang='lat' dir='ltr'>musici</span> <span class='ocrx_word' id='word_1_625' title='bbox 1696 2803 1968 2852; x_wconf 81' lang='lat' dir='ltr'>progressionis</span> <span class='ocrx_word' id='word_1_626' title='bbox 2008 2805 2167 2854; x_wconf 89' lang='lat' dir='ltr'>plenitu-</span> 
     </span>
     <span class='ocr_line' id='line_1_94' title="bbox 1173 2862 2167 2913; baseline 0 -13"><span class='ocrx_word' id='word_1_627' title='bbox 1173 2863 1299 2900; x_wconf 90' lang='lat' dir='ltr'>dinem</span> <span class='ocrx_word' id='word_1_628' title='bbox 1311 2893 1319 2906; x_wconf 88' lang='lat'>,</span> <span class='ocrx_word' id='word_1_629' title='bbox 1334 2872 1492 2913; x_wconf 88' lang='lat' dir='ltr'>propter</span> <span class='ocrx_word' id='word_1_630' title='bbox 1507 2876 1617 2912; x_wconf 89' lang='lat' dir='ltr'>quam</span> <span class='ocrx_word' id='word_1_631' title='bbox 1635 2862 1787 2911; x_wconf 87' lang='lat' dir='ltr'>singulis</span> <span class='ocrx_word' id='word_1_632' title='bbox 1803 2863 2061 2911; x_wconf 81' lang='lat' dir='ltr'>assignandam</span> <span class='ocrx_word' id='word_1_633' title='bbox 2079 2866 2167 2901; x_wconf 82' lang='lat' dir='ltr'>fina-</span> 
     </span>
     <span class='ocr_line' id='line_1_95' title="bbox 1173 2922 2164 2972; baseline 0.001 -13"><span class='ocrx_word' id='word_1_634' title='bbox 1173 2923 1272 2959; x_wconf 90' lang='lat' dir='ltr'>libus</span> <span class='ocrx_word' id='word_1_635' title='bbox 1292 2922 1510 2972; x_wconf 71' lang='lat' dir='ltr'>praedictam</span> <span class='ocrx_word' id='word_1_636' title='bbox 1541 2922 1824 2971; x_wconf 87' lang='lat' dir='ltr'>dispositionem</span> <span class='ocrx_word' id='word_1_637' title='bbox 1850 2931 2120 2972; x_wconf 77' lang='lat' dir='ltr'>protraxerunt</span> <span class='ocrx_word' id='word_1_638' title='bbox 2145 2938 2164 2960; x_wconf 89' lang='lat' dir='ltr'>a</span> 
     </span>
     <span class='ocr_line' id='line_1_96' title="bbox 1173 2981 2166 3032; baseline 0.003 -16"><span class='ocrx_word' id='word_1_639' title='bbox 1173 2988 1197 3016; x_wconf 89' lang='grc' dir='ltr'>Γ</span> <span class='ocrx_word' id='word_1_640' title='bbox 1218 2996 1340 3032; x_wconf 84' lang='lat' dir='ltr'>graeco</span> <span class='ocrx_word' id='word_1_641' title='bbox 1361 2995 1480 3031; x_wconf 88' lang='lat' dir='ltr'>usque</span> <span class='ocrx_word' id='word_1_642' title='bbox 1498 2982 1534 3017; x_wconf 93' lang='lat' dir='ltr'>in</span> <span class='ocrx_word' id='word_1_643' title='bbox 1553 2994 1594 3017; x_wconf 92' lang='lat' dir='ltr'>ee</span> <span class='ocrx_word' id='word_1_644' title='bbox 1614 2996 1621 3016; x_wconf 92' lang='grc'>;</span> <span class='ocrx_word' id='word_1_645' title='bbox 1641 2981 1805 3030; x_wconf 90' lang='lat' dir='ltr'>alioquin</span> <span class='ocrx_word' id='word_1_646' title='bbox 1828 2982 2056 3019; x_wconf 89' lang='lat' dir='ltr'>insufficiens</span> <span class='ocrx_word' id='word_1_647' title='bbox 2071 2993 2166 3019; x_wconf 84' lang='lat' dir='ltr'>esset</span> 
     </span>
     <span class='ocr_line' id='line_1_97' title="bbox 1175 3041 2163 3091; baseline 0 -12"><span class='ocrx_word' id='word_1_648' title='bbox 1175 3043 1356 3089; x_wconf 88' lang='lat' dir='ltr'>formula,</span> <span class='ocrx_word' id='word_1_649' title='bbox 1371 3056 1438 3078; x_wconf 87' lang='lat' dir='ltr'>nec</span> <span class='ocrx_word' id='word_1_650' title='bbox 1451 3042 1556 3078; x_wconf 90' lang='lat' dir='ltr'>daret</span> <span class='ocrx_word' id='word_1_651' title='bbox 1568 3041 1720 3090; x_wconf 86' lang='lat' dir='ltr'>singulis</span> <span class='ocrx_word' id='word_1_652' title='bbox 1732 3042 1940 3091; x_wconf 86' lang='lat' dir='ltr'>plenarium</span> <span class='ocrx_word' id='word_1_653' title='bbox 1957 3056 2163 3080; x_wconf 88' lang='lat' dir='ltr'>ascensum.</span> 
     </span>
     <span class='ocr_line' id='line_1_98' title="bbox 1174 3101 2164 3151; baseline -0.002 -12"><span class='ocrx_word' id='word_1_654' title='bbox 1174 3106 1248 3139; x_wconf 88' lang='lat' dir='ltr'>Has</span> <span class='ocrx_word' id='word_1_655' title='bbox 1271 3102 1396 3138; x_wconf 86' lang='lat' dir='ltr'>decem</span> <span class='ocrx_word' id='word_1_656' title='bbox 1421 3114 1531 3137; x_wconf 78' lang='lat' dir='ltr'>voces</span> <span class='ocrx_word' id='word_1_657' title='bbox 1554 3101 1590 3136; x_wconf 93' lang='lat' dir='ltr'>in</span> <span class='ocrx_word' id='word_1_658' title='bbox 1611 3114 1676 3137; x_wconf 89' lang='lat' dir='ltr'>sua</span> <span class='ocrx_word' id='word_1_659' title='bbox 1695 3102 1956 3151; x_wconf 85' lang='lat' dir='ltr'>progressione</span> <span class='ocrx_word' id='word_1_660' title='bbox 1975 3102 2081 3138; x_wconf 86' lang='lat' dir='ltr'>aliter</span> <span class='ocrx_word' id='word_1_661' title='bbox 2097 3115 2164 3138; x_wconf 83' lang='lat' dir='ltr'>au-</span> 
     </span>
     <span class='ocr_line' id='line_1_99' title="bbox 1174 3159 2164 3209; baseline -0.002 -12"><span class='ocrx_word' id='word_1_662' title='bbox 1174 3161 1294 3197; x_wconf 89' lang='lat' dir='ltr'>thenti</span> <span class='ocrx_word' id='word_1_663' title='bbox 1306 3189 1315 3205; x_wconf 94' lang='lat'>,</span> <span class='ocrx_word' id='word_1_664' title='bbox 1336 3161 1443 3196; x_wconf 89' lang='lat' dir='ltr'>aliter</span> <span class='ocrx_word' id='word_1_665' title='bbox 1456 3159 1634 3196; x_wconf 88' lang='lat' dir='ltr'>ordinant</span> <span class='ocrx_word' id='word_1_666' title='bbox 1646 3160 1820 3209; x_wconf 87' lang='lat' dir='ltr'>plagales.</span> <span class='ocrx_word' id='word_1_667' title='bbox 1834 3160 2042 3195; x_wconf 85' lang='lat' dir='ltr'>Authentos</span> <span class='ocrx_word' id='word_1_668' title='bbox 2057 3173 2164 3195; x_wconf 74' lang='lat' dir='ltr'>voca-</span> 
     </span>
     <span class='ocr_line' id='line_1_100' title="bbox 1173 3218 2160 3268; baseline -0.003 -11"><span class='ocrx_word' id='word_1_669' title='bbox 1173 3234 1278 3265; x_wconf 90' lang='lat' dir='ltr'>mus,</span> <span class='ocrx_word' id='word_1_670' title='bbox 1309 3220 1373 3268; x_wconf 88' lang='lat' dir='ltr'>qui</span> <span class='ocrx_word' id='word_1_671' title='bbox 1400 3218 1553 3268; x_wconf 87' lang='lat' dir='ltr'>majoris</span> <span class='ocrx_word' id='word_1_672' title='bbox 1578 3228 1666 3255; x_wconf 90' lang='lat' dir='ltr'>sunt</span> <span class='ocrx_word' id='word_1_673' title='bbox 1691 3219 1940 3264; x_wconf 86' lang='lat' dir='ltr'>auctoritatis,</span> <span class='ocrx_word' id='word_1_674' title='bbox 1974 3219 2160 3267; x_wconf 87' lang='lat' dir='ltr'>primum,</span> 
     </span>
    </p>
   </div>
   <div class='ocr_carea' id='block_1_16' title="bbox 142 3342 1722 3390">
    <p class='ocr_par' dir='ltr' id='par_1_18' title="bbox 142 3342 1722 3390">
     <span class='ocr_line' id='line_1_101' title="bbox 142 3342 1722 3390; baseline -0.004 -12"><span class='ocrx_word' id='word_1_675' title='bbox 142 3348 155 3363; x_wconf 75' lang='lat'>⁸</span> <span class='ocrx_word' id='word_1_676' title='bbox 169 3350 207 3378; x_wconf 91' lang='lat' dir='ltr'>In</span> <span class='ocrx_word' id='word_1_677' title='bbox 219 3348 431 3390; x_wconf 83' lang='lat' dir='ltr'>manuscripto</span> <span class='ocrx_word' id='word_1_678' title='bbox 450 3354 495 3380; x_wconf 87' lang='lat' dir='ltr'>est</span> <span class='ocrx_word' id='word_1_679' title='bbox 511 3348 577 3380; x_wconf 82' lang='lat' dir='ltr'>haec</span> <span class='ocrx_word' id='word_1_680' title='bbox 592 3349 695 3380; x_wconf 85' lang='lat' dir='ltr'>littera</span> <span class='ocrx_word' id='word_1_681' title='bbox 715 3351 757 3385; x_wconf 78' lang='lat' dir='ltr'>H,</span> <span class='ocrx_word' id='word_1_682' title='bbox 777 3357 844 3388; x_wconf 81' lang='lat' dir='ltr'>quae</span> <span class='ocrx_word' id='word_1_683' title='bbox 858 3344 1006 3387; x_wconf 72' lang='lat' dir='ltr'>significat</span> <span class='ocrx_word' id='word_1_684' title='bbox 1023 3348 1046 3376; x_wconf 84' lang='lat' dir='ltr'>E</span> <span class='ocrx_word' id='word_1_685' title='bbox 1060 3370 1067 3383; x_wconf 88' lang='lat'>,</span> <span class='ocrx_word' id='word_1_686' title='bbox 1092 3346 1122 3376; x_wconf 86' lang='lat' dir='ltr'>id</span> <span class='ocrx_word' id='word_1_687' title='bbox 1141 3353 1184 3377; x_wconf 85' lang='lat' dir='ltr'>est</span> <span class='ocrx_word' id='word_1_688' title='bbox 1198 3349 1222 3377; x_wconf 89' lang='lat' dir='ltr'>E</span> <span class='ocrx_word' id='word_1_689' title='bbox 1240 3344 1269 3376; x_wconf 88' lang='lat' dir='ltr'>la</span> <span class='ocrx_word' id='word_1_690' title='bbox 1283 3347 1313 3377; x_wconf 88' lang='lat' dir='ltr'>in</span> <span class='ocrx_word' id='word_1_691' title='bbox 1334 3345 1545 3376; x_wconf 87' lang='lat' dir='ltr'>monochordo</span> <span class='ocrx_word' id='word_1_692' title='bbox 1560 3342 1722 3374; x_wconf 83' lang='lat' dir='ltr'>Gnidouis.</span> 
     </span>
    </p>
   </div>
   <div class='ocr_carea' id='block_1_17' title="bbox 258 3445 426 3468">
    <p class='ocr_par' dir='ltr' id='par_1_19' title="bbox 258 3445 426 3468">
     <span class='ocr_line' id='line_1_102' title="bbox 258 3445 426 3468; baseline 0 0"><span class='ocrx_word' id='word_1_693' title='bbox 258 3445 348 3468; x_wconf 70' lang='lat' dir='ltr'>Tou.</span> <span class='ocrx_word' id='word_1_694' title='bbox 381 3447 426 3468; x_wconf 76' lang='lat' dir='ltr'>H.</span> 
     </span>
    </p>
   </div>
   <div class='ocr_carea' id='block_1_18' title="bbox 1958 3426 2003 3461">
    <p class='ocr_par' dir='ltr' id='par_1_20' title="bbox 1958 3426 2003 3461">
     <span class='ocr_line' id='line_1_103' title="bbox 1958 3426 2003 3461; baseline 0 0"><span class='ocrx_word' id='word_1_695' title='bbox 1958 3426 2003 3461; x_wconf 65' lang='lat'>49</span> 
     </span>
    </p>
   </div>
  </div>
 </body>
</html>
