2533 3920
1359 226 1518 268 ¹²²¹esse,
1552 221 1616 270 qui
1643 219 1689 256 ad
1720 215 1972 254 eruditionem
2002 212 2156 251 virtutis
2183 220 2220 249 et
2248 213 2422 263 exemplo

340 320 367 329 Ἃ
370 306 1352 329 ================================================================
1370 287 1401 320 A
1421 282 1602 326 sufficias,
1621 288 1658 316 ct
1674 277 1805 315 verbo.
1825 279 2009 313 Caeterum
2028 286 2075 310 ne
2092 273 2226 309 litteris
2244 272 2425 322 prolixio-

496 427 876 487 EPISTOLA
932 425 1029 482 CX
1042 421 1193 480 XII.a

346 589 579 612 unamiffinn
606 584 838 609 'renoxisxffls
864 581 1156 606 Ancmssmscom
1186 581 1230 601 An
1261 579 1355 601 Bitn—

655 645 808 668 Nmneu
831 643 996 666 ABBATEM
1012 629 1041 664 *.

437 760 587 793 Rernardi
610 760 691 790 fama
709 757 843 788 nominis
857 763 887 788 et
903 755 1072 787 sanctitatis
1089 760 1248 796 permotus
1260 777 1267 791 ,

619 812 859 843 familiaritatem
876 811 942 852 ejus
956 809 1086 852 expetit.

410 943 441 975 l.
462 938 677 975 Balsamum
708 949 755 971 ex
787 934 905 970 odore
931 947 999 969 suo
1017 961 1026 979 ,
1053 940 1090 968 et
1110 930 1286 967 arborem
1316 942 1362 965 ex

349 1000 478 1035 fructu
496 992 697 1045 cognosci,
719 1007 861 1044 paucos
884 993 1074 1029 credimus
1091 991 1278 1040 ignorare.
1300 988 1358 1025 Sic

352 1067 390 1094 et
421 1056 532 1093 nobis
554 1069 600 1092 ex
636 1055 817 1104 opinione
851 1062 936 1099 tua,
968 1052 1185 1089 charissime
1212 1050 1327 1086 srater
1345 1077 1354 1094 ,
1377 1049 1405 1083 B

354 1117 547 1161 innotuit,
576 1128 688 1164 quam
724 1114 773 1150 sis
803 1121 840 1149 et
870 1112 916 1149 ad
943 1110 1232 1148 sanctimoniam
1257 1122 1366 1145 com-

355 1178 502 1228 positus
526 1207 535 1224 ,
566 1184 604 1212 et
632 1176 780 1224 integer
810 1173 858 1210 ad
881 1173 1106 1209 doctrinam.
1134 1174 1227 1208 Cum
1260 1170 1361 1206 enim

354 1240 528 1275 locorum
551 1236 755 1273 interstitio
780 1235 931 1285 longius
957 1249 977 1271 a
996 1243 1030 1271 tc
1049 1245 1291 1283 separemur3
1315 1230 1362 1267 ad

355 1313 427 1336 nos
465 1308 590 1335 tamen
627 1310 746 1346 usque
782 1296 982 1346 pervenit,
1025 1308 1137 1344 quain
1172 1292 1363 1343 jucundas

359 1368 489 1397 noctes
508 1372 593 1395 cum
613 1367 674 1394 tua
696 1357 860 1394 Rachele
885 1356 1022 1402 ducas,
1053 1368 1137 1404 quae
1163 1353 1366 1403 progenies

360 1435 406 1458 ex
428 1421 494 1457 Lia
514 1418 579 1455 tibi
600 1418 806 1464 exuberet,
835 1430 949 1466 quam
979 1424 1100 1452 totum
1130 1423 1164 1450 te
1188 1413 1366 1450 exhibeas

361 1490 399 1518 et
428 1481 615 1517 cultorem
651 1479 826 1523 virtutis,
859 1486 896 1514 et
933 1477 1079 1513 hostem
1111 1474 1247 1511 carnis.
1282 1477 1366 1510 Non

362 1541 477 1577 alium
496 1540 708 1588 loquuntur
722 1546 769 1584 te,
786 1538 1018 1586 quicumque
1033 1536 1243 1584 loquuntur
1258 1533 1369 1570 nobis

365 1601 411 1637 de
443 1608 490 1636 te.
516 1599 614 1636 Talis
644 1606 700 1634 est
731 1598 828 1634 odor
861 1598 935 1633 olei
965 1597 1075 1633 effusi
1102 1595 1267 1632 nominis
1293 1594 1367 1639 tui,

366 1661 453 1698 talia
476 1659 555 1709 jani
583 1668 736 1695 tuorum
766 1658 922 1708 praemia
951 1657 1188 1693 meritorum.
1221 1660 1295 1692 Has
1326 1668 1373 1690 ex

367 1735 458 1771 agro
486 1729 550 1757 tuo
585 1719 705 1769 spicas
736 1726 823 1754 ante
852 1730 1069 1767 supremam
1100 1716 1245 1765 colligis
1274 1728 1373 1751 mes-

366 1783 526 1819 sionem.
555 1784 599 1817 In
621 1780 689 1816 hac
706 1779 807 1815 enim
834 1778 911 1814 vita
931 1777 1103 1826 quaedam
1126 1788 1267 1812 merces
1294 1774 1374 1810 vir-

1421 342 1527 379 ribus
1548 339 1738 384 onereris,
1757 336 1898 385 scripto
1928 334 2106 384 ponimus
2130 334 2242 368 linem
2258 361 2267 378 ‚
2296 344 2427 381 supra-

1423 403 1534 439 dietae
1566 398 1742 450 petitioni
1768 426 1777 442 ‚
1813 395 1936 432 donec
1974 393 2147 430 exaudiri
2178 404 2392 428 mereamur
2413 418 2424 436 ‚

1423 465 1536 499 linem
1554 461 1709 497 minime
1726 456 1900 508 posituri.
1913 454 2013 503 Quid
2030 461 2155 490 autem
2170 466 2216 489 ex
2227 452 2299 488 hoc
2314 450 2428 487 animi

1422 535 1547 572 geras,
1570 520 1698 556 doceri
1731 518 1981 567 deprecamur
2010 522 2161 550 tuarum
2192 524 2349 548 recursu
2366 511 2428 547 lit-

1424 591 1602 619 terarum.

1424 714 2429 734 ιιιιιιιιιιιιιιιιιιιιιιιιιιιιιιιιιιιιιιιιιιιιιιιιιιιιιιιιιιιιιιιιιιιι

1574 812 1940 892 EPISTOLA
1979 827 2273 889 exxmf

1431 991 1664 1016 RESCRIP'H‘M
1690 988 1836 1012 ABBATIS
1864 987 2053 1009 BERNARDI
2085 986 2130 1007 AD
2163 982 2434 1006 HILnl-:m-:RTL'M

1618 1048 1871 1073 TURONENSEM
1898 1044 2235 1069 ARCHIEPISCOPL'M.

1708 1167 1830 1199 Laudes
1848 1164 1994 1196 laudibus
2014 1163 2170 1206 rependit.

1484 1298 1613 1332 Bonus
1628 1293 1743 1329 homo
1764 1290 1810 1327 de
1827 1289 1930 1326 bono
1949 1290 2125 1326 thesauro
2142 1286 2267 1324 cordis
2281 1286 2337 1323 sui
2355 1299 2441 1336 pro-

1434 1355 1504 1391 fert
1530 1354 1687 1390 bonum.
1716 1352 1863 1400 Scripta
1893 1350 2024 1400 gloriae
2047 1358 2120 1385 tuae
2135 1377 2145 1394 ,
2168 1349 2245 1384 imo
2265 1356 2303 1383 et
2323 1360 2414 1382 meze
2429 1374 2439 1391 ,

1433 1415 1521 1451 satis
1542 1413 1702 1450 libenter
1727 1411 1854 1460 accepi
1868 1440 1877 1456 ,
1899 1410 1958 1446 vir
1979 1409 2093 1445 totius
2115 1407 2357 1451 reverentiae,
2389 1413 2444 1441 te-

1435 1488 1528 1511 nens
1552 1474 1590 1510 in
1615 1473 1686 1509 illis
1714 1471 1816 1508 unde
1835 1480 1869 1507 te
1897 1483 1974 1506 non
1992 1469 2182 1505 immerito
2209 1467 2415 1517 glot-ilicem
2431 1492 2440 1509 ,

1435 1535 1574 1584 etipse
1605 1546 1683 1569 non
1711 1531 1901 1568 immerito
1922 1529 2072 1579 glorier.
2102 1527 2296 1577 Siquidem
2325 1525 2443 1575 gloria
2496 1558 2500 1564 ,

1439 1603 1569 1632 nostra
1608 1594 1687 1630 haec
1735 1600 1818 1637 est,
1854 1599 1928 1627 tuae
1966 1587 2214 1626 Sublimitatis
2247 1585 2413 1635 dignatio
2433 1612 2442 1629 ,

1441 1664 1503 1691 tua
1530 1662 1669 1690 nostrae
1695 1651 1884 1702 reputatio
1905 1648 2112 1700 parvitatis.
2134 1651 2278 1697 Nempe
2310 1647 2347 1682 in
2371 1645 2446 1681 alto

1440 1728 1518 1752 non
1549 1715 1667 1750 altum
1697 1725 1847 1762 sapere,
1869 1710 1934 1747 sed
1967 1708 2174 1746 humilibus
2208 1706 2445 1752 consentire,
2496 1718 2497 1725 ¹

1442 1777 1493 1813 nil
1516 1779 1596 1812 Deo
1618 1774 1766 1810 charius
1781 1801 1790 1818 ,
1812 1772 1863 1808 nil
1886 1771 2006 1807 rarius
2027 1768 2128 1819 apud
2144 1768 2332 1805 homines.
2354 1766 2447 1814 Quis
2496 1778 2498 1781 ·

368 1842 457 1878 tutis
473 1849 529 1877 est
546 1839 795 1889 conspicuum
813 1847 849 1874 ct
865 1837 1080 1873 immortale
1099 1835 1369 1872 testimonium.
1389 1840 1416 1875 C
1437 1837 1602 1887 sapiens,
1628 1835 1699 1870 nisi
1721 1833 1785 1883 qui
1807 1831 2008 1881 Sapientiae
2025 1829 2191 1866 consiliis
2213 1826 2446 1877 acquiescit?

367 1908 450 1941 Hoc
472 1902 552 1951 ipsa
571 1900 641 1937 sibi
662 1908 883 1949 comparat,
909 1899 981 1934 hoc
997 1897 1068 1934 sibi
1095 1898 1175 1947 ipsa
1195 1896 1370 1933 custodit.

369 1961 494 2010 Hujus
522 1960 705 2010 splendor
740 1973 817 1995 non
857 1959 1043 1995 minuitur
1078 1957 1220 1993 invidia
1245 1986 1254 2003 ,
1296 1969 1374 1992 non

367 2020 622 2059 exterioribus
633 2019 767 2056 studiis
781 2018 995 2068 adjuvatur.
1014 2018 1166 2067 Quippe
1184 2016 1376 2052 bonorum

368 2082 616 2127 existimatio,
634 2080 729 2117 sieut
747 2080 846 2115 salsis
870 2077 1124 2115 delationibus
1143 2077 1281 2113 aul'erri
1300 2089 1377 2112 non

370 2150 518 2193 potest,
556 2141 606 2177 ita
639 2153 708 2176 nec
739 2139 962 2176 adulatoriis
996 2136 1190 2174 favoribus
1219 2136 1376 2185 acquiri.

371 2208 490 2241 Penes
522 2202 625 2251 ipsos
657 2209 713 2237 est
734 2229 742 2245 ,
778 2213 860 2236 cam
896 2199 956 2235 vel
988 2197 1160 2235 ubertate
1190 2198 1378 2233 virtutum

371 2264 581 2313 prolicere,
609 2261 667 2296 vel
690 2260 840 2296 defectu
867 2258 1064 2295 minorari.
1090 2260 1185 2294 Sane
1211 2257 1256 2293 de
1280 2257 1380 2292 cele—

371 2323 539 2360 berrima
573 2321 757 2371 opinione
789 2329 851 2356 tua
887 2333 972 2369 spes
1011 2319 1049 2354 in
1081 2318 1166 2354 sinu
1204 2317 1380 2353 Ecclesiae

374 2384 540 2433 reposita
567 2391 641 2428 est,
669 2394 750 2417 eam
784 2379 940 2416 minime
968 2391 1166 2422 casuram,
1199 2376 1381 2426 quoniam

374 2443 530 2479 fundata
560 2441 728 2478 creditur
759 2453 875 2489 supra
900 2440 1047 2475 firmani
1077 2445 1237 2488 petram.

430 2504 465 2540 2.
486 2506 541 2540 Ex
552 2516 595 2539 ea
610 2515 680 2538 nos
696 2510 796 2537 tuam
814 2499 939 2536 edocti
959 2498 1221 2541 devotionem,
1239 2496 1384 2532 deside-

376 2562 432 2599 rio
445 2561 744 2598 desideravimus
758 2560 796 2595 in
811 2559 1017 2595 sacrarium
1035 2556 1297 2593 familiaritatis
1312 2563 1384 2591 tuae

1440 1898 1492 1934 ait
1512 1904 1637 1933 autem
1655 1909 1662 1930 :
1685 1896 1836 1940 Quanto
1851 1892 2035 1937 majores,
2057 1898 2158 1926 tanto
2175 1889 2335 1924 lucmilia
2354 1895 2388 1922 te
2409 1891 2448 1922 ιἰι

1442 1957 1648 1994 omnibus-¹.
1667 1958 1751 1991 Hoc
1775 1962 1815 1989 tu
1844 1952 1934 1988 mihi
1953 1949 2183 1994 exhibuisti,
2206 1948 2343 1985 minori
2371 1958 2450 1982 ma-

1438 2019 1515 2068 jor,
1535 2017 1661 2053 senior
1675 2013 1832 2064 juniori.
1850 2016 2003 2050 Possem
2024 2009 2188 2061 proinde
2204 2017 2241 2045 et
2262 2020 2332 2056 ego
2350 2015 2450 2043 tuam

1445 2076 1645 2128 probatam
1667 2073 1889 2124 sapientiam
1912 2084 1989 2107 non
2014 2069 2193 2106 indebitis
2213 2068 2349 2104 efferre
2370 2067 2453 2102 lau-
2493 2081 2496 2092 ·

1446 2138 1578 2183 dibus,
1600 2144 1637 2172 et
1668 2135 1764 2171 forte
1790 2131 2018 2182 justioribus
2044 2131 2122 2177 his,
2144 2128 2283 2178 quibus
2309 2140 2369 2163 me
2397 2125 2454 2162 di-
2498 2123 2503 2127 ⁴

1446 2206 1558 2247 gnata
1573 2205 1628 2233 est
1642 2196 1735 2245 ipsa.
1753 2194 1904 2243 Quippe
1919 2192 2077 2228 interest
2089 2190 2135 2227 ad
2150 2188 2314 2226 dandam
2328 2198 2454 2224 rerum

1448 2257 1735 2301 certitudinem,
1759 2254 1851 2303 quid
1873 2253 2017 2289 ineerta
2033 2251 2150 2301 jactet
2170 2249 2301 2299 opinio
2315 2276 2324 2293 ‚
2342 2245 2456 2296 quid—
2492 2251 2495 2258 '

1447 2332 1521 2368 que
1555 2330 1651 2367 opus
1687 2314 1844 2351 evidens
1879 2311 2012 2349 reddat
2048 2309 2318 2347 indubitatum.
2348 2303 2457 2355 Quod

1449 2387 1575 2415 autem
1609 2376 1747 2413 certius
1783 2372 2010 2423 probamus,
2032 2371 2106 2407 hoe
2141 2377 2178 2406 et
2210 2367 2459 2419 pra-*dicamus

1450 2438 1631 2475 securius.
1655 2439 1748 2483 Quae
1776 2446 1866 2483 ergo
1897 2431 1943 2468 ad
1971 2444 2030 2467 me
2060 2430 2106 2466 de
2130 2442 2190 2466 me
2213 2427 2278 2464 tibi
2297 2424 2461 2464 scribere

1449 2497 1611 2548 placuit,
1640 2495 1781 2532 videris
1809 2503 1847 2530 tu
1879 2491 1981 2529 unde
2008 2489 2257 2541 probaveris:
2280 2499 2350 2536 ego
2379 2486 2460 2521 lau-
2491 2499 2498 2520 .·

1452 2557 1542 2592 dum
1584 2564 1733 2591 tuarum
1773 2559 2040 2601 argumentum
2076 2558 2186 2586 teneo
2219 2546 2375 2584 minime
2396 2543 2460 2580 du-

377 2622 513 2671 recipi3
540 2620 668 2670 ibique
691 2619 957 2656 recordatione
982 2626 1105 2653 tecum
1132 2629 1234 2661 esse,
1256 2614 1321 2650 ubi
1350 2622 1383 2650 te
1400 2619 1432 2652 D
1451 2616 1556 2653 bium
1592 2616 1691 2664 ipsas
1727 2613 1799 2649 mei
1835 2611 2062 2648 laudatrices
2098 2609 2243 2645 litteras
2281 2614 2383 2651 tuas;
2422 2613 2460 2639 ln

377 2684 500 2732 ipsum
519 2683 664 2717 furatus
680 2679 880 2728 colloquiis
901 2677 1137 2721 mortalium,
1154 2688 1225 2725 pro
1242 2683 1385 2710 morta—

379 2741 475 2778 libus
493 2741 659 2790 loqueris
674 2753 759 2775 cum
776 2742 878 2787 Rege
894 2737 1142 2785 Angelorum.
1160 2739 1281 2771 Porro
1299 2734 1385 2770 huie

379 2801 567 2838 desiderio
601 2808 732 2838 nostro
764 2802 807 2835 N.
828 2797 845 2820 b
871 2796 1066 2834 Trecensis
1099 2794 1387 2830 archidiacomis

379 2860 588 2911 plurimum
622 2858 783 2908 adjecit,
822 2857 879 2893 vir
905 2855 1076 2892 moribus
1109 2862 1145 2889 et
1177 2854 1388 2889 litteratura

381 2920 623 2969 conspicuus.
649 2923 744 2955 Eum
764 2917 829 2953 tibi
854 2928 1095 2952 censeremus
1120 2912 1390 2949 commendan-

381 2981 492 3026 dum,
512 2980 580 3016 nisi
599 2987 790 3015 constaret
808 2978 891 3013 illos
904 3006 912 3022 ,
930 2989 1024 3025 quos
1042 2983 1105 3010 tua
1123 2974 1288 3022 dignaris
1305 2987 1390 3021 gra-

384 3042 455 3086 tia,
487 3038 819 3076 commendatione
839 3037 909 3073 alia
930 3049 1005 3072 non
1028 3049 1150 3084 egere.
1180 3035 1215 3070 Si
1244 3034 1363 3070 neseis
1381 3064 1389 3080 ,

388 3101 488 3137 illius
509 3100 621 3135 etiam
640 3098 879 3135 attestatione
901 3096 1100 3132 didicimus
1120 3103 1153 3130 tc
1173 3095 1206 3130 iu
1230 3096 1392 3131 Ecclesia

438 3240 445 3255 ¹
470 3233 564 3265 liceli.
587 3244 643 3268 ιιι,
668 3236 722 3262 20.

1452 2676 1591 2726 quibus
1622 2675 1735 2711 alium
1772 2675 1930 2710 sortasse
1963 2672 2126 2708 delectet
2154 2665 2379 2706 eruditionis
2405 2663 2463 2700 in-

1453 2737 1580 2785 signe,
1606 2745 1728 2771 sermo
1750 2733 1874 2770 suavis
1894 2741 1931 2769 et
1953 2744 2088 2781 purus,
2111 2728 2234 2766 oratio
2262 2725 2462 2768 luculenta,
2490 2752 2493 2758 ,

1455 2804 1603 2846 gratum
1640 2793 1906 2842 laudabileque
1929 2789 2201 2841 compendium
2230 2801 2237 2823 :
2263 2785 2354 2822 mihi
2374 2792 2462 2820 vero
2490 2827 2491 2830 Ἴ

1455 2870 1534 2907 prae
1572 2855 1626 2891 his
1663 2855 1725 2890 illa
1761 2853 1915 2889 ducitur
1948 2849 2122 2887 miranda
2152 2846 2366 2890 humilitas,
2390 2836 2490 2892 qua,¹

1458 2916 1645 2952 tantillum
1670 2922 1795 2950 tantus
1816 2911 2027 2962 praevenire
2046 2907 2208 2952 curasti,
2228 2914 2266 2942 et
2281 2901 2462 2952 obsequio

1458 2974 1665 3020 salutandi,
1685 2982 1721 3009 et
1740 2971 1933 3022 praeconio
1954 2967 2187 3020 praedicandi
2202 2995 2211 3012 ,
2233 2973 2271 3003 et
2290 2959 2466 3014 precandi

1460 3034 1686 3072 reverentia.
1715 3037 1812 3071 Sane
1842 3031 1946 3081 quod
1979 3030 2024 3066 ad
2049 3042 2108 3065 me
2129 3027 2285 3071 attinet,
2311 3025 2394 3073 lego
2421 3020 2465 3058 de

1460 3110 1519 3132 me
1550 3096 1587 3131 in
1616 3094 1750 3131 litteris
1779 3093 1870 3138 tuis,
1900 3104 1976 3128 non
2007 3088 2111 3139 quod
2140 3100 2245 3133 sum,
2268 3084 2333 3122 sed
2363 3078 2462 3133 quod

433 3299 446 3315 ³
468 3293 587 3335 Scripta
607 3292 689 3323 circa
708 3300 824 3322 annum
846 3293 944 3321 1130.
962 3307 1004 3310 *u
1026 3289 1040 3309 ¹¹
1058 3287 1233 3319 Gebuiuus.
1253 3287 1336 3321 Yide
1355 3291 1452 3320 Notas
1469 3288 1506 3319 ad
1524 3286 1687 3329 epistolam
1710 3288 1761 3317 17.
1779 3304 1823 3307 —
1844 3289 1857 3305 ⁰
1882 3283 2004 3325 Scripta
2021 3281 2102 3313 circa
2119 3288 2237 3311 annum
2258 3279 2360 3309 1130·
