2533 3920
371 208 445 244 567

365 301 432 328 aut
460 292 683 338 decredere,
725 294 790 343 qui
820 294 969 330 dixeras
1008 294 1130 331 nihil?
1160 298 1233 333 Fac
1269 285 1414 344 quod²‘

1135 211 1171 245 S.
1202 210 1331 244 BERN
1334 209 1455 244 ARDI
1484 209 1686 243 ABBATIS

2376 209 2451 247 568

1421 284 1618 321 ⁵nituntur
1645 283 1848 328 Ecclesias,
1877 295 1945 319 sua
1968 283 2072 320 lucra
2095 291 2282 321 sectantes
2303 299 2311 321 ε
2329 287 2452 335 quod-

365 353 516 390 locutus
544 367 595 390 35,
622 355 734 392 Solve
756 355 859 404 quod
884 354 1018 401 debes,
1049 369 1163 405 quam
1193 365 1280 392 ame
1303 370 1373 406 pO-
1394 347 1424 381 A
1442 360 1517 396 que
1533 345 1684 395 gravius
1704 353 1773 391 est,
1793 344 1932 380 sumini
1948 345 2154 390 Pontilicis,
2171 353 2209 381 et
2225 346 2453 385 serenissimi

369 414 458 451 teris
477 421 507 459 ³,
527 428 574 451 ne
600 415 697 452 forte
724 429 802 452 non
830 416 945 453 modo
968 417 1065 453 inter
1086 430 1169 463 nos,
1191 417 1255 454 sed
1274 425 1310 453 et
1331 416 1377 453 de

368 474 479 511 nobis
497 476 717 513 scandalum
744 476 901 513 oriatur.
920 480 975 513 De
996 476 1108 514 nobis
1127 485 1253 514 autem
1280 476 1377 513 bene

365 535 482 579 senti,
506 534 603 572 bene
628 535 673 572 de
702 544 737 572 te
763 536 1036 582 sentientibus,
1066 545 1103 573 et
1134 551 1211 574 non
1243 537 1377 573 decre-

366 594 544 631 dentibus
563 594 642 642 tibi,
659 596 755 632 sicut
769 596 988 645 perturbate
1006 597 1187 647 loqueris,
1205 597 1378 634 nesciens

367 654 459 703 quid
489 655 669 704 loquaris.
689 659 771 693 Mea
789 665 876 692 sunt
894 656 1010 693 verba
1023 686 1032 702 ,
1055 670 1179 694 meum
1211 658 1378 707 loquun-

368 723 429 750 tur
451 715 642 752 affectum.

367 848 1374 861 ιιιιιιιιιιιιιιιιιιιιιιιιιιιιιιιιιιιιιιιιιιιιιιιιιιιιιιιιιιιιιιιιιιιιιιι

422 964 793 1020 EPISTOLA
851 958 1282 1023 CCLXXXII.b

389 1118 434 1139 AD
463 1119 681 1143 LUDOVICUM
713 1121 841 1144 REGEM
873 1122 1100 1145 FRANCORUM
1130 1124 1347 1158 JL‘NIOREM,

527 1181 599 1203 PRO
630 1182 841 1205 ELECTIONE
868 1183 1212 1208 AUTISSIODORENSI.

366 1300 517 1330 Hortatur
550 1302 688 1341 Regem,
724 1312 763 1331 ne
798 1301 896 1332 electo
932 1302 1199 1334 Autissiodorensi
1229 1303 1376 1346 episcopo

799 1355 940 1387 obsistat.

426 1482 457 1516 1.
480 1481 590 1517 Volui
619 1495 688 1531 ego
707 1495 875 1532 unquam
902 1483 939 1518 in
963 1483 1092 1532 aliquo
1113 1484 1288 1521 imminui
1308 1485 1377 1521 lio-

366 1553 499 1577 norem
520 1542 653 1591 Regis,
676 1542 896 1592 dignitatem
916 1544 1047 1593 regni?
1071 1547 1174 1580 Deus
1195 1544 1263 1581 scit
1279 1573 1288 1590 ,
1308 1558 1376 1582 nec

365 1609 502 1646 vestra,
525 1610 568 1638 ut
586 1603 752 1648 confido,
774 1604 1007 1640 conscientia
1026 1604 1064 1640 id
1086 1603 1196 1641 vobis
1217 1618 1378 1655 respon-

365 1661 441 1698 det.
464 1662 596 1700 Videte
613 1677 660 1700 ne
680 1664 733 1701 illi
749 1666 866 1714 inagis
888 1674 1023 1702 contra
1039 1679 1108 1702 vos
1128 1666 1288 1713 faciant,
1310 1667 1376 1717 qui

364 1722 569 1760 electiones
592 1724 831 1772 disturbant,
858 1739 906 1762 ne
935 1727 1011 1763 sint
1038 1727 1075 1763 in
1102 1728 1279 1764 Ecclesiis
1310 1728 1375 1778 qui

365 1782 533 1820 serviant
565 1786 680 1834 Regi,
703 1786 768 1822 sed
800 1787 890 1836 ipsis
919 1787 965 1824 de
987 1788 1240 1825 Ecclesiarnm
1272 1788 1375 1825 redi*

1397 1065 1425 1099 B
1446 1083 1598 1106 servum
1625 1078 1794 1107 vestrum

1445 406 1558 454 Regis
1598 413 1768 441 mutuam
1803 404 1961 453 gratiam
1994 412 2032 440 et
2062 418 2230 441 amorem
2267 404 2453 445 diabolico

1445 465 1571 502 studio
1601 465 1820 515 dirumpere
1851 464 2063 501 molientes.
2091 463 2201 501 Absit
2228 464 2325 511 lioc3
2353 465 2454 514 judi-

1445 526 1544 563 cium
1575 524 1786 576 portabunt
1815 524 2048 574 quicumque
2082 533 2171 562 sunt
2201 524 2279 570 illi,
2304 533 2343 561 et
2372 529 2453 565 Rex

1445 600 1597 637 semper
1617 586 1726 623 faciet
1746 585 1850 636 quod
1880 584 2005 621 bonus
2035 598 2127 631 rex,
2151 586 2249 622 sicut
2272 584 2454 626 hactenus

1446 647 1544 684 fecit.
1581 651 1715 697 Itaque
1749 647 1824 683 cito
1858 645 2089 682 mandentur
2117 645 2376 695 jucundiora,
2406 661 2454 686 ne

1441 707 1582 744 diutius
1603 707 1731 744 sedeat
1753 707 1791 743 iu
1816 706 1968 744 tristitia
1996 706 2163 743 Ecclesia
2177 734 2186 752 ,
2209 705 2357 744 tamdiu
2374 706 2452 756 jam

1441 777 1576 805 vexata
1601 777 1638 805 et
1659 769 1809 805 afflicta.
1834 771 1890 805 De
1920 781 2085 818 persona
2110 767 2215 804 nulla
2241 765 2376 804 subeat
2391 781 2454 805 su-

1442 830 1559 880 spicio
1582 845 1590 866 :
1610 838 1675 866 aut
1702 843 1772 880 ego
1800 829 1957 866 nimium
1986 829 2108 875 fallor,
2133 836 2198 866 aut
2218 827 2340 865 fidelis
2359 828 2453 876 erit,

1443 898 1479 926 et
1519 889 1614 939 Regi
1654 888 1935 940 beneplacitum
1977 903 2094 940 super
2125 902 2181 925 ea.
2219 887 2380 927 Confido
2415 889 2454 927 in

1442 950 1610 988 Domino
1641 950 1730 998 quia
1760 964 1838 987 non
1868 949 2140 987 contristabitis
2170 948 2454 988 multitudinem

1444 1018 1662 1046 sanctorum
1679 1038 1688 1054 ,
1711 1010 1778 1059 qui
1799 1018 1889 1047 sunt
1907 1010 1945 1046 in
1961 1010 2027 1046 illo
2049 1010 2293 1060 episcopatu,
2311 1022 2382 1046 nec
2397 1023 2455 1049 me

1824 1085 1831 1107 :
1860 1070 1945 1119 qui,
1978 1078 2020 1107 ut
2047 1083 2182 1107 verum
2210 1071 2341 1116 fatear,
2363 1070 2454 1108 nihil

1442 1144 1551 1180 aeque
1570 1144 1739 1180 unquam
1758 1145 1779 1168 a
1799 1130 1908 1167 vobis
1928 1131 2132 1168 molestum
2153 1131 2313 1181 pertuli,
2341 1144 2454 1180 quam

1443 1190 1473 1227 si
1498 1191 1538 1226 in
1568 1190 1640 1226 hoc
1661 1191 1819 1227 consilio
1836 1190 1966 1242 <quod
1991 1204 2068 1228 non
2088 1190 2454 1242 eveniat)perstite-
2502 1195 2505 1209 ³

1443 1251 1536 1288 ritis.

1767 1396 1774 1404 =
1782 1396 1789 1404 ι
1808 1395 1991 1404 ιιιικιιιι-ιιι
1998 1396 2018 1404 υ
2025 1395 2139 1404 xxnsmwn
2145 1394 2456 1406 ιιἋι-κνιιινιιιιιιιη

1509 1512 1889 1569 EPISTOLA
1950 1512 2405 1570 CCLXXXIII.⁰

1471 1672 1514 1693 AD
1541 1671 1719 1694 DOMINUM
1750 1672 1862 1693 PAPAM
1892 1671 2101 1705 EUGENIUM,
2131 1672 2202 1695 PRO
2231 1673 2430 1697 FRATRIBUS

1798 1732 1846 1754 DE
1872 1732 2098 1755 MIRATORIO.

366 1841 466 1879 tibus
488 1845 686 1882 serviatur.
711 1850 790 1896 Ego
805 1876 814 1893 ,
836 1860 905 1897 ego
927 1848 1105 1885 electioni
1132 1850 1377 1887 Autissiodo-
1394 1849 1421 1885 C
1441 1855 1479 1882 Iu
1497 1850 1725 1893 compositione
1739 1850 1876 1891 quadam
1892 1849 1954 1881 litis
1967 1848 2083 1881 frustra
2100 1849 2300 1882 laboratum:
2323 1850 2457 1893 ideoque

367 1905 465 1940 rensi
496 1905 663 1943 interfui.
695 1909 862 1944 Concors
899 1908 989 1954 fuit,
1029 1909 1117 1958 quia
1148 1910 1274 1946 clerici
1308 1911 1373 1960 qui

365 1965 524 2002 antehac
556 1967 594 2002 in
627 1976 752 2017 partes
782 1967 1034 2014 dissilierant,
1066 1970 1146 2006 sine
1177 1971 1373 2008 contradi-

364 2026 490 2062 ctione
518 2040 620 2063 nunc
646 2027 799 2064 tandein
831 2032 912 2066 Deo
944 2029 1147 2066 miserante
1179 2044 1374 2068 convene-

364 2095 465 2122 runt.
495 2088 665 2124 Electum
694 2087 792 2125 bene
819 2090 996 2127 novimus
1027 2106 1034 2127 :
1061 2092 1318 2128 testimonium
1340 2092 1374 2129 ei

363 2146 631 2195 perhibemus,
664 2150 845 2198 quoniam
887 2150 1013 2188 bonus
1056 2160 1124 2189 est.
1174 2153 1373 2189 Neminem

364 2221 523 2258 prorsus
544 2207 710 2245 arbitror
726 2211 878 2247 assuisse
904 2212 957 2247 illi
982 2211 1218 2257 celebritati,
1244 2214 1308 2263 qui
1332 2213 1379 2250 de

365 2280 519 2304 assensu
540 2277 667 2305 vesti-0
687 2269 897 2317 dubitaret,
920 2286 1006 2308 cum
1027 2271 1105 2321 jam
1131 2273 1230 2310 idem
1250 2287 1378 2310 assen-

366 2341 430 2364 sus
453 2329 585 2365 vestris
607 2329 740 2366 litteris
762 2339 968 2368 teneretur.
988 2333 1080 2380 Quis
1103 2333 1204 2369 enim
1227 2333 1299 2370 hoc
1317 2334 1377 2370 vel

364 2389 531 2438 cogitare
552 2399 681 2439 posset
701 2391 950 2440 repetendum
981 2393 1143 2429 alterum
1168 2407 1376 2440 assensum,

365 2462 433 2485 nec
453 2450 627 2488 sufficere
641 2464 776 2497 unum,
795 2452 1005 2502 praesertim
1023 2452 1088 2490 ubi
1107 2453 1210 2490 nulla
1227 2467 1272 2490 ex
1288 2463 1377 2491 tunc

366 2510 573 2548 intervenit
618 2512 736 2548 altera
784 2513 947 2549 electio?
986 2513 1182 2563 Numquid
1226 2515 1377 2563 quoties

366 2570 613 2608 dissenserint
638 2571 787 2617 clerici,
820 2573 930 2609 toties
951 2573 1023 2609 erit
1046 2574 1298 2623 requirendus
1321 2575 1377 2611 fa-

366 2694 442 2730 bet.
464 2695 639 2743 Denique
658 2708 794 2745 nuper,
816 2695 847 2731 si
864 2695 1140 2741 recordamini,
1160 2696 1198 2732 in
1212 2697 1382 2734 Suessio—

369 2755 476 2791 nensi
511 2756 678 2792 Ecclesia
719 2756 870 2805 quoties
905 2756 952 2793 ad
999 2756 1214 2805 eligendum
1252 2757 1381 2794 clerici

369 2825 647 2862 convenerunt,
675 2817 825 2865 quoties
850 2817 1133 2863 dissenserunt,
1167 2826 1204 2854 et
1238 2818 1379 2855 infecto

370 2874 522 2922 negotio
550 2874 824 2911 discesserunt?
852 2889 921 2912 nec
953 2885 1076 2912 tamen
1113 2877 1288 2913 existimo
1322 2886 1376 2913 to-

371 2934 439 2970 ties
469 2934 648 2983 repetisse
675 2948 870 2972 assensum
899 2945 1090 2982 vestrum,
1121 2950 1235 2986 quein
1258 2938 1374 2975 semel

371 3004 675 3045 promeruerant.

427 3055 461 3092 2.
489 3058 545 3092 Ita
572 3063 651 3102 est,
678 3055 832 3094 domine
862 3058 913 3094 mi
939 3062 1021 3095 Rex
1050 3071 1057 3093 ε
1087 3071 1165 3095 non
1193 3068 1249 3096 cst
1275 3060 1380 3109 quod

370 3115 540 3152 debeatis
567 3116 775 3166 reprobare
797 3118 911 3155 factas
929 3119 1135 3156 electiones
1149 3149 1158 3165 ,
1179 3120 1318 3170 quibus
1339 3130 1380 3158 ut

370 3176 524 3221 fierent,
555 3177 670 3213 semel
704 3191 770 3214 vos
812 3179 1012 3216 assensisse
1042 3180 1266 3217 constiterit.
1308 3181 1380 3218 Sed

369 3244 457 3273 sunt
483 3237 597 3286 aliqui
618 3238 683 3287 qui
714 3252 782 3275 vos
804 3239 1055 3283 conturbant,
1087 3249 1124 3276 ct
1150 3241 1380 3279 conturbare

1668 1904 1854 1936 auctoritate
1871 1904 2042 1947 apostolica
2057 1915 2137 1947 opus
2152 1915 2230 1936 esse.

1494 2030 1608 2080 Apud
1623 2029 1844 2068 Cluniacuni
1863 2028 2102 2066 occurrimus
2118 2029 2456 2079 Gigniacensibus*
2531 2058 2533 2065 2

1441 2104 1507 2142 spe
1538 2091 1642 2141 pacis
1674 2105 1681 2127 :
1714 2103 1785 2140 pro
1813 2103 1889 2140 qua
1909 2089 2123 2127 laboratum
2153 2091 2340 2139 multum,
2380 2092 2456 2130 ela-

1445 2151 1624 2188 boratum
1648 2151 1754 2188 nihil.
1784 2154 1879 2188 Nam
1913 2159 2035 2187 totum
2065 2150 2364 2200 quatriduanum
2398 2153 2454 2190 la-

1445 2212 1580 2249 borem
1608 2220 1782 2249 nostrum
1818 2213 1898 2249 sola
1932 2211 2088 2249 demum
2112 2220 2239 2249 secuta
2261 2221 2318 2249 est
2348 2213 2457 2251 ruina

1446 2274 1539 2324 spei.
1570 2273 1747 2323 Repetita
1782 2281 1860 2319 est,
1897 2271 2008 2322 juxta
2039 2281 2210 2310 tenorem
2245 2273 2456 2312 litterarum
2490 2290 2492 2294 ¹
2531 2299 2533 2308 1

1444 2342 1686 2379 vestrarum,
1734 2332 1965 2370 damnorum
2006 2333 2226 2380 resarcitio,
2268 2335 2456 2372 restitutio

1445 2393 1660 2431 ablatorum
1680 2408 1688 2430 :
1708 2392 1773 2430 sed
1790 2393 1992 2430 incassum.
2005 2393 2168 2430 Multum
2190 2394 2314 2432 visum
2335 2404 2390 2433 est
2410 2395 2457 2433 ad
2488 2416 2491 2421 s

1445 2468 1523 2502 eos,
1547 2455 1635 2504 quia
1657 2461 1870 2490 nocuerant
1893 2454 2056 2490 multum
2081 2469 2088 2491 :
2106 2454 2252 2505 quippe
2269 2456 2370 2494 ultra
2387 2456 2457 2494 tri·
2492 2480 2497 2490 ,

1444 2516 1548 2565 ginta
1589 2515 1705 2551 millia
1752 2513 1965 2551 solidorum
2000 2516 2239 2566 computatio
2276 2517 2372 2554 facta
2401 2525 2491 2569 est?

1445 2576 1671 2612 amissorum
1697 2590 1704 2611 :
1727 2574 1915 2624 siquidem
1933 2574 2085 2612 abbatia
2104 2575 2207 2627 una(
2226 2590 2275 2614 ne
2291 2591 2361 2628 per
2379 2578 2459 2626 siu7
2518 2601 2523 2612 ι

367 2645 436 2668 vor
457 2632 592 2681 Regis?
615 2636 691 2669 Nec
712 2634 831 2679 ratio,
862 2648 931 2670 nec
954 2635 1193 2672 consuetudo
1221 2635 1294 2671 hoc
1317 2636 1379 2672 lia-
1396 2638 1428 2672 D
1447 2638 1534 2687 gula
1553 2636 1780 2686 evagemur)
1805 2644 1884 2672 tota
1899 2635 2092 2674 destructa
2113 2646 2180 2674 est.
2202 2641 2390 2676 Caeterum
2410 2639 2459 2678 de'
2486 2674 2487 2677 ,
2524 2654 2529 2673 ῑ

1449 2698 1563 2734 tantis
1590 2698 1734 2734 amissis
1768 2697 1886 2733 multa
1910 2696 2103 2734 dimittere
2140 2699 2264 2748 parati
2297 2699 2456 2748 fuimus,
2484 2703 2487 2726 ἓ
2523 2721 2525 2726 2

1448 2771 1533 2794 cum
1564 2758 1619 2794 illi
1658 2766 1732 2794 tam
1763 2757 1963 2794 minimum
1999 2757 2235 2804 obtulerint,
2269 2767 2312 2796 ut
2339 2772 2457 2797 vene·
2483 2778 2495 2787 -·
2522 2777 2527 2784 ·

1447 2817 1575 2855 rabilis
1618 2817 1734 2854 abbas
1775 2817 2064 2863 Cluniacensis,
2111 2818 2179 2868 qui
2216 2819 2458 2858 affectuosius

1443 2892 1557 2929 quam
1593 2878 1782 2915 efficacius
1817 2891 1889 2927 pro
1934 2878 2179 2916 reformanda
2219 2892 2312 2929 pace
2351 2878 2486 2918 labo-'

1448 2939 1578 2986 rabat,
1616 2953 1686 2976 nec
1731 2939 1888 2988 dignum
1927 2939 2049 2976 relatu
2088 2938 2292 2989 judicaret.
2328 2944 2492 2991 Itaque&⁴
2520 2955 2528 2968 f

1449 3014 1526 3037 non
1560 3000 1739 3050 provenit
1768 3000 1997 3050 compositio
2013 3029 2022 3046 ,
2047 3000 2139 3050 quia
2160 3002 2351 3052 reparatio
2383 3010 2456 3039 tam
2480 3012 2512 3055 ιλ,

1448 3060 1609 3097 ridicula
1635 3058 1882 3097 offerebatur.
1914 3059 2101 3097 Dicebant
2123 3070 2249 3098 autem
2267 3076 2275 3098 :
2296 3061 2456 3110 Quidam
2492 3055 2522 3099 g,

1448 3122 1602 3171 maligni
1622 3121 1668 3158 de
1689 3121 1828 3158 nostris
1850 3129 1973 3158 totum
1998 3122 2139 3159 malum
2158 3122 2342 3160 fecerunt.
2358 3119 2456 3171 Quid

2497 3111 2507 3162 l,

1447 3182 1494 3219 ad
1528 3184 1622 3219 nos?
1651 3182 1724 3232 ipsi
1752 3181 1931 3218 viderint.
1961 3186 2087 3232 Atque
2115 3182 2153 3219 id
2184 3187 2340 3233 quoquc
2367 3181 2457 3220 ridi·
2478 3173 2506 3234 4,

1447 3244 1586 3280 culum.
1610 3244 1761 3280 Clarum
1788 3250 1869 3280 erat
1888 3243 1928 3279 in
1954 3251 2033 3280 tota
2055 3243 2223 3293 regione,
2243 3257 2314 3295 per
2332 3242 2455 3280 homi—

414 3373 427 3387 ³
449 3369 552 3407 Alias,
573 3381 664 3414 quam
683 3371 745 3401 cito
756 3371 889 3415 poteris.
912 3390 954 3394 -
973 3365 987 3388 ¹³
1004 3373 1123 3415 Scripta
1143 3383 1225 3405 anno
1240 3374 1353 3407 Christi
1372 3380 1380 3407 1
1396 3380 1404 3407 l
1419 3381 1471 3407 32.
1494 3396 1534 3401 -—
1551 3382 1563 3397 ⁸*
1579 3376 1698 3419 Scripta
1719 3387 1800 3408 auno
1816 3376 1929 3408 Christi
1950 3379 1958 3408 1
1975 3380 2050 3409 ΙὸΟ.
