2517 3936
73 182 169 222 1025

723 185 789 219 DE
819 182 1247 220 CONSIDERATIONE
1276 183 1422 218 LIBER
1451 185 1498 218 II.

67 262 188 308 ratio;
210 273 288 297 non
315 260 437 297 solum
461 268 585 296 autem
601 288 610 304 ,
628 259 693 295 sed
721 268 758 296 et
782 260 820 296 in
848 268 884 295 te
905 253 1105 294 finiatur-(¹¹

2046 187 2144 226 1026

1114 253 1232 295 Β1111111
1252 258 1562 307 praetereunduni
1590 268 1743 307 putem,
1773 269 1845 297 tuae
1872 264 2000 310 potius
2027 265 2143 300 relin-

64 324 314 370 Quocumque
349 327 542 368 evagetur,
570 318 617 354 ad
648 327 683 355 te
715 318 956 355 revocaveris
986 329 1070 353 cam
1089 314 1121 347 Λ
1139 318 1335 368 quendum
1363 318 1558 367 agnitioni.
1594 319 1691 354 Illud
1719 319 1802 355 dico
1828 321 2025 370 indignum
2054 324 2142 370 tibi,

65 395 150 420 cum
172 381 300 418 salutis
322 381 458 417 fructu.
483 384 537 416 Tu
556 380 706 429 ,primus
728 379 816 425 tibi,
839 388 878 415 tu
901 379 1070 415 ultimus.

66 444 178 480 Sume
209 440 428 489 exemplum
465 439 511 475 de
544 452 693 474 summo
733 439 904 475 omnium
941 442 1070 484 Patre,

66 498 233 538 Verbum
271 512 382 536 suum
421 507 459 536 et
499 499 695 535 emittente
722 504 752 544 ³,
793 507 830 534 et
869 498 1070 534 retinente.

66 559 233 598 Verbum
257 568 362 596 tuum
381 589 390 605 ,
418 558 673 596 consideratio
702 567 789 594 tua:
812 570 897 607 quae
919 557 949 593 si
976 570 1072 606 pro-

65 619 185 666 cedit,
209 633 287 656 non
323 619 488 657 recedat.
522 620 581 658 Sic
612 618 894 669 progrediatur,
919 626 961 653 ut
994 630 1072 653 non

64 678 296 730 egrediatur3
315 680 367 717 sic
391 689 518 725 exeat,
541 688 583 716 ut
604 692 681 715 non
702 678 862 715 deserat.
882 681 926 714 In
947 676 1073 725 acqui-

64 740 201 777 sitione
218 741 348 777 salutis
362 753 476 777 nemo
495 739 562 776 tibi
578 738 796 789 germanior
810 737 925 774 unico
943 736 1074 773 matris

66 808 150 837 tuae.
183 803 326 838 Contra
357 802 517 838 salutem
556 799 754 850 propriam
789 797 930 847 cogites
965 796 1071 832 nihil.

63 860 189 898 Minus
205 860 306 908 dixi,
329 864 471 899 Contra
490 876 497 898 ε
520 864 674 906 Praeter,
692 859 830 896 dixisse
850 857 1072 895 debueram.

64 921 259 971 Quidquid
285 935 325 959 se
357 920 657 959 considerationi
684 920 844 966 offerat,
869 918 974 968 quod
995 931 1074 954 non

63 994 221 1031 quoquo
238 981 354 1019 modo
371 982 418 1019 ad
435 990 537 1019 tuam
556 981 675 1032 ipsius
691 980 850 1017 salutem
868 978 1072 1029 pertineat,

65 1041 334 1091 respuendum.

414 1166 594 1206 CAPUT
624 1166 698 1205 IV.

61 1290 213 1323 Notitiam
238 1290 286 1321 sui
305 1290 402 1332 ipsius
423 1290 537 1332 triplici
554 1288 803 1320 consideratione
828 1287 874 1318 sui
899 1285 1076 1327 complecti-

108 1349 180 1383 tur;
204 1350 236 1375 et
250 1344 388 1386 primum
410 1343 537 1386 quidem
552 1341 809 1381 considerationis
828 1340 1006 1372 membrum
1024 1339 1075 1371 hic

107 1399 299 1441 exsequitur.

116 1521 151 1559 7.
178 1522 227 1557 Et
249 1519 330 1556 haec
359 1518 416 1555 tui
440 1515 697 1555 consideratio
728 1515 768 1551 in
802 1515 873 1551 tria
897 1514 1072 1564 quaedam

62 1580 260 1627 dividitur,
275 1579 306 1617 si
325 1578 545 1616 consideres
563 1576 676 1627 quid,
692 1575 776 1625 quis
788 1605 798 1622 ,
820 1583 857 1611 et
873 1576 994 1625 qualis
1011 1575 1070 1611 sis.

61 1640 162 1690 Quid
181 1640 221 1677 in
240 1649 377 1677 natura
390 1668 400 1686 ,
421 1638 505 1688 quis
527 1637 565 1674 in
589 1648 775 1687 persona,
797 1635 920 1684 qualis
933 1635 972 1671 in
987 1648 1073 1670 mo-

62 1700 181 1738 ribus.
209 1700 310 1749 Quid
326 1729 336 1746 ,
358 1697 468 1736 verbi
498 1697 616 1747 gratia
633 1725 643 1742 ,
671 1696 802 1732 homo.
833 1695 946 1743 Quis,
970 1698 1072 1744 Papa

59 1761 121 1798 vel
141 1773 312 1798 summus
333 1759 525 1797 Pontifex.
555 1757 705 1805 Qualis,
727 1755 916 1805 benignus
931 1784 940 1801 ,
965 1768 1074 1791 man-

63 1829 215 1868 suetus,
243 1820 304 1857 vel
331 1817 520 1869 quidquid
543 1818 628 1855 tale.
651 1820 880 1866 Quanquam
900 1816 1070 1865 primum
1090 1816 1117 1852 C

60 1881 154 1918 illud
169 1911 179 1929 ,
201 1880 512 1931 philosophicum
538 1879 585 1915 sit
607 1878 725 1928 magis
741 1906 750 1923 ,
777 1890 892 1926 quam
914 1884 1073 1926 aposto—

62 1941 177 1978 licum
212 1941 400 1991 vestigare
423 1955 432 1987 3
474 1948 644 1976 attamen
678 1947 735 1975 est
768 1938 808 1973 in
847 1936 1073 1973 definitione

59 2001 226 2038 hominis
244 2030 254 2047 ,
271 2014 387 2051 quein
408 2000 541 2037 dicunt
565 1999 705 2036 animal
734 1997 920 2034 rationale
933 2026 943 2043 ,
967 2011 1074 2033 mor—

61 2061 134 2098 tale
152 2075 160 2098 :
181 2061 288 2111 quod
308 2060 529 2111 diligentius
542 2059 685 2096 intueri
701 2059 731 2096 si
748 2058 858 2104 libet,
874 2058 972 2094 licet.
986 2061 1072 2094 Non

63 2129 119 2158 est
137 2122 243 2171 quod
263 2130 338 2158 tuae
358 2122 397 2159 in
419 2135 465 2158 eo
485 2129 553 2158 aut
572 2119 804 2170 professioni
825 2118 956 2155 obviet
973 2147 983 2164 ‚
1007 2127 1071 2155 aut

61 2181 260 2232 dignitati:
283 2190 340 2220 est
371 2196 464 2219 vero
498 2180 603 2231 quod
632 2180 746 2217 saluti
776 2180 914 2216 afferre
942 2187 1069 2228 queat.

59 2245 153 2280 Nam
181 2243 442 2280 consideranti
474 2242 551 2279 duo
582 2241 663 2278 liaec
695 2240 834 2285 simul,
857 2240 1044 2276 rationale
1061 2269 1070 2286 ‚

60 2303 322 2353 mortaleque;
342 2304 373 2340 is
394 2302 463 2340 tibi
483 2302 622 2339 exinde
650 2300 819 2338 occurrit
839 2300 1006 2344 fructus,
1031 2307 1072 2336 ut

61 2372 98 2401 et
124 2365 305 2412 mortale,
329 2364 435 2415 quod
454 2363 495 2400 in
516 2372 552 2400 te
574 2371 630 2400 est
657 2362 843 2399 rationale
870 2361 1071 2407 humiliet;

60 2433 98 2463 et
116 2439 270 2463 rursum
299 2425 509 2471 rationale,
533 2423 693 2461 mortale
717 2422 911 2459 confortet
936 2436 943 2458 :
966 2420 1072 2470 quod

59 2494 238 2524 neutrum
265 2486 455 2536 neglectui
492 2485 565 2522 erit
592 2483 740 2521 homini
780 2483 1070 2532 circumspecto.

60 2546 98 2584 Si
134 2560 211 2596 qua
243 2546 368 2583 adhuc
402 2558 570 2597 praesens
602 2543 882 2582 consideranda
911 2543 1074 2592 requirit

1095 1040 1213 1077 Bmm
1252 1043 1475 1076 intellexit&
1505 1042 1682 1088 Loquere
1715 1052 1806 1088 ergo
1839 1039 1907 1076 tibi

1141 380 1234 415 citra
1254 378 1467 428 perfectum
1496 391 1607 426 agere
1637 378 1683 414 de
1713 387 1815 415 tanta
1845 381 2038 430 assumpto
2055 397 2142 431 pcr-

1140 438 1315 474 sectione.
1338 438 1479 485 Quidni
1501 437 1702 474 erubescas
1723 439 1901 475 minimus
1922 440 2083 477 inveniri
2106 443 2142 478 in

1140 498 1300 546 magnis,
1325 498 1391 547 qui
1420 506 1457 535 tc
1484 498 1696 534 recordaris
1720 511 1898 546 magnum
1920 499 1958 534 111
1980 500 2144 537 minimis

1140 558 1355 595 exstitisse?
1374 561 1458 595 'Non
1478 572 1516 594 es
1533 557 1675 594 oblitus
1696 559 1828 607 primae
1848 558 2094 607 professionis
2107 559 2142 595 ¹²:

1140 631 1218 654 non
1236 617 1376 653 excidit
1394 617 1512 653 menti
1532 631 1616 666 quae
1637 616 1824 654 subducta
1840 626 1895 653 est
1911 618 2037 653 manui
2050 647 2059 663 ,
2082 619 2146 655 scd

1140 691 1188 714 ne
1204 678 1357 715 affectui
1388 677 1555 727 quidem.
1578 682 1703 728 Ipsam
1734 678 1780 714 ad
1810 678 1956 726 singula
1981 686 2045 713 tua
2072 679 2146 714 ini-

1140 738 1271 788 peria,
1300 736 1467 786 judicia,
1499 737 1699 783 instituta,
1732 736 1873 773 habere
1912 750 1990 786 prae
2028 739 2148 774 oculis

1140 812 1219 835 non
1240 798 1312 835 erit
1330 798 1476 834 inutile.
1500 800 1590 834 Haec
1616 807 1650 834 te
1677 797 1934 834 consideratio
1963 796 2050 833 facit
2078 798 2147 834 ho-

1141 859 1246 896 noris
1265 866 1572 908 contemptorem
1599 858 1637 894 in
1658 858 1807 894 honore
1829 859 1926 909 ipso.
1957 866 2081 910 Atque
2109 861 2147 897 id

1141 933 1335 969 magnum.
1368 923 1455 956 Non
1486 917 1638 955 recedat
1664 932 1684 954 a
1706 927 1862 968 pectore
1883 935 1890 957 :
1912 922 2069 972 clypeus
2093 932 2149 959 est

1142 980 1211 1017 tibi
1226 981 1287 1017 vel
1303 993 1324 1016 a
1339 980 1472 1029 sagitta
1488 979 1573 1025 illa,
1589 981 1708 1014 Homo
1728 993 1807 1015 cum
1827 982 1863 1016 in
1883 982 2020 1018 honore
2037 994 2144 1029 esset,

1931 1056 1940 1078 :
1966 1041 2147 1091 Abjectus

1141 1115 1244 1139 eram
1265 1102 1304 1139 in
1328 1100 1443 1137 domo
1463 1100 1535 1137 Dei
1560 1096 1646 1136 mei.
1667 1100 1786 1147 Quale
1806 1109 1862 1136 est
1877 1101 1948 1137 hoc
1963 1131 1972 1148 ,
1988 1101 2034 1138 de
2048 1116 2148 1152 pau-

1141 1175 1233 1212 pere
1256 1170 1293 1198 et
1312 1159 1462 1209 abjecto
1488 1159 1606 1196 levari
1636 1172 1751 1208 super
1767 1168 1896 1208 gentes
1915 1169 1952 1197 et
1972 1175 2085 1211 regna
2098 1166 2115 1179 *
2133 1165 2147 1199 ?

1141 1223 1235 1271 Quis
1250 1235 1320 1271 ego
1335 1250 1345 1268 ‚
1367 1229 1431 1257 aut
1448 1233 1533 1270 quae
1553 1219 1689 1255 domus
1710 1220 1828 1268 patris
1849 1221 1942 1267 mei,
1964 1230 2006 1258 ut
2035 1222 2146 1259 sede-

1142 1295 1203 1319 am
1236 1281 1394 1318 excelsis
1423 1279 1647 1316 sublimior?
1681 1282 1777 1315 Sane
1806 1280 1871 1328 qui
1903 1280 1999 1316 <lixit
2028 1282 2147 1329 1111111,

1141 1345 1294 1386 Amice,
1324 1342 1482 1376 ascende
1510 1344 1679 1387 superius
1695 1345 1733 1384 ²3
1755 1339 1918 1376 amicum
1949 1341 2029 1377 fore
2050 1343 2144 1379 fidit.

1141 1402 1178 1439 Si
1208 1402 1333 1438 minus
1364 1399 1551 1445 inveniar,
1581 1412 1660 1435 non
1693 1399 1847 1448 expedit
1879 1401 2046 1449 quidem.
2075 1404 2148 1450 Qui

1143 1461 1306 1497 elevavit
1328 1489 1337 1505 ,
1379 1468 1416 1497 et
1458 1458 1623 1508 dejicere
1657 1468 1798 1509 potest.
1832 1462 1922 1497 Sera
1956 1463 2144 1510 querela:

1144 1523 1332 1567 Quoniam
1362 1522 1511 1556 elevans
1540 1522 1688 1554 allisisti
1717 1533 1775 1554 me
1791 1518 1816 1556 3.
1848 1524 1933 1557 Non
1961 1530 2016 1558 est
2043 1523 2147 1571 quod

1140 1580 1359 1617 blandiatur
1393 1580 1579 1617 celsitudo
1608 1608 1618 1625 ‚
1654 1579 1721 1616 ubi
1755 1581 1972 1618 sollicitudo
2011 1582 2144 1631 major.

1139 1643 1209 1678 Illa
1239 1642 1443 1678 discrimen
1471 1640 1659 1687 intendit,
1692 1641 1771 1677 haec
1803 1642 1964 1678 amicum
1994 1642 2143 1692 probat.

1139 1702 1239 1739 Huic
1261 1702 1518 1751 accingamur,
1539 1701 1569 1737 si
1596 1701 1777 1737 nolumus
1805 1702 1958 1738 tandem
1979 1716 2063 1739 cum
2086 1717 2148 1740 ru-

1139 1762 1235 1799 bore
1256 1763 1507 1799 novissimum
1530 1763 1657 1798 locum
1684 1771 1827 1798 tenere.

1495 1884 1673 1924 CAPUT
1702 1884 1776 1924 VI.

1230 2011 1333 2053 Quale
1354 2010 1467 2041 debeat
1481 2021 1548 2041 esse
1562 2020 1728 2052 procerum
1746 2008 1892 2040 Ecclesiae
1910 2010 2060 2042 studium.

1193 2125 1228 2162 9.
1242 2129 1399 2163 Factum
1415 2123 1652 2173 superiorem
1669 2122 1908 2160 dissimulare
1923 2125 2144 2173 nequimus3

1138 2185 1203 2222 sed
1232 2185 1333 2221 enim
1365 2184 1412 2220 ad
1443 2184 1558 2233 quid,
1592 2184 1822 2220 omnimodis
1855 2185 2144 2222 attendendum.

1137 2249 1223 2283 Non
1258 2245 1360 2281 enim
1401 2244 1448 2281 ad
1482 2244 1758 2281 dominandum
1791 2245 1941 2294 opinor.
1980 2249 2073 2282 Nam
2110 2253 2147 2281 et

1138 2306 1354 2356 propheta,
1391 2318 1477 2342 cum
1517 2305 1690 2341 similiter
1722 2305 1942 2350 levaretur,
1974 2305 2144 2342 audivit:

1145 2368 1189 2402 Ut
1213 2368 1348 2401 evellas
1377 2374 1415 2400 et
1441 2367 1625 2410 destruas,
1650 2373 1684 2399 et
1705 2366 1902 2412 disperdas
1921 2375 1956 2401 et
1975 2367 2143 2414 dissipes,

1139 2436 1176 2463 et
1208 2426 1374 2472 [edifices
1403 2434 1438 2460 et
1464 2427 1616 2472 plantes
1632 2425 1660 2460 ⁴.
1700 2423 1801 2471 Quid
1836 2424 1974 2460 horum
2007 2425 2144 2461 fastum

1139 2487 1281 2524 sonat?
1302 2485 1498 2522 Rusticani
1519 2484 1637 2533 magis
1663 2483 1814 2520 sudoris
1841 2484 2031 2521 schemate
2047 2498 2145 2534 quo-

1141 2547 1228 2584 dam
1248 2545 1359 2582 labor
1375 2545 1581 2594 spiritualis
1606 2556 1809 2593 expressus
1829 2552 1897 2580 est.
1925 2547 1972 2580 Et
1989 2557 2058 2580 nos
2077 2545 2145 2593 igi-

58 2604 186 2652 locus,
209 2605 477 2643 tractabuntur
506 2606 605 2643 infra
619 2634 629 2652 ,
663 2612 702 2641 et
731 2604 830 2641 forte
865 2603 996 2640 utilius
1024 2616 1072 2639 ex
1093 2606 1122 2639 D
1142 2616 1216 2652 tur,
1231 2614 1273 2642 ut
1288 2606 1451 2641 multum
1465 2612 1477 2626 ς
1491 2604 1698 2640 sentiamus
1717 2603 1762 2639 de
1777 2602 1908 2649 nobis,
1923 2604 2144 2653 impositum

59 2666 225 2716 partium
242 2666 461 2704 collatione.

420 2787 600 2827 CAPUT
629 2786 680 2826 V.

63 2913 206 2947 Alterum
222 2918 398 2949 membrum
414 2916 671 2950 considerationis
686 2915 734 2947 sui
750 2914 899 2958 proponit
919 2925 927 2946 ε
945 2924 1071 2956 nempe,

394 2972 475 3014 Quis
502 2972 559 3010 sit,
593 2977 624 3002 et
645 2970 740 3001 unde.

132 3092 168 3129 8.
182 3095 293 3130 Nunc
315 3092 403 3143 quis
423 3092 474 3129 sis
489 3121 498 3139 ,
519 3100 557 3128 et
577 3091 624 3128 de
645 3104 723 3140 quo
741 3090 791 3127 sis
832 3089 973 3134 factus,
1003 3087 1074 3124 ad—

62 3151 304 3190 vertendum.
335 3156 565 3203 Quanquam
592 3151 698 3201 quod
725 3150 823 3197 dixi,
852 3150 898 3185 de
920 3161 1020 3198 quo,
1037 3147 1075 3184 id

1140 2667 1368 2705 senserimus
1385 2664 1635 2701 ministerium
1651 2692 1659 2708 ,
1677 2676 1754 2699 non
1771 2662 1984 2699 dominium
2000 2663 2143 2700 datum.

1139 2731 1224 2765 Non
1246 2740 1330 2763 sum
1348 2739 1418 2774 ego
1440 2724 1561 2774 major
1581 2724 1789 2774 propheta3
1813 2732 1850 2759 et
1884 2723 1914 2760 si
1949 2724 2047 2760 forte
2077 2737 2147 2774 par

1140 2794 1329 2838 potestate
1344 2815 1353 2832 ,
1375 2785 1440 2822 sed
1464 2785 1689 2821 meritorum
1714 2796 1790 2820 non
1812 2792 1869 2819 est
1896 2785 2144 2833 comparatio.

1141 2851 1231 2884 Haec
1257 2847 1414 2894 loquere
1440 2843 1527 2889 tibi,
1551 2852 1588 2879 et
1611 2843 1705 2879 doce
1729 2851 1764 2879 te
1790 2843 1915 2892 ipsum
1935 2871 1944 2888 ,
1967 2844 2034 2893 qui
2053 2844 2146 2880 alios

1141 2907 1267 2944 doces.
1290 2909 1385 2943 Puta
1402 2913 1437 2941 te
1461 2905 1565 2940 velut
1584 2917 1705 2940 unum
1726 2904 1889 2953 aliquem
1911 2916 1958 2940 ex
1977 2904 2147 2953 prophe—
2196 2895 2199 2900 ’

1142 2968 1198 3004 tis.
1225 2971 1285 3004 An
1311 2978 1391 3001 non
1416 2964 1503 3001 satis
1529 2963 1576 3000 ad
1602 2966 1661 3000 te?
1679 2967 1725 3000 Et
1746 2964 1918 3000 nimium.
1936 2963 2006 3000 Sed
2029 2963 2147 3012 gratia

1140 3027 1210 3065 Dei
1228 3039 1267 3062 es
1286 3025 1325 3061 id
1346 3023 1450 3073 quod
1468 3037 1519 3060 es.
1539 3023 1667 3072 Quid?
1689 3026 1780 3060 Esto
1797 3022 1902 3072 quod
1926 3023 2116 3072 propheta
2137 3037 2144 3058 :

1142 3085 1331 3135 numquid
1366 3085 1452 3134 plus
1481 3097 1594 3133 quam
1627 3083 1844 3134 propheta?
1865 3083 1900 3119 Si
1939 3082 2055 3132 sapis,
2075 3082 2147 3119 eris

1142 3154 1346 3184 contentus
1364 3157 1554 3191 mensura,
1569 3157 1684 3194 quam
1702 3143 1770 3180 tibi
1788 3155 1942 3180 mensus
1958 3150 2013 3179 est
2029 3145 2143 3178 Deus.

113 3285 123 3300 ¹
146 3280 228 3312 Psal.
246 3291 377 3319 xrvnx,
403 3284 457 3313 13.
479 3299 525 3303 —
541 3286 554 3302 ²
573 3284 648 3312 Luc.
670 3290 741 3317 xxv,
765 3282 818 3311 10.
834 3297 878 3301 -
894 3275 907 3299 3
922 3277 1211 3315 Psal.c1,11.-
1231 3275 1245 3301 4
1264 3276 1382 3305 Jerem.
1405 3285 1417 3303 1
1431 3297 1438 3311 ,
1459 3275 1512 3304 10.

109 3341 121 3356 ²
137 3340 224 3372 Alias
236 3364 244 3377 ,
267 3352 305 3371 ex
323 3352 355 3371 se
367 3341 537 3372 emittente.
551 3359 596 3364 —
607 3341 622 3362 ὓ
641 3340 727 3371 Alias
739 3363 746 3376 ,
764 3338 878 3383 [πίνητε
893 3335 1183 3381 tuoeprofhssionis.
1200 3353 1244 3357 -—
1258 3340 1271 3355 (ἲ
1286 3334 1373 3365 Alias
1388 3358 1395 3371 ‚
1417 3339 1450 3364 ut
1465 3344 1528 3363 non
1546 3330 1687 3362 multum.

219 3413 309 3437 TOJJ.
344 3414 389 3437 11.

1891 3388 1936 3421 ,33
