2533 3920
391 117 475 177 743Χ

1167 118 1202 152 S.
1232 116 1491 152 BERNARDI
1519 116 1612 150 ABB
1619 115 1727 151 ATIS

2487 0 2489 21 l

2487 24 2488 66 l

2486 71 2488 124 i

2412 122 2488 180 7445

389 202 564 246 possunt.
599 197 664 231 Est
692 194 847 244 quidam
876 194 977 230 inter
1010 206 1075 229 eos
1105 193 1407 244 contemptibilis
1425 196 1455 230 A
1475 200 1538 229 tur
1562 191 1694 228 fideles
1711 221 1720 239 ,
1748 199 1786 228 et
1810 189 1899 240 quia
1922 203 2038 228 omne
2067 191 2223 229 charum
2257 188 2487 244 pretiosum’i

390 255 675 300 adolescentiae,
711 254 998 304 contemptricis
1030 254 1266 301 insolentiae,
1298 253 1408 304 cujus

391 318 508 355 satius
540 315 758 366 judicamus
795 315 1019 364 castigatum
1054 314 1101 351 iri
1135 315 1409 365 praesumptio-

391 392 477 415 nem
490 408 499 424 ,
515 391 628 428 quam
650 376 696 413 ab
717 377 801 426 ipso
822 376 1038 412 conculcari
1056 376 1277 426 pontificem
1298 392 1305 413 :
1325 377 1409 427 quis

392 439 455 475 ille
476 439 543 484 sit,
561 438 661 475 lator
678 437 926 488 praesentium
949 435 1060 473 vobis
1081 436 1193 473 dicet.
1213 437 1273 475 Sic
1293 437 1410 486 igitur

390 507 427 535 et
447 499 493 536 de
517 499 590 535 isto
617 508 654 536 et
681 498 727 534 de
750 497 832 534 aliis
851 505 979 533 vestra
1002 496 1182 534 discretio
1202 497 1409 546 providere

390 559 581 609 dignetur,
597 568 688 597 utet
704 558 909 609 episcopus
935 558 1001 607 qui
1018 566 1189 595 vestrum
1218 558 1407 595 honorem

389 621 535 671 diligit,
558 621 795 665 honoretur,
816 628 853 656 et
878 633 1075 670 nunquam
1100 619 1147 655 de
1171 633 1239 656 sua
1260 618 1408 668 justitia

391 691 584 731 gravetur.
617 681 836 721 Videndum
870 690 997 718 autem
1027 694 1074 717 ne
1110 679 1242 717 odium
1276 679 1408 730 cujus-

388 757 503 793 quam
536 757 711 794 personae
742 743 775 780 ei
806 750 962 789 noceat,
996 755 1111 792 quem
1141 754 1208 778 sua
1237 740 1409 778 defendit
1447 775 1450 777 Α

386 805 620 841 innocentia.

388 932 1404 945 ιιιιιιιιιιιιιιιιιιιιιιιιιιιιιιιιιιιιιιιιιιιιιιιιιιιιιιιιιιιιιιιιιιιι

491 1043 874 1102 EPISTOLA
938 1043 1299 1100 CDXXXII.

764 1193 812 1216 AD
847 1193 1025 1216 EUMDEM.

622 1307 659 1335 In
676 1303 805 1346 gratiam
821 1301 961 1345 episcopi
981 1301 1156 1333 Trecensis,

436 1422 482 1457 In
503 1431 614 1456 causa
635 1418 781 1455 domini
801 1417 998 1454 Trecensis
1018 1424 1055 1452 et
1074 1414 1304 1451 clericorum
1323 1414 1405 1460 illa,

384 1492 622 1530 quaesumus,
640 1478 786 1515 cautela
807 1485 1000 1522 servetur,
1012 1484 1054 1513 ut
1069 1475 1274 1525 episcopus
1285 1504 1294 1521 ‚
1309 1474 1407 1511 sicut

385 1541 542 1591 dignum
572 1547 649 1586 est,
678 1539 912 1584 honoretur,
943 1545 981 1574 et
1010 1536 1136 1573 clerici
1163 1549 1231 1572 sua
1257 1534 1406 1585 justitia

383 1615 461 1638 non
479 1601 693 1651 priventur.
704 1598 954 1637 Reformetur
971 1611 1046 1648 pax
1065 1597 1170 1633 inter
1182 1605 1309 1642 eos,et
1328 1597 1405 1633 fre-

383 1675 475 1699 num
499 1662 722 1711 imponatur
739 1659 939 1695 malevolis
953 1688 962 1705 ,
979 1666 1022 1694 ut
1046 1657 1092 1693 de
1109 1666 1246 1697 caetero
1269 1657 1307 1693 in
1325 1656 1406 1706 jam

383 1736 510 1761 senem
534 1730 728 1772 pastorem
742 1720 940 1769 insurgere
958 1731 1131 1768 unquam
1146 1732 1224 1755 non
1243 1718 1405 1768 possint.

379 1857 1402 1871 ====================================================================

487 1981 862 2040 EPISTOLA
916 1979 1309 2038 CDXXXIII.

774 2138 819 2160 AD
848 2137 1007 2160 EUMDEM
1014 2150 1022 2159 ,

721 2254 870 2298 Ejusdem
886 2253 1075 2297 argumenti.

440 2372 605 2419 Oportet
625 2379 696 2403 vos
720 2378 801 2403 esse
830 2364 995 2401 amicum
1016 2363 1229 2400 amicorum
1252 2369 1408 2398 nostro-

385 2444 486 2476 rum,
510 2438 548 2466 et
569 2428 675 2466 fratri
692 2427 922 2465 N.assiste1·e
943 2426 981 2462 in
1005 2438 1117 2462 causa
1136 2437 1250 2474 quam
1264 2430 1408 2473 portat,

386 2505 473 2529 eum
495 2503 538 2527 ea
557 2498 682 2526 tamen
701 2487 943 2532 discretione,
962 2494 1004 2522 ut
1021 2485 1148 2522 elerici
1165 2484 1325 2535 proprio
1345 2496 1409 2533 pa-

1474 252 1637 289 fidelitas
1663 260 1700 288 et
1729 263 1837 287 amor
1861 250 2009 287 domini
2033 254 2076 288 N.
2106 252 2171 302 qui
2193 253 2406 295 fidelissime
2423 250 2487 299 vess

1475 321 1553 349 stra
1569 312 1722 362 negotia
1737 310 1838 361 apud
1856 323 1927 347 nos
1943 311 2071 360 gessit,
2089 313 2317 351 arctioribus
2334 317 2483 359 vinculis

1475 373 1604 423 gratiae
1625 381 1662 409 et
1678 371 1959 409 benevolentiae
1976 370 2091 408 debet
2105 373 2273 423 astringi.
2290 377 2412 415 Prosit
2425 392 2487 418 ειη-ι

1479 442 1552 471 tem
1569 434 1602 471 ei
1614 463 1623 479 ,
1644 433 1827 483 quoniam
1844 445 1914 468 nos
1931 432 2055 482 ipsum
2074 441 2253 483 tanquam
2271 434 2487 488 promptum

1476 494 1691 531 litterarum
1721 501 1759 529 et
1783 491 1932 529 fidelem
1962 492 2089 529 virum
2108 493 2296 543 spirituali
2316 495 2487 538 charitate*

1476 554 1681 605 diligimus.

1696 684 2178 696 κικικνιιιωῃκιιιεκικιῑπΊ-αιι-ιικι
2183 687 2352 698 νιιιυι-ινκιι
2358 690 2482 704 ηιι“ι““

1581 796 1956 854 EPISTOLA
2013 797 2374 856 CDXXXV.

1863 965 1910 986 AD
1939 964 2115 988 EUMDEM.

1686 1082 1894 1113 Commendat
1910 1083 1939 1114 ei
1955 1083 2124 1125 quemdam
2142 1083 2288 1115 amicum.

1529 1217 1574 1251 N.
1588 1214 1741 1251 flamma
1755 1214 1997 1264 negotiorum
2021 1228 2105 1265 quae
2125 1215 2274 1253 assidue
2286 1219 2415 1255 Romae
2429 1230 2480 1268 ge-

1477 1283 1637 1321 runtur,
1658 1275 1735 1312 fere
1756 1275 1915 1313 adustus
1927 1305 1936 1323 ‚
1952 1289 1999 1312 ex
2015 1275 2259 1313 desiderabili
2276 1284 2313 1313 et
2324 1275 2483 1326 jucunda

1475 1335 1715 1385 inspectione
1744 1336 1976 1386 scriptorum
2000 1345 2238 1384 vestrorum,
2259 1337 2404 1375 utinam
2430 1352 2483 1376 re*

1476 1396 1649 1446 frigerari
1667 1410 1827 1434 merear.
1842 1397 1915 1434 Sed
1928 1427 1938 1444 ,
1952 1398 2052 1448 proh
2070 1397 2202 1435 dolor!
2220 1397 2268 1434 ad
2285 1411 2382 1448 opus
2395 1395 2483 1437 servi

1474 1459 1591 1495 vestri
1612 1458 1650 1494 in
1672 1466 1751 1495 tota
1769 1458 2006 1496 Clara-Valle
2020 1459 2227 1510 scriptores
2244 1472 2322 1496 non
2336 1469 2479 1509 possum

1473 1519 1634 1569 reperiri
1658 1535 1665 1556 :
1692 1519 1780 1556 satis
1801 1519 1946 1556 dictum
1966 1528 2022 1556 est
2042 1533 2064 1557 a
2085 1520 2164 1557 filio
2188 1520 2300 1570 patri.
2320 1519 2479 1558 Amicum

1472 1589 1647 1617 nostrum
1666 1589 1703 1617 et
1719 1594 1895 1631 personae
1910 1589 2051 1618 nostrae
2064 1589 2100 1617 et
2117 1580 2271 1618 Ordinis
2283 1581 2483 1631 glorificum<

1474 1650 1684 1678 amatorem
1715 1641 1916 1679 dominum
1945 1645 1990 1679 N.
2013 1642 2079 1692 qui
2101 1642 2216 1679 etiam
2240 1641 2401 1679 fideliter
2424 1654 2482 1691 nee:

1473 1702 1576 1752 gotia
1596 1703 1692 1752 gerit
1714 1716 1869 1739 suorum
1888 1732 1897 1748 ,
1919 1702 2083 1739 dulcedo
2106 1711 2244 1740 vestrae
2262 1703 2481 1741 Benevolen-
2500 1718 2502 1726 ⁴

1427 1790 1453 1825 C
1475 1763 1535 1799 tiae
1556 1776 1629 1814 pro
1652 1777 1690 1800 se
1711 1772 1748 1800 et
1771 1763 1882 1800 nobis
1904 1763 2042 1800 habeat
2063 1763 2235 1801 charum.

1581 2024 1952 2084 EPISTOLA
1999 2026 2384 2085 CDXXXVI.

1863 2184 1908 2205 AD
1939 2183 2114 2207 EUMDEM.

1722 2303 1759 2331 In
1776 2298 1909 2342 gratiam
1929 2299 2093 2331 Trecensis
2108 2298 2258 2343 episcopi.

1529 2424 1590 2463 Ad
1611 2432 1745 2461 notum
1763 2422 2036 2460 misericordiae
2057 2423 2200 2460 fontem
2213 2452 2223 2469 ‚
2244 2422 2291 2461 de
2307 2438 2384 2474 quo
2400 2421 2468 2462 mih

1475 2494 1513 2522 et
1527 2485 1656 2523 amicis
1673 2485 1766 2521 meis
1782 2485 1893 2521 toties
1906 2484 2027 2531 hausi,
2044 2480 2192 2521 domini
2206 2484 2399 2522 Trecensis
2413 2483 2472 2536 epi·
2496 2504 2501 2510 .

387 2552 498 2598 stori‚
519 2552 548 2588 si
571 2551 652 2588 fieri
673 2558 818 2600 potest,
841 2547 1056 2586 subdantur
1069 2575 1078 2592 ,
1099 2555 1136 2583 et
1156 2544 1260 2595 quod
1278 2545 1351 2594 ipsi
1368 2544 1406 2580 in
1425 2554 1458 2588 D
1479 2546 1585 2596 scopi
1606 2544 1808 2582 reverendi
1829 2545 1929 2582 senis
1949 2553 1986 2582 et
2009 2544 2120 2581 amici
2140 2545 2263 2582 nostri
2292 2545 2475 2583 necessitae]

387 2626 455 2649 sua
478 2611 627 2661 justitia
654 2623 733 2648 non
755 2617 986 2660 graventur,
1008 2616 1046 2644 et
1069 2606 1116 2644 de
1144 2614 1284 2644 caetero
1310 2605 1411 2641 inter

390 2687 456 2710 eos
477 2686 551 2723 pax
571 2672 630 2709 sit.

525 2815 532 2822 ι
580 2813 621 2823 xx=
628 2813 798 2822 vnxx========
804 2810 1001 2821 =2w===nxx==¹==
1009 2809 1205 2819 =====xwu======
1213 2809 1262 2818 rut
1269 2809 1410 2818 xx=x=x==xs

487 2931 864 2991 EPISTOLA
923 2931 1311 2989 CDXXXIV.

773 3088 817 3110 AD
846 3086 1019 3111 EUMDEM.

599 3200 808 3233 Commendat
823 3200 851 3231 ei
868 3200 1041 3231 litterarum
1061 3198 1204 3230 latorem.

446 3310 687 3360 Frigescoute
708 3309 909 3356 charitate,
934 3308 1045 3360 pauci
1069 3307 1182 3344 hodic
1203 3306 1409 3344 inveniun-

1478 2606 1676 2656 compellit
1707 2619 1919 2643 recurrere.
1946 2608 2032 2642 Hoc
2063 2613 2120 2642 est
2148 2618 2241 2656 ergo
2267 2606 2371 2656 quod
2397 2606 2479 2643 hau-³

1478 2668 1553 2705 rire
1575 2666 1769 2712 desidem,
1790 2674 1978 2716 quatenus
2003 2666 2214 2717 apostolica
2235 2667 2355 2717 pietas
2374 2664 2468 2703 homi

1478 2742 1587 2775 nem,
1610 2727 1719 2777 cujus
1747 2726 1827 2776 jam
1860 2727 1945 2764 cani
1975 2735 2174 2764 merentur
2199 2727 2387 2777 quietem,
2411 2739 2469 2764 nm

1478 2789 1577 2826 sinat
1605 2787 1746 2837 injuste
1780 2788 1933 2834 vexari,
1964 2796 2002 2825 et
2031 2787 2239 2839 petitiones
2266 2787 2364 2838 ejus,
2398 2798 2465 2838 qua

1478 2863 1548 2900 per
1592 2849 1772 2886 nuntium
1814 2861 1926 2886 suum
1967 2848 2076 2895 facit,
2123 2847 2303 2899 dignetur
2341 2847 2467 2885 effectu

1479 2911 1709 2960 mancipare.
