2517 3936
651 187 714 254 S.
782 188 1206 259 BERNARDI
1260 191 1604 267 ABBATlS

255 399 496 532 DE
595 400 1974 589 CONVERSIONE,

864 682 962 736 AD
1008 683 1392 741 CLERICOS

786 866 1020 906 SERMO
1069 868 1140 906 SE
1163 869 1191 907 [ἶ
1246 869 1471 910 LIBER.

485 1211 664 1250 CAPUT
692 1213 723 1250 Ι.
1090 1206 1119 1225 ⁴⁷

72 1333 168 1377 Quod
194 1344 287 1366 nemo
312 1324 453 1366 converti
479 1333 519 1365 ad
541 1334 734 1373 Dominum,
754 1335 815 1367 m'si
842 1335 900 1367 Dei
926 1336 1089 1369 voluntate

142 1395 322 1432 praeventus
338 1395 370 1421 et
390 1390 457 1431 ejus
473 1399 553 1421 voce
565 1389 694 1421 interius
709 1389 864 1422 clamante
874 1415 881 1429 ,
903 1391 1012 1434 possit.

129 1509 163 1546 l.
183 1508 244 1547 Ad
266 1508 520 1554 audiendum,
540 1517 583 1546 ut
600 1509 811 1556 credimus,
831 1510 994 1548 verbum
1016 1513 1087 1549 Dei

74 1569 318 1607 convenistis.
334 1573 468 1620 Neque
484 1570 587 1607 enim
605 1584 717 1608 causa
733 1570 844 1608 nobis
860 1572 933 1608 alia
948 1581 1084 1609 vestrae

73 1629 188 1680 hujus
205 1638 281 1667 tam
303 1630 423 1667 avidae
447 1631 712 1668 concursionis
735 1633 914 1669 occurrit.
934 1637 1086 1683 Appi-o—

72 1689 208 1727 bamus
226 1690 362 1739 utique
382 1689 614 1727 desiderium
632 1689 728 1736 hoc,
748 1698 785 1726 et
808 1690 988 1727 laudabili
1008 1699 1085 1727 stu-

74 1749 137 1787 dio
158 1750 457 1800 congaudemus.
476 1750 582 1788 Beati
602 1751 702 1787 enim
725 1751 792 1800 qui
817 1751 977 1788 audiunt
995 1765 1083 1788 ver—

73 1809 166 1848 bum
195 1811 291 1858 Dei,
314 1810 381 1848 sed
410 1811 443 1849 si
471 1810 692 1848 custodiunt
722 1811 859 1848 illud¹.
891 1812 992 1848 Beati
1021 1812 1086 1862 qui

74 1884 263 1909 memores
278 1880 368 1909 sunt
388 1871 657 1908 mandatorum
678 1870 780 1920 ejus,
805 1871 872 1908 sed
888 1880 928 1908 ut
949 1873 1087 1909 faciant

75 1936 156 1968 ea2.
178 1931 365 1969 Nimirum
388 1931 507 1968 verba
526 1931 614 1968 vitae
633 1939 787 1968 aeternae
804 1931 941 1979 habet,
963 1941 1000 1969 et
1020 1946 1086 1970 ve—

1126 1206 1136 1225 ⁷
1156 1207 1236 1245 sine
1262 1207 1380 1245 dubio
1401 1208 1448 1245 ad
1468 1208 1675 1245 Dominum
1705 1213 1825 1246 Deum
1848 1224 1979 1257 suum,
2006 1213 2155 1247 Coma·—

1105 1267 1136 1301 Α
1156 1269 1296 1314 cimini,
1316 1270 1399 1316 filii
1432 1270 1623 1304 hommum
1640 1268 1666 1306 ⁶.
1697 1273 1773 1306 Nec
1806 1270 1995 1308 immerito
2030 1285 2154 1309 sanea

1156 1327 1239 1364 filiis
1273 1328 1471 1365 hominum
1513 1328 1663 1365 videtur
1699 1329 1884 1378 exigenda
1925 1333 2123 1368 conversio
2143 1362 2150 1378 ,

1154 1386 1423 1436 peccatoribus
1452 1387 1584 1437 utique
1618 1388 1839 1425 necessaria.
1861 1392 1954 1425 Nam
1985 1392 2158 1439 supernis

1154 1446 1352 1497 spiritibus
1386 1461 1430 1483 ea
1465 1446 1582 1496 magis
1615 1460 1700 1496 quae
1731 1456 1854 1484 rectos
1883 1448 1990 1485 decet
2018 1449 2158 1486 indicta

1153 1507 1322 1544 laudatio
1344 1516 1416 1554 est,
1434 1507 1568 1544 eodem
1587 1508 1775 1557 propheta
1792 1509 1976 1558 psallente
1995 1525 2002 1547 :
2022 1513 2157 1546 Lauda

1153 1571 1276 1604 Deum
1295 1578 1396 1604 tuum
1409 1597 1420 1612 ,
1441 1569 1529 1603 Sion
1545 1575 1569 1604 T.

1207 1629 1242 1665 2.
1262 1631 1447 1667 Caeterum
1468 1628 1571 1678 quod
1598 1628 1668 1674 ait,
1688 1630 1821 1664 eluisti
1838 1657 1849 1674 ,
1887 1642 1971 1666 meo
2003 1630 2156 1680 quidem

1148 1688 1295 1738 judicio
1337 1703 1415 1726 non
1457 1690 1690 1738 negligenter
1728 1690 2035 1739 praetereundum
2076 1701 2130 1729 cst
2150 1722 2158 1737 ,

1155 1763 1225 1787 nec
1248 1750 1469 1800 simpliciter
1486 1748 1728 1785 audiendum.
1754 1749 1846 1796 Quis
1861 1749 1962 1786 enim
1983 1751 2157 1788 humanis

1155 1822 1379 1859 comparare
1408 1807 1545 1845 audeat
1574 1807 1700 1853 dictis,
1725 1807 1829 1857 quod
1858 1807 1994 1845 dixisse
2020 1809 2156 1846 dicitur

1154 1869 1283 1907 Deus?
1306 1869 1423 1907 Vivus
1439 1869 1612 1919 profecto
1631 1876 1687 1904 est
1703 1881 1828 1904 sermo
1846 1870 1916 1905 Dei
1932 1878 1968 1906 et
1984 1870 2115 1907 efficax
2127 1872 2152 1906 ⁸.

1153 1937 1191 1966 et
1210 1942 1286 1966 vox
1307 1928 1387 1978 ejus
1409 1928 1447 1964 in
1468 1928 1748 1978 magnificentia
1775 1936 1811 1964 et
1838 1928 2014 1965 virtute9.
2037 1930 2154 1966 Beni<

74 1991 132 2028 nit
149 1990 245 2028 hora
268 1990 439 2043 (utinam
470 1999 509 2028 et
541 2004 644 2029 nunc
671 1991 738 2043 sit)
762 1992 917 2042 quando
945 1993 1087 2030 mortui
1106 1991 1132 2025 B
1154 2003 1228 2039 que
1249 1995 1330 2039 ipse
1348 1992 1470 2035 dixit,
1494 1998 1528 2024 et
1543 1987 1652 2036 facta
1669 1995 1802 2024 summ.
1827 1991 1948 2034 Dixit,
1966 1991 2056 2025 Fiat
2069 1993 2154 2035 lux,

74 2050 231 2087 audient
249 2064 383 2088 vocem
403 2050 508 2100 ejus3
530 2059 568 2088 et
587 2052 654 2101 qui
668 2052 880 2099 audierint,
901 2052 1031 2089 vivent
1044 2053 1057 2076 3
1076 2068 1084 2089 :

75 2110 262 2161 siquidem
299 2112 376 2148 vita
409 2112 449 2148 in
477 2113 677 2150 voluntate
709 2111 803 2162 ejus.
837 2117 884 2150 Et
913 2113 943 2150 si
969 2114 1089 2151 vultis

74 2171 188 2219 scire,
208 2171 387 2208 voluntas
407 2171 489 2221 ejus
516 2173 719 2210 com-ersio
745 2181 888 2210 nostra.
909 2174 1085 2224 Denique

73 2230 199 2281 ipsum
241 2231 383 2269 audite.
423 2233 621 2281 Numquid
655 2236 865 2269 voluntatis
899 2247 996 2270 meoe
1032 2244 1088 2271 est

75 2305 173 2329 mors
201 2296 333 2341 impii,
363 2295 458 2330 dicit
491 2295 696 2338 Dominus,
723 2303 759 2330 et
793 2308 866 2330 non
900 2298 1019 2342 magis
1048 2304 1087 2331 uc

75 2362 307 2389 convertatur
320 2362 357 2389 et
371 2358 476 2390 vivat
488 2353 515 2390 ⁴'.
537 2356 592 2390 Ex
610 2353 751 2404 quibus
769 2353 897 2391 verbis
923 2354 1089 2391 eviden„

75 2419 132 2448 ter
150 2412 407 2461 agnoscimus,
424 2412 608 2462 quoniam
641 2425 734 2450 vera
765 2412 877 2449 nobis
896 2413 972 2450 vita
988 2426 1084 2449 non-

73 2471 143 2508 nisi
158 2471 196 2508 in
216 2472 470 2510 conversione
489 2481 568 2519 est,
589 2485 659 2509 nec
680 2473 789 2511 aliter
809 2473 858 2510 ad
877 2487 961 2510 eam
978 2482 1086 2524 patet

73 2531 262 2582 ingressus
275 2561 286 2580 ,
312 2532 461 2570 dicente
484 2533 574 2570 item
595 2533 763 2571 Domino
784 2549 791 2571 ε
811 2536 895 2570 Nc‘si
916 2541 1083 2571 conversi

66 2591 240 2641 fueritis,
262 2602 298 2629 et
316 2594 534 2638 efficiamini
551 2598 646 2629 sicut
665 2597 814 2642 parvuli
827 2624 839 2640 ,
863 2608 937 2633 uon
958 2600 1082 2631 intra-

75 2651 157 2689 buis
179 2657 217 2689 in
242 2666 395 2702 regnum
417 2656 595 2689 coelomm
612 2652 638 2690 ⁵.
666 2655 803 2691 Merito
820 2668 910 2692 sane
931 2656 1083 2706 parvuli

75 2713 145 2750 soli
162 2714 308 2750 intrant
326 2727 334 2750 :
353 2726 440 2754 nam
457 2726 554 2763 puer
573 2715 757 2763 parvulus
776 2715 895 2751 minat
911 2728 975 2752 eos
989 2744 998 2761 ,
1019 2716 1084 2764 qui

1155 2049 1310 2098 etsactcz
1335 2059 1388 2086 est
1408 2052 1476 2085 lua:
1490 2056 1532 2085 ¹¹.
1551 2048 1672 2094 Dixit,
1697 2049 2066 2095 Convertimini,filic'
2087 2050 2155 2085 lm-

1153 2116 1296 2147 minum
1312 2139 1324 2156 ,
1349 2119 1386 2147 et
1415 2109 1590 2147 conversi
1622 2116 1721 2145 sunt.
1749 2112 1805 2145 Ita
1825 2109 1937 2158 plane
1957 2107 2154 2144 conversio

1152 2171 1364 2208 animarum
1387 2183 1484 2220 opus
1501 2169 1638 2205 divinae
1658 2168 1761 2204 vocis
1779 2176 1855 2214 est,
1872 2181 1949 2205 non
1966 2168 2151 2204 humanae.

1152 2232 1283 2270 Simon
1300 2230 1656 2280 Joannis,piscator
1669 2229 1867 2265 hominum
1886 2229 1925 2265 in
1945 2229 2016 2265 hoc
2030 2228 2151 2278 ipsum

1152 2301 1310 2329 vocatus
1330 2301 1366 2329 et
1389 2292 1614 2328 constitutus
1634 2303 1655 2326 a
1674 2290 1839 2327 Domino
1855 2318 1864 2335 ,
1887 2290 2074 2326 incassum
2096 2297 2144 2324 ta-

1153 2366 1240 2389 men
1261 2362 1297 2389 et
1319 2354 1399 2403 ipse
1419 2351 1596 2388 laborans
1615 2359 1692 2387 tota
1713 2358 1823 2386 nocte
1844 2350 1896 2386 nil
1921 2350 2060 2399 capiet,
2085 2349 2152 2384 do-

1153 2427 1223 2451 nec
1250 2414 1287 2450 in
1308 2412 1427 2450 verbo
1450 2411 1606 2447 Domini
1637 2418 1715 2446 rete
1736 2408 1904 2458 jactans,
1923 2408 2150 2444 concludere

1150 2475 1269 2525 possit
1299 2471 1579 2510 multitudinem
1611 2470 1816 2519 copiosam.
1847 2468 2000 2506 [tinam
2028 2467 2150 2515 jacte-

1149 2548 1233 2571 mus
1260 2543 1296 2570 et
1322 2547 1391 2570 nos
1420 2532 1532 2568 hodie
1556 2531 1594 2566 in
1617 2530 1689 2565 hoc
1714 2527 1832 2564 verbo
1863 2536 1941 2564 rete
1963 2526 2070 2562 verbi
2086 2555 2095 2572 ‚
2114 2535 2149 2562 et

1148 2595 1392 2646 experiamur
1410 2592 1512 2642 quod
1530 2590 1711 2639 scriptum
1729 2596 1784 2624 est
1806 2603 1813 2623 ι
1835 2590 1932 2623 Ecce
1948 2586 2050 2621 dabit
2067 2588 2150 2621 voci

1148 2671 1230 2692 ιςιιίιῑ
1252 2669 1377 2690 vocem
1397 2657 1596 2689 virtutisn.
1619 2650 1654 2687 Si
1675 2647 1910 2685 mendacium
1938 2645 2148 2694 loquimur,

1150 2718 1189 2754 id
1216 2717 1329 2767 plane
1357 2715 1402 2751 de
1434 2712 1591 2763 proprio
1623 2719 1689 2747 est.
1721 2708 1792 2747 Sed
1815 2716 1851 2744 et
1875 2715 1963 2743 tunc
1991 2706 2147 2741 forsitan

73 2773 113 2810 in
131 2774 205 2811 hoc
225 2774 350 2824 ipsum
377 2782 489 2811 natus
515 2783 553 2811 et
579 2774 688 2812 datus
714 2784 769 2812 est
791 2775 914 2813 nobis.
945 2780 1084 2824 Quaero
1106 2786 1132 2821 C
1154 2784 1283 2813 nostra
1299 2772 1533 2823 judicabitur
1550 2784 1625 2806 vox
1645 2782 1743 2814 esse,
1766 2776 1802 2804 et
1823 2780 1899 2803 non
1919 2770 2073 2803 Domini
2088 2794 2096 2809 ,
2117 2778 2146 2801 51

73 2834 188 2884 igitur
207 2848 342 2871 vocem
360 2847 473 2885 quam
497 2835 653 2872 audiant
670 2837 834 2883 mortui,
852 2847 889 2873 et
909 2851 995 2873 cum
1013 2850 1082 2873 au-

75 2893 213 2931 dierint
232 2894 364 2931 vivant
385 2909 393 2932 :
417 2895 514 2931 forte
530 2895 633 2931 enim
650 2903 687 2931 et
704 2897 865 2933 mortuis
886 2897 1081 2946 evangeli-

75 2967 159 2991 zare
195 2967 347 2992 necesse
377 2963 445 2992 est.
475 2958 521 2992 Et
549 2955 717 2991 occurrit
742 2956 894 2993 interim
923 2956 1082 2993 verbum

75 3012 216 3060 breve,
242 3014 309 3051 sed
333 3015 510 3065 plenum,
532 3015 638 3065 quod
664 3029 705 3052 os
734 3017 887 3053 Domini
912 3017 1083 3054 locutum

77 3082 154 3121 est,
175 3083 219 3112 ut
235 3074 427 3126 propheta
446 3083 605 3112 testatur
624 3090 632 3111 :
652 3079 817 3123 Dc'xisti,
834 3077 906 3125 ait,
924 3078 1085 3127 loquens

1150 2848 1363 2886 quaeramus
1395 2846 1478 2882 quae
1516 2839 1642 2867 nostra
1681 2836 1794 2871 sunt,
1827 2840 1905 2862 non
1941 2839 2024 2875 quae
2058 2829 2146 2862 Jesu

1151 2897 1298 2935 Christi.
1314 2897 1497 2931 Caeterum
1513 2892 1581 2927 etsi
1598 2890 1790 2938 loquimur
1804 2887 1988 2935 justitiam
2010 2886 2098 2931 Dei,
2113 2893 2149 2921 et

1150 2957 1307 3006 gloriam
1328 2954 1398 2991 Dei
1419 2952 1642 3001 quaerimus,
1665 2949 1841 2985 effectum
1872 2955 1995 2982 tamen
2027 2944 2074 2981 ab
2103 2958 2147 2980 eo

1150 3017 1231 3053 solo
1263 3026 1437 3063 sperare,
1459 3010 1505 3047 ab
1533 3023 1577 3046 eo
1604 3008 1796 3059 postulare
1826 3018 1977 3042 necesse
2005 3013 2084 3049 est,
2107 3013 2147 3040 ut

1151 3075 1236 3112 voci
1260 3087 1335 3110 suae
1353 3084 1485 3108 vocem
1507 3070 1657 3107 virtutis
1682 3065 1953 3105 accommodet.
1972 3064 2030 3102 Ad
2052 3064 2146 3100 hanc

126 3225 136 3241 ¹
153 3223 230 3253 Luc.
255 3232 311 3260 ιι,
343 3225 398 3254 28.
414 3240 460 3244 -—
475 3228 487 3244 ²
511 3223 594 3254 Psal.
622 3235 689 3263 cu,
717 3229 770 3257 18.
798 3243 843 3248 —
859 3224 872 3248 3
889 3228 983 3257 Joau.
1000 3237 1030 3263 v,
1053 3229 1107 3257 25.
1124 3242 1169 3247 -
1184 3222 1198 3249 ⁴⁸
1216 3221 1329 3254 Ezech.
1358 3231 1462 3257 xvm,
1494 3222 1548 3250 23.
1571 3215 1643 3240 -5
1660 3214 1775 3248 Matth.
1796 3224 1894 3251 xvm,
1924 3216 1953 3243 3.
1972 3229 2004 3234 —-
2031 3208 2046 3231 6
2065 3210 2143 3241 Psal-

79 3286 222 3313 nnana,
241 3278 273 3307 3.
289 3294 335 3298 -
357 3283 370 3308 7
397 3277 479 3307 Psal.
508 3288 642 3317 exn-11,
670 3283 721 3310 12.
741 3299 784 3302 —
804 3279 817 3301 ⁸
838 3280 1001 3316 Hebr.1v‚
1025 3284 1076 3311 12.
1094 3297 1137 3303 -
1152 3285 1166 3307 9
1190 3276 1415 3310 Ρ531.Χινιη,
1438 3274 1468 3303 4.
1489 3290 1534 3295 -
1552 3277 1581 3293 ¹⁰
1602 3270 1681 3302 Psal.
1702 3278 1845 3302 CXLVIII·v
1869 3270 1897 3295 5-
1914 3282 1957 3287 ”-
1974 3270 1999 3285 ¹¹
2020 3265 2096 3294 021¹·
2115 3273 2144 3294 ¹·

80 3338 112 3366 3,
130 3346 172 3350 -
191 3334 220 3350 ¹²
242 3329 452 3368 Psal.1.xvx1,
475 3332 530 3361 34.
