2565 3952
122 135 195 174 313

1046 133 1312 170 EPISTOLAE.

122 213 336 264 exemplum
358 209 549 261 praebcas,
572 216 610 245 et
635 221 730 258 quas
751 206 797 244 de
818 207 926 244 malis
943 208 1149 245 osfendas.'

2145 148 2220 185 314

1159 208 1242 246 ²⁴et
1262 224 1386 248 meam
1417 211 1487 249 tibi
1509 221 1676 250 mentem
1699 216 1920 265 expandere
1946 227 2117 268 possem!
2139 230 2170 263 O
2190 228 2222 264 si

175 275 209 312 2.
238 272 410 321 Denique
440 278 481 306 ut
517 282 564 306 ex
591 269 655 305 illa
677 269 896 318 evangelica
924 269 1132 319 partitione
1153 271 1182 304 A
1202 269 1328 319 legere
1349 285 1481 321 posses
1502 273 1540 308 in
1562 273 1678 310 corde
1696 288 1805 322 meo,
1827 277 1931 326 quod
1952 278 2004 315 ibi
2025 281 2070 317 de
2091 296 2221 321 amore

121 346 271 373 omnem
296 330 361 368 tibi
388 330 557 366 auferam
589 329 643 365 tui
663 329 950 366 excusationem
970 329 1134 375 erroris;

121 403 184 433 aut
201 393 247 430 de
267 391 380 429 fatuis
400 388 614 439 xirginibus
635 403 712 426 una
738 402 776 426 es
800 401 804 428 5
828 389 858 426 si
880 397 1006 426 tamen
1027 390 1137 440 virgo

120 455 202 507 es),
225 462 289 491 aut
310 452 355 488 de
379 450 638 502 prudentibus
655 457 680 487 ¹.
704 450 741 488 Si
758 450 805 487 de
824 450 935 487 fatuis
948 480 957 497 ,
977 464 1136 500 congre-

119 516 218 568 gatio
237 514 302 551 tibi
325 512 538 550 necessaria
561 520 616 549 est
640 527 647 548 :
671 512 701 548 si
719 511 766 548 de
789 511 1069 562 prudentibus,
1096 521 1135 548 tu

118 575 414 627 congregationi.
445 577 540 611 Nam
568 573 598 610 si
629 573 781 623 sapiens
814 582 852 610 et
882 572 1045 623 probata
1073 587 1133 620 es;

117 636 248 686 religio
270 643 371 671 certe
400 647 485 684 quae
514 633 578 669 illo
600 633 638 669 in
666 633 750 669 loco
772 633 925 669 noviter
949 633 1135 670 innovata

117 711 218 736 nunc
240 696 382 746 ubique
401 695 600 740 laudatur,
625 695 789 731 multum
817 704 882 731 tua
902 694 1134 733 discessione

114 756 379 804 infamabitur,
396 765 433 793 et
452 754 733 801 infirmabitur,
753 764 795 792 ut
814 756 1004 794 timemus.
1024 757 1134 794 Dice-

117 828 177 857 tur
199 818 361 869 quippe,
387 816 493 867 quod
518 816 622 853 bona
643 830 727 853 cum
757 817 826 863 sis,
858 815 1004 854 bonum
1026 817 1134 854 ordi-

114 886 228 918 116111ῧι
248 891 490 929 nequaquam
521 877 728 915 desereres.
751 877 865 926 Quod
891 878 921 915 si
944 879 1047 915 fatua
1068 893 1135 916 co-

112 941 216 992 gnita
241 953 302 986 es,
334 947 371 976 et
398 938 564 986 recedis;
594 939 767 976 dicemus
794 939 900 989 quod
933 940 1023 989 quia
1045 954 1132 977 cum

1207 341 1292 377 tuo,
1309 346 1378 369 suo
1396 333 1514 382 digito
1530 338 1632 371 Deus
1651 335 1817 373 scribere
1834 338 2010 387 dignatus
2027 346 2102 378 cst!
2120 354 2222 381 certe

1206 406 1431 442 agnosceres
1449 407 1562 444 quam
1580 395 1683 431 nulla
1699 396 1827 445 lingua
1842 399 1899 434 vel
1916 412 2043 448 penna
2059 403 2221 441 sufficiat

1204 455 1443 505 exprimere,
1476 455 1581 505 quod
1604 456 1641 491 in
1663 456 1807 494 intimis
1829 458 1920 494 milii
1953 461 2129 499 medullis
2149 466 2219 501 Dei

1203 515 1360 565 spiritus
1375 516 1599 566 imprimere
1620 517 1755 566 potuit.
1774 521 1819 554 Et
1835 532 1937 555 nunc
1952 521 2107 569 quidem
2126 538 2221 573 prze-

1203 588 1290 611 sens
1308 589 1391 612 sum
1414 575 1573 626 spiritu,
1591 575 1679 611 licet
1700 589 1864 626 corpore
1885 577 2022 615 absens
2041 595 2047 616 :
2068 582 2132 617 sed
2153 596 2222 619 ncc

1204 635 1315 682 mihi,
1348 650 1428 680 1166,
1444 635 1511 672 tibi
1531 644 1588 672 cst
1619 636 1722 673 unde
1746 651 1965 688 appaream.
2000 643 2065 676 Est
2095 650 2222 680 tamen

1202 709 1321 746 penes
1349 705 1408 742 te,
1432 696 1535 733 unde
1556 697 1680 747 possis
1702 697 1748 734 de
1776 712 1835 735 me
1856 707 2067 749 utcumque
2098 702 2222 752 conji-

1202 770 1287 794 cere
1300 787 1309 804 ,
1327 758 1396 794 etsi
1411 758 1585 794 nondum
1604 771 1859 807 cognoscere,
1878 760 1983 809 quod
1998 760 2096 798 dico.
2116 766 2221 800 Intra

1201 831 1292 868 ergo
1309 833 1377 855 cor
1398 827 1525 864 tuum,
1542 828 1579 856 et
1595 819 1741 870 inspice
1763 834 1911 867 meum3
1934 830 1971 858 et
1991 823 2051 858 vel
2073 831 2221 862 tantum

1203 879 1298 916 mihi
1320 879 1448 917 tribue
1471 880 1613 917 amoris
1634 894 1723 930 erga
1745 889 1779 918 te
1794 911 1802 927 ,
1826 891 2012 931 quantum
2041 883 2108 920 tibi
2133 898 2222 935 erga

1202 953 1262 977 me
1286 940 1412 978 inesse
1441 941 1557 977 sentis
1579 955 1586 976 :
1610 955 1658 978 ne
1685 942 1716 978 si
1738 956 1808 979 nos
1829 943 1986 992 quidem
2015 945 2160 993 minus,
2185 955 2221 983 te

111 1002 221 1041 bonis
242 1002 340 1039 male
367 1001 498 1038 vivere
527 1014 607 1038 non
639 1001 745 1048 licet3
778 1000 902 1038 bonas
932 1001 1031 1038 mala
1052 1015 1131 1038 non
1155 1007 1182 1041 B
1199 1016 1291 1039 vero
1314 1002 1478 1052 amplius
1496 1016 1623 1040 amare
1644 1004 1960 1054 praesumpseris,
1984 1019 2029 1041 eo
2050 1014 2086 1043 te
2107 1007 2220 1044 nobis

111 1064 254 1111 ferens,
277 1062 417 1113 quaeris
435 1060 499 1099 ubi
517 1062 647 1099 vivere
665 1062 777 1099 liceat
793 1071 836 1099 ut
856 1061 962 1099 libet.
982 1066 1029 1099 Et
1050 1076 1130 1099 me-

110 1124 195 1162 rito.
235 1128 331 1162 Nam
370 1131 456 1160 ante
490 1122 648 1161 Ordinis
677 1123 988 1160 emendationem
1024 1137 1127 1161 nun-

108 1198 241 1235 quam,
263 1192 307 1221 ut
323 1184 448 1230 aiunt,
468 1183 558 1220 inde
586 1184 715 1220 locuta
733 1198 772 1221 es
801 1199 808 1220 ε
841 1192 878 1220 at
910 1183 974 1220 ubi
995 1185 1128 1235 religio

107 1246 226 1282 crevit
240 1275 249 1292 ,
268 1245 437 1282 sanctior
453 1243 580 1280 subito
603 1243 701 1280 facta
714 1273 723 1289 ,
748 1244 900 1280 fervore
922 1245 1126 1294 repentino

107 1305 272 1355 cogitare
311 1304 458 1355 coepisti
499 1304 546 1341 de
591 1317 735 1340 eremo.
772 1308 953 1353 Agnosco
974 1334 983 1351 ,
1023 1305 1098 1341 filia
1115 1334 1124 1350 ,

105 1378 289 1415 agnosco,
314 1365 461 1401 utinam
491 1372 529 1400 et
557 1372 597 1400 tu
630 1376 780 1400 mecum
810 1376 1019 1412 agnoscas,
1051 1377 1128 1401 scr-

106 1425 306 1477 pentinum
321 1425 426 1461 virus
443 1454 451 1470 ,
477 1424 712 1461 fraudulenti
733 1424 865 1461 dolum
882 1454 891 1471 ,
913 1425 1126 1475 versipellis

107 1486 294 1524 astutiam.
322 1489 367 1522 In
385 1498 543 1522 nemore
561 1486 678 1535 lupus
697 1483 856 1521 habitat.
880 1485 916 1522 Si
937 1486 1018 1522 sola
1040 1486 1126 1522 ovi-

106 1547 190 1585 cula
205 1545 362 1583 umbras
382 1546 553 1583 nemoris
583 1554 785 1596 penetras,
811 1546 942 1597 praeda
964 1547 1022 1583 vis
1043 1560 1124 1584 esse

106 1607 210 1658 lupo.
232 1606 306 1645 Sed
322 1606 412 1643 audi
434 1619 494 1643 me
509 1635 519 1653 ,
545 1606 621 1643 filia
636 1635 645 1652 ‚
664 1605 776 1642 fidele
794 1606 884 1643 audi
905 1607 1121 1645 consilium.

105 1667 190 1705 Sive
208 1667 404 1718 peccatrix
419 1696 429 1712 ,
453 1667 533 1704 sive
551 1675 682 1704 sancta
700 1667 770 1714 sis,
789 1667 869 1704 noli
887 1676 921 1704 te
943 1681 1122 1718 separare

106 1742 127 1766 a
144 1741 276 1778 grege3
308 1728 516 1778 nequando
548 1728 693 1778 rapiat,
714 1737 752 1765 et
780 1742 859 1765 non
888 1729 936 1766 sit
957 1729 1023 1778 qui
1044 1730 1121 1766 eri—

105 1789 194 1841 piat.
214 1792 351 1827 Sancta
369 1791 434 1826 es?
456 1789 568 1826 stude
598 1798 665 1827 tuo
695 1790 875 1841 exemplo
909 1799 983 1827 tuae
1003 1791 1124 1828 socias
1145 1794 1172 1829 C

104 1850 298 1901 acquirere
321 1850 543 1888 sanctitatis.
568 1852 766 1888 Peccatrix
788 1853 857 1888 es?
880 1851 959 1888 noli
980 1852 1122 1890 addere

104 1918 254 1961 peccata
274 1911 461 1961 peccatis,
479 1911 549 1948 sed
570 1924 637 1962 age
665 1912 935 1962 poenitentiam
962 1911 1029 1949 ubi
1051 1926 1089 1949 es
1112 1929 1119 1951 :

104 1985 152 2010 ne
168 1971 364 2010 discedens
379 1986 465 2009 cum
486 1973 539 2009 tui
553 1972 707 2022 quidem
723 1973 897 2023 periculo
911 2003 920 2020 ,
940 1982 981 2010 ut
998 1982 1123 2011 osten-

105 2046 186 2070 sum
201 2042 275 2079 est,
307 2041 345 2070 et
374 2033 574 2070 sororibus
595 2033 818 2071 scandalum
849 2035 1064 2085 relinquas,
1085 2044 1122 2072 et

87 2099 94 2102 “
106 2093 310 2131 multorum
330 2093 370 2131 in
389 2102 426 2131 te
445 2107 637 2145 provoces
657 2095 942 2132 detrahentium
960 2096 1121 2146 linguas.

103 2225 1124 2239 ἱῆὶιιιιιπαηιιηιιικικιιιηιιιιιηιιικιιπιῑκιιιιικηικιικικκι-εκιππκικιιικκ

279 2328 659 2386 EPISTOLA
713 2330 924 2388 CXVI.

129 2476 174 2499 AD
203 2477 487 2502 ERMENGARDEM
523 2478 706 2509 QUONDAM
740 2479 970 2503 comnssni
1004 2480 1092 2502 Bm—

512 2527 705 2564 TANN1AE*.

103 2645 258 2679 Affecmm
273 2648 321 2680 sui
335 2649 456 2687 cerens,
475 2655 506 2681 et
527 2649 593 2681 11111
613 2650 767 2692 religiosae
784 2649 961 2682 dilecu‘onis
983 2651 1121 2682 suaviter

399 2710 430 2736 et
449 2704 646 2736 familiariter
662 2705 813 2737 insinuat.

64 2835 65 2846 5
102 2810 255 2850 Dilectae
269 2813 309 2850 in
325 2814 477 2853 Christo
495 2815 581 2852 filiae
600 2828 677 2852 suae
694 2819 951 2853 Emffixcfflm
964 2845 973 2862 ,
991 2829 1119 2866 quon—

153 2871 239 2910 dam
264 2874 412 2911 eximiae
429 2875 656 2921 comitissae,
682 2889 787 2912 nunc
806 2875 943 2913 humili
974 2877 1115 2914 Christi

153 2934 316 2982 ancillae,
331 2938 556 2972 BERN-Annius
571 2934 690 2972 abbas
705 2936 967 2975 Clarae-Vallis
977 2965 986 2982 ‚
1008 2937 1117 2988 pium

157 3002 292 3032 sanctae
311 2995 528 3033 dilectionis
550 2997 745 3034 affectum.

153 3113 308 3152 Utinam
337 3116 436 3154 sicut
461 3117 632 3156 chartam
654 3131 758 3155 nunc
786 3127 1041 3168 praesentem,
1069 3119 1120 3155 ita

155 3258 165 3274 ¹
184 3255 300 3287 Matth.
319 3268 399 3296 xxv,
423 3261 512 3290 1-12.
531 3278 535 3281 ν

1197 1063 1381 1113 111·ῖεῖ6116
1408 1063 1555 1114 puteris
1569 1093 1578 1110 ,
1607 1077 1685 1113 quo
1707 1073 1744 1100 et
1766 1065 1921 1102 vincere
1943 1079 2013 1103 nos
2035 1067 2217 1106 charitate

1195 1125 1404 1174 putaveris.
1428 1128 1616 1162 Caeterum
1633 1134 1707 1162 tuae
1722 1125 1918 1163 modestiae
1935 1136 2012 1174 est,
2031 1128 2069 1164 id
2088 1130 2218 1178 potius

1197 1187 1338 1222 sentire
1369 1186 1414 1222 de
1437 1186 1569 1231 nobis,
1596 1195 1640 1223 ut
1661 1187 1727 1236 qui
1759 1196 1795 1223 te
1827 1188 1953 1224 affecit
1974 1188 2025 1225 ita
2045 1203 2105 1226 me
2128 1190 2217 1227 dili-

1195 1259 1284 1295 gere
1306 1255 1342 1283 et
1371 1248 1509 1296 eligere
1532 1247 1578 1284 ad
1603 1248 1806 1284 consilium
1829 1257 1904 1284 tuce
1927 1249 2057 1286 salutis
2074 1279 2083 1295 ,
2106 1264 2216 1300 aeque

1196 1307 1366 1344 affecerit
1396 1316 1433 1344 et
1464 1322 1524 1344 me
1553 1308 1591 1344 in
1618 1307 1849 1356 obsequium
1881 1317 1952 1344 tuae
1984 1309 2213 1349 dilectionis.

1195 1371 1251 1404 Tu
1269 1381 1360 1418 ergo
1380 1368 1522 1405 videris
1539 1368 1738 1417 quomodo
1759 1382 1819 1404 me
1838 1377 1964 1405 tecum
1987 1371 2213 1409 retinueris:

1194 1442 1287 1478 egO,
1310 1439 1351 1466 ut
1383 1443 1519 1466 verum
1542 1430 1675 1475 fatear,
1700 1443 1892 1479 nusquam
1920 1430 1988 1468 abs
2011 1440 2045 1468 te
2068 1432 2213 1483 absque

1194 1498 1230 1527 te
1253 1490 1406 1527 recedo.
1436 1494 1528 1528 Haec
1551 1490 1617 1527 tibi
1640 1490 1792 1527 interim
1825 1490 1871 1527 de
1893 1491 1954 1527 via
1975 1490 2146 1530 breviter
2176 1495 2214 1530 in

1195 1551 1355 1588 transitu
1373 1550 1541 1588 scribere
1564 1552 1688 1597 volui,
1717 1565 1876 1602 sperans
1897 1565 1958 1588 me
1979 1552 2116 1602 majori
2134 1554 2214 1591 otio

1193 1611 1341 1662 maj0ra
1363 1613 1569 1650 missurum
1587 1642 1595 1659 ,
1621 1613 1649 1649 si
1668 1617 1770 1650 Deus
1792 1613 1982 1651 annuerit.

1675 1755 2213 1766 ιιιιιειικιικιιπιιιιιιικιιικιιιπκιιιιι

1372 1871 1750 1929 EPISTOLA
1795 1871 2033 1929 CXVII.

1577 2037 1622 2058 AD
1652 2036 1824 2060 EAMDEM.

1189 2151 1311 2183 Laudat
1329 2153 1396 2195 ejus
1412 2152 1444 2183 in
1464 2152 1572 2183 divino
1590 2152 1716 2183 servitio
1732 2153 1943 2191 alacritatem,
1962 2163 2118 2195 suumque
2131 2153 2213 2185 illius

1452 2206 1597 2238 x‘idendce
1612 2205 1803 2237 desiderium
1820 2206 1948 2238 indicat.

1243 2327 1412 2379 Recepib
1432 2329 1586 2367 delicias
1602 2330 1729 2367 cordis
1744 2330 1836 2376 mei,
1852 2343 1985 2381 pacem
2002 2329 2068 2367 tui.
2084 2333 2211 2367 Laetus

1189 2402 1273 2425 sum
1289 2418 1298 2435 ,
1322 2389 1411 2439 quia
1434 2398 1473 2426 tu
1495 2390 1581 2426 laeta
1602 2390 1813 2442 nuntiaris3
1838 2403 1976 2440 meque
1997 2390 2209 2426 admodum

1189 2450 1318 2486 animo
1349 2450 1477 2487 reddit
1506 2451 1741 2487 incolumem
1772 2459 1836 2487 tua
1863 2451 2108 2487 innotescens
2129 2451 2210 2487 ala-

1189 2511 1316 2548 critas.
1341 2515 1431 2548 Haec
1452 2512 1636 2548 nimirum
1665 2511 1795 2548 laetitia
1818 2511 1870 2547 nil
1892 2510 2007 2547 habet
2027 2511 2073 2547 de
2095 2524 2211 2547 carne

1137 2572 1170 2606 D
1189 2580 1227 2608 et
1251 2573 1457 2622 sanguine,
1480 2586 1565 2609 611111
1589 2572 1742 2608 humilis
1763 2586 1812 2608 ex
1832 2571 2010 2616 sublimi,
2036 2585 2081 2607 ex
2103 2572 2211 2620 inge—

1189 2647 1267 2670 nua
1287 2633 1487 2683 ignobilis,
1510 2647 1658 2683 pauper
1676 2646 1723 2669 ex
1746 2632 1864 2669 divite
1884 2632 1990 2668 vivas
2020 2647 2027 2668 :
2058 2632 2183 2668 fratris
2199 2661 2208 2678 ,

1188 2694 1256 2730 filii
1276 2723 1285 2740 ,
1322 2694 1534 2744 patriaeque
1569 2693 1750 2730 destituta
1784 2693 1931 2730 solatio.
1970 2693 2057 2731 Sine
2090 2691 2208 2728 dubio

1185 2767 1276 2804 ergo
1295 2753 1401 2804 quod
1416 2755 1455 2790 in
1478 2763 1513 2791 te
1532 2754 1736 2791 alacritatis
1759 2762 1892 2790 natum
1916 2761 1995 2798 est,
2021 2752 2068 2789 de
2092 2752 2209 2803 Spiri-

1188 2824 1228 2851 tu
1257 2824 1390 2852 sancto
1416 2824 1484 2852 est.
1511 2816 1662 2865 Quippe
1681 2814 1913 2864 jamdudum
1935 2827 1958 2850 a
1979 2814 2115 2850 timore
2139 2813 2210 2851 Dei

1186 2875 1433 2927 concipiens,
1455 2876 1654 2926 parturisti
1676 2875 1831 2912 tandem
1852 2874 2029 2925 spiritum
2054 2874 2207 2920 salutis,

1186 2936 1288 2973 foras
1302 2937 1435 2986 utique
1450 2937 1626 2973 mittente
1641 2936 1824 2972 charitate
1841 2936 2031 2972 timorem.
2046 2938 2076 2972 O
2093 2947 2207 2984 quam

1187 2996 1370 3034 libentius
1389 2998 1460 3034 ista
1479 3011 1650 3048 praesens
1671 2997 1933 3046 colloquerer,
1952 3009 2064 3045 quam
2084 2994 2210 3031 scribo

1187 3056 1348 3095 absens!
1380 3058 1502 3096 Crede
1527 3058 1642 3105 mihi,
1677 3058 1823 3094 irascor
1854 3055 2174 3106 occupationibus
2196 3083 2205 3099 ,

1187 3117 1330 3168 quibus
1345 3119 1568 3170 frequenter
1580 3118 1761 3170 impediri
1773 3117 1909 3156 videor
1925 3129 1972 3154 nc
1986 3125 2020 3152 te
2036 3115 2182 3152 videam
2200 3129 2206 3150 :

153 3316 168 3333 ²
192 3315 313 3358 Vulg0‚
336 3314 365 3348 le
378 3315 440 3349 bon
464 3317 578 3355 orclre;
594 3319 628 3350 id
644 3326 708 3360 est,
727 3326 908 3353 accuratam
926 3321 998 3353 vitae
1016 3321 1198 3352 monasticae
1217 3319 1428 3363 disciplinam.
1447 3339 1491 3344 —-
1508 3312 1524 3336 l'
1540 3319 1646 3357 Alias,
1669 3317 1802 3362 Accepi.
