<?xml version="1.0" encoding="UTF-8"?>
<!DOCTYPE html PUBLIC "-//W3C//DTD XHTML 1.0 Transitional//EN"
    "http://www.w3.org/TR/xhtml1/DTD/xhtml1-transitional.dtd">
<html xmlns="http://www.w3.org/1999/xhtml" xml:lang="en" lang="en">
 <head>
  <title>
</title>
<meta http-equiv="Content-Type" content="text/html;charset=utf-8" />
  <meta name='ocr-system' content='tesseract 3.04.00' />
  <meta name='ocr-capabilities' content='ocr_page ocr_carea ocr_par ocr_line ocrx_word'/>
</head>
<body>
  <div class='ocr_page' id='page_1' title='image "./operaomniapostho01bernuoft_0387.png"; bbox 0 0 2517 3936; ppageno 0'>
   <div class='ocr_carea' id='block_1_1' title="bbox 85 181 158 219">
    <p class='ocr_par' dir='ltr' id='par_1_1' title="bbox 85 181 158 219">
     <span class='ocr_line' id='line_1_1' title="bbox 85 181 158 219; baseline -0.027 0"><span class='ocrx_word' id='word_1_1' title='bbox 85 181 158 219; x_wconf 76' lang='lat'>757</span> 
     </span>
    </p>
   </div>
   <div class='ocr_carea' id='block_1_2' title="bbox 996 176 1258 211">
    <p class='ocr_par' dir='ltr' id='par_1_2' title="bbox 996 176 1258 211">
     <span class='ocr_line' id='line_1_2' title="bbox 996 176 1258 211; baseline -0.004 -1"><span class='ocrx_word' id='word_1_2' title='bbox 996 176 1258 211; x_wconf 75' lang='lat' dir='ltr'>EPISTOLAE.</span> 
     </span>
    </p>
   </div>
   <div class='ocr_carea' id='block_1_3' title="bbox 2087 180 2162 217">
    <p class='ocr_par' dir='ltr' id='par_1_3' title="bbox 2087 180 2162 217">
     <span class='ocr_line' id='line_1_3' title="bbox 2087 180 2162 217; baseline 0 -1"><span class='ocrx_word' id='word_1_3' title='bbox 2087 180 2162 217; x_wconf 73' lang='lat'>758</span> 
     </span>
    </p>
   </div>
   <div class='ocr_carea' id='block_1_4' title="bbox 82 251 2163 306">
    <p class='ocr_par' dir='ltr' id='par_1_4' title="bbox 82 251 2163 306">
     <span class='ocr_line' id='line_1_4' title="bbox 82 251 2163 306; baseline -0.001 -10"><span class='ocrx_word' id='word_1_4' title='bbox 82 258 234 299; x_wconf 71' lang='lat' dir='ltr'>Nivardi</span> <span class='ocrx_word' id='word_1_5' title='bbox 249 264 262 279; x_wconf 75' lang='lat'><strong>³</strong></span> <span class='ocrx_word' id='word_1_6' title='bbox 283 256 496 298; x_wconf 72' lang='lat' dir='ltr'>audientes,</span> <span class='ocrx_word' id='word_1_7' title='bbox 514 254 651 304; x_wconf 68' lang='lat' dir='ltr'>gratias</span> <span class='ocrx_word' id='word_1_8' title='bbox 666 254 810 302; x_wconf 66' lang='lat' dir='ltr'>agimus</span> <span class='ocrx_word' id='word_1_9' title='bbox 827 256 907 289; x_wconf 78' lang='lat' dir='ltr'>Deo</span> <span class='ocrx_word' id='word_1_10' title='bbox 921 282 929 297; x_wconf 89' lang='lat'>‚</span> <span class='ocrx_word' id='word_1_11' title='bbox 947 261 984 288; x_wconf 65' lang='lat' dir='ltr'>tt</span> <span class='ocrx_word' id='word_1_12' title='bbox 1002 266 1087 289; x_wconf 84' lang='lat' dir='ltr'>ora-</span> <span class='ocrx_word' id='word_1_13' title='bbox 1111 256 1138 288; x_wconf 88' lang='grc' dir='ltr'>Α</span> <span class='ocrx_word' id='word_1_14' title='bbox 1159 261 1237 289; x_wconf 88' lang='lat' dir='ltr'>tum</span> <span class='ocrx_word' id='word_1_15' title='bbox 1255 281 1262 292; x_wconf 78' lang='grc'>,</span> <span class='ocrx_word' id='word_1_16' title='bbox 1296 265 1374 288; x_wconf 84' lang='lat' dir='ltr'>non</span> <span class='ocrx_word' id='word_1_17' title='bbox 1407 252 1512 301; x_wconf 87' lang='lat' dir='ltr'>quod</span> <span class='ocrx_word' id='word_1_18' title='bbox 1546 251 1779 289; x_wconf 76' lang='lat' dir='ltr'>dubietatem</span> <span class='ocrx_word' id='word_1_19' title='bbox 1813 254 1936 300; x_wconf 84' lang='lat' dir='ltr'>tollat,</span> <span class='ocrx_word' id='word_1_20' title='bbox 1967 256 2031 291; x_wconf 88' lang='lat' dir='ltr'>scd</span> <span class='ocrx_word' id='word_1_21' title='bbox 2060 258 2163 306; x_wconf 88' lang='lat' dir='ltr'>quod</span> 
     </span>
    </p>
   </div>
   <div class='ocr_carea' id='block_1_5' title="bbox 77 312 1089 912">
    <p class='ocr_par' dir='ltr' id='par_1_5' title="bbox 77 312 1089 912">
     <span class='ocr_line' id='line_1_5' title="bbox 82 312 1087 362; baseline -0.008 -6"><span class='ocrx_word' id='word_1_22' title='bbox 82 332 165 357; x_wconf 87' lang='lat' dir='ltr'>mus</span> <span class='ocrx_word' id='word_1_23' title='bbox 183 326 224 354; x_wconf 91' lang='lat' dir='ltr'>ut</span> <span class='ocrx_word' id='word_1_24' title='bbox 240 315 446 354; x_wconf 83' lang='lat' dir='ltr'>secundum</span> <span class='ocrx_word' id='word_1_25' title='bbox 466 313 578 350; x_wconf 79' lang='lat' dir='ltr'>tidem</span> <span class='ocrx_word' id='word_1_26' title='bbox 594 322 629 350; x_wconf 87' lang='lat' dir='ltr'>et</span> <span class='ocrx_word' id='word_1_27' title='bbox 647 312 822 348; x_wconf 85' lang='lat' dir='ltr'>liduciam</span> <span class='ocrx_word' id='word_1_28' title='bbox 837 326 949 362; x_wconf 84' lang='lat' dir='ltr'>quam</span> <span class='ocrx_word' id='word_1_29' title='bbox 970 312 1087 348; x_wconf 80' lang='lat' dir='ltr'>habc-</span> 
     </span>
     <span class='ocr_line' id='line_1_6' title="bbox 83 373 1088 422; baseline -0.008 -5"><span class='ocrx_word' id='word_1_30' title='bbox 83 381 127 418; x_wconf 84' lang='lat' dir='ltr'>tis</span> <span class='ocrx_word' id='word_1_31' title='bbox 160 379 198 415; x_wconf 91' lang='lat' dir='ltr'>in</span> <span class='ocrx_word' id='word_1_32' title='bbox 226 376 358 420; x_wconf 83' lang='lat' dir='ltr'>nobis,</span> <span class='ocrx_word' id='word_1_33' title='bbox 385 373 494 410; x_wconf 71' lang='lat' dir='ltr'>vobis</span> <span class='ocrx_word' id='word_1_34' title='bbox 516 373 727 410; x_wconf 74' lang='lat' dir='ltr'>retribuere</span> <span class='ocrx_word' id='word_1_35' title='bbox 757 386 828 422; x_wconf 87' lang='lat' dir='ltr'>pro</span> <span class='ocrx_word' id='word_1_36' title='bbox 857 385 922 409; x_wconf 87' lang='lat' dir='ltr'>sua</span> <span class='ocrx_word' id='word_1_37' title='bbox 949 373 1088 422; x_wconf 80' lang='lat' dir='ltr'>pietate</span> 
     </span>
     <span class='ocr_line' id='line_1_7' title="bbox 81 433 1089 489; baseline -0.007 -13"><span class='ocrx_word' id='word_1_38' title='bbox 81 440 268 489; x_wconf 74' lang='lat' dir='ltr'>dignetur.</span> <span class='ocrx_word' id='word_1_39' title='bbox 302 434 589 473; x_wconf 71' lang='lat' dir='ltr'>fraternitatem</span> <span class='ocrx_word' id='word_1_40' title='bbox 617 433 753 469; x_wconf 81' lang='lat' dir='ltr'>domus</span> <span class='ocrx_word' id='word_1_41' title='bbox 777 441 917 469; x_wconf 71' lang='lat' dir='ltr'>nosti-:e</span> <span class='ocrx_word' id='word_1_42' title='bbox 939 441 976 469; x_wconf 81' lang='lat' dir='ltr'>ct</span> <span class='ocrx_word' id='word_1_43' title='bbox 1003 447 1089 469; x_wconf 88' lang='lat' dir='ltr'>ora-</span> 
     </span>
     <span class='ocr_line' id='line_1_8' title="bbox 82 493 1089 543; baseline -0.007 -7"><span class='ocrx_word' id='word_1_44' title='bbox 82 499 226 537; x_wconf 90' lang='lat' dir='ltr'>tionum</span> <span class='ocrx_word' id='word_1_45' title='bbox 249 504 462 532; x_wconf 81' lang='lat' dir='ltr'>nostrarum</span> <span class='ocrx_word' id='word_1_46' title='bbox 478 524 486 539; x_wconf 88' lang='lat'>,</span> <span class='ocrx_word' id='word_1_47' title='bbox 506 495 602 531; x_wconf 81' lang='lat' dir='ltr'>sicut</span> <span class='ocrx_word' id='word_1_48' title='bbox 620 493 858 530; x_wconf 68' lang='lat' dir='ltr'>desiderastis</span> <span class='ocrx_word' id='word_1_49' title='bbox 871 523 879 539; x_wconf 75' lang='lat'>‚</span> <span class='ocrx_word' id='word_1_50' title='bbox 895 502 1089 543; x_wconf 74' lang='lat' dir='ltr'>gratanter</span> 
     </span>
     <span class='ocr_line' id='line_1_9' title="bbox 80 552 1088 602; baseline -0.006 -7"><span class='ocrx_word' id='word_1_51' title='bbox 80 557 187 595; x_wconf 80' lang='lat' dir='ltr'>vobis</span> <span class='ocrx_word' id='word_1_52' title='bbox 216 555 439 598; x_wconf 81' lang='lat' dir='ltr'>annuimus,</span> <span class='ocrx_word' id='word_1_53' title='bbox 470 562 507 590; x_wconf 88' lang='lat' dir='ltr'>et</span> <span class='ocrx_word' id='word_1_54' title='bbox 539 562 580 589; x_wconf 87' lang='lat' dir='ltr'>ut</span> <span class='ocrx_word' id='word_1_55' title='bbox 611 553 846 589; x_wconf 72' lang='lat' dir='ltr'>tantumdem</span> <span class='ocrx_word' id='word_1_56' title='bbox 879 566 948 602; x_wconf 86' lang='lat' dir='ltr'>pro</span> <span class='ocrx_word' id='word_1_57' title='bbox 979 552 1088 589; x_wconf 63' lang='lat' dir='ltr'>vobis</span> 
     </span>
     <span class='ocr_line' id='line_1_10' title="bbox 80 610 1086 665; baseline -0.007 -10"><span class='ocrx_word' id='word_1_58' title='bbox 80 619 161 662; x_wconf 83' lang='lat' dir='ltr'>fiat,</span> <span class='ocrx_word' id='word_1_59' title='bbox 188 622 373 665; x_wconf 89' lang='lat' dir='ltr'>quantum</span> <span class='ocrx_word' id='word_1_60' title='bbox 406 626 477 663; x_wconf 90' lang='lat' dir='ltr'>pro</span> <span class='ocrx_word' id='word_1_61' title='bbox 505 625 583 649; x_wconf 87' lang='lat' dir='ltr'>uno</span> <span class='ocrx_word' id='word_1_62' title='bbox 610 610 782 661; x_wconf 78' lang='lat' dir='ltr'>quolibet</span> <span class='ocrx_word' id='word_1_63' title='bbox 813 619 985 648; x_wconf 85' lang='lat' dir='ltr'>nostrum</span> <span class='ocrx_word' id='word_1_64' title='bbox 1011 620 1086 648; x_wconf 89' lang='lat' dir='ltr'>tam</span> 
     </span>
     <span class='ocr_line' id='line_1_11' title="bbox 78 672 1087 725; baseline -0.005 -11"><span class='ocrx_word' id='word_1_65' title='bbox 78 678 117 716; x_wconf 88' lang='lat' dir='ltr'>in</span> <span class='ocrx_word' id='word_1_66' title='bbox 135 676 212 713; x_wconf 68' lang='lat' dir='ltr'>vita</span> <span class='ocrx_word' id='word_1_67' title='bbox 231 687 345 725; x_wconf 88' lang='lat' dir='ltr'>quam</span> <span class='ocrx_word' id='word_1_68' title='bbox 372 673 410 710; x_wconf 90' lang='lat' dir='ltr'>in</span> <span class='ocrx_word' id='word_1_69' title='bbox 439 681 572 710; x_wconf 87' lang='lat' dir='ltr'>morte.</span> <span class='ocrx_word' id='word_1_70' title='bbox 602 676 656 709; x_wconf 88' lang='lat' dir='ltr'>De</span> <span class='ocrx_word' id='word_1_71' title='bbox 683 681 820 709; x_wconf 73' lang='lat' dir='ltr'>caetero</span> <span class='ocrx_word' id='word_1_72' title='bbox 842 685 993 709; x_wconf 85' lang='lat' dir='ltr'>necesse</span> <span class='ocrx_word' id='word_1_73' title='bbox 1020 672 1087 709; x_wconf 90' lang='lat' dir='ltr'>ha-</span> 
     </span>
     <span class='ocr_line' id='line_1_12' title="bbox 78 733 1087 785; baseline -0.006 -10"><span class='ocrx_word' id='word_1_74' title='bbox 78 737 229 776; x_wconf 87' lang='lat' dir='ltr'>buimus</span> <span class='ocrx_word' id='word_1_75' title='bbox 250 747 451 785; x_wconf 78' lang='lat' dir='ltr'>suggerere</span> <span class='ocrx_word' id='word_1_76' title='bbox 477 734 706 771; x_wconf 75' lang='lat' dir='ltr'>Praestantiae</span> <span class='ocrx_word' id='word_1_77' title='bbox 729 742 864 770; x_wconf 75' lang='lat' dir='ltr'>vestrae</span> <span class='ocrx_word' id='word_1_78' title='bbox 894 733 940 770; x_wconf 79' lang='lat' dir='ltr'>de</span> <span class='ocrx_word' id='word_1_79' title='bbox 963 734 1087 770; x_wconf 72' lang='lat' dir='ltr'>fratri-</span> 
     </span>
     <span class='ocr_line' id='line_1_13' title="bbox 78 793 1085 844; baseline -0.008 -7"><span class='ocrx_word' id='word_1_80' title='bbox 78 798 149 837; x_wconf 85' lang='lat' dir='ltr'>bus</span> <span class='ocrx_word' id='word_1_81' title='bbox 173 797 220 834; x_wconf 90' lang='lat' dir='ltr'>de</span> <span class='ocrx_word' id='word_1_82' title='bbox 249 795 391 834; x_wconf 89' lang='lat' dir='ltr'>Careda</span> <span class='ocrx_word' id='word_1_83' title='bbox 407 793 442 841; x_wconf 70' lang='lat' dir='ltr'>h,</span> <span class='ocrx_word' id='word_1_84' title='bbox 467 795 555 844; x_wconf 88' lang='lat' dir='ltr'>quia</span> <span class='ocrx_word' id='word_1_85' title='bbox 576 807 645 844; x_wconf 88' lang='lat' dir='ltr'>per</span> <span class='ocrx_word' id='word_1_86' title='bbox 671 802 824 844; x_wconf 84' lang='lat' dir='ltr'>neptem</span> <span class='ocrx_word' id='word_1_87' title='bbox 856 802 1018 830; x_wconf 84' lang='lat' dir='ltr'>vestram</span> <span class='ocrx_word' id='word_1_88' title='bbox 1048 801 1085 829; x_wconf 81' lang='lat' dir='ltr'>et</span> 
     </span>
     <span class='ocr_line' id='line_1_14' title="bbox 77 855 1085 912; baseline -0.007 -16"><span class='ocrx_word' id='word_1_89' title='bbox 77 872 147 912; x_wconf 84' lang='lat' dir='ltr'>per</span> <span class='ocrx_word' id='word_1_90' title='bbox 163 871 203 896; x_wconf 86' lang='lat' dir='ltr'>se</span> <span class='ocrx_word' id='word_1_91' title='bbox 219 859 322 909; x_wconf 88' lang='lat' dir='ltr'>ipsos</span> <span class='ocrx_word' id='word_1_92' title='bbox 341 856 569 894; x_wconf 87' lang='lat' dir='ltr'>calumniam</span> <span class='ocrx_word' id='word_1_93' title='bbox 594 855 706 893; x_wconf 89' lang='lat' dir='ltr'>nobis</span> <span class='ocrx_word' id='word_1_94' title='bbox 726 864 892 893; x_wconf 86' lang='lat' dir='ltr'>struunt.</span> <span class='ocrx_word' id='word_1_95' title='bbox 914 859 970 893; x_wconf 76' lang='lat' dir='ltr'>De</span> <span class='ocrx_word' id='word_1_96' title='bbox 1002 869 1085 891; x_wconf 80' lang='lat' dir='ltr'>mo—</span> 
     </span>
    </p>
   </div>
   <div class='ocr_carea' id='block_1_6' title="bbox 74 919 1084 1032">
    <p class='ocr_par' dir='ltr' id='par_1_6' title="bbox 74 919 1084 1032">
     <span class='ocr_line' id='line_1_15' title="bbox 77 919 1082 958; baseline -0.006 0"><span class='ocrx_word' id='word_1_97' title='bbox 77 919 240 958; x_wconf 75' lang='lat' dir='ltr'>nasterio</span> <span class='ocrx_word' id='word_1_98' title='bbox 245 945 1082 956; x_wconf 88' lang='grc'><strong>.....................</strong></span> 
     </span>
     <span class='ocr_line' id='line_1_16' title="bbox 74 976 1084 1032; baseline -0.007 -13"><span class='ocrx_word' id='word_1_99' title='bbox 74 983 236 1032; x_wconf 84' lang='lat' dir='ltr'>Oportet</span> <span class='ocrx_word' id='word_1_100' title='bbox 265 991 356 1028; x_wconf 79' lang='lat' dir='ltr'>ergo</span> <span class='ocrx_word' id='word_1_101' title='bbox 385 991 455 1014; x_wconf 90' lang='lat' dir='ltr'>nos</span> <span class='ocrx_word' id='word_1_102' title='bbox 482 977 687 1028; x_wconf 77' lang='lat' dir='ltr'>providere</span> <span class='ocrx_word' id='word_1_103' title='bbox 709 976 809 1014; x_wconf 85' lang='lat' dir='ltr'>bona</span> <span class='ocrx_word' id='word_1_104' title='bbox 831 990 909 1013; x_wconf 83' lang='lat' dir='ltr'>non</span> <span class='ocrx_word' id='word_1_105' title='bbox 939 985 1084 1013; x_wconf 84' lang='lat' dir='ltr'>tantum</span> 
     </span>
    </p>
   </div>
   <div class='ocr_carea' id='block_1_7' title="bbox 1156 311 2164 482">
    <p class='ocr_par' dir='ltr' id='par_1_7' title="bbox 1156 311 2164 482">
     <span class='ocr_line' id='line_1_17' title="bbox 1156 311 2161 363; baseline 0.004 -15"><span class='ocrx_word' id='word_1_106' title='bbox 1156 311 1422 348; x_wconf 81' lang='lat' dir='ltr'>certitudinem</span> <span class='ocrx_word' id='word_1_107' title='bbox 1443 312 1563 348; x_wconf 82' lang='lat' dir='ltr'>faciat.</span> <span class='ocrx_word' id='word_1_108' title='bbox 1588 314 1721 349; x_wconf 84' lang='lat' dir='ltr'>Certus</span> <span class='ocrx_word' id='word_1_109' title='bbox 1737 325 1822 348; x_wconf 91' lang='lat' dir='ltr'>sum</span> <span class='ocrx_word' id='word_1_110' title='bbox 1845 313 1946 350; x_wconf 87' lang='lat' dir='ltr'>enim</span> <span class='ocrx_word' id='word_1_111' title='bbox 1973 315 2077 363; x_wconf 85' lang='lat' dir='ltr'>quod</span> <span class='ocrx_word' id='word_1_112' title='bbox 2103 330 2161 352; x_wconf 86' lang='lat' dir='ltr'>mc</span> 
     </span>
     <span class='ocr_line' id='line_1_18' title="bbox 1156 371 2164 422; baseline 0.004 -14"><span class='ocrx_word' id='word_1_113' title='bbox 1156 372 1335 422; x_wconf 74' lang='lat' dir='ltr'>diligiti53</span> <span class='ocrx_word' id='word_1_114' title='bbox 1371 371 1437 408; x_wconf 83' lang='lat' dir='ltr'>sed</span> <span class='ocrx_word' id='word_1_115' title='bbox 1471 372 1568 408; x_wconf 88' lang='lat' dir='ltr'>sicut</span> <span class='ocrx_word' id='word_1_116' title='bbox 1602 372 1683 421; x_wconf 83' lang='lat' dir='ltr'>ipsa</span> <span class='ocrx_word' id='word_1_117' title='bbox 1712 372 1864 409; x_wconf 90' lang='lat' dir='ltr'>dilectio</span> <span class='ocrx_word' id='word_1_118' title='bbox 1898 382 2023 410; x_wconf 70' lang='lat' dir='ltr'>vestra</span> <span class='ocrx_word' id='word_1_119' title='bbox 2055 374 2164 412; x_wconf 89' lang='lat' dir='ltr'>nobis</span> 
     </span>
     <span class='ocr_line' id='line_1_19' title="bbox 1157 431 1636 482; baseline -0.002 -14"><span class='ocrx_word' id='word_1_120' title='bbox 1157 432 1265 482; x_wconf 90' lang='lat' dir='ltr'>apud</span> <span class='ocrx_word' id='word_1_121' title='bbox 1287 445 1358 469; x_wconf 90' lang='lat' dir='ltr'>nos</span> <span class='ocrx_word' id='word_1_122' title='bbox 1376 432 1543 469; x_wconf 90' lang='lat' dir='ltr'>innotuit</span> <span class='ocrx_word' id='word_1_123' title='bbox 1557 431 1569 454; x_wconf 76' lang='lat' dir='ltr'>f</span> <span class='ocrx_word' id='word_1_124' title='bbox 1572 460 1636 468; x_wconf 92' lang='grc'><strong>.....</strong></span> 
     </span>
    </p>
   </div>
   <div class='ocr_carea' id='block_1_8' title="bbox 1295 584 2031 744">
    <p class='ocr_par' dir='ltr' id='par_1_8' title="bbox 1295 584 2031 744">
     <span class='ocr_line' id='line_1_20' title="bbox 1418 584 1903 620; baseline 0.002 -1"><span class='ocrx_word' id='word_1_125' title='bbox 1418 584 1673 619; x_wconf 70' lang='grc' dir='ltr'><strong>ΒΕΡιΝΑΡιΙΠ</strong></span> <span class='ocrx_word' id='word_1_126' title='bbox 1703 584 1903 620; x_wconf 75' lang='lat' dir='ltr'>CHARTA</span> 
     </span>
     <span class='ocr_line' id='line_1_21' title="bbox 1295 719 2031 744; baseline 0.001 -3"><span class='ocrx_word' id='word_1_127' title='bbox 1295 719 1365 743; x_wconf 71' lang='lat' dir='ltr'>rao</span> <span class='ocrx_word' id='word_1_128' title='bbox 1384 720 1537 743; x_wconf 63' lang='lat' dir='ltr'>Annum</span> <span class='ocrx_word' id='word_1_129' title='bbox 1554 720 1601 742; x_wconf 82' lang='lat' dir='ltr'>m:</span> <span class='ocrx_word' id='word_1_130' title='bbox 1615 719 2031 744; x_wconf 71' lang='lat' dir='ltr'>TRL&#39;NCO-BERENGARH.</span> 
     </span>
    </p>
   </div>
   <div class='ocr_carea' id='block_1_9' title="bbox 1152 841 2165 953">
    <p class='ocr_par' dir='ltr' id='par_1_9' title="bbox 1152 841 2165 953">
     <span class='ocr_line' id='line_1_22' title="bbox 1152 841 2165 892; baseline 0.001 -14"><span class='ocrx_word' id='word_1_131' title='bbox 1152 844 1377 878; x_wconf 65' lang='lat' dir='ltr'>Bi-:nxmncs</span> <span class='ocrx_word' id='word_1_132' title='bbox 1398 841 1516 879; x_wconf 89' lang='lat' dir='ltr'>abbas</span> <span class='ocrx_word' id='word_1_133' title='bbox 1549 842 1832 889; x_wconf 79' lang='lat' dir='ltr'>Clarae—Vallis,</span> <span class='ocrx_word' id='word_1_134' title='bbox 1864 841 2044 879; x_wconf 89' lang='lat' dir='ltr'>omnibus</span> <span class='ocrx_word' id='word_1_135' title='bbox 2065 855 2165 892; x_wconf 88' lang='lat' dir='ltr'>prae-</span> 
     </span>
     <span class='ocr_line' id='line_1_23' title="bbox 1206 902 1827 953; baseline 0.003 -15"><span class='ocrx_word' id='word_1_136' title='bbox 1206 910 1351 938; x_wconf 88' lang='lat' dir='ltr'>sentem</span> <span class='ocrx_word' id='word_1_137' title='bbox 1382 902 1560 952; x_wconf 75' lang='lat' dir='ltr'>paginam</span> <span class='ocrx_word' id='word_1_138' title='bbox 1586 902 1827 953; x_wconf 86' lang='lat' dir='ltr'>inspecturis.</span> 
     </span>
    </p>
   </div>
   <div class='ocr_carea' id='block_1_10' title="bbox 76 1029 2167 1086">
    <p class='ocr_par' dir='ltr' id='par_1_10' title="bbox 76 1029 2167 1086">
     <span class='ocr_line' id='line_1_24' title="bbox 76 1029 2167 1086; baseline -0.007 -6"><span class='ocrx_word' id='word_1_139' title='bbox 76 1053 202 1080; x_wconf 73' lang='lat' dir='ltr'>eoram</span> <span class='ocrx_word' id='word_1_140' title='bbox 216 1043 318 1086; x_wconf 89' lang='lat' dir='ltr'>Deo,</span> <span class='ocrx_word' id='word_1_141' title='bbox 335 1039 401 1076; x_wconf 91' lang='lat' dir='ltr'>sed</span> <span class='ocrx_word' id='word_1_142' title='bbox 416 1039 527 1075; x_wconf 84' lang='lat' dir='ltr'>etiam</span> <span class='ocrx_word' id='word_1_143' title='bbox 548 1052 676 1075; x_wconf 81' lang='lat' dir='ltr'>coram</span> <span class='ocrx_word' id='word_1_144' title='bbox 695 1037 914 1075; x_wconf 84' lang='lat' dir='ltr'>hominibus</span> <span class='ocrx_word' id='word_1_145' title='bbox 932 1067 941 1083; x_wconf 93' lang='lat'>‚</span> <span class='ocrx_word' id='word_1_146' title='bbox 957 1037 1084 1073; x_wconf 83' lang='lat' dir='ltr'>omni-</span> <span class='ocrx_word' id='word_1_147' title='bbox 1109 1029 1134 1063; x_wconf 84' lang='grc' dir='ltr'>Β</span> <span class='ocrx_word' id='word_1_148' title='bbox 1205 1030 1371 1080; x_wconf 75' lang='lat' dir='ltr'>Contigit</span> <span class='ocrx_word' id='word_1_149' title='bbox 1398 1029 1576 1067; x_wconf 79' lang='lat' dir='ltr'>abbatem</span> <span class='ocrx_word' id='word_1_150' title='bbox 1605 1030 1945 1068; x_wconf 83' lang='lat' dir='ltr'>Trunchiniensem</span> <span class='ocrx_word' id='word_1_151' title='bbox 1961 1037 1992 1076; x_wconf 69' lang='grc' dir='ltr'>ὅ,</span> <span class='ocrx_word' id='word_1_152' title='bbox 2022 1038 2060 1067; x_wconf 86' lang='lat' dir='ltr'>et</span> <span class='ocrx_word' id='word_1_153' title='bbox 2078 1030 2167 1068; x_wconf 88' lang='lat' dir='ltr'>Bal-</span> 
     </span>
    </p>
   </div>
   <div class='ocr_carea' id='block_1_11' title="bbox 72 1098 1085 1812">
    <p class='ocr_par' dir='ltr' id='par_1_11' title="bbox 72 1098 1085 1812">
     <span class='ocr_line' id='line_1_25' title="bbox 77 1098 1085 1152; baseline -0.006 -12"><span class='ocrx_word' id='word_1_154' title='bbox 77 1101 272 1152; x_wconf 87' lang='lat' dir='ltr'>modisque</span> <span class='ocrx_word' id='word_1_155' title='bbox 299 1100 475 1151; x_wconf 87' lang='lat' dir='ltr'>cupimus</span> <span class='ocrx_word' id='word_1_156' title='bbox 496 1100 548 1136; x_wconf 89' lang='lat' dir='ltr'>sic</span> <span class='ocrx_word' id='word_1_157' title='bbox 576 1099 787 1150; x_wconf 85' lang='lat' dir='ltr'>procedere</span> <span class='ocrx_word' id='word_1_158' title='bbox 812 1099 849 1135; x_wconf 91' lang='lat' dir='ltr'>in</span> <span class='ocrx_word' id='word_1_159' title='bbox 873 1098 945 1135; x_wconf 92' lang='lat' dir='ltr'>hoc</span> <span class='ocrx_word' id='word_1_160' title='bbox 966 1111 1085 1147; x_wconf 72' lang='lat' dir='ltr'>nego-</span> 
     </span>
     <span class='ocr_line' id='line_1_26' title="bbox 76 1159 1084 1211; baseline -0.005 -11"><span class='ocrx_word' id='word_1_161' title='bbox 76 1162 154 1209; x_wconf 82' lang='lat' dir='ltr'>tio,</span> <span class='ocrx_word' id='word_1_162' title='bbox 174 1169 314 1199; x_wconf 85' lang='lat' dir='ltr'>utnon</span> <span class='ocrx_word' id='word_1_163' title='bbox 340 1162 583 1211; x_wconf 86' lang='lat' dir='ltr'>vituperetur</span> <span class='ocrx_word' id='word_1_164' title='bbox 612 1159 756 1197; x_wconf 89' lang='lat' dir='ltr'>bonum</span> <span class='ocrx_word' id='word_1_165' title='bbox 786 1168 959 1196; x_wconf 86' lang='lat' dir='ltr'>nostrum</span> <span class='ocrx_word' id='word_1_166' title='bbox 978 1188 987 1204; x_wconf 84' lang='lat'>,</span> <span class='ocrx_word' id='word_1_167' title='bbox 1015 1172 1084 1196; x_wconf 83' lang='lat' dir='ltr'>nec</span> 
     </span>
     <span class='ocr_line' id='line_1_27' title="bbox 74 1220 1082 1262; baseline -0.006 0"><span class='ocrx_word' id='word_1_168' title='bbox 74 1223 244 1262; x_wconf 80' lang='lat' dir='ltr'>homines</span> <span class='ocrx_word' id='word_1_169' title='bbox 280 1223 335 1260; x_wconf 92' lang='lat' dir='ltr'>illi</span> <span class='ocrx_word' id='word_1_170' title='bbox 371 1221 612 1259; x_wconf 85' lang='lat' dir='ltr'>occasionem</span> <span class='ocrx_word' id='word_1_171' title='bbox 645 1220 811 1258; x_wconf 83' lang='lat' dir='ltr'>habeant</span> <span class='ocrx_word' id='word_1_172' title='bbox 845 1220 1082 1257; x_wconf 85' lang='lat' dir='ltr'>detrahendi.</span> 
     </span>
     <span class='ocr_line' id='line_1_28' title="bbox 74 1280 1085 1330; baseline -0.007 -7"><span class='ocrx_word' id='word_1_173' title='bbox 74 1282 238 1323; x_wconf 83' lang='lat' dir='ltr'>Proinde</span> <span class='ocrx_word' id='word_1_174' title='bbox 263 1282 478 1320; x_wconf 86' lang='lat' dir='ltr'>remisimus</span> <span class='ocrx_word' id='word_1_175' title='bbox 503 1281 551 1318; x_wconf 90' lang='lat' dir='ltr'>ad</span> <span class='ocrx_word' id='word_1_176' title='bbox 578 1294 647 1318; x_wconf 75' lang='lat' dir='ltr'>vos</span> <span class='ocrx_word' id='word_1_177' title='bbox 672 1280 890 1330; x_wconf 85' lang='lat' dir='ltr'>negotium,</span> <span class='ocrx_word' id='word_1_178' title='bbox 912 1288 955 1316; x_wconf 89' lang='lat' dir='ltr'>ut</span> <span class='ocrx_word' id='word_1_179' title='bbox 975 1293 1085 1317; x_wconf 89' lang='lat' dir='ltr'>scan-</span> 
     </span>
     <span class='ocr_line' id='line_1_29' title="bbox 74 1338 1084 1391; baseline -0.006 -11"><span class='ocrx_word' id='word_1_180' title='bbox 74 1342 200 1381; x_wconf 83' lang='lat' dir='ltr'>dalum</span> <span class='ocrx_word' id='word_1_181' title='bbox 229 1341 332 1379; x_wconf 88' lang='lat' dir='ltr'>istud</span> <span class='ocrx_word' id='word_1_182' title='bbox 358 1353 601 1391; x_wconf 87' lang='lat' dir='ltr'>compescere</span> <span class='ocrx_word' id='word_1_183' title='bbox 626 1338 809 1376; x_wconf 84' lang='lat' dir='ltr'>studeatis</span> <span class='ocrx_word' id='word_1_184' title='bbox 833 1353 840 1375; x_wconf 92' lang='lat'>:</span> <span class='ocrx_word' id='word_1_185' title='bbox 865 1348 902 1375; x_wconf 87' lang='lat' dir='ltr'>et</span> <span class='ocrx_word' id='word_1_186' title='bbox 924 1338 954 1374; x_wconf 95' lang='lat' dir='ltr'>si</span> <span class='ocrx_word' id='word_1_187' title='bbox 974 1338 1084 1375; x_wconf 88' lang='lat' dir='ltr'>aliter</span> 
     </span>
     <span class='ocr_line' id='line_1_30' title="bbox 74 1398 1080 1450; baseline -0.006 -9"><span class='ocrx_word' id='word_1_188' title='bbox 74 1403 267 1442; x_wconf 84' lang='lat' dir='ltr'>noluerint</span> <span class='ocrx_word' id='word_1_189' title='bbox 288 1402 342 1439; x_wconf 89' lang='lat' dir='ltr'>illi</span> <span class='ocrx_word' id='word_1_190' title='bbox 362 1401 543 1439; x_wconf 87' lang='lat' dir='ltr'>desistere</span> <span class='ocrx_word' id='word_1_191' title='bbox 556 1430 566 1448; x_wconf 93' lang='lat'>,</span> <span class='ocrx_word' id='word_1_192' title='bbox 580 1399 744 1450; x_wconf 88' lang='lat' dir='ltr'>judicio,</span> <span class='ocrx_word' id='word_1_193' title='bbox 764 1407 806 1436; x_wconf 91' lang='lat' dir='ltr'>ut</span> <span class='ocrx_word' id='word_1_194' title='bbox 827 1398 982 1449; x_wconf 78' lang='lat' dir='ltr'>dignum</span> <span class='ocrx_word' id='word_1_195' title='bbox 1005 1407 1080 1444; x_wconf 85' lang='lat' dir='ltr'>est,</span> 
     </span>
     <span class='ocr_line' id='line_1_31' title="bbox 74 1459 1084 1511; baseline -0.007 -9"><span class='ocrx_word' id='word_1_196' title='bbox 74 1463 216 1502; x_wconf 85' lang='lat' dir='ltr'>domini</span> <span class='ocrx_word' id='word_1_197' title='bbox 234 1462 525 1501; x_wconf 88' lang='lat' dir='ltr'>Zemorenensis</span> <span class='ocrx_word' id='word_1_198' title='bbox 543 1469 557 1484; x_wconf 74' lang='lat'><strong>⁰</strong></span> <span class='ocrx_word' id='word_1_199' title='bbox 574 1461 745 1511; x_wconf 87' lang='lat' dir='ltr'>episcopi</span> <span class='ocrx_word' id='word_1_200' title='bbox 763 1468 800 1497; x_wconf 90' lang='lat' dir='ltr'>et</span> <span class='ocrx_word' id='word_1_201' title='bbox 812 1459 957 1496; x_wconf 89' lang='lat' dir='ltr'>domini</span> <span class='ocrx_word' id='word_1_202' title='bbox 972 1464 1084 1497; x_wconf 78' lang='lat' dir='ltr'>Astu-</span> 
     </span>
     <span class='ocr_line' id='line_1_32' title="bbox 74 1520 1081 1561; baseline -0.006 0"><span class='ocrx_word' id='word_1_203' title='bbox 74 1523 226 1561; x_wconf 83' lang='lat' dir='ltr'>ricensis</span> <span class='ocrx_word' id='word_1_204' title='bbox 256 1522 378 1559; x_wconf 84' lang='lat' dir='ltr'>velitis</span> <span class='ocrx_word' id='word_1_205' title='bbox 410 1530 447 1559; x_wconf 90' lang='lat' dir='ltr'>et</span> <span class='ocrx_word' id='word_1_206' title='bbox 478 1521 620 1558; x_wconf 86' lang='lat' dir='ltr'>faciatis</span> <span class='ocrx_word' id='word_1_207' title='bbox 651 1521 748 1557; x_wconf 80' lang='lat' dir='ltr'>lianc</span> <span class='ocrx_word' id='word_1_208' title='bbox 780 1520 1081 1556; x_wconf 77' lang='lat' dir='ltr'>controversiam</span> 
     </span>
     <span class='ocr_line' id='line_1_33' title="bbox 74 1579 1084 1624; baseline -0.006 -3"><span class='ocrx_word' id='word_1_209' title='bbox 74 1583 279 1622; x_wconf 85' lang='lat' dir='ltr'>terminari.</span> <span class='ocrx_word' id='word_1_210' title='bbox 298 1581 376 1621; x_wconf 80' lang='lat' dir='ltr'>Ubi</span> <span class='ocrx_word' id='word_1_211' title='bbox 393 1581 496 1619; x_wconf 91' lang='lat' dir='ltr'>enim</span> <span class='ocrx_word' id='word_1_212' title='bbox 516 1582 576 1618; x_wconf 80' lang='lat' dir='ltr'>vel</span> <span class='ocrx_word' id='word_1_213' title='bbox 594 1594 728 1618; x_wconf 91' lang='lat' dir='ltr'>eorum</span> <span class='ocrx_word' id='word_1_214' title='bbox 747 1579 1006 1624; x_wconf 87' lang='lat' dir='ltr'>confessione,</span> <span class='ocrx_word' id='word_1_215' title='bbox 1022 1579 1084 1616; x_wconf 71' lang='lat' dir='ltr'>vel</span> 
     </span>
     <span class='ocr_line' id='line_1_34' title="bbox 72 1639 1084 1696; baseline -0.006 -14"><span class='ocrx_word' id='word_1_216' title='bbox 72 1644 340 1696; x_wconf 86' lang='lat' dir='ltr'>episcoporum</span> <span class='ocrx_word' id='word_1_217' title='bbox 359 1641 507 1692; x_wconf 86' lang='lat' dir='ltr'>judicio</span> <span class='ocrx_word' id='word_1_218' title='bbox 527 1641 741 1679; x_wconf 84' lang='lat' dir='ltr'>innotuerit</span> <span class='ocrx_word' id='word_1_219' title='bbox 761 1654 839 1677; x_wconf 90' lang='lat' dir='ltr'>non</span> <span class='ocrx_word' id='word_1_220' title='bbox 858 1639 1001 1677; x_wconf 88' lang='lat' dir='ltr'>habere</span> <span class='ocrx_word' id='word_1_221' title='bbox 1019 1653 1084 1677; x_wconf 89' lang='lat' dir='ltr'>eos</span> 
     </span>
     <span class='ocr_line' id='line_1_35' title="bbox 72 1700 1082 1752; baseline -0.005 -11"><span class='ocrx_word' id='word_1_222' title='bbox 72 1702 174 1742; x_wconf 84' lang='lat' dir='ltr'>unde</span> <span class='ocrx_word' id='word_1_223' title='bbox 201 1702 404 1739; x_wconf 83' lang='lat' dir='ltr'>adversum</span> <span class='ocrx_word' id='word_1_224' title='bbox 430 1713 500 1738; x_wconf 88' lang='lat' dir='ltr'>nos</span> <span class='ocrx_word' id='word_1_225' title='bbox 524 1715 641 1752; x_wconf 88' lang='lat' dir='ltr'>super</span> <span class='ocrx_word' id='word_1_226' title='bbox 660 1701 733 1737; x_wconf 91' lang='lat' dir='ltr'>hoc</span> <span class='ocrx_word' id='word_1_227' title='bbox 754 1700 904 1751; x_wconf 84' lang='lat' dir='ltr'>possint</span> <span class='ocrx_word' id='word_1_228' title='bbox 923 1701 983 1737; x_wconf 75' lang='lat' dir='ltr'>vel</span> <span class='ocrx_word' id='word_1_229' title='bbox 1012 1700 1082 1737; x_wconf 89' lang='lat' dir='ltr'>de-</span> 
     </span>
     <span class='ocr_line' id='line_1_36' title="bbox 72 1760 1080 1812; baseline -0.005 -10"><span class='ocrx_word' id='word_1_230' title='bbox 72 1763 187 1802; x_wconf 82' lang='lat' dir='ltr'>beant</span> <span class='ocrx_word' id='word_1_231' title='bbox 206 1763 433 1808; x_wconf 87' lang='lat' dir='ltr'>reclamare,</span> <span class='ocrx_word' id='word_1_232' title='bbox 462 1763 586 1812; x_wconf 87' lang='lat' dir='ltr'>parati</span> <span class='ocrx_word' id='word_1_233' title='bbox 615 1775 770 1808; x_wconf 87' lang='lat' dir='ltr'>sumus,</span> <span class='ocrx_word' id='word_1_234' title='bbox 791 1760 952 1810; x_wconf 77' lang='lat' dir='ltr'>juvante</span> <span class='ocrx_word' id='word_1_235' title='bbox 978 1764 1080 1806; x_wconf 89' lang='lat' dir='ltr'>Deo,</span> 
     </span>
    </p>
   </div>
   <div class='ocr_carea' id='block_1_12' title="bbox 1150 1090 2168 1803">
    <p class='ocr_par' dir='ltr' id='par_1_12' title="bbox 1150 1090 2168 1803">
     <span class='ocr_line' id='line_1_37' title="bbox 1153 1090 2162 1141; baseline 0 -14"><span class='ocrx_word' id='word_1_236' title='bbox 1153 1090 1313 1128; x_wconf 90' lang='lat' dir='ltr'>duinum</span> <span class='ocrx_word' id='word_1_237' title='bbox 1345 1090 1390 1127; x_wconf 90' lang='lat' dir='ltr'>de</span> <span class='ocrx_word' id='word_1_238' title='bbox 1418 1092 1546 1128; x_wconf 78' lang='lat' dir='ltr'>Wasia</span> <span class='ocrx_word' id='word_1_239' title='bbox 1576 1105 1648 1141; x_wconf 88' lang='lat' dir='ltr'>pro</span> <span class='ocrx_word' id='word_1_240' title='bbox 1675 1091 1967 1128; x_wconf 84' lang='lat' dir='ltr'>determinanda</span> <span class='ocrx_word' id='word_1_241' title='bbox 2000 1099 2162 1127; x_wconf 76' lang='lat' dir='ltr'>contro—</span> 
     </span>
     <span class='ocr_line' id='line_1_38' title="bbox 1151 1152 2164 1202; baseline 0 -14"><span class='ocrx_word' id='word_1_242' title='bbox 1151 1153 1275 1189; x_wconf 83' lang='lat' dir='ltr'>versia</span> <span class='ocrx_word' id='word_1_243' title='bbox 1296 1166 1429 1189; x_wconf 84' lang='lat' dir='ltr'>eorum</span> <span class='ocrx_word' id='word_1_244' title='bbox 1450 1156 1612 1190; x_wconf 81' lang='lat' dir='ltr'>Romam</span> <span class='ocrx_word' id='word_1_245' title='bbox 1633 1153 1768 1199; x_wconf 85' lang='lat' dir='ltr'>ituros,</span> <span class='ocrx_word' id='word_1_246' title='bbox 1788 1166 1857 1202; x_wconf 87' lang='lat' dir='ltr'>per</span> <span class='ocrx_word' id='word_1_247' title='bbox 1874 1165 1944 1189; x_wconf 88' lang='lat' dir='ltr'>nos</span> <span class='ocrx_word' id='word_1_248' title='bbox 1963 1152 2164 1188; x_wconf 87' lang='lat' dir='ltr'>transitum</span> 
     </span>
     <span class='ocr_line' id='line_1_39' title="bbox 1152 1213 2162 1261; baseline 0.001 -12"><span class='ocrx_word' id='word_1_249' title='bbox 1152 1213 1286 1250; x_wconf 89' lang='lat' dir='ltr'>facere.</span> <span class='ocrx_word' id='word_1_250' title='bbox 1305 1216 1477 1261; x_wconf 88' lang='lat' dir='ltr'>Quorum</span> <span class='ocrx_word' id='word_1_251' title='bbox 1498 1227 1648 1250; x_wconf 84' lang='lat' dir='ltr'>causam</span> <span class='ocrx_word' id='word_1_252' title='bbox 1670 1227 1756 1250; x_wconf 89' lang='lat' dir='ltr'>cum</span> <span class='ocrx_word' id='word_1_253' title='bbox 1777 1213 1990 1250; x_wconf 78' lang='lat' dir='ltr'>audivimus</span> <span class='ocrx_word' id='word_1_254' title='bbox 2003 1243 2013 1260; x_wconf 86' lang='lat'>‚</span> <span class='ocrx_word' id='word_1_255' title='bbox 2028 1226 2162 1250; x_wconf 85' lang='lat' dir='ltr'>eorum</span> 
     </span>
     <span class='ocr_line' id='line_1_40' title="bbox 1151 1272 2163 1323; baseline 0 -14"><span class='ocrx_word' id='word_1_256' title='bbox 1151 1272 1274 1309; x_wconf 84' lang='lat' dir='ltr'>labori</span> <span class='ocrx_word' id='word_1_257' title='bbox 1292 1281 1329 1309; x_wconf 89' lang='lat' dir='ltr'>et</span> <span class='ocrx_word' id='word_1_258' title='bbox 1346 1274 1515 1323; x_wconf 88' lang='lat' dir='ltr'>sumptui</span> <span class='ocrx_word' id='word_1_259' title='bbox 1537 1274 1812 1323; x_wconf 83' lang='lat' dir='ltr'>compatientes</span> <span class='ocrx_word' id='word_1_260' title='bbox 1825 1303 1834 1319; x_wconf 89' lang='lat'>‚</span> <span class='ocrx_word' id='word_1_261' title='bbox 1855 1277 1937 1310; x_wconf 91' lang='lat' dir='ltr'>Deo</span> <span class='ocrx_word' id='word_1_262' title='bbox 1959 1273 2163 1310; x_wconf 80' lang='lat' dir='ltr'>auxiliante</span> 
     </span>
     <span class='ocr_line' id='line_1_41' title="bbox 1151 1334 2165 1384; baseline 0.001 -15"><span class='ocrx_word' id='word_1_263' title='bbox 1151 1346 1216 1370; x_wconf 93' lang='lat' dir='ltr'>eos</span> <span class='ocrx_word' id='word_1_264' title='bbox 1243 1334 1282 1369; x_wconf 90' lang='lat' dir='ltr'>in</span> <span class='ocrx_word' id='word_1_265' title='bbox 1306 1347 1399 1383; x_wconf 87' lang='lat' dir='ltr'>pace</span> <span class='ocrx_word' id='word_1_266' title='bbox 1419 1342 1457 1370; x_wconf 86' lang='lat' dir='ltr'>et</span> <span class='ocrx_word' id='word_1_267' title='bbox 1477 1334 1681 1371; x_wconf 87' lang='lat' dir='ltr'>dilectione</span> <span class='ocrx_word' id='word_1_268' title='bbox 1697 1334 1983 1384; x_wconf 86' lang='lat' dir='ltr'>composuimus</span> <span class='ocrx_word' id='word_1_269' title='bbox 2003 1335 2042 1370; x_wconf 91' lang='lat' dir='ltr'>in</span> <span class='ocrx_word' id='word_1_270' title='bbox 2063 1334 2165 1370; x_wconf 90' lang='lat' dir='ltr'>hunc</span> 
     </span>
     <span class='ocr_line' id='line_1_42' title="bbox 1150 1393 2167 1443; baseline -0.001 -13"><span class='ocrx_word' id='word_1_271' title='bbox 1150 1393 1321 1430; x_wconf 87' lang='lat' dir='ltr'>modum.</span> <span class='ocrx_word' id='word_1_272' title='bbox 1336 1395 1502 1431; x_wconf 81' lang='lat' dir='ltr'>Ecclesia</span> <span class='ocrx_word' id='word_1_273' title='bbox 1518 1394 1844 1440; x_wconf 87' lang='lat' dir='ltr'>Trunchiniensis,</span> <span class='ocrx_word' id='word_1_274' title='bbox 1859 1393 2068 1430; x_wconf 90' lang='lat' dir='ltr'>secundum</span> <span class='ocrx_word' id='word_1_275' title='bbox 2090 1393 2167 1443; x_wconf 87' lang='lat' dir='ltr'>pri·</span> 
     </span>
     <span class='ocr_line' id='line_1_43' title="bbox 1150 1454 2166 1504; baseline -0.002 -13"><span class='ocrx_word' id='word_1_276' title='bbox 1150 1455 1290 1504; x_wconf 68' lang='lat' dir='ltr'>vilegia</span> <span class='ocrx_word' id='word_1_277' title='bbox 1309 1468 1376 1491; x_wconf 89' lang='lat' dir='ltr'>sua</span> <span class='ocrx_word' id='word_1_278' title='bbox 1391 1484 1400 1500; x_wconf 94' lang='lat'><strong><em>,</em></strong></span> <span class='ocrx_word' id='word_1_279' title='bbox 1421 1454 1702 1492; x_wconf 53' lang='lat' dir='ltr'>XVerrebroech</span> <span class='ocrx_word' id='word_1_280' title='bbox 1723 1463 1761 1491; x_wconf 93' lang='lat' dir='ltr'>et</span> <span class='ocrx_word' id='word_1_281' title='bbox 1781 1454 1977 1503; x_wconf 84' lang='lat' dir='ltr'>Saleghem</span> <span class='ocrx_word' id='word_1_282' title='bbox 1997 1467 2082 1490; x_wconf 91' lang='lat' dir='ltr'>cum</span> <span class='ocrx_word' id='word_1_283' title='bbox 2103 1454 2166 1490; x_wconf 90' lang='lat' dir='ltr'>in-</span> 
     </span>
     <span class='ocr_line' id='line_1_44' title="bbox 1153 1514 2166 1566; baseline -0.002 -14"><span class='ocrx_word' id='word_1_284' title='bbox 1153 1524 1258 1564; x_wconf 79' lang='lat' dir='ltr'>tegro</span> <span class='ocrx_word' id='word_1_285' title='bbox 1277 1515 1366 1564; x_wconf 86' lang='lat' dir='ltr'>jure</span> <span class='ocrx_word' id='word_1_286' title='bbox 1392 1516 1601 1566; x_wconf 85' lang='lat' dir='ltr'>parochiali</span> <span class='ocrx_word' id='word_1_287' title='bbox 1629 1514 1840 1566; x_wconf 88' lang='lat' dir='ltr'>possidebit</span> <span class='ocrx_word' id='word_1_288' title='bbox 1864 1515 1902 1551; x_wconf 91' lang='lat' dir='ltr'>in</span> <span class='ocrx_word' id='word_1_289' title='bbox 1924 1523 2166 1564; x_wconf 86' lang='lat' dir='ltr'>perpetuum.</span> 
     </span>
     <span class='ocr_line' id='line_1_45' title="bbox 1152 1574 2166 1626; baseline -0.002 -14"><span class='ocrx_word' id='word_1_290' title='bbox 1152 1576 1362 1613; x_wconf 85' lang='lat' dir='ltr'>Statuiinus</span> <span class='ocrx_word' id='word_1_291' title='bbox 1393 1590 1568 1626; x_wconf 85' lang='lat' dir='ltr'>quoqne,</span> <span class='ocrx_word' id='word_1_292' title='bbox 1599 1585 1640 1613; x_wconf 88' lang='lat' dir='ltr'>ut</span> <span class='ocrx_word' id='word_1_293' title='bbox 1668 1577 1826 1613; x_wconf 88' lang='lat' dir='ltr'>ecclesia</span> <span class='ocrx_word' id='word_1_294' title='bbox 1853 1574 2166 1613; x_wconf 87' lang='lat' dir='ltr'>Trunchiniensis</span> 
     </span>
     <span class='ocr_line' id='line_1_46' title="bbox 1150 1634 2163 1684; baseline 0 -14"><span class='ocrx_word' id='word_1_295' title='bbox 1150 1634 1341 1672; x_wconf 87' lang='lat' dir='ltr'>Balduino</span> <span class='ocrx_word' id='word_1_296' title='bbox 1361 1636 1556 1672; x_wconf 85' lang='lat' dir='ltr'>annuatim</span> <span class='ocrx_word' id='word_1_297' title='bbox 1573 1635 1707 1684; x_wconf 70' lang='lat' dir='ltr'>viginti</span> <span class='ocrx_word' id='word_1_298' title='bbox 1724 1635 1865 1671; x_wconf 88' lang='lat' dir='ltr'>solidos</span> <span class='ocrx_word' id='word_1_299' title='bbox 1883 1634 1990 1670; x_wconf 87' lang='lat' dir='ltr'>daret</span> <span class='ocrx_word' id='word_1_300' title='bbox 2010 1634 2048 1670; x_wconf 93' lang='lat' dir='ltr'>in</span> <span class='ocrx_word' id='word_1_301' title='bbox 2068 1634 2163 1670; x_wconf 85' lang='lat' dir='ltr'>festo</span> 
     </span>
     <span class='ocr_line' id='line_1_47' title="bbox 1151 1694 2168 1745; baseline -0.001 -14"><span class='ocrx_word' id='word_1_302' title='bbox 1151 1695 1271 1739; x_wconf 84' lang='lat' dir='ltr'>sancti</span> <span class='ocrx_word' id='word_1_303' title='bbox 1282 1695 1457 1745; x_wconf 77' lang='lat' dir='ltr'>Remigii.</span> <span class='ocrx_word' id='word_1_304' title='bbox 1474 1695 1682 1732; x_wconf 88' lang='lat' dir='ltr'>Balduinus</span> <span class='ocrx_word' id='word_1_305' title='bbox 1698 1695 1810 1732; x_wconf 90' lang='lat' dir='ltr'>etiam</span> <span class='ocrx_word' id='word_1_306' title='bbox 1827 1694 2053 1739; x_wconf 84' lang='lat' dir='ltr'>oblationes,</span> <span class='ocrx_word' id='word_1_307' title='bbox 2073 1707 2168 1743; x_wconf 85' lang='lat' dir='ltr'>quas</span> 
     </span>
     <span class='ocr_line' id='line_1_48' title="bbox 1151 1753 2165 1803; baseline -0.002 -13"><span class='ocrx_word' id='word_1_308' title='bbox 1151 1754 1190 1790; x_wconf 92' lang='lat' dir='ltr'>in</span> <span class='ocrx_word' id='word_1_309' title='bbox 1217 1755 1376 1792; x_wconf 87' lang='lat' dir='ltr'>ecclesia</span> <span class='ocrx_word' id='word_1_310' title='bbox 1405 1754 1698 1792; x_wconf 86' lang='lat' dir='ltr'>Trunchiniensi</span> <span class='ocrx_word' id='word_1_311' title='bbox 1731 1753 1914 1799; x_wconf 86' lang='lat' dir='ltr'>habebat,</span> <span class='ocrx_word' id='word_1_312' title='bbox 1937 1761 2073 1803; x_wconf 78' lang='lat' dir='ltr'>rogatu</span> <span class='ocrx_word' id='word_1_313' title='bbox 2096 1766 2165 1789; x_wconf 85' lang='lat' dir='ltr'>no-</span> 
     </span>
    </p>
   </div>
   <div class='ocr_carea' id='block_1_13' title="bbox 70 1813 2164 1871">
    <p class='ocr_par' dir='ltr' id='par_1_13' title="bbox 70 1813 2164 1871">
     <span class='ocr_line' id='line_1_49' title="bbox 70 1813 2164 1871; baseline -0.006 -9"><span class='ocrx_word' id='word_1_314' title='bbox 70 1825 123 1864; x_wconf 79' lang='lat' dir='ltr'>sic</span> <span class='ocrx_word' id='word_1_315' title='bbox 150 1823 330 1862; x_wconf 84' lang='lat' dir='ltr'>ordinare</span> <span class='ocrx_word' id='word_1_316' title='bbox 354 1823 505 1870; x_wconf 88' lang='lat' dir='ltr'>locum,</span> <span class='ocrx_word' id='word_1_317' title='bbox 525 1832 569 1860; x_wconf 93' lang='lat' dir='ltr'>ut</span> <span class='ocrx_word' id='word_1_318' title='bbox 590 1831 628 1859; x_wconf 91' lang='lat' dir='ltr'>et</span> <span class='ocrx_word' id='word_1_319' title='bbox 652 1830 779 1859; x_wconf 72' lang='lat' dir='ltr'>vestra</span> <span class='ocrx_word' id='word_1_320' title='bbox 806 1821 972 1859; x_wconf 79' lang='lat' dir='ltr'>Devotio</span> <span class='ocrx_word' id='word_1_321' title='bbox 996 1835 1084 1871; x_wconf 80' lang='lat' dir='ltr'>gra·</span> <span class='ocrx_word' id='word_1_322' title='bbox 1103 1820 1130 1856; x_wconf 93' lang='lat' dir='ltr'>C</span> <span class='ocrx_word' id='word_1_323' title='bbox 1151 1823 1231 1852; x_wconf 84' lang='lat' dir='ltr'>stro</span> <span class='ocrx_word' id='word_1_324' title='bbox 1263 1815 1387 1853; x_wconf 89' lang='lat' dir='ltr'>eidem</span> <span class='ocrx_word' id='word_1_325' title='bbox 1421 1816 1588 1853; x_wconf 71' lang='lat' dir='ltr'>ecclesiae</span> <span class='ocrx_word' id='word_1_326' title='bbox 1616 1815 1816 1852; x_wconf 86' lang='lat' dir='ltr'>concessit.</span> <span class='ocrx_word' id='word_1_327' title='bbox 1842 1814 1947 1852; x_wconf 87' lang='lat' dir='ltr'>Idem</span> <span class='ocrx_word' id='word_1_328' title='bbox 1975 1814 2027 1852; x_wconf 90' lang='lat' dir='ltr'>sic</span> <span class='ocrx_word' id='word_1_329' title='bbox 2048 1813 2164 1850; x_wconf 87' lang='lat' dir='ltr'>sensit</span> 
     </span>
    </p>
   </div>
   <div class='ocr_carea' id='block_1_14' title="bbox 71 1883 1002 1934">
    <p class='ocr_par' dir='ltr' id='par_1_14' title="bbox 71 1883 1002 1934">
     <span class='ocr_line' id='line_1_50' title="bbox 71 1883 1002 1934; baseline -0.005 -11"><span class='ocrx_word' id='word_1_330' title='bbox 71 1885 223 1932; x_wconf 80' lang='lat' dir='ltr'>tuletur,</span> <span class='ocrx_word' id='word_1_331' title='bbox 239 1893 277 1922; x_wconf 86' lang='lat' dir='ltr'>et</span> <span class='ocrx_word' id='word_1_332' title='bbox 294 1888 399 1923; x_wconf 91' lang='lat' dir='ltr'>Deus</span> <span class='ocrx_word' id='word_1_333' title='bbox 416 1884 652 1934; x_wconf 83' lang='lat' dir='ltr'>glorificetur</span> <span class='ocrx_word' id='word_1_334' title='bbox 668 1883 707 1920; x_wconf 91' lang='lat' dir='ltr'>in</span> <span class='ocrx_word' id='word_1_335' title='bbox 725 1895 844 1933; x_wconf 88' lang='lat' dir='ltr'>opere</span> <span class='ocrx_word' id='word_1_336' title='bbox 861 1890 1002 1919; x_wconf 83' lang='lat' dir='ltr'>vestro.</span> 
     </span>
    </p>
   </div>
   <div class='ocr_carea' id='block_1_15' title="bbox 69 2022 1069 2035">
    <p class='ocr_par' dir='ltr' id='par_1_15' title="bbox 69 2022 1069 2035">
     <span class='ocr_line' id='line_1_51' title="bbox 69 2022 1069 2035; baseline -0.005 0"><span class='ocrx_word' id='word_1_337' title='bbox 69 2022 923 2035; x_wconf 51' lang='lat' dir='ltr'>uun-snut§ns-s=====t==v==s=====s=a=s======x»=-==.mv=uns====</span> <span class='ocrx_word' id='word_1_338' title='bbox 929 2022 966 2031; x_wconf 66' lang='grc' dir='ltr'>ιιι</span> <span class='ocrx_word' id='word_1_339' title='bbox 972 2022 994 2030; x_wconf 74' lang='grc' dir='ltr'>ιι</span> <span class='ocrx_word' id='word_1_340' title='bbox 1000 2022 1053 2031; x_wconf 43' lang='grc' dir='ltr'>ιιι*</span> <span class='ocrx_word' id='word_1_341' title='bbox 1059 2022 1069 2030; x_wconf 64' lang='grc' dir='ltr'>ι</span> 
     </span>
    </p>
   </div>
   <div class='ocr_carea' id='block_1_16' title="bbox 240 2121 906 2167">
    <p class='ocr_par' dir='ltr' id='par_1_16' title="bbox 240 2121 906 2167">
     <span class='ocr_line' id='line_1_52' title="bbox 240 2121 906 2167; baseline -0.011 0"><span class='ocrx_word' id='word_1_342' title='bbox 240 2129 589 2167; x_wconf 61' lang='lat' dir='ltr'><strong>FRAGMENTUM</strong></span> <span class='ocrx_word' id='word_1_343' title='bbox 619 2127 872 2163; x_wconf 78' lang='lat' dir='ltr'><strong>EPISTOLAE</strong></span> <span class='ocrx_word' id='word_1_344' title='bbox 889 2121 906 2145; x_wconf 80' lang='lat'>‘¹</span> 
     </span>
    </p>
   </div>
   <div class='ocr_carea' id='block_1_17' title="bbox 149 2255 971 2283">
    <p class='ocr_par' dir='ltr' id='par_1_17' title="bbox 149 2255 971 2283">
     <span class='ocr_line' id='line_1_53' title="bbox 149 2255 971 2283; baseline -0.006 0"><span class='ocrx_word' id='word_1_345' title='bbox 149 2259 195 2282; x_wconf 74' lang='lat' dir='ltr'>An</span> <span class='ocrx_word' id='word_1_346' title='bbox 211 2259 402 2283; x_wconf 62' lang='lat' dir='ltr'>NICOLAUM</span> <span class='ocrx_word' id='word_1_347' title='bbox 424 2257 725 2281; x_wconf 63' lang='lat' dir='ltr'>CAMERACENSEM</span> <span class='ocrx_word' id='word_1_348' title='bbox 747 2255 971 2279; x_wconf 65' lang='lat' dir='ltr'><strong>EPISCOPUM.</strong></span> 
     </span>
    </p>
   </div>
   <div class='ocr_carea' id='block_1_18' title="bbox 69 2365 1078 2588">
    <p class='ocr_par' dir='ltr' id='par_1_18' title="bbox 69 2365 1078 2588">
     <span class='ocr_line' id='line_1_54' title="bbox 69 2365 1078 2414; baseline -0.005 -9"><span class='ocrx_word' id='word_1_349' title='bbox 69 2366 283 2406; x_wconf 83' lang='lat' dir='ltr'>Venerabili</span> <span class='ocrx_word' id='word_1_350' title='bbox 311 2366 472 2404; x_wconf 89' lang='lat' dir='ltr'>domino</span> <span class='ocrx_word' id='word_1_351' title='bbox 494 2374 532 2404; x_wconf 89' lang='lat' dir='ltr'>et</span> <span class='ocrx_word' id='word_1_352' title='bbox 552 2365 773 2403; x_wconf 84' lang='lat' dir='ltr'>charissimo</span> <span class='ocrx_word' id='word_1_353' title='bbox 795 2365 895 2414; x_wconf 86' lang='lat' dir='ltr'>patri</span> <span class='ocrx_word' id='word_1_354' title='bbox 919 2366 962 2401; x_wconf 68' lang='lat' dir='ltr'>N.</span> <span class='ocrx_word' id='word_1_355' title='bbox 977 2370 991 2385; x_wconf 75' lang='lat'>‘³</span> <span class='ocrx_word' id='word_1_356' title='bbox 1009 2365 1078 2400; x_wconf 84' lang='lat' dir='ltr'>Ca-</span> 
     </span>
     <span class='ocr_line' id='line_1_55' title="bbox 122 2426 1078 2479; baseline -0.005 -13"><span class='ocrx_word' id='word_1_357' title='bbox 122 2428 329 2466; x_wconf 86' lang='lat' dir='ltr'>meracensi</span> <span class='ocrx_word' id='word_1_358' title='bbox 348 2428 533 2479; x_wconf 89' lang='lat' dir='ltr'>episcopo</span> <span class='ocrx_word' id='word_1_359' title='bbox 547 2457 557 2474; x_wconf 92' lang='lat'>‚</span> <span class='ocrx_word' id='word_1_360' title='bbox 573 2431 807 2465; x_wconf 55' lang='lat' dir='ltr'>Buttmann-s</span> <span class='ocrx_word' id='word_1_361' title='bbox 822 2426 1078 2463; x_wconf 58' lang='lat' dir='ltr'>Clarae-Vallis</span> 
     </span>
     <span class='ocr_line' id='line_1_56' title="bbox 119 2487 1078 2541; baseline -0.004 -14"><span class='ocrx_word' id='word_1_362' title='bbox 119 2498 276 2528; x_wconf 82' lang='lat' dir='ltr'>vocatus</span> <span class='ocrx_word' id='word_1_363' title='bbox 291 2489 428 2536; x_wconf 77' lang='lat' dir='ltr'>abbas,</span> <span class='ocrx_word' id='word_1_364' title='bbox 447 2489 654 2541; x_wconf 85' lang='lat' dir='ltr'>providere</span> <span class='ocrx_word' id='word_1_365' title='bbox 671 2487 775 2525; x_wconf 88' lang='lat' dir='ltr'>bona</span> <span class='ocrx_word' id='word_1_366' title='bbox 791 2500 920 2524; x_wconf 86' lang='lat' dir='ltr'>coram</span> <span class='ocrx_word' id='word_1_367' title='bbox 942 2490 1022 2524; x_wconf 90' lang='lat' dir='ltr'>Deo</span> <span class='ocrx_word' id='word_1_368' title='bbox 1040 2495 1078 2523; x_wconf 88' lang='lat' dir='ltr'>et</span> 
     </span>
     <span class='ocr_line' id='line_1_57' title="bbox 120 2549 354 2588; baseline 0.004 -1"><span class='ocrx_word' id='word_1_369' title='bbox 120 2549 354 2588; x_wconf 88' lang='lat' dir='ltr'>hominibus.</span> 
     </span>
    </p>
   </div>
   <div class='ocr_carea' id='block_1_19' title="bbox 121 2666 1083 2716">
    <p class='ocr_par' dir='ltr' id='par_1_19' title="bbox 121 2666 1083 2716">
     <span class='ocr_line' id='line_1_58' title="bbox 121 2666 1083 2716; baseline -0.002 -13"><span class='ocrx_word' id='word_1_370' title='bbox 121 2668 164 2703; x_wconf 87' lang='lat' dir='ltr'>In</span> <span class='ocrx_word' id='word_1_371' title='bbox 181 2666 345 2704; x_wconf 86' lang='lat' dir='ltr'>amicitia</span> <span class='ocrx_word' id='word_1_372' title='bbox 359 2667 480 2704; x_wconf 87' lang='lat' dir='ltr'>veteri</span> <span class='ocrx_word' id='word_1_373' title='bbox 498 2680 640 2704; x_wconf 74' lang='lat' dir='ltr'>novum</span> <span class='ocrx_word' id='word_1_374' title='bbox 659 2666 867 2716; x_wconf 83' lang='lat' dir='ltr'>quaerimus</span> <span class='ocrx_word' id='word_1_375' title='bbox 883 2679 1083 2715; x_wconf 75' lang='lat' dir='ltr'>argumen-</span> 
     </span>
    </p>
   </div>
   <div class='ocr_carea' id='block_1_20' title="bbox 1151 1875 1793 1927">
    <p class='ocr_par' dir='ltr' id='par_1_20' title="bbox 1151 1875 1793 1927">
     <span class='ocr_line' id='line_1_59' title="bbox 1151 1875 1793 1927; baseline -0.003 -13"><span class='ocrx_word' id='word_1_376' title='bbox 1151 1876 1283 1914; x_wconf 88' lang='lat' dir='ltr'>Simon</span> <span class='ocrx_word' id='word_1_377' title='bbox 1302 1876 1507 1927; x_wconf 87' lang='lat' dir='ltr'>episcopus</span> <span class='ocrx_word' id='word_1_378' title='bbox 1527 1879 1724 1912; x_wconf 84' lang='lat' dir='ltr'>Tornacen</span> <span class='ocrx_word' id='word_1_379' title='bbox 1731 1875 1793 1912; x_wconf 90' lang='lat' dir='ltr'>sis.</span> 
     </span>
    </p>
   </div>
   <div class='ocr_carea' id='block_1_21' title="bbox 1409 2002 1901 2043">
    <p class='ocr_par' dir='ltr' id='par_1_21' title="bbox 1409 2002 1901 2043">
     <span class='ocr_line' id='line_1_60' title="bbox 1409 2002 1901 2043; baseline 0 -1"><span class='ocrx_word' id='word_1_380' title='bbox 1409 2007 1636 2043; x_wconf 85' lang='lat' dir='ltr'>EJUSDEM</span> <span class='ocrx_word' id='word_1_381' title='bbox 1666 2007 1867 2042; x_wconf 79' lang='lat' dir='ltr'><strong>CHARTA</strong></span> <span class='ocrx_word' id='word_1_382' title='bbox 1882 2002 1901 2029; x_wconf 67' lang='lat'>¹²</span> 
     </span>
    </p>
   </div>
   <div class='ocr_carea' id='block_1_22' title="bbox 1203 2125 2108 2151">
    <p class='ocr_par' dir='ltr' id='par_1_22' title="bbox 1203 2125 2108 2151">
     <span class='ocr_line' id='line_1_61' title="bbox 1203 2125 2108 2151; baseline -0.001 -2"><span class='ocrx_word' id='word_1_383' title='bbox 1203 2127 1275 2150; x_wconf 86' lang='lat' dir='ltr'>PRO</span> <span class='ocrx_word' id='word_1_384' title='bbox 1293 2127 1522 2151; x_wconf 79' lang='lat' dir='ltr'><strong>LUXOVIE‘NSI</strong></span> <span class='ocrx_word' id='word_1_385' title='bbox 1537 2127 1584 2150; x_wconf 77' lang='lat' dir='ltr'>ET</span> <span class='ocrx_word' id='word_1_386' title='bbox 1599 2127 1831 2150; x_wconf 68' lang='lat' dir='ltr'>SANCTt-APRI</span> <span class='ocrx_word' id='word_1_387' title='bbox 1848 2125 2108 2149; x_wconf 75' lang='lat' dir='ltr'>MONASTERuS.</span> 
     </span>
    </p>
   </div>
   <div class='ocr_carea' id='block_1_23' title="bbox 1148 2233 2163 2346">
    <p class='ocr_par' dir='ltr' id='par_1_23' title="bbox 1148 2233 2163 2346">
     <span class='ocr_line' id='line_1_62' title="bbox 1148 2233 2163 2286; baseline -0.002 -14"><span class='ocrx_word' id='word_1_388' title='bbox 1148 2239 1237 2272; x_wconf 80' lang='lat' dir='ltr'>Haec</span> <span class='ocrx_word' id='word_1_389' title='bbox 1249 2244 1306 2272; x_wconf 89' lang='lat' dir='ltr'>est</span> <span class='ocrx_word' id='word_1_390' title='bbox 1319 2237 1548 2286; x_wconf 89' lang='lat' dir='ltr'>compositio</span> <span class='ocrx_word' id='word_1_391' title='bbox 1567 2236 1668 2273; x_wconf 88' lang='lat' dir='ltr'>inter</span> <span class='ocrx_word' id='word_1_392' title='bbox 1683 2236 1964 2273; x_wconf 79' lang='lat' dir='ltr'>Luxoviensem</span> <span class='ocrx_word' id='word_1_393' title='bbox 1977 2242 2013 2271; x_wconf 93' lang='lat' dir='ltr'>et</span> <span class='ocrx_word' id='word_1_394' title='bbox 2022 2233 2163 2272; x_wconf 87' lang='lat' dir='ltr'>Sancti-</span> 
     </span>
     <span class='ocr_line' id='line_1_63' title="bbox 1199 2294 2106 2346; baseline -0.003 -13"><span class='ocrx_word' id='word_1_395' title='bbox 1199 2295 1295 2346; x_wconf 85' lang='lat' dir='ltr'>Apri</span> <span class='ocrx_word' id='word_1_396' title='bbox 1314 2294 1490 2344; x_wconf 86' lang='lat' dir='ltr'>abbates,</span> <span class='ocrx_word' id='word_1_397' title='bbox 1513 2296 1560 2333; x_wconf 91' lang='lat' dir='ltr'>de</span> <span class='ocrx_word' id='word_1_398' title='bbox 1579 2296 1737 2334; x_wconf 84' lang='lat' dir='ltr'>ecclesia</span> <span class='ocrx_word' id='word_1_399' title='bbox 1766 2294 2106 2336; x_wconf 83' lang='lat' dir='ltr'>Galdonis-Curtis.</span> 
     </span>
    </p>
   </div>
   <div class='ocr_carea' id='block_1_24' title="bbox 1143 2421 2163 2593">
    <p class='ocr_par' dir='ltr' id='par_1_24' title="bbox 1143 2421 2163 2593">
     <span class='ocr_line' id='line_1_64' title="bbox 1200 2421 2162 2472; baseline -0.001 -14"><span class='ocrx_word' id='word_1_400' title='bbox 1200 2425 1280 2472; x_wconf 81' lang='lat' dir='ltr'>Ego</span> <span class='ocrx_word' id='word_1_401' title='bbox 1309 2422 1526 2460; x_wconf 84' lang='lat' dir='ltr'>Bernardus</span> <span class='ocrx_word' id='word_1_402' title='bbox 1553 2423 1811 2460; x_wconf 76' lang='lat' dir='ltr'>Clarae—Vallis</span> <span class='ocrx_word' id='word_1_403' title='bbox 1838 2430 1996 2459; x_wconf 86' lang='lat' dir='ltr'>vocatus</span> <span class='ocrx_word' id='word_1_404' title='bbox 2025 2421 2162 2469; x_wconf 88' lang='lat' dir='ltr'>abbas,</span> 
     </span>
     <span class='ocr_line' id='line_1_65' title="bbox 1147 2482 2163 2534; baseline 0 -16"><span class='ocrx_word' id='word_1_405' title='bbox 1147 2482 1206 2518; x_wconf 88' lang='lat' dir='ltr'>cui</span> <span class='ocrx_word' id='word_1_406' title='bbox 1216 2482 1395 2520; x_wconf 88' lang='lat' dir='ltr'>dominus</span> <span class='ocrx_word' id='word_1_407' title='bbox 1409 2484 1527 2534; x_wconf 80' lang='lat' dir='ltr'>Papai</span> <span class='ocrx_word' id='word_1_408' title='bbox 1543 2497 1692 2520; x_wconf 81' lang='lat' dir='ltr'>causam</span> <span class='ocrx_word' id='word_1_409' title='bbox 1704 2482 1956 2521; x_wconf 80' lang='lat' dir='ltr'>Luxoviensis</span> <span class='ocrx_word' id='word_1_410' title='bbox 1969 2490 2006 2518; x_wconf 92' lang='lat' dir='ltr'>et</span> <span class='ocrx_word' id='word_1_411' title='bbox 2019 2483 2163 2519; x_wconf 87' lang='lat' dir='ltr'>Sancti-</span> 
     </span>
     <span class='ocr_line' id='line_1_66' title="bbox 1143 2541 2153 2593; baseline -0.003 -11"><span class='ocrx_word' id='word_1_412' title='bbox 1143 2544 1238 2593; x_wconf 86' lang='lat' dir='ltr'>Apri</span> <span class='ocrx_word' id='word_1_413' title='bbox 1268 2543 1450 2581; x_wconf 85' lang='lat' dir='ltr'>abbatum</span> <span class='ocrx_word' id='word_1_414' title='bbox 1479 2545 1669 2582; x_wconf 86' lang='lat' dir='ltr'>commisit</span> <span class='ocrx_word' id='word_1_415' title='bbox 1695 2543 1945 2582; x_wconf 90' lang='lat' dir='ltr'>decidendam</span> <span class='ocrx_word' id='word_1_416' title='bbox 1963 2541 1994 2588; x_wconf 67' lang='lat'>¹³,</span> <span class='ocrx_word' id='word_1_417' title='bbox 2028 2542 2153 2579; x_wconf 89' lang='lat' dir='ltr'>eidem</span> 
     </span>
    </p>
   </div>
   <div class='ocr_carea' id='block_1_25' title="bbox 1094 2603 2160 2655">
    <p class='ocr_par' dir='ltr' id='par_1_25' title="bbox 1094 2603 2160 2655">
     <span class='ocr_line' id='line_1_67' title="bbox 1094 2603 2160 2655; baseline -0.002 -14"><span class='ocrx_word' id='word_1_418' title='bbox 1094 2614 1127 2647; x_wconf 91' lang='lat' dir='ltr'>D</span> <span class='ocrx_word' id='word_1_419' title='bbox 1145 2618 1267 2641; x_wconf 84' lang='lat' dir='ltr'>causae</span> <span class='ocrx_word' id='word_1_420' title='bbox 1281 2618 1350 2655; x_wconf 87' lang='lat' dir='ltr'>per</span> <span class='ocrx_word' id='word_1_421' title='bbox 1363 2605 1608 2642; x_wconf 85' lang='lat' dir='ltr'>concordiam</span> <span class='ocrx_word' id='word_1_422' title='bbox 1622 2606 1694 2642; x_wconf 87' lang='lat' dir='ltr'>hoc</span> <span class='ocrx_word' id='word_1_423' title='bbox 1711 2605 1826 2642; x_wconf 91' lang='lat' dir='ltr'>modo</span> <span class='ocrx_word' id='word_1_424' title='bbox 1845 2606 1956 2641; x_wconf 88' lang='lat' dir='ltr'>finem</span> <span class='ocrx_word' id='word_1_425' title='bbox 1975 2603 2026 2639; x_wconf 86' lang='lat' dir='ltr'>im</span> <span class='ocrx_word' id='word_1_426' title='bbox 2035 2603 2160 2654; x_wconf 89' lang='lat' dir='ltr'>posui.</span> 
     </span>
    </p>
   </div>
   <div class='ocr_carea' id='block_1_26' title="bbox 1150 2664 2162 2716">
    <p class='ocr_par' dir='ltr' id='par_1_26' title="bbox 1150 2664 2162 2716">
     <span class='ocr_line' id='line_1_68' title="bbox 1150 2664 2162 2716; baseline -0.002 -14"><span class='ocrx_word' id='word_1_427' title='bbox 1150 2669 1340 2703; x_wconf 84' lang='lat' dir='ltr'>Statutum</span> <span class='ocrx_word' id='word_1_428' title='bbox 1367 2674 1423 2703; x_wconf 91' lang='lat' dir='ltr'>est</span> <span class='ocrx_word' id='word_1_429' title='bbox 1450 2675 1490 2704; x_wconf 88' lang='lat' dir='ltr'>ut</span> <span class='ocrx_word' id='word_1_430' title='bbox 1508 2667 1562 2703; x_wconf 90' lang='lat' dir='ltr'>illi</span> <span class='ocrx_word' id='word_1_431' title='bbox 1585 2666 1632 2704; x_wconf 90' lang='lat' dir='ltr'>de</span> <span class='ocrx_word' id='word_1_432' title='bbox 1655 2670 1920 2716; x_wconf 82' lang='lat' dir='ltr'>Sancto-Apro</span> <span class='ocrx_word' id='word_1_433' title='bbox 1941 2664 2162 2701; x_wconf 78' lang='lat' dir='ltr'>universam</span> 
     </span>
    </p>
   </div>
   <div class='ocr_carea' id='block_1_27' title="bbox 71 2814 2161 3021">
    <p class='ocr_par' dir='ltr' id='par_1_27' title="bbox 71 2814 2161 2913">
     <span class='ocr_line' id='line_1_69' title="bbox 115 2814 2161 2859; baseline 0 -13"><span class='ocrx_word' id='word_1_434' title='bbox 115 2817 130 2832; x_wconf 73' lang='lat'>²</span> <span class='ocrx_word' id='word_1_435' title='bbox 147 2816 262 2848; x_wconf 80' lang='lat' dir='ltr'>Fratris</span> <span class='ocrx_word' id='word_1_436' title='bbox 274 2818 307 2848; x_wconf 90' lang='lat' dir='ltr'>S.</span> <span class='ocrx_word' id='word_1_437' title='bbox 322 2816 476 2848; x_wconf 71' lang='lat' dir='ltr'>Bet-nardi</span> <span class='ocrx_word' id='word_1_438' title='bbox 489 2821 565 2847; x_wconf 85' lang='lat' dir='ltr'>natu</span> <span class='ocrx_word' id='word_1_439' title='bbox 583 2816 723 2852; x_wconf 89' lang='lat' dir='ltr'>minimi,</span> <span class='ocrx_word' id='word_1_440' title='bbox 740 2815 794 2857; x_wconf 86' lang='lat' dir='ltr'>qui</span> <span class='ocrx_word' id='word_1_441' title='bbox 818 2814 978 2857; x_wconf 71' lang='lat' dir='ltr'>spinensis</span> <span class='ocrx_word' id='word_1_442' title='bbox 1000 2814 1181 2845; x_wconf 77' lang='lat' dir='ltr'>monasterii</span> <span class='ocrx_word' id='word_1_443' title='bbox 1201 2815 1232 2845; x_wconf 89' lang='lat' dir='ltr'>in</span> <span class='ocrx_word' id='word_1_444' title='bbox 1256 2814 1383 2846; x_wconf 68' lang='lat' dir='ltr'>difficesi</span> <span class='ocrx_word' id='word_1_445' title='bbox 1401 2817 1564 2848; x_wconf 85' lang='lat' dir='ltr'>Palentina</span> <span class='ocrx_word' id='word_1_446' title='bbox 1576 2842 1583 2855; x_wconf 92' lang='lat'>‚</span> <span class='ocrx_word' id='word_1_447' title='bbox 1608 2828 1669 2859; x_wconf 88' lang='lat' dir='ltr'>quo</span> <span class='ocrx_word' id='word_1_448' title='bbox 1683 2817 1794 2848; x_wconf 88' lang='lat' dir='ltr'>missus</span> <span class='ocrx_word' id='word_1_449' title='bbox 1807 2822 1874 2848; x_wconf 89' lang='lat' dir='ltr'>erat</span> <span class='ocrx_word' id='word_1_450' title='bbox 1890 2827 1961 2847; x_wconf 90' lang='lat' dir='ltr'>cum</span> <span class='ocrx_word' id='word_1_451' title='bbox 1975 2815 2161 2858; x_wconf 84' lang='lat' dir='ltr'>quibusdam</span> 
     </span>
     <span class='ocr_line' id='line_1_70' title="bbox 71 2868 2017 2913; baseline -0.001 -11"><span class='ocrx_word' id='word_1_452' title='bbox 71 2868 178 2909; x_wconf 64' lang='lat' dir='ltr'>sociis,</span> <span class='ocrx_word' id='word_1_453' title='bbox 196 2869 294 2902; x_wconf 76' lang='lat' dir='ltr'>abbas</span> <span class='ocrx_word' id='word_1_454' title='bbox 306 2870 401 2903; x_wconf 81' lang='lat' dir='ltr'>fuisse</span> <span class='ocrx_word' id='word_1_455' title='bbox 415 2870 610 2913; x_wconf 80' lang='lat' dir='ltr'>perhibetur.</span> <span class='ocrx_word' id='word_1_456' title='bbox 626 2874 675 2903; x_wconf 88' lang='lat' dir='ltr'>De</span> <span class='ocrx_word' id='word_1_457' title='bbox 690 2869 831 2902; x_wconf 69' lang='lat' dir='ltr'>Nivardo</span> <span class='ocrx_word' id='word_1_458' title='bbox 846 2869 877 2900; x_wconf 92' lang='lat' dir='ltr'>in</span> <span class='ocrx_word' id='word_1_459' title='bbox 892 2868 1032 2911; x_wconf 88' lang='lat' dir='ltr'>epistolis</span> <span class='ocrx_word' id='word_1_460' title='bbox 1050 2871 1111 2900; x_wconf 83' lang='lat'>301</span> <span class='ocrx_word' id='word_1_461' title='bbox 1123 2893 1130 2906; x_wconf 93' lang='lat'>,</span> <span class='ocrx_word' id='word_1_462' title='bbox 1149 2871 1214 2900; x_wconf 78' lang='lat'>373</span> <span class='ocrx_word' id='word_1_463' title='bbox 1228 2880 1235 2906; x_wconf 88' lang='grc'>;</span> <span class='ocrx_word' id='word_1_464' title='bbox 1253 2868 1292 2899; x_wconf 83' lang='lat' dir='ltr'>de</span> <span class='ocrx_word' id='word_1_465' title='bbox 1305 2868 1358 2900; x_wconf 88' lang='lat' dir='ltr'>illo</span> <span class='ocrx_word' id='word_1_466' title='bbox 1373 2870 1466 2900; x_wconf 83' lang='lat' dir='ltr'>etiam</span> <span class='ocrx_word' id='word_1_467' title='bbox 1482 2882 1545 2901; x_wconf 87' lang='lat' dir='ltr'>non</span> <span class='ocrx_word' id='word_1_468' title='bbox 1560 2870 1654 2902; x_wconf 86' lang='lat' dir='ltr'>semel</span> <span class='ocrx_word' id='word_1_469' title='bbox 1669 2871 1702 2901; x_wconf 87' lang='lat' dir='ltr'>in</span> <span class='ocrx_word' id='word_1_470' title='bbox 1715 2871 1792 2901; x_wconf 77' lang='lat' dir='ltr'>Vita</span> <span class='ocrx_word' id='word_1_471' title='bbox 1806 2872 1837 2901; x_wconf 94' lang='lat' dir='ltr'>S.</span> <span class='ocrx_word' id='word_1_472' title='bbox 1853 2868 2017 2901; x_wconf 86' lang='lat' dir='ltr'>Bernardi.</span> 
     </span>
    </p>

    <p class='ocr_par' dir='ltr' id='par_1_28' title="bbox 71 2922 2158 3021">
     <span class='ocr_line' id='line_1_71' title="bbox 116 2922 2158 2965; baseline -0.001 -9"><span class='ocrx_word' id='word_1_473' title='bbox 116 2923 133 2944; x_wconf 54' lang='grc' dir='ltr'>ὴ</span> <span class='ocrx_word' id='word_1_474' title='bbox 156 2925 216 2956; x_wconf 87' lang='lat' dir='ltr'>Seu</span> <span class='ocrx_word' id='word_1_475' title='bbox 241 2924 281 2956; x_wconf 85' lang='lat' dir='ltr'>de</span> <span class='ocrx_word' id='word_1_476' title='bbox 299 2925 492 2957; x_wconf 84' lang='lat' dir='ltr'>Carracceda</span> <span class='ocrx_word' id='word_1_477' title='bbox 510 2925 640 2956; x_wconf 89' lang='lat' dir='ltr'>Ordinis</span> <span class='ocrx_word' id='word_1_478' title='bbox 659 2927 690 2957; x_wconf 89' lang='lat' dir='ltr'>S.</span> <span class='ocrx_word' id='word_1_479' title='bbox 712 2922 873 2955; x_wconf 84' lang='lat' dir='ltr'>Benedicti</span> <span class='ocrx_word' id='word_1_480' title='bbox 890 2922 922 2953; x_wconf 92' lang='lat' dir='ltr'>in</span> <span class='ocrx_word' id='word_1_481' title='bbox 947 2922 1073 2953; x_wconf 85' lang='lat' dir='ltr'>dioecesi</span> <span class='ocrx_word' id='word_1_482' title='bbox 1098 2922 1311 2961; x_wconf 67' lang='lat' dir='ltr'>Asuu-iceffii,</span> <span class='ocrx_word' id='word_1_483' title='bbox 1334 2923 1419 2965; x_wconf 87' lang='lat' dir='ltr'>quod</span> <span class='ocrx_word' id='word_1_484' title='bbox 1444 2925 1690 2964; x_wconf 86' lang='lat' dir='ltr'>monasterium,</span> <span class='ocrx_word' id='word_1_485' title='bbox 1714 2924 1797 2956; x_wconf 83' lang='lat' dir='ltr'>circa</span> <span class='ocrx_word' id='word_1_486' title='bbox 1821 2935 1938 2956; x_wconf 85' lang='lat' dir='ltr'>annum</span> <span class='ocrx_word' id='word_1_487' title='bbox 1956 2926 2024 2956; x_wconf 83' lang='lat'>990</span> <span class='ocrx_word' id='word_1_488' title='bbox 2051 2934 2069 2954; x_wconf 88' lang='lat' dir='ltr'>a</span> <span class='ocrx_word' id='word_1_489' title='bbox 2086 2925 2158 2954; x_wconf 80' lang='lat' dir='ltr'>Ber-</span> 
     </span>
     <span class='ocr_line' id='line_1_72' title="bbox 71 2975 1470 3021; baseline 0 -13"><span class='ocrx_word' id='word_1_490' title='bbox 71 2977 186 3009; x_wconf 87' lang='lat' dir='ltr'>mundo</span> <span class='ocrx_word' id='word_1_491' title='bbox 201 2989 272 3021; x_wconf 75' lang='lat' dir='ltr'>rege</span> <span class='ocrx_word' id='word_1_492' title='bbox 286 2978 469 3016; x_wconf 84' lang='lat' dir='ltr'>fundatum,</span> <span class='ocrx_word' id='word_1_493' title='bbox 489 2978 745 3011; x_wconf 80' lang='lat' dir='ltr'>Cisterciensibus</span> <span class='ocrx_word' id='word_1_494' title='bbox 768 2975 896 3008; x_wconf 69' lang='lat' dir='ltr'>donavit</span> <span class='ocrx_word' id='word_1_495' title='bbox 915 2976 1063 3007; x_wconf 76' lang='lat' dir='ltr'>Alfonsus</span> <span class='ocrx_word' id='word_1_496' title='bbox 1081 2978 1144 3006; x_wconf 92' lang='lat' dir='ltr'>VII</span> <span class='ocrx_word' id='word_1_497' title='bbox 1163 2986 1217 3006; x_wconf 80' lang='lat' dir='ltr'>rex</span> <span class='ocrx_word' id='word_1_498' title='bbox 1235 2975 1470 3018; x_wconf 82' lang='lat' dir='ltr'>Hispaniarum.</span> 
     </span>
    </p>
   </div>
   <div class='ocr_carea' id='block_1_28' title="bbox 115 3032 520 3063">
    <p class='ocr_par' dir='ltr' id='par_1_29' title="bbox 115 3032 520 3063">
     <span class='ocr_line' id='line_1_73' title="bbox 115 3032 520 3063; baseline 0.005 -2"><span class='ocrx_word' id='word_1_499' title='bbox 115 3035 130 3050; x_wconf 75' lang='lat'><strong>⁰</strong></span> <span class='ocrx_word' id='word_1_500' title='bbox 146 3033 287 3063; x_wconf 76' lang='lat' dir='ltr'>Fortasse</span> <span class='ocrx_word' id='word_1_501' title='bbox 305 3032 520 3063; x_wconf 77' lang='lat' dir='ltr'>Zamorensis.</span> 
     </span>
    </p>
   </div>
   <div class='ocr_carea' id='block_1_29' title="bbox 115 3083 1516 3129">
    <p class='ocr_par' dir='ltr' id='par_1_30' title="bbox 115 3083 1516 3129">
     <span class='ocr_line' id='line_1_74' title="bbox 115 3083 1516 3129; baseline 0 -13"><span class='ocrx_word' id='word_1_502' title='bbox 115 3083 132 3104; x_wconf 73' lang='lat'><strong>⁴</strong></span> <span class='ocrx_word' id='word_1_503' title='bbox 156 3085 292 3127; x_wconf 79' lang='lat' dir='ltr'>Epistola</span> <span class='ocrx_word' id='word_1_504' title='bbox 305 3097 390 3118; x_wconf 73' lang='lat' dir='ltr'>nova</span> <span class='ocrx_word' id='word_1_505' title='bbox 401 3111 409 3125; x_wconf 94' lang='lat'>‚</span> <span class='ocrx_word' id='word_1_506' title='bbox 430 3098 470 3118; x_wconf 74' lang='lat' dir='ltr'>ex</span> <span class='ocrx_word' id='word_1_507' title='bbox 485 3087 699 3129; x_wconf 85' lang='lat' dir='ltr'>manuscripto</span> <span class='ocrx_word' id='word_1_508' title='bbox 716 3085 824 3117; x_wconf 88' lang='lat' dir='ltr'>codice</span> <span class='ocrx_word' id='word_1_509' title='bbox 840 3084 974 3115; x_wconf 75' lang='lat' dir='ltr'>abbatia·</span> <span class='ocrx_word' id='word_1_510' title='bbox 990 3083 1253 3125; x_wconf 81' lang='lat' dir='ltr'>Sancti-Sepulcri</span> <span class='ocrx_word' id='word_1_511' title='bbox 1272 3084 1516 3117; x_wconf 82' lang='lat' dir='ltr'>Cameracensis.</span> 
     </span>
    </p>
   </div>
   <div class='ocr_carea' id='block_1_30' title="bbox 114 3137 927 3236">
    <p class='ocr_par' dir='ltr' id='par_1_31' title="bbox 114 3137 927 3236">
     <span class='ocr_line' id='line_1_75' title="bbox 114 3137 911 3182; baseline -0.001 -13"><span class='ocrx_word' id='word_1_512' title='bbox 114 3142 129 3158; x_wconf 58' lang='grc' dir='ltr'>θ</span> <span class='ocrx_word' id='word_1_513' title='bbox 148 3137 279 3170; x_wconf 76' lang='lat' dir='ltr'>Nioolao</span> <span class='ocrx_word' id='word_1_514' title='bbox 298 3139 338 3172; x_wconf 83' lang='lat' dir='ltr'>de</span> <span class='ocrx_word' id='word_1_515' title='bbox 353 3139 502 3172; x_wconf 77' lang='lat' dir='ltr'>Chievres</span> <span class='ocrx_word' id='word_1_516' title='bbox 513 3165 521 3178; x_wconf 89' lang='lat'>‚</span> <span class='ocrx_word' id='word_1_517' title='bbox 544 3141 584 3172; x_wconf 83' lang='lat' dir='ltr'>de</span> <span class='ocrx_word' id='word_1_518' title='bbox 599 3151 663 3182; x_wconf 91' lang='lat' dir='ltr'>quo</span> <span class='ocrx_word' id='word_1_519' title='bbox 679 3139 811 3182; x_wconf 88' lang='lat' dir='ltr'>epistola</span> <span class='ocrx_word' id='word_1_520' title='bbox 833 3140 911 3169; x_wconf 66' lang='lat'>214.</span> 
     </span>
     <span class='ocr_line' id='line_1_76' title="bbox 117 3184 927 3236; baseline -0.002 -12"><span class='ocrx_word' id='word_1_521' title='bbox 117 3184 130 3208; x_wconf 65' lang='lat'><em>¹</em></span> <span class='ocrx_word' id='word_1_522' title='bbox 146 3193 267 3225; x_wconf 82' lang='lat' dir='ltr'>Caetera</span> <span class='ocrx_word' id='word_1_523' title='bbox 282 3192 395 3225; x_wconf 84' lang='lat' dir='ltr'>desunt</span> <span class='ocrx_word' id='word_1_524' title='bbox 407 3218 415 3232; x_wconf 92' lang='lat'>‚</span> <span class='ocrx_word' id='word_1_525' title='bbox 433 3205 491 3226; x_wconf 86' lang='lat' dir='ltr'>nec</span> <span class='ocrx_word' id='word_1_526' title='bbox 506 3194 583 3226; x_wconf 87' lang='lat' dir='ltr'>alibi</span> <span class='ocrx_word' id='word_1_527' title='bbox 599 3204 730 3236; x_wconf 86' lang='lat' dir='ltr'>usquam</span> <span class='ocrx_word' id='word_1_528' title='bbox 747 3198 927 3224; x_wconf 79' lang='lat' dir='ltr'>occurrunt.</span> 
     </span>
    </p>
   </div>
   <div class='ocr_carea' id='block_1_31' title="bbox 114 3243 2153 3396">
    <p class='ocr_par' dir='ltr' id='par_1_32' title="bbox 114 3243 2153 3396">
     <span class='ocr_line' id='line_1_77' title="bbox 115 3243 2153 3289; baseline -0.002 -12"><span class='ocrx_word' id='word_1_529' title='bbox 115 3246 131 3269; x_wconf 65' lang='grc' dir='ltr'><strong>Β</strong></span> <span class='ocrx_word' id='word_1_530' title='bbox 145 3247 218 3277; x_wconf 82' lang='lat' dir='ltr'>Erat</span> <span class='ocrx_word' id='word_1_531' title='bbox 230 3252 298 3278; x_wconf 88' lang='lat' dir='ltr'>tum</span> <span class='ocrx_word' id='word_1_532' title='bbox 309 3248 465 3279; x_wconf 74' lang='lat' dir='ltr'>Gosvinus</span> <span class='ocrx_word' id='word_1_533' title='bbox 477 3248 577 3280; x_wconf 85' lang='lat' dir='ltr'>abbas</span> <span class='ocrx_word' id='word_1_534' title='bbox 592 3246 950 3287; x_wconf 79' lang='lat' dir='ltr'>&#39;I&#39;runchiniensisjuxta</span> <span class='ocrx_word' id='word_1_535' title='bbox 964 3243 1153 3276; x_wconf 75' lang='lat' dir='ltr'>Gandavum</span> <span class='ocrx_word' id='word_1_536' title='bbox 1168 3244 1346 3275; x_wconf 84' lang='lat' dir='ltr'>monasterii</span> <span class='ocrx_word' id='word_1_537' title='bbox 1358 3269 1366 3283; x_wconf 88' lang='lat'>,</span> <span class='ocrx_word' id='word_1_538' title='bbox 1387 3256 1425 3276; x_wconf 68' lang='lat' dir='ltr'>ex</span> <span class='ocrx_word' id='word_1_539' title='bbox 1445 3246 1532 3287; x_wconf 79' lang='lat' dir='ltr'>cujus</span> <span class='ocrx_word' id='word_1_540' title='bbox 1546 3247 1741 3289; x_wconf 78' lang='lat' dir='ltr'>autographo</span> <span class='ocrx_word' id='word_1_541' title='bbox 1756 3246 1821 3277; x_wconf 78' lang='lat' dir='ltr'>hac</span> <span class='ocrx_word' id='word_1_542' title='bbox 1836 3245 1982 3277; x_wconf 79' lang='lat' dir='ltr'>schedula</span> <span class='ocrx_word' id='word_1_543' title='bbox 1996 3250 2083 3275; x_wconf 81' lang='lat' dir='ltr'>cruta</span> <span class='ocrx_word' id='word_1_544' title='bbox 2097 3249 2153 3273; x_wconf 71' lang='lat' dir='ltr'>cst.</span> 
     </span>
     <span class='ocr_line' id='line_1_78' title="bbox 115 3290 1611 3343; baseline 0.003 -15"><span class='ocrx_word' id='word_1_545' title='bbox 115 3290 130 3313; x_wconf 82' lang='lat'>¹²</span> <span class='ocrx_word' id='word_1_546' title='bbox 147 3299 192 3328; x_wconf 75' lang='lat' dir='ltr'>Ex</span> <span class='ocrx_word' id='word_1_547' title='bbox 210 3298 351 3331; x_wconf 85' lang='lat' dir='ltr'>authent.</span> <span class='ocrx_word' id='word_1_548' title='bbox 371 3301 587 3343; x_wconf 75' lang='lat' dir='ltr'>Sancti-Apri.</span> <span class='ocrx_word' id='word_1_549' title='bbox 617 3301 739 3343; x_wconf 80' lang='lat' dir='ltr'>Scripta</span> <span class='ocrx_word' id='word_1_550' title='bbox 758 3310 841 3331; x_wconf 88' lang='lat' dir='ltr'>anno</span> <span class='ocrx_word' id='word_1_551' title='bbox 862 3298 978 3330; x_wconf 77' lang='lat' dir='ltr'>Christi</span> <span class='ocrx_word' id='word_1_552' title='bbox 1004 3301 1013 3328; x_wconf 87' lang='grc'><strong>1</strong></span> <span class='ocrx_word' id='word_1_553' title='bbox 1028 3299 1104 3328; x_wconf 64' lang='grc'><strong>140.</strong></span> <span class='ocrx_word' id='word_1_554' title='bbox 1120 3297 1184 3321; x_wconf 73' lang='lat' dir='ltr'>-i</span> <span class='ocrx_word' id='word_1_555' title='bbox 1205 3299 1330 3331; x_wconf 87' lang='lat' dir='ltr'>Scilicet</span> <span class='ocrx_word' id='word_1_556' title='bbox 1348 3302 1553 3333; x_wconf 88' lang='lat' dir='ltr'>Innocentius</span> <span class='ocrx_word' id='word_1_557' title='bbox 1570 3304 1611 3332; x_wconf 85' lang='lat'>11.</span> 
     </span>
     <span class='ocr_line' id='line_1_79' title="bbox 114 3345 1876 3396; baseline 0.001 -15"><span class='ocrx_word' id='word_1_558' title='bbox 114 3345 129 3369; x_wconf 75' lang='lat'>¹⁴</span> <span class='ocrx_word' id='word_1_559' title='bbox 144 3352 282 3382; x_wconf 63' lang='lat' dir='ltr'>Luxm‘io</span> <span class='ocrx_word' id='word_1_560' title='bbox 299 3358 373 3383; x_wconf 79' lang='lat' dir='ltr'>tuuc·</span> <span class='ocrx_word' id='word_1_561' title='bbox 391 3354 550 3395; x_wconf 63' lang='lat' dir='ltr'>praefuisse</span> <span class='ocrx_word' id='word_1_562' title='bbox 567 3354 688 3385; x_wconf 70' lang='lat' dir='ltr'>videtur</span> <span class='ocrx_word' id='word_1_563' title='bbox 705 3357 918 3387; x_wconf 48' lang='grc' dir='ltr'>4Ιοιῑεῑιῖιιιιιιιπς</span> <span class='ocrx_word' id='word_1_564' title='bbox 944 3351 1131 3383; x_wconf 67' lang='lat' dir='ltr'>monasterio</span> <span class='ocrx_word' id='word_1_565' title='bbox 1153 3358 1256 3383; x_wconf 73' lang='lat' dir='ltr'>autem</span> <span class='ocrx_word' id='word_1_566' title='bbox 1273 3354 1472 3396; x_wconf 73' lang='lat' dir='ltr'>Sancti-Apri</span> <span class='ocrx_word' id='word_1_567' title='bbox 1490 3358 1616 3392; x_wconf 70' lang='lat' dir='ltr'>Petrus,</span> <span class='ocrx_word' id='word_1_568' title='bbox 1640 3366 1679 3385; x_wconf 80' lang='lat' dir='ltr'>an</span> <span class='ocrx_word' id='word_1_569' title='bbox 1701 3353 1876 3385; x_wconf 57' lang='lat' dir='ltr'>[iurandus.</span> 
     </span>
    </p>
   </div>
  </div>
 </body>
</html>
