2565 3952
48 167 118 204 189

967 163 1233 198 EPISTOLAE.

44 253 152 297 perta
176 242 468 290 benevolentia,
498 242 637 279 iterum
659 239 782 278 audeo
805 249 936 291 petere
953 240 1058 292 quod
1076 240 1108 259 ³²

2076 169 2149 205 190

1181 237 1299 275 abbas
1320 238 1602 284 Cistorciensis,
1627 247 1808 290 totusque
1837 253 2050 281 conventus
2075 248 2147 283 ab-

43 305 224 344 iterandis
244 304 376 354 gratiis
397 303 566 340 secundo
588 316 648 339 mc
675 302 788 339 faciat
817 301 1060 339 debitorem:
1082 302 1110 335 Α
1181 298 1314 336 batum
1345 308 1383 335 et
1412 300 1573 336 fratrum
1608 300 1938 348 Cistereiensium,
1970 306 2150 353 salutem,

45 374 233 416 quatenus
253 363 433 400 videlicet
452 361 690 400 Molismensi
714 361 892 399 Ecclesiae
910 362 925 376 *
943 362 1065 412 ipsam

45 426 241 465 ecclesiam
255 454 265 471 ,
283 438 356 475 pro
367 438 442 474 qua
465 437 504 461 se
523 432 688 460 vestram
707 422 957 460 Serenitatem
974 436 1066 472 quo-

46 501 123 538 quo
141 486 257 524 modo
278 485 526 523 obnubilasse
546 484 724 530 dolebat,
739 483 870 520 eadem
892 483 1068 520 libertate

46 558 175 586 tenere
195 547 437 593 concedam,
466 560 539 596 qua
566 544 893 596 p1·aedecessorum
917 553 1068 581 vestro-

47 625 131 651 rum
155 609 395 661 temporibus
416 623 499 647 eam
527 617 674 646 certum
696 616 753 645 est
779 607 957 644 tenuisse.
988 609 1066 643 Ya-

45 675 131 711 lete.

47 806 155 817 ==v=v=u
160 805 273 815 νινενιι-
278 804 329 814 ιαμ.
334 804 402 813 ιιιιι
408 803 621 812 ιιηιιιιικνιιινι
628 803 651 812 ις
658 802 832 811 ιπκιιιιιιιιι
838 802 889 811 ====
895 800 1063 811 ιιιιιιινηι-

227 913 602 973 EPISTOLA
658 911 889 972 XLIV.a

418 1064 464 1086 AD
485 1063 648 1087 EUMDEM
664 1079 672 1086 .

454 1171 538 1197 Unde
560 1179 658 1204 supra.

100 1284 246 1324 Videtis
271 1292 374 1321 certe
403 1292 592 1334 quantum
613 1294 844 1333 praesumam
875 1279 922 1317 de
938 1288 1067 1317 vestra

49 1345 319 1383 benevolentia
341 1359 349 1381 :
371 1352 415 1380 ut
437 1357 509 1380 nec
534 1342 670 1380 crebra
689 1340 909 1392 impetratio
933 1353 1067 1390 preces

50 1407 178 1453 finiat,
209 1414 246 1442 et
276 1405 388 1442 toties
428 1403 657 1449 exauditus,
694 1415 847 1439 rursum
885 1400 1067 1437 accedere

49 1474 225 1518 precator
238 1466 485 1516 importunus
497 1478 577 1502 non
589 1477 737 1501 verear.
756 1467 895 1512 Magna
912 1461 1068 1512 quidem

50 1527 322 1579 praesumpti03
356 1526 422 1564 sed
445 1539 522 1564 non
550 1534 720 1563 meretur
740 1524 1068 1574 indignationem,

51 1588 231 1639 quoniam
249 1587 297 1625 de
310 1587 506 1634 charitate,
523 1600 601 1624 non
621 1586 668 1624 de
682 1586 898 1624 temeritate
915 1585 1071 1622 descen-

53 1648 118 1686 dit.
153 1648 352 1696 Meminit,
385 1648 457 1685 nisi
487 1647 620 1693 fallor,
650 1656 778 1684 vestra
815 1646 1029 1684 Paternitas
1054 1674 1064 1691 ‚

52 1709 156 1760 quod
183 1708 330 1746 dudum
359 1709 489 1747 Trecis
516 1709 691 1760 querelas
721 1708 943 1755 universas,
975 1720 1069 1758 quas

52 1783 124 1822 pro
139 1769 306 1808 Ecclesia
321 1771 488 1809 Senoina
503 1770 687 1808 adversus
701 1770 968 1808 Molismenses
990 1782 1071 1806 mo-

1188 360 1435 411 sospitatem,
1457 369 1494 397 et
1514 374 1647 411 pacem
1672 361 1708 397 in
1731 362 1880 399 Christo
1896 367 1999 401 Jesu.

1194 489 1226 525 1.
1250 492 1333 526 Rex
1356 489 1442 526 coeli
1463 497 1500 526 et
1524 498 1635 526 terrae
1662 503 1822 540 regnum
1843 489 1954 527 vobis
1984 492 2023 528 in
2055 501 2157 531 terra

1136 548 1314 596 donavit,
1333 549 1548 587 donaturus
1569 559 1605 587 et
1626 550 1663 586 in
1687 551 1802 596 coelo,
1822 551 1850 587 si
1868 551 1906 587 id
1927 553 2031 602 quod
2053 556 2158 591 acce-

1133 611 1261 661 pistis,
1281 609 1384 660 juste
1405 619 1443 648 et
1460 611 1653 662 sapienter
1672 611 1940 649 administrare
1961 613 2158 651 studueri-

1134 672 1191 709 tis.
1219 676 1304 709 Hoc
1329 681 1386 709 est
1406 672 1513 722 quod
1537 671 1647 709 vobis
1668 680 1868 722 optamus,
1890 682 1927 709 et
1952 687 2024 723 pro
2047 674 2159 713 vobis

1134 746 1310 779 oramus;
1334 741 1376 769 ut
1400 741 1437 770 et
1458 732 1519 769 hic
1540 732 1722 777 fideliter,
1747 741 1784 769 et
1807 733 1883 769 illic
1906 734 2066 771 feliciter
2095 749 2158 772 re—

1134 793 1267 843 gnetis.
1299 796 1486 831 Caeterum
1521 807 1590 831 vos
1623 807 1791 843 quonam
1823 794 1984 831 consilio
2014 796 2156 833 eisdem

1136 855 1277 891 nostris
1298 868 1369 905 pro
1387 853 1497 891 vobis
1518 854 1760 892 orationibus
1776 854 1903 905 (quas,
1923 855 1952 892 si
1971 857 2159 904 recolitis,

1135 915 1226 952 olim
1246 923 1321 952 tam
1339 915 1536 952 humiliter
1550 915 1776 967 requisistis)
1795 916 1912 953 modo
1929 925 2003 953 tam
2022 919 2161 956 aeriter

1136 977 1382 1027 repugnatis?
1401 980 1485 1025 Qua
1515 977 1617 1013 enim
1645 976 1725 1026 jam
1758 976 1898 1014 fiducia
1930 991 2066 1016 manus
2087 993 2160 1029 pro

1086 1039 1114 1073 Β
1135 1037 1246 1074 vobis
1266 1038 1393 1074 levare
1424 1038 1695 1088 praesumimus
1711 1037 1772 1074 'ad
1801 1041 1994 1088 Sponsum
2023 1041 2160 1077 Eccle—

1137 1098 1219 1145 siae,
1239 1112 1355 1149 quam
1371 1099 1446 1146 ita,
1465 1107 1502 1135 et
1522 1098 1603 1136 sine
1627 1112 1739 1136 causa
1757 1098 1813 1149 [ut
1828 1108 1959 1149 putam
1968 1100 2043 1152 us),
2066 1115 2159 1139 ausu

1136 1160 1358 1197 inconsulto
1391 1160 1648 1197 contristatis?
1670 1163 1837 1199 Gravem
1867 1161 2053 1210 siquidem
2090 1164 2160 1200 ad-

1136 1233 1291 1258 versum
1313 1234 1383 1258 vos
1407 1220 1510 1271 apud
1537 1221 1714 1258 eumdem
1747 1224 1939 1271 Sponsum
1964 1231 2001 1259 et
2021 1226 2160 1262 Domi—

1136 1294 1229 1318 num
1261 1295 1372 1318 suum
1395 1282 1677 1331 querimoniam
1711 1282 1894 1332 deponit,
1919 1282 2011 1319 dum
2044 1297 2158 1334 quem

1134 1350 1335 1392 acceperat
1361 1342 1624 1386 defensorem,
1646 1343 1808 1379 sustinet
1834 1353 2158 1393 oppugnatorem.

1133 1402 1343 1441 Attenditis
1361 1401 1439 1452 jam
1468 1404 1529 1440 cui
1550 1417 1597 1440 ex
1620 1403 1693 1440 hoc
1715 1404 1907 1440 infensum
1929 1418 1998 1441 vos
2026 1406 2158 1443 reddi-

1137 1463 1204 1500 tis?
1226 1466 1312 1501 7t'x'on
1340 1464 1473 1513 utique
1503 1463 1687 1514 episcopo
1717 1464 1919 1501 Parisiensi
1939 1465 1968 1511 *‚
1993 1466 2059 1503 sed
2081 1470 2161 1504 Do—

1136 1526 1242 1563 mino
1272 1525 1462 1576 paradisi,
1493 1535 1531 1563 et
1562 1526 1719 1576 quidem
1751 1526 1935 1573 terribili,
1965 1536 2002 1564 et
2032 1528 2067 1564 ei
2095 1529 2161 1579 qui

1137 1588 1263 1625 aufert
1277 1587 1454 1638 spiritum
1472 1588 1694 1638 principum
1712 1594 1736 1625 ¹.
1751 1591 1839 1638 Ipse
1857 1588 2002 1640 quippe
2020 1599 2076 1627 est
2094 1592 2161 1641 qui

1135 1649 1183 1687 ad
1202 1648 1405 1700 episcopos
1423 1649 1514 1686 dicit
1530 1664 1537 1685 :
1559 1650 1635 1695 Qui
1650 1663 1718 1685 vos
1733 1654 1888 1698 spernit,
1908 1664 1966 1686 me
1980 1657 2162 1700 sperniffi.

1193 1710 1229 1748 2.
1255 1713 1347 1747 Haec
1370 1711 1424 1747 ita
1444 1709 1554 1747 vobis
1582 1718 1620 1747 et
1642 1723 1714 1760 pro
1736 1709 1848 1747 vobis
1870 1710 2054 1749 audacter
2073 1713 2163 1763 qui-

1138 1769 1249 1817 dem,
1281 1770 1348 1808 sed
1378 1779 1552 1808 amanter
1582 1770 1763 1807 intimare
1792 1771 2011 1809 curavimus
2038 1787 2045 1810 :
2077 1787 2165 1810 nio-

54 1831 194 1869 nachos
209 1839 297 1869 ante
311 1830 544 1878 habueratis,
560 1845 634 1882 pro
648 1844 780 1868 amore
792 1830 864 1869 Dei
881 1839 919 1868 et
937 1838 1072 1867 nostro
1093 1834 1120 1871 C
1142 1840 1278 1869 nentes
1298 1840 1335 1869 et
1354 1840 1533 1882 rogantes
1552 1845 1624 1882 per
1641 1832 1743 1868 illam
1768 1831 1933 1869 invicem
1960 1834 2163 1871 amicitiam

53 1892 206 1944 penitus
228 1892 418 1930 omisistis.
442 1896 490 1931 Et
511 1906 599 1930 ecce
627 1892 745 1930 iidem
774 1891 954 1929 monachi
973 1904 1070 1928 eon-

54 1962 288 2005 queruntur‚
310 1954 415 2004 quod
434 1954 563 1992 nescio
583 1968 678 2005 quas
694 1967 832 2001 novas,
853 1962 912 2001 et,
934 1961 976 1990 ut
1000 1953 1073 2004 ipsi

54 2015 177 2062 aiunt,
203 2014 395 2052 indebitas
424 2013 537 2053 vobis
568 2015 869 2053 consuetudines
899 2015 938 2052 in
973 2028 1074 2066 prae-

55 2075 154 2114 dicta
175 2076 344 2113 Ecclesia
378 2075 591 2113 vindicetis.
612 2075 783 2115 Obsecro
804 2089 896 2126 ergo
917 2084 954 2113 et
973 2076 1074 2126 ipsas

37 2137 213 2183 dimitti,
251 2136 451 2175 confidens
490 2150 574 2183 me,
611 2150 660 2174 ne
694 2137 766 2174 hac
797 2136 956 2187 quidem
990 2136 1075 2173 vice

55 2210 254 2249 passurum
277 2197 470 2248 repulsam
489 2213 497 2235 :
520 2206 565 2235 ut
592 2198 658 2248 qui
681 2197 762 2248 jam
793 2198 840 2235 de
862 2197 1074 2248 majoribus

55 2259 177 2297 merui
194 2272 274 2296 non
289 2259 445 2309 repelli,
468 2259 508 2296 in
524 2258 748 2297 obtinendis
764 2258 979 2297 minoribus
994 2272 1074 2296 non

57 2319 281 2358 confundar.
302 2320 434 2358 Valete
448 2318 478 2357 ¹¹.

57 2453 502 2464 muuumnmuvvvxnmuwu
507 2454 663 2464 «mv-zzswsx
667 2454 721 2464 νιν-
726 2454 838 2464 ικικνιικ
843 2454 956 2464 νικπιννι
961 2453 969 2461 =
974 2454 985 2463 ἰ
990 2454 1013 2463 γι
1018 2454 1044 2463 sa
1049 2455 1071 2463 ιι

246 2565 626 2623 EPISTOLA
677 2564 880 2625 XLV.e

191 2722 241 2744 AD
270 2721 494 2746 LUDOVICUM
525 2722 653 2746 REGEM
669 2721 896 2746 FRQNCORL'M
909 2707 938 2746 d.

64 2829 277 2863 cistercienses
298 2829 495 2863 Ludovicum
509 2841 615 2872 regem
628 2855 638 2869 ,
654 2829 822 2862 Parisiensi
838 2829 987 2873 episcopo
1002 2829 1078 2862 infe-

109 2891 190 2918 stum
205 2897 243 2918 ac
259 2886 409 2929 injurium
420 2910 428 2925 ,
452 2886 587 2928 graviter
603 2896 640 2917 ac
656 2885 756 2917 libere
770 2886 963 2928 redarguunt
973 2910 980 2924 ,
1004 2897 1077 2917 eau-

109 2951 175 2972 sam
187 2941 269 2973 itlius
285 2941 371 2984 apud
387 2941 570 2973 Pontificem
586 2944 767 2973 Romanum
789 2940 906 2980 acturi,
932 2940 956 2972 si
978 2944 1047 2972 Rex
1061 2952 1079 2972 a

109 2995 190 3027 male
203 2996 312 3039 ooeptis
326 3007 392 3028 non
410 2995 575 3028 destiterit.

66 3116 212 3156 Eximio
237 3119 318 3170 regi
341 3121 582 3158 Francorum
607 3122 834 3166 Lunovmo,
865 3118 1082 3169 Stephanus

116 3253 124 3269 ¹
142 3248 222 3280 Psal.
244 3260 344 3287 mxxv,
362 3252 421 3287 12,
446 3251 497 3280 13.
521 3255 594 3272 ——2
612 3252 687 3281 Luc.
708 3260 747 3286 x,
779 3252 832 3280 16.

114 3311 129 3330 ²
145 3308 266 3351 Scripta
278 3308 360 3340 circa
372 3319 491 3340 annum
505 3312 521 3340 '1
536 3312 611 3341 128.

1141 1902 1313 1931 nostram
1340 1901 1377 1930 et
1397 1894 1694 1940 fraternitatem,
1717 1893 1779 1930 cui
1800 1905 1870 1930 vos
1890 1893 1979 1931 satis
2004 1894 2168 1944 dignan-

1142 1964 1199 1993 ter
1219 1955 1409 2002 sociastis,
1429 1954 1496 1992 sed
1524 1968 1629 1992 nunc
1654 1954 1776 2005 ipsam
1806 1955 1974 2004 graviter
1994 1955 2141 1995 laesistis
2155 1986 2166 2004 ,

1141 2025 1331 2066 quatenus
1345 2030 1367 2052 a
1382 2024 1488 2052 tanto
1506 2015 1608 2052 malo
1630 2015 1740 2052 citius
1757 2014 1960 2053 desistatis.
1981 2017 2165 2068 Alioquin

1142 2076 1173 2114 si
1202 2089 1282 2113 non
1311 2090 1505 2113 meremur
1534 2075 1730 2123 exaudiri,
1761 2075 1827 2113 sed
1858 2078 2164 2126 contemnimur,

1142 2146 1179 2174 et
1199 2151 1270 2174 nos
1297 2138 1451 2185 fratres,
1475 2146 1513 2174 et
1543 2138 1655 2175 amici
1676 2137 1813 2184 vestri,
1842 2146 1878 2175 et
1906 2139 1971 2188 qui
1994 2140 2166 2189 quotidie

1142 2212 1298 2236 oramus
1325 2212 1398 2250 pro
1419 2198 1531 2236 vobis
1560 2207 1597 2236 et
1621 2199 1707 2236 filiis
1733 2199 1869 2236 vestris
1895 2208 1931 2236 et
1953 2213 2092 2250 regno3
2119 2214 2168 2238 ex

1142 2259 1216 2296 hoc
1237 2259 1317 2310 jam
1346 2260 1533 2297 noveritis
1555 2260 1785 2310 parvitatem
1808 2267 1998 2308 nostram,
2020 2261 2059 2297 in
2081 2261 2169 2312 qui-

1142 2318 1214 2356 bus
1234 2320 1419 2366 valuerit,
1440 2334 1518 2357 non
1537 2333 1650 2370 posse
1671 2319 1803 2357 deesse
1822 2321 2002 2358 Ecclesiae
2022 2322 2112 2368 Dei,
2133 2331 2170 2359 et

1142 2381 1319 2418 ministro
1334 2380 1416 2430 ejus
1427 2410 1436 2427 ,
1455 2380 1669 2418 venerabili
1681 2381 1862 2418 videlicet
1875 2382 1975 2432 patri
1992 2391 2028 2419 et
2045 2384 2169 2420 amico

1142 2451 1275 2479 nostro
1296 2442 1482 2493 episcopo
1502 2442 1706 2479 Parisiensi
1724 2455 1731 2476 :
1753 2442 1819 2491 qui
1838 2451 2007 2479 nostram
2030 2443 2169 2480 adver—

1142 2517 1206 2541 sus
1227 2518 1296 2541 vos
1326 2504 1580 2541 humilitatem
1616 2504 1888 2553 interpellans,
1919 2512 2069 2541 nostras
2097 2519 2171 2554 pro

1143 2579 1182 2603 se
1203 2566 1251 2603 ad
1272 2565 1472 2602 dominum
1492 2569 1633 2615 Papam
1648 2563 1736 2614 jure
1755 2564 2003 2601 fraternitatis
2024 2567 2042 2584 *
2064 2566 2168 2602 litte-

1092 2629 1126 2663 D
1145 2641 1205 2665 ras
1226 2627 1438 2678 requisivit.
1465 2630 1609 2665 Verum
1632 2639 1701 2663 nos
1725 2624 1872 2675 justum
1902 2625 2084 2663 ducentes
2112 2627 2170 2665 liis

1142 2690 1253 2740 prius
1285 2689 1423 2725 litteris
1443 2696 1610 2725 vestram
1636 2686 1911 2724 Excellentiam
1939 2689 2170 2736 convenire,

1142 2748 1357 2799 praeserfim
1397 2748 1487 2798 quia
1524 2747 1626 2784 idem
1660 2747 1865 2797 episcopus
1903 2760 1974 2796 per
2010 2761 2169 2786 manum

1145 2809 1320 2847 omnium
1341 2809 1624 2859 Religiosorum
1646 2821 1684 2846 se
1704 2808 1752 2845 ad
1773 2807 1960 2858 justitiam
1983 2809 2118 2857 offert,
2138 2810 2169 2847 si

1146 2880 1273 2908 tamen
1303 2870 1412 2921 prius
1441 2869 1563 2921 (quod
1583 2869 1738 2920 quidem
1761 2869 1894 2906 eadem
1915 2869 1998 2919 ipsa
2021 2869 2172 2920 justitia

1145 2931 1300 2968 videtur
1320 2930 1489 2982 exigere)
1510 2944 1570 2969 res
1587 2931 1621 2968 ei
1642 2944 1720 2967 suae
1740 2929 1882 2980 injuste
1903 2929 2037 2968 ablatae
2059 2933 2170 2969 resti-

1148 3000 1306 3029 tuantur
1333 2991 1351 3007 *
1383 3007 1391 3029 ε
1423 2991 1507 3041 ejus
1538 2992 1692 3029 interim
1738 2991 1916 3042 petitioni
1955 2991 2171 3030 differendo

1149 3053 1447 3104 supersedimus.
1470 3057 1518 3091 Et
1537 3053 1727 3104 siquidem
1750 3057 1832 3091 Deo
1852 3053 2065 3103 inspirante
2088 3055 2172 3104 pla-

1150 3115 1273 3153 cuerit
1294 3114 1403 3153 vobis
1425 3116 1569 3154 nostris
1601 3115 1781 3167 precibus
1813 3128 1944 3152 aurem
1967 3114 2172 3161 inclinare,

114 3361 130 3382 ¹¹
147 3361 206 3393 Hic
223 3362 427 3406 manuscripti
443 3363 566 3395 codices
584 3368 731 3406 repetunt
747 3361 913 3405 epistolam
935 3364 986 3393 15.
1009 3379 1053 3384 -
1076 3366 1089 3382 ⁰
1106 3360 1229 3404 Scripta
1245 3371 1328 3392 anno
1354 3359 1472 3393 Christi
1502 3362 1603 3392 1127.
1626 3376 1667 3382 --κ
1696 3359 1711 3381 ‘l
1731 3361 1947 3402 Cognomeuto
1965 3358 2122 3389 Crassum.
