<?xml version="1.0" encoding="UTF-8"?>
<!DOCTYPE html PUBLIC "-//W3C//DTD XHTML 1.0 Transitional//EN"
    "http://www.w3.org/TR/xhtml1/DTD/xhtml1-transitional.dtd">
<html xmlns="http://www.w3.org/1999/xhtml" xml:lang="en" lang="en">
 <head>
  <title>
</title>
<meta http-equiv="Content-Type" content="text/html;charset=utf-8" />
  <meta name='ocr-system' content='tesseract 3.04.00' />
  <meta name='ocr-capabilities' content='ocr_page ocr_carea ocr_par ocr_line ocrx_word'/>
</head>
<body>
  <div class='ocr_page' id='page_1' title='image "./operaomniapostho01bernuoft/operaomniapostho01bernuoft_0741.png"; bbox 0 0 2517 3936; ppageno 0'>
   <div class='ocr_carea' id='block_1_1' title="bbox 666 198 1620 269">
    <p class='ocr_par' dir='ltr' id='par_1_1' title="bbox 666 198 1620 269">
     <span class='ocr_line' id='line_1_1' title="bbox 666 198 1620 269; baseline 0.002 -3"><span class='ocrx_word' id='word_1_1' title='bbox 666 199 730 266; x_wconf 90' lang='lat' dir='ltr'>S.</span> <span class='ocrx_word' id='word_1_2' title='bbox 798 198 1223 266; x_wconf 84' lang='lat' dir='ltr'><strong>BERNARDI</strong></span> <span class='ocrx_word' id='word_1_3' title='bbox 1277 198 1620 269; x_wconf 84' lang='lat' dir='ltr'><strong>ABBATIS</strong></span> 
     </span>
    </p>
   </div>
   <div class='ocr_carea' id='block_1_2' title="bbox 617 423 1670 481">
    <p class='ocr_par' dir='ltr' id='par_1_2' title="bbox 617 423 1670 481">
     <span class='ocr_line' id='line_1_2' title="bbox 617 423 1670 481; baseline 0 -1"><span class='ocrx_word' id='word_1_4' title='bbox 617 425 716 480; x_wconf 92' lang='lat' dir='ltr'>DE</span> <span class='ocrx_word' id='word_1_5' title='bbox 758 423 942 480; x_wconf 82' lang='lat' dir='ltr'><strong>VITA</strong></span> <span class='ocrx_word' id='word_1_6' title='bbox 985 426 1079 480; x_wconf 88' lang='lat' dir='ltr'>ET</span> <span class='ocrx_word' id='word_1_7' title='bbox 1125 424 1361 481; x_wconf 89' lang='lat' dir='ltr'>REBUS</span> <span class='ocrx_word' id='word_1_8' title='bbox 1406 424 1670 480; x_wconf 91' lang='lat' dir='ltr'>GESTIS</span> 
     </span>
    </p>
   </div>
   <div class='ocr_carea' id='block_1_3' title="bbox 106 645 2178 783">
    <p class='ocr_par' dir='ltr' id='par_1_3' title="bbox 106 645 2178 783">
     <span class='ocr_line' id='line_1_3' title="bbox 106 645 2178 783; baseline -0.003 -42"><span class='ocrx_word' id='word_1_9' title='bbox 106 652 185 741; x_wconf 83' lang='lat' dir='ltr'>s.</span> <span class='ocrx_word' id='word_1_10' title='bbox 244 645 934 753; x_wconf 77' lang='lat' dir='ltr'><strong>MALACH1AE‚</strong></span> <span class='ocrx_word' id='word_1_11' title='bbox 990 646 1572 783; x_wconf 76' lang='lat' dir='ltr'>HIBERNIAE</span> <span class='ocrx_word' id='word_1_12' title='bbox 1626 645 2178 755; x_wconf 78' lang='lat' dir='ltr'>EPISGoP1‚</span> 
     </span>
    </p>
   </div>
   <div class='ocr_carea' id='block_1_4' title="bbox 1046 892 1246 933">
    <p class='ocr_par' dir='ltr' id='par_1_4' title="bbox 1046 892 1246 933">
     <span class='ocr_line' id='line_1_4' title="bbox 1046 892 1246 933; baseline -0.005 0"><span class='ocrx_word' id='word_1_13' title='bbox 1046 892 1246 933; x_wconf 74' lang='lat' dir='ltr'>LJBER.³</span> 
     </span>
    </p>
   </div>
   <div class='ocr_carea' id='block_1_5' title="bbox 390 1079 1936 1109">
    <p class='ocr_par' dir='ltr' id='par_1_5' title="bbox 390 1079 1936 1109">
     <span class='ocr_line' id='line_1_5' title="bbox 390 1079 1936 1109; baseline -0.003 0"><span class='ocrx_word' id='word_1_14' title='bbox 390 1096 526 1099; x_wconf 79' lang='lat'>-—</span> <span class='ocrx_word' id='word_1_15' title='bbox 549 1079 1869 1109; x_wconf 34' lang='lat' dir='ltr'>QfflQ-——w</span> <span class='ocrx_word' id='word_1_16' title='bbox 1906 1091 1915 1093; x_wconf 59' lang='lat'>&gt;</span> <span class='ocrx_word' id='word_1_17' title='bbox 1926 1090 1936 1093; x_wconf 92' lang='lat'>-</span> 
     </span>
    </p>
   </div>
   <div class='ocr_carea' id='block_1_6' title="bbox 149 1267 2191 1318">
    <p class='ocr_par' dir='ltr' id='par_1_6' title="bbox 149 1267 2191 1318">
     <span class='ocr_line' id='line_1_6' title="bbox 149 1267 2191 1318; baseline -0.003 -4"><span class='ocrx_word' id='word_1_18' title='bbox 149 1278 407 1314; x_wconf 85' lang='lat' dir='ltr'>PRAEFATIO</span> <span class='ocrx_word' id='word_1_19' title='bbox 436 1277 506 1312; x_wconf 89' lang='lat' dir='ltr'>AD</span> <span class='ocrx_word' id='word_1_20' title='bbox 536 1275 814 1313; x_wconf 60' lang='lat' dir='ltr'>CONGANUM</span> <span class='ocrx_word' id='word_1_21' title='bbox 842 1272 1088 1310; x_wconf 84' lang='lat' dir='ltr'><strong>ABBATEM.</strong></span> <span class='ocrx_word' id='word_1_22' title='bbox 1128 1267 1176 1285; x_wconf 72' lang='lat'>⁸⁵⁷</span> <span class='ocrx_word' id='word_1_23' title='bbox 1191 1267 1406 1317; x_wconf 80' lang='lat' dir='ltr'>quaeritant.</span> <span class='ocrx_word' id='word_1_24' title='bbox 1431 1267 1531 1316; x_wconf 83' lang='lat' dir='ltr'>Quid</span> <span class='ocrx_word' id='word_1_25' title='bbox 1554 1267 1652 1315; x_wconf 91' lang='lat' dir='ltr'>dico,</span> <span class='ocrx_word' id='word_1_26' title='bbox 1671 1282 1754 1318; x_wconf 81' lang='lat' dir='ltr'>quae</span> <span class='ocrx_word' id='word_1_27' title='bbox 1777 1282 1843 1305; x_wconf 82' lang='lat' dir='ltr'>sua</span> <span class='ocrx_word' id='word_1_28' title='bbox 1863 1270 1975 1305; x_wconf 77' lang='lat' dir='ltr'>sunt?</span> <span class='ocrx_word' id='word_1_29' title='bbox 2000 1269 2191 1307; x_wconf 81' lang='lat' dir='ltr'>Perfectus</span> 
     </span>
    </p>
   </div>
   <div class='ocr_carea' id='block_1_7' title="bbox 114 1393 1133 2046">
    <p class='ocr_par' dir='ltr' id='par_1_7' title="bbox 114 1393 1133 2046">
     <span class='ocr_line' id='line_1_7' title="bbox 169 1393 1128 1447; baseline -0.006 -13"><span class='ocrx_word' id='word_1_30' title='bbox 169 1398 203 1434; x_wconf 90' lang='lat'>1.</span> <span class='ocrx_word' id='word_1_31' title='bbox 217 1400 376 1447; x_wconf 80' lang='lat' dir='ltr'>Semper</span> <span class='ocrx_word' id='word_1_32' title='bbox 386 1395 543 1446; x_wconf 91' lang='lat' dir='ltr'>quidem</span> <span class='ocrx_word' id='word_1_33' title='bbox 554 1409 682 1446; x_wconf 87' lang='lat' dir='ltr'>operae</span> <span class='ocrx_word' id='word_1_34' title='bbox 697 1394 861 1445; x_wconf 90' lang='lat' dir='ltr'>pretium</span> <span class='ocrx_word' id='word_1_35' title='bbox 876 1393 946 1430; x_wconf 90' lang='lat' dir='ltr'>fuit</span> <span class='ocrx_word' id='word_1_36' title='bbox 963 1393 1128 1429; x_wconf 82' lang='lat' dir='ltr'>illustres</span> 
     </span>
     <span class='ocr_line' id='line_1_8' title="bbox 116 1453 1127 1503; baseline -0.007 -8"><span class='ocrx_word' id='word_1_37' title='bbox 116 1460 343 1495; x_wconf 87' lang='lat' dir='ltr'>Sanctorum</span> <span class='ocrx_word' id='word_1_38' title='bbox 361 1456 578 1494; x_wconf 81' lang='lat' dir='ltr'>describere</span> <span class='ocrx_word' id='word_1_39' title='bbox 592 1456 706 1502; x_wconf 76' lang='lat' dir='ltr'>vitas,</span> <span class='ocrx_word' id='word_1_40' title='bbox 722 1463 763 1492; x_wconf 90' lang='lat' dir='ltr'>ut</span> <span class='ocrx_word' id='word_1_41' title='bbox 784 1455 859 1491; x_wconf 88' lang='lat' dir='ltr'>sint</span> <span class='ocrx_word' id='word_1_42' title='bbox 873 1454 912 1491; x_wconf 85' lang='lat' dir='ltr'>in</span> <span class='ocrx_word' id='word_1_43' title='bbox 929 1453 1127 1503; x_wconf 88' lang='lat' dir='ltr'>speculum</span> 
     </span>
     <span class='ocr_line' id='line_1_9' title="bbox 114 1513 1125 1567; baseline -0.006 -13"><span class='ocrx_word' id='word_1_44' title='bbox 114 1526 152 1554; x_wconf 87' lang='lat' dir='ltr'>et</span> <span class='ocrx_word' id='word_1_45' title='bbox 179 1517 423 1567; x_wconf 79' lang='lat' dir='ltr'>exemplum,</span> <span class='ocrx_word' id='word_1_46' title='bbox 451 1530 494 1553; x_wconf 88' lang='lat' dir='ltr'>ac</span> <span class='ocrx_word' id='word_1_47' title='bbox 515 1515 712 1567; x_wconf 88' lang='lat' dir='ltr'>quoddam</span> <span class='ocrx_word' id='word_1_48' title='bbox 741 1514 861 1552; x_wconf 77' lang='lat' dir='ltr'>veluti</span> <span class='ocrx_word' id='word_1_49' title='bbox 896 1513 1125 1550; x_wconf 89' lang='lat' dir='ltr'>condimen-</span> 
     </span>
     <span class='ocr_line' id='line_1_10' title="bbox 115 1573 1124 1628; baseline -0.005 -14"><span class='ocrx_word' id='word_1_50' title='bbox 115 1586 196 1614; x_wconf 89' lang='lat' dir='ltr'>tum</span> <span class='ocrx_word' id='word_1_51' title='bbox 213 1577 301 1614; x_wconf 87' lang='lat' dir='ltr'>vitae</span> <span class='ocrx_word' id='word_1_52' title='bbox 317 1577 517 1614; x_wconf 91' lang='lat' dir='ltr'>hominum</span> <span class='ocrx_word' id='word_1_53' title='bbox 535 1591 651 1628; x_wconf 88' lang='lat' dir='ltr'>super</span> <span class='ocrx_word' id='word_1_54' title='bbox 672 1584 826 1613; x_wconf 86' lang='lat' dir='ltr'>terram.</span> <span class='ocrx_word' id='word_1_55' title='bbox 842 1578 914 1612; x_wconf 91' lang='lat' dir='ltr'>Per</span> <span class='ocrx_word' id='word_1_56' title='bbox 934 1574 1007 1610; x_wconf 90' lang='lat' dir='ltr'>hoc</span> <span class='ocrx_word' id='word_1_57' title='bbox 1023 1573 1124 1610; x_wconf 89' lang='lat' dir='ltr'>enim</span> 
     </span>
     <span class='ocr_line' id='line_1_11' title="bbox 116 1634 1127 1688; baseline -0.005 -14"><span class='ocrx_word' id='word_1_58' title='bbox 116 1637 405 1687; x_wconf 86' lang='lat' dir='ltr'>quodammodo</span> <span class='ocrx_word' id='word_1_59' title='bbox 430 1638 534 1688; x_wconf 93' lang='lat' dir='ltr'>apud</span> <span class='ocrx_word' id='word_1_60' title='bbox 550 1651 622 1674; x_wconf 91' lang='lat' dir='ltr'>nos</span> <span class='ocrx_word' id='word_1_61' title='bbox 641 1638 753 1674; x_wconf 84' lang='lat' dir='ltr'>etiam</span> <span class='ocrx_word' id='word_1_62' title='bbox 777 1645 865 1686; x_wconf 89' lang='lat' dir='ltr'>post</span> <span class='ocrx_word' id='word_1_63' title='bbox 887 1643 1050 1672; x_wconf 85' lang='lat' dir='ltr'>mortem</span> <span class='ocrx_word' id='word_1_64' title='bbox 1071 1634 1127 1670; x_wconf 81' lang='lat' dir='ltr'>vi-</span> 
     </span>
     <span class='ocr_line' id='line_1_12' title="bbox 116 1693 1127 1747; baseline -0.005 -13"><span class='ocrx_word' id='word_1_65' title='bbox 116 1705 233 1744; x_wconf 85' lang='lat' dir='ltr'>vunt,</span> <span class='ocrx_word' id='word_1_66' title='bbox 254 1697 473 1747; x_wconf 88' lang='lat' dir='ltr'>multosque</span> <span class='ocrx_word' id='word_1_67' title='bbox 503 1711 550 1734; x_wconf 81' lang='lat' dir='ltr'>ex</span> <span class='ocrx_word' id='word_1_68' title='bbox 581 1697 660 1743; x_wconf 88' lang='lat' dir='ltr'>his,</span> <span class='ocrx_word' id='word_1_69' title='bbox 687 1696 754 1746; x_wconf 90' lang='lat' dir='ltr'>qui</span> <span class='ocrx_word' id='word_1_70' title='bbox 779 1696 952 1732; x_wconf 76' lang='lat' dir='ltr'>viventes</span> <span class='ocrx_word' id='word_1_71' title='bbox 985 1693 1127 1730; x_wconf 89' lang='lat' dir='ltr'>mortui</span> 
     </span>
     <span class='ocr_line' id='line_1_13' title="bbox 117 1754 1126 1807; baseline -0.006 -12"><span class='ocrx_word' id='word_1_72' title='bbox 117 1766 228 1804; x_wconf 88' lang='lat' dir='ltr'>sunt,</span> <span class='ocrx_word' id='word_1_73' title='bbox 253 1756 302 1794; x_wconf 82' lang='lat' dir='ltr'>ad</span> <span class='ocrx_word' id='word_1_74' title='bbox 328 1770 458 1794; x_wconf 85' lang='lat' dir='ltr'>veram</span> <span class='ocrx_word' id='word_1_75' title='bbox 481 1764 697 1807; x_wconf 75' lang='lat' dir='ltr'>provocant</span> <span class='ocrx_word' id='word_1_76' title='bbox 721 1764 758 1792; x_wconf 91' lang='lat' dir='ltr'>et</span> <span class='ocrx_word' id='word_1_77' title='bbox 786 1762 970 1792; x_wconf 82' lang='lat' dir='ltr'>revocant</span> <span class='ocrx_word' id='word_1_78' title='bbox 998 1754 1126 1790; x_wconf 82' lang='lat' dir='ltr'>vitam.</span> 
     </span>
     <span class='ocr_line' id='line_1_14' title="bbox 115 1814 1128 1866; baseline -0.005 -11"><span class='ocrx_word' id='word_1_79' title='bbox 115 1822 260 1856; x_wconf 82' lang='lat' dir='ltr'>Verum</span> <span class='ocrx_word' id='word_1_80' title='bbox 277 1831 379 1855; x_wconf 90' lang='lat' dir='ltr'>nunc</span> <span class='ocrx_word' id='word_1_81' title='bbox 401 1818 566 1854; x_wconf 83' lang='lat' dir='ltr'>maxime</span> <span class='ocrx_word' id='word_1_82' title='bbox 584 1817 623 1853; x_wconf 92' lang='lat' dir='ltr'>id</span> <span class='ocrx_word' id='word_1_83' title='bbox 644 1816 805 1866; x_wconf 83' lang='lat' dir='ltr'>requirit</span> <span class='ocrx_word' id='word_1_84' title='bbox 825 1816 959 1852; x_wconf 87' lang='lat' dir='ltr'>raritas</span> <span class='ocrx_word' id='word_1_85' title='bbox 986 1814 1128 1851; x_wconf 86' lang='lat' dir='ltr'>sancti-</span> 
     </span>
     <span class='ocr_line' id='line_1_15' title="bbox 119 1876 1131 1928; baseline -0.005 -13"><span class='ocrx_word' id='word_1_86' title='bbox 119 1879 220 1924; x_wconf 85' lang='lat' dir='ltr'>tatis,</span> <span class='ocrx_word' id='word_1_87' title='bbox 236 1887 273 1915; x_wconf 90' lang='lat' dir='ltr'>et</span> <span class='ocrx_word' id='word_1_88' title='bbox 288 1887 421 1915; x_wconf 88' lang='lat' dir='ltr'>nostra</span> <span class='ocrx_word' id='word_1_89' title='bbox 436 1879 550 1928; x_wconf 88' lang='lat' dir='ltr'>plane</span> <span class='ocrx_word' id='word_1_90' title='bbox 568 1886 658 1915; x_wconf 85' lang='lat' dir='ltr'>aetas</span> <span class='ocrx_word' id='word_1_91' title='bbox 677 1878 791 1927; x_wconf 89' lang='lat' dir='ltr'>inops</span> <span class='ocrx_word' id='word_1_92' title='bbox 805 1876 991 1912; x_wconf 82' lang='lat' dir='ltr'>virorum.</span> <span class='ocrx_word' id='word_1_93' title='bbox 1008 1878 1131 1923; x_wconf 87' lang='lat' dir='ltr'>Quam</span> 
     </span>
     <span class='ocr_line' id='line_1_16' title="bbox 118 1936 1133 1989; baseline -0.004 -13"><span class='ocrx_word' id='word_1_94' title='bbox 118 1953 209 1976; x_wconf 85' lang='lat' dir='ltr'>sane</span> <span class='ocrx_word' id='word_1_95' title='bbox 236 1938 407 1989; x_wconf 84' lang='lat' dir='ltr'>inopiam</span> <span class='ocrx_word' id='word_1_96' title='bbox 435 1952 550 1989; x_wconf 89' lang='lat' dir='ltr'>super</span> <span class='ocrx_word' id='word_1_97' title='bbox 575 1951 646 1975; x_wconf 89' lang='lat' dir='ltr'>nos</span> <span class='ocrx_word' id='word_1_98' title='bbox 666 1938 761 1975; x_wconf 88' lang='lat' dir='ltr'>adeo</span> <span class='ocrx_word' id='word_1_99' title='bbox 790 1937 995 1973; x_wconf 78' lang='lat' dir='ltr'>invaluisse</span> <span class='ocrx_word' id='word_1_100' title='bbox 1016 1936 1133 1973; x_wconf 87' lang='lat' dir='ltr'>senti-</span> 
     </span>
     <span class='ocr_line' id='line_1_17' title="bbox 119 1997 1131 2046; baseline -0.004 -10"><span class='ocrx_word' id='word_1_101' title='bbox 119 2012 223 2046; x_wconf 89' lang='lat' dir='ltr'>mus,</span> <span class='ocrx_word' id='word_1_102' title='bbox 244 2007 287 2035; x_wconf 90' lang='lat' dir='ltr'>ut</span> <span class='ocrx_word' id='word_1_103' title='bbox 312 1999 406 2036; x_wconf 90' lang='lat' dir='ltr'>nulli</span> <span class='ocrx_word' id='word_1_104' title='bbox 433 1998 481 2035; x_wconf 88' lang='lat' dir='ltr'>sit</span> <span class='ocrx_word' id='word_1_105' title='bbox 504 1998 663 2035; x_wconf 89' lang='lat' dir='ltr'>dubium</span> <span class='ocrx_word' id='word_1_106' title='bbox 687 1998 751 2034; x_wconf 85' lang='lat' dir='ltr'>illa</span> <span class='ocrx_word' id='word_1_107' title='bbox 775 1997 964 2034; x_wconf 87' lang='lat' dir='ltr'>sententia</span> <span class='ocrx_word' id='word_1_108' title='bbox 984 2010 1054 2033; x_wconf 90' lang='lat' dir='ltr'>nos</span> <span class='ocrx_word' id='word_1_109' title='bbox 1075 1997 1131 2032; x_wconf 93' lang='lat' dir='ltr'>fe-</span> 
     </span>
    </p>
   </div>
   <div class='ocr_carea' id='block_1_8' title="bbox 1138 1329 2191 1379">
    <p class='ocr_par' dir='ltr' id='par_1_8' title="bbox 1138 1329 2191 1379">
     <span class='ocr_line' id='line_1_18' title="bbox 1138 1329 2191 1379; baseline 0.001 -14"><span class='ocrx_word' id='word_1_110' title='bbox 1138 1331 1170 1365; x_wconf 85' lang='lat' dir='ltr'><strong>A</strong></span> <span class='ocrx_word' id='word_1_111' title='bbox 1189 1329 1236 1365; x_wconf 91' lang='lat' dir='ltr'>sit</span> <span class='ocrx_word' id='word_1_112' title='bbox 1257 1338 1295 1366; x_wconf 90' lang='lat' dir='ltr'>et</span> <span class='ocrx_word' id='word_1_113' title='bbox 1325 1337 1474 1366; x_wconf 85' lang='lat' dir='ltr'>sanctus</span> <span class='ocrx_word' id='word_1_114' title='bbox 1497 1329 1608 1365; x_wconf 83' lang='lat' dir='ltr'>etiam</span> <span class='ocrx_word' id='word_1_115' title='bbox 1636 1342 1701 1366; x_wconf 86' lang='lat' dir='ltr'>sua</span> <span class='ocrx_word' id='word_1_116' title='bbox 1725 1342 1918 1378; x_wconf 60' lang='lat' dir='ltr'>quaerens,</span> <span class='ocrx_word' id='word_1_117' title='bbox 1938 1343 2079 1379; x_wconf 85' lang='lat' dir='ltr'>suaque</span> <span class='ocrx_word' id='word_1_118' title='bbox 2101 1331 2191 1367; x_wconf 88' lang='lat' dir='ltr'>reti-</span> 
     </span>
    </p>
   </div>
   <div class='ocr_carea' id='block_1_9' title="bbox 1194 1387 2201 2045">
    <p class='ocr_par' dir='ltr' id='par_1_9' title="bbox 1194 1387 2201 2045">
     <span class='ocr_line' id='line_1_19' title="bbox 1194 1387 2193 1438; baseline 0 -12"><span class='ocrx_word' id='word_1_119' title='bbox 1194 1403 1302 1435; x_wconf 77' lang='lat' dir='ltr'>nens,</span> <span class='ocrx_word' id='word_1_120' title='bbox 1320 1389 1349 1426; x_wconf 89' lang='lat' dir='ltr'>si</span> <span class='ocrx_word' id='word_1_121' title='bbox 1368 1387 1413 1425; x_wconf 87' lang='lat' dir='ltr'>ab</span> <span class='ocrx_word' id='word_1_122' title='bbox 1435 1389 1564 1425; x_wconf 86' lang='lat' dir='ltr'>alienis</span> <span class='ocrx_word' id='word_1_123' title='bbox 1581 1402 1647 1425; x_wconf 91' lang='lat' dir='ltr'>cor</span> <span class='ocrx_word' id='word_1_124' title='bbox 1663 1402 1872 1438; x_wconf 76' lang='lat' dir='ltr'>manusque</span> <span class='ocrx_word' id='word_1_125' title='bbox 1893 1390 2096 1426; x_wconf 86' lang='lat' dir='ltr'>contineat.</span> <span class='ocrx_word' id='word_1_126' title='bbox 2116 1393 2193 1426; x_wconf 78' lang='lat' dir='ltr'>Me-</span> 
     </span>
     <span class='ocr_line' id='line_1_20' title="bbox 1194 1447 2195 1499; baseline 0 -13"><span class='ocrx_word' id='word_1_127' title='bbox 1194 1450 1347 1486; x_wconf 90' lang='lat' dir='ltr'>minerit</span> <span class='ocrx_word' id='word_1_128' title='bbox 1375 1457 1513 1494; x_wconf 82' lang='lat' dir='ltr'>tamen,</span> <span class='ocrx_word' id='word_1_129' title='bbox 1535 1449 1599 1498; x_wconf 92' lang='lat' dir='ltr'>qui</span> <span class='ocrx_word' id='word_1_130' title='bbox 1620 1447 1690 1485; x_wconf 82' lang='lat' dir='ltr'>sibi</span> <span class='ocrx_word' id='word_1_131' title='bbox 1710 1462 1828 1498; x_wconf 84' lang='lat' dir='ltr'>usque</span> <span class='ocrx_word' id='word_1_132' title='bbox 1856 1449 1927 1485; x_wconf 90' lang='lat' dir='ltr'>huc</span> <span class='ocrx_word' id='word_1_133' title='bbox 1946 1450 2041 1485; x_wconf 86' lang='lat' dir='ltr'>forte</span> <span class='ocrx_word' id='word_1_134' title='bbox 2061 1462 2195 1499; x_wconf 74' lang='lat' dir='ltr'>perve-</span> 
     </span>
     <span class='ocr_line' id='line_1_21' title="bbox 1195 1508 2193 1558; baseline -0.001 -12"><span class='ocrx_word' id='word_1_135' title='bbox 1195 1510 1294 1546; x_wconf 83' lang='lat' dir='ltr'>nisse</span> <span class='ocrx_word' id='word_1_136' title='bbox 1313 1509 1478 1555; x_wconf 66' lang='lat' dir='ltr'>videtur‚</span> <span class='ocrx_word' id='word_1_137' title='bbox 1501 1508 1676 1545; x_wconf 86' lang='lat' dir='ltr'>eumdem</span> <span class='ocrx_word' id='word_1_138' title='bbox 1696 1509 1793 1558; x_wconf 72' lang='lat' dir='ltr'>exigi</span> <span class='ocrx_word' id='word_1_139' title='bbox 1813 1509 2019 1546; x_wconf 78' lang='lat' dir='ltr'>sanctitatis</span> <span class='ocrx_word' id='word_1_140' title='bbox 2036 1509 2193 1558; x_wconf 79' lang='lat' dir='ltr'>gradum</span> 
     </span>
     <span class='ocr_line' id='line_1_22' title="bbox 1195 1568 2194 1618; baseline -0.002 -11"><span class='ocrx_word' id='word_1_141' title='bbox 1195 1579 1232 1607; x_wconf 94' lang='lat' dir='ltr'>et</span> <span class='ocrx_word' id='word_1_142' title='bbox 1249 1569 1296 1607; x_wconf 85' lang='lat' dir='ltr'>ab</span> <span class='ocrx_word' id='word_1_143' title='bbox 1317 1570 1480 1606; x_wconf 86' lang='lat' dir='ltr'>ethnico.</span> <span class='ocrx_word' id='word_1_144' title='bbox 1497 1575 1555 1606; x_wconf 83' lang='lat' dir='ltr'>An</span> <span class='ocrx_word' id='word_1_145' title='bbox 1571 1582 1646 1605; x_wconf 88' lang='lat' dir='ltr'>non</span> <span class='ocrx_word' id='word_1_146' title='bbox 1663 1570 1798 1606; x_wconf 81' lang='lat' dir='ltr'>milites</span> <span class='ocrx_word' id='word_1_147' title='bbox 1815 1569 1890 1605; x_wconf 90' lang='lat' dir='ltr'>suis</span> <span class='ocrx_word' id='word_1_148' title='bbox 1904 1568 2088 1618; x_wconf 84' lang='lat' dir='ltr'>jubentur</span> <span class='ocrx_word' id='word_1_149' title='bbox 2106 1582 2194 1605; x_wconf 89' lang='lat' dir='ltr'>con-</span> 
     </span>
     <span class='ocr_line' id='line_1_23' title="bbox 1196 1629 2194 1679; baseline -0.003 -12"><span class='ocrx_word' id='word_1_150' title='bbox 1196 1631 1290 1667; x_wconf 87' lang='lat' dir='ltr'>tenti</span> <span class='ocrx_word' id='word_1_151' title='bbox 1316 1631 1410 1667; x_wconf 87' lang='lat' dir='ltr'>forte</span> <span class='ocrx_word' id='word_1_152' title='bbox 1439 1629 1653 1679; x_wconf 87' lang='lat' dir='ltr'>stipendiis,</span> <span class='ocrx_word' id='word_1_153' title='bbox 1672 1637 1713 1665; x_wconf 91' lang='lat' dir='ltr'>ut</span> <span class='ocrx_word' id='word_1_154' title='bbox 1736 1629 1827 1665; x_wconf 69' lang='lat' dir='ltr'>salvi</span> <span class='ocrx_word' id='word_1_155' title='bbox 1848 1630 1989 1665; x_wconf 45' lang='lat' dir='ltr'>fiant*</span> <span class='ocrx_word' id='word_1_156' title='bbox 2016 1632 2194 1678; x_wconf 78' lang='lat' dir='ltr'>Magnum</span> 
     </span>
     <span class='ocr_line' id='line_1_24' title="bbox 1194 1689 2197 1733; baseline -0.004 -4"><span class='ocrx_word' id='word_1_157' title='bbox 1194 1706 1287 1729; x_wconf 67' lang='lat' dir='ltr'>vero</span> <span class='ocrx_word' id='word_1_158' title='bbox 1320 1692 1496 1729; x_wconf 62' lang='lat' dir='ltr'>Ecclesiae</span> <span class='ocrx_word' id='word_1_159' title='bbox 1525 1691 1691 1733; x_wconf 81' lang='lat' dir='ltr'>doctori,</span> <span class='ocrx_word' id='word_1_160' title='bbox 1723 1690 1752 1725; x_wconf 87' lang='lat' dir='ltr'>si</span> <span class='ocrx_word' id='word_1_161' title='bbox 1779 1690 1823 1726; x_wconf 88' lang='lat' dir='ltr'>sit</span> <span class='ocrx_word' id='word_1_162' title='bbox 1851 1690 1946 1726; x_wconf 88' lang='lat' dir='ltr'>sicut</span> <span class='ocrx_word' id='word_1_163' title='bbox 1976 1703 2072 1725; x_wconf 88' lang='lat' dir='ltr'>unus</span> <span class='ocrx_word' id='word_1_164' title='bbox 2096 1689 2197 1725; x_wconf 88' lang='lat' dir='ltr'>mili-</span> 
     </span>
     <span class='ocr_line' id='line_1_25' title="bbox 1197 1749 2197 1801; baseline -0.006 -11"><span class='ocrx_word' id='word_1_165' title='bbox 1197 1762 1302 1790; x_wconf 87' lang='lat' dir='ltr'>tum:</span> <span class='ocrx_word' id='word_1_166' title='bbox 1325 1761 1389 1789; x_wconf 84' lang='lat' dir='ltr'>aut</span> <span class='ocrx_word' id='word_1_167' title='bbox 1413 1760 1512 1788; x_wconf 85' lang='lat' dir='ltr'>certe</span> <span class='ocrx_word' id='word_1_168' title='bbox 1535 1750 1658 1801; x_wconf 20' lang='lat' dir='ltr'>N&#39;quod</span> <span class='ocrx_word' id='word_1_169' title='bbox 1678 1749 1723 1786; x_wconf 85' lang='lat' dir='ltr'>ad</span> <span class='ocrx_word' id='word_1_170' title='bbox 1743 1750 1894 1786; x_wconf 87' lang='lat' dir='ltr'>illorum</span> <span class='ocrx_word' id='word_1_171' title='bbox 1922 1749 2197 1799; x_wconf 85' lang='lat' dir='ltr'>improperium</span> 
     </span>
     <span class='ocr_line' id='line_1_26' title="bbox 1195 1810 2198 1865; baseline -0.008 -14"><span class='ocrx_word' id='word_1_172' title='bbox 1195 1814 1385 1865; x_wconf 80' lang='lat' dir='ltr'>propheta</span> <span class='ocrx_word' id='word_1_173' title='bbox 1409 1810 1601 1861; x_wconf 52' lang='lat' dir='ltr'>loquitur)</span> <span class='ocrx_word' id='word_1_174' title='bbox 1622 1815 1718 1845; x_wconf 77' lang='lat' dir='ltr'>sicut</span> <span class='ocrx_word' id='word_1_175' title='bbox 1731 1812 1908 1859; x_wconf 63' lang='lat' dir='ltr'>populas,</span> <span class='ocrx_word' id='word_1_176' title='bbox 1935 1815 1988 1845; x_wconf 74' lang='lat' dir='ltr'>ita</span> <span class='ocrx_word' id='word_1_177' title='bbox 2019 1819 2053 1844; x_wconf 80' lang='lat' dir='ltr'>ec</span> <span class='ocrx_word' id='word_1_178' title='bbox 2076 1822 2198 1844; x_wconf 80' lang='lat' dir='ltr'>sacer—</span> 
     </span>
     <span class='ocr_line' id='line_1_27' title="bbox 1200 1871 2200 1910; baseline -0.006 1"><span class='ocrx_word' id='word_1_179' title='bbox 1200 1873 1286 1910; x_wconf 59' lang='grc' dir='ltr'>(Ιοε5</span> <span class='ocrx_word' id='word_1_180' title='bbox 1308 1874 1437 1910; x_wconf 78' lang='lat' dir='ltr'>fuerit!</span> <span class='ocrx_word' id='word_1_181' title='bbox 1460 1875 1490 1909; x_wconf 94' lang='grc' dir='ltr'>Ο</span> <span class='ocrx_word' id='word_1_182' title='bbox 1511 1871 1807 1907; x_wconf 76' lang='lat' dir='ltr'>deformitatem!</span> <span class='ocrx_word' id='word_1_183' title='bbox 1825 1871 1923 1906; x_wconf 87' lang='lat' dir='ltr'>itane</span> <span class='ocrx_word' id='word_1_184' title='bbox 1941 1883 2108 1906; x_wconf 87' lang='lat' dir='ltr'>summus</span> <span class='ocrx_word' id='word_1_185' title='bbox 2125 1881 2200 1905; x_wconf 79' lang='lat' dir='ltr'>nie-</span> 
     </span>
     <span class='ocr_line' id='line_1_28' title="bbox 1201 1931 2200 1984; baseline -0.007 -12"><span class='ocrx_word' id='word_1_186' title='bbox 1201 1936 1277 1972; x_wconf 89' lang='lat' dir='ltr'>rito</span> <span class='ocrx_word' id='word_1_187' title='bbox 1298 1932 1536 1984; x_wconf 85' lang='lat' dir='ltr'>reputandus</span> <span class='ocrx_word' id='word_1_188' title='bbox 1568 1932 1662 1976; x_wconf 86' lang='lat' dir='ltr'>erit,</span> <span class='ocrx_word' id='word_1_189' title='bbox 1693 1931 1758 1980; x_wconf 88' lang='lat' dir='ltr'>qui</span> <span class='ocrx_word' id='word_1_190' title='bbox 1790 1944 1810 1966; x_wconf 87' lang='lat' dir='ltr'>a</span> <span class='ocrx_word' id='word_1_191' title='bbox 1836 1943 1984 1966; x_wconf 89' lang='lat' dir='ltr'>summo</span> <span class='ocrx_word' id='word_1_192' title='bbox 2021 1941 2200 1966; x_wconf 88' lang='lat' dir='ltr'>corruens</span> 
     </span>
     <span class='ocr_line' id='line_1_29' title="bbox 1200 1989 2201 2045; baseline -0.007 -13"><span class='ocrx_word' id='word_1_193' title='bbox 1200 1995 1341 2045; x_wconf 79' lang='lat' dir='ltr'>gradu,</span> <span class='ocrx_word' id='word_1_194' title='bbox 1365 1992 1524 2030; x_wconf 66' lang='lat' dir='ltr'>haerebit</span> <span class='ocrx_word' id='word_1_195' title='bbox 1544 1994 1608 2028; x_wconf 67' lang='lat' dir='ltr'>vix</span> <span class='ocrx_word' id='word_1_196' title='bbox 1621 1992 1767 2037; x_wconf 76' lang='lat' dir='ltr'>infimo,</span> <span class='ocrx_word' id='word_1_197' title='bbox 1783 2004 1829 2027; x_wconf 87' lang='lat' dir='ltr'>ne</span> <span class='ocrx_word' id='word_1_198' title='bbox 1851 1990 1987 2039; x_wconf 67' lang='lat' dir='ltr'>abysso</span> <span class='ocrx_word' id='word_1_199' title='bbox 2003 1989 2201 2026; x_wconf 84' lang='lat' dir='ltr'>absorbea-</span> 
     </span>
    </p>
   </div>
   <div class='ocr_carea' id='block_1_10' title="bbox 121 2051 2206 2107">
    <p class='ocr_par' dir='ltr' id='par_1_10' title="bbox 121 2051 2206 2107">
     <span class='ocr_line' id='line_1_30' title="bbox 121 2051 2206 2107; baseline -0.004 -12"><span class='ocrx_word' id='word_1_200' title='bbox 121 2059 210 2095; x_wconf 86' lang='lat' dir='ltr'>riri:</span> <span class='ocrx_word' id='word_1_201' title='bbox 238 2060 430 2104; x_wconf 79' lang='lat' dir='ltr'>Quoniam</span> <span class='ocrx_word' id='word_1_202' title='bbox 458 2058 666 2094; x_wconf 78' lang='lat' dir='ltr'>abundabit</span> <span class='ocrx_word' id='word_1_203' title='bbox 685 2063 887 2107; x_wconf 75' lang='lat' dir='ltr'>lniqtcitas,</span> <span class='ocrx_word' id='word_1_204' title='bbox 916 2056 1132 2106; x_wconf 58' lang='lat' dir='ltr'>refrigescet</span> <span class='ocrx_word' id='word_1_205' title='bbox 1153 2055 1178 2088; x_wconf 90' lang='lat' dir='ltr'>B</span> <span class='ocrx_word' id='word_1_206' title='bbox 1199 2058 1285 2093; x_wconf 68' lang='lat' dir='ltr'>tur?</span> <span class='ocrx_word' id='word_1_207' title='bbox 1300 2059 1420 2104; x_wconf 84' lang='lat' dir='ltr'>Quam</span> <span class='ocrx_word' id='word_1_208' title='bbox 1438 2067 1545 2091; x_wconf 86' lang='lat' dir='ltr'>rarus</span> <span class='ocrx_word' id='word_1_209' title='bbox 1563 2061 1687 2089; x_wconf 84' lang='lat' dir='ltr'>tamen</span> <span class='ocrx_word' id='word_1_210' title='bbox 1705 2052 1772 2088; x_wconf 86' lang='lat' dir='ltr'>iste</span> <span class='ocrx_word' id='word_1_211' title='bbox 1789 2052 1869 2101; x_wconf 86' lang='lat' dir='ltr'>ipse</span> <span class='ocrx_word' id='word_1_212' title='bbox 1888 2051 1925 2087; x_wconf 90' lang='lat' dir='ltr'>in</span> <span class='ocrx_word' id='word_1_213' title='bbox 1943 2051 2069 2087; x_wconf 69' lang='lat' dir='ltr'>clero?</span> <span class='ocrx_word' id='word_1_214' title='bbox 2087 2053 2206 2097; x_wconf 78' lang='lat' dir='ltr'>Quem</span> 
     </span>
    </p>
   </div>
   <div class='ocr_carea' id='block_1_11' title="bbox 121 2118 1142 2834">
    <p class='ocr_par' dir='ltr' id='par_1_11' title="bbox 121 2118 1142 2834">
     <span class='ocr_line' id='line_1_31' title="bbox 122 2118 1131 2168; baseline -0.001 -14"><span class='ocrx_word' id='word_1_215' title='bbox 122 2118 288 2154; x_wconf 78' lang='lat' dir='ltr'>charitas</span> <span class='ocrx_word' id='word_1_216' title='bbox 319 2121 560 2155; x_wconf 80' lang='lat' dir='ltr'>multorum1.</span> <span class='ocrx_word' id='word_1_217' title='bbox 588 2121 636 2155; x_wconf 90' lang='lat' dir='ltr'>Et</span> <span class='ocrx_word' id='word_1_218' title='bbox 669 2126 711 2155; x_wconf 93' lang='lat' dir='ltr'>ut</span> <span class='ocrx_word' id='word_1_219' title='bbox 748 2118 922 2168; x_wconf 86' lang='lat' dir='ltr'>suspicor</span> <span class='ocrx_word' id='word_1_220' title='bbox 950 2131 1034 2167; x_wconf 81' lang='lat' dir='ltr'>ego,</span> <span class='ocrx_word' id='word_1_221' title='bbox 1066 2125 1131 2154; x_wconf 84' lang='lat' dir='ltr'>aut</span> 
     </span>
     <span class='ocr_line' id='line_1_32' title="bbox 122 2178 1128 2229; baseline -0.001 -14"><span class='ocrx_word' id='word_1_222' title='bbox 122 2187 282 2229; x_wconf 76' lang='lat' dir='ltr'>praesto,</span> <span class='ocrx_word' id='word_1_223' title='bbox 309 2187 375 2215; x_wconf 89' lang='lat' dir='ltr'>aut</span> <span class='ocrx_word' id='word_1_224' title='bbox 403 2192 526 2229; x_wconf 88' lang='lat' dir='ltr'>prope</span> <span class='ocrx_word' id='word_1_225' title='bbox 558 2187 635 2224; x_wconf 84' lang='lat' dir='ltr'>est,</span> <span class='ocrx_word' id='word_1_226' title='bbox 653 2178 699 2215; x_wconf 89' lang='lat' dir='ltr'>de</span> <span class='ocrx_word' id='word_1_227' title='bbox 732 2192 809 2228; x_wconf 91' lang='lat' dir='ltr'>quo</span> <span class='ocrx_word' id='word_1_228' title='bbox 840 2178 1022 2228; x_wconf 84' lang='lat' dir='ltr'>scriptum</span> <span class='ocrx_word' id='word_1_229' title='bbox 1052 2186 1128 2214; x_wconf 89' lang='lat' dir='ltr'>est:</span> 
     </span>
     <span class='ocr_line' id='line_1_33' title="bbox 121 2238 1130 2288; baseline 0 -14"><span class='ocrx_word' id='word_1_230' title='bbox 121 2241 279 2274; x_wconf 83' lang='lat' dir='ltr'>Faciem</span> <span class='ocrx_word' id='word_1_231' title='bbox 303 2239 382 2285; x_wconf 79' lang='lat' dir='ltr'>ejus</span> <span class='ocrx_word' id='word_1_232' title='bbox 396 2241 595 2288; x_wconf 81' lang='lat' dir='ltr'>proecedet</span> <span class='ocrx_word' id='word_1_233' title='bbox 609 2248 752 2288; x_wconf 78' lang='lat' dir='ltr'>egestas</span> <span class='ocrx_word' id='word_1_234' title='bbox 765 2245 791 2274; x_wconf 84' lang='lat'>².</span> <span class='ocrx_word' id='word_1_235' title='bbox 811 2239 856 2276; x_wconf 72' lang='lat' dir='ltr'>Ni</span> <span class='ocrx_word' id='word_1_236' title='bbox 876 2238 998 2283; x_wconf 78' lang='lat' dir='ltr'>fallor,</span> <span class='ocrx_word' id='word_1_237' title='bbox 1020 2239 1130 2275; x_wconf 75' lang='lat' dir='ltr'>Anti-</span> 
     </span>
     <span class='ocr_line' id='line_1_34' title="bbox 124 2298 1138 2349; baseline 0.001 -14"><span class='ocrx_word' id='word_1_238' title='bbox 124 2298 290 2336; x_wconf 89' lang='lat' dir='ltr'>christus</span> <span class='ocrx_word' id='word_1_239' title='bbox 309 2307 366 2336; x_wconf 87' lang='lat' dir='ltr'>est</span> <span class='ocrx_word' id='word_1_240' title='bbox 384 2299 474 2346; x_wconf 88' lang='lat' dir='ltr'>iste,</span> <span class='ocrx_word' id='word_1_241' title='bbox 493 2313 608 2349; x_wconf 90' lang='lat' dir='ltr'>quem</span> <span class='ocrx_word' id='word_1_242' title='bbox 630 2300 747 2336; x_wconf 81' lang='lat' dir='ltr'>fames</span> <span class='ocrx_word' id='word_1_243' title='bbox 773 2309 808 2336; x_wconf 91' lang='lat' dir='ltr'>et</span> <span class='ocrx_word' id='word_1_244' title='bbox 826 2299 1002 2336; x_wconf 83' lang='lat' dir='ltr'>sterilitas</span> <span class='ocrx_word' id='word_1_245' title='bbox 1023 2299 1138 2336; x_wconf 90' lang='lat' dir='ltr'>totius</span> 
     </span>
     <span class='ocr_line' id='line_1_35' title="bbox 125 2359 1141 2410; baseline 0 -14"><span class='ocrx_word' id='word_1_246' title='bbox 125 2359 276 2398; x_wconf 87' lang='lat' dir='ltr'>boniet</span> <span class='ocrx_word' id='word_1_247' title='bbox 296 2360 426 2410; x_wconf 87' lang='lat' dir='ltr'>praeit‚</span> <span class='ocrx_word' id='word_1_248' title='bbox 450 2369 488 2398; x_wconf 89' lang='lat' dir='ltr'>et</span> <span class='ocrx_word' id='word_1_249' title='bbox 512 2361 729 2398; x_wconf 82' lang='lat' dir='ltr'>comitatur.</span> <span class='ocrx_word' id='word_1_250' title='bbox 752 2362 837 2398; x_wconf 71' lang='lat' dir='ltr'>Sive</span> <span class='ocrx_word' id='word_1_251' title='bbox 864 2361 979 2410; x_wconf 80' lang='lat' dir='ltr'>igitur</span> <span class='ocrx_word' id='word_1_252' title='bbox 1007 2360 1141 2396; x_wconf 88' lang='lat' dir='ltr'>nuntia</span> 
     </span>
     <span class='ocr_line' id='line_1_36' title="bbox 121 2419 1142 2472; baseline -0.001 -15"><span class='ocrx_word' id='word_1_253' title='bbox 121 2419 202 2470; x_wconf 88' lang='lat' dir='ltr'>jam</span> <span class='ocrx_word' id='word_1_254' title='bbox 230 2420 453 2472; x_wconf 86' lang='lat' dir='ltr'>praesentis‚</span> <span class='ocrx_word' id='word_1_255' title='bbox 476 2421 554 2458; x_wconf 86' lang='lat' dir='ltr'>sive</span> <span class='ocrx_word' id='word_1_256' title='bbox 579 2420 817 2471; x_wconf 86' lang='lat' dir='ltr'>jamjamque</span> <span class='ocrx_word' id='word_1_257' title='bbox 846 2420 1016 2457; x_wconf 83' lang='lat' dir='ltr'>adfuturi</span> <span class='ocrx_word' id='word_1_258' title='bbox 1043 2433 1142 2471; x_wconf 83' lang='lat' dir='ltr'>prae-</span> 
     </span>
     <span class='ocr_line' id='line_1_37' title="bbox 126 2482 1136 2532; baseline -0.002 -13"><span class='ocrx_word' id='word_1_259' title='bbox 126 2482 281 2529; x_wconf 87' lang='lat' dir='ltr'>nuntia,</span> <span class='ocrx_word' id='word_1_260' title='bbox 304 2490 449 2532; x_wconf 87' lang='lat' dir='ltr'>egestas</span> <span class='ocrx_word' id='word_1_261' title='bbox 474 2482 513 2519; x_wconf 88' lang='lat' dir='ltr'>in</span> <span class='ocrx_word' id='word_1_262' title='bbox 539 2483 706 2520; x_wconf 81' lang='lat' dir='ltr'>evidenti</span> <span class='ocrx_word' id='word_1_263' title='bbox 735 2491 803 2520; x_wconf 89' lang='lat' dir='ltr'>est.</span> <span class='ocrx_word' id='word_1_264' title='bbox 831 2486 953 2520; x_wconf 87' lang='lat' dir='ltr'>Taceo</span> <span class='ocrx_word' id='word_1_265' title='bbox 981 2482 1136 2531; x_wconf 83' lang='lat' dir='ltr'>vulgus,</span> 
     </span>
     <span class='ocr_line' id='line_1_38' title="bbox 127 2542 1136 2592; baseline -0.001 -13"><span class='ocrx_word' id='word_1_266' title='bbox 127 2549 236 2579; x_wconf 89' lang='lat' dir='ltr'>taceo</span> <span class='ocrx_word' id='word_1_267' title='bbox 269 2542 384 2579; x_wconf 86' lang='lat' dir='ltr'>vilem</span> <span class='ocrx_word' id='word_1_268' title='bbox 417 2543 584 2579; x_wconf 90' lang='lat' dir='ltr'>filiorum</span> <span class='ocrx_word' id='word_1_269' title='bbox 613 2542 728 2592; x_wconf 86' lang='lat' dir='ltr'>hujus</span> <span class='ocrx_word' id='word_1_270' title='bbox 760 2543 887 2580; x_wconf 85' lang='lat' dir='ltr'>saeculi</span> <span class='ocrx_word' id='word_1_271' title='bbox 919 2542 1136 2579; x_wconf 89' lang='lat' dir='ltr'>multitudi-</span> 
     </span>
     <span class='ocr_line' id='line_1_39' title="bbox 127 2601 1140 2652; baseline 0 -14"><span class='ocrx_word' id='word_1_272' title='bbox 127 2614 216 2638; x_wconf 90' lang='lat' dir='ltr'>nem</span> <span class='ocrx_word' id='word_1_273' title='bbox 238 2616 246 2638; x_wconf 86' lang='lat'>:</span> <span class='ocrx_word' id='word_1_274' title='bbox 268 2601 308 2638; x_wconf 91' lang='lat' dir='ltr'>in</span> <span class='ocrx_word' id='word_1_275' title='bbox 335 2601 437 2652; x_wconf 87' lang='lat' dir='ltr'>ipsas</span> <span class='ocrx_word' id='word_1_276' title='bbox 461 2603 638 2640; x_wconf 76' lang='lat' dir='ltr'>Ecclesiae</span> <span class='ocrx_word' id='word_1_277' title='bbox 666 2603 864 2640; x_wconf 88' lang='lat' dir='ltr'>columnas</span> <span class='ocrx_word' id='word_1_278' title='bbox 893 2603 982 2639; x_wconf 79' lang='lat' dir='ltr'>volo</span> <span class='ocrx_word' id='word_1_279' title='bbox 1008 2602 1140 2638; x_wconf 87' lang='lat' dir='ltr'>oculos</span> 
     </span>
     <span class='ocr_line' id='line_1_40' title="bbox 127 2662 1140 2710; baseline 0 -12"><span class='ocrx_word' id='word_1_280' title='bbox 127 2662 243 2699; x_wconf 90' lang='lat' dir='ltr'>leves.</span> <span class='ocrx_word' id='word_1_281' title='bbox 262 2664 385 2710; x_wconf 85' lang='lat' dir='ltr'>Quem</span> <span class='ocrx_word' id='word_1_282' title='bbox 415 2663 508 2700; x_wconf 87' lang='lat' dir='ltr'>mihi</span> <span class='ocrx_word' id='word_1_283' title='bbox 536 2663 716 2700; x_wconf 88' lang='lat' dir='ltr'>ostendas</span> <span class='ocrx_word' id='word_1_284' title='bbox 735 2663 796 2700; x_wconf 82' lang='lat' dir='ltr'>vel</span> <span class='ocrx_word' id='word_1_285' title='bbox 818 2663 864 2700; x_wconf 87' lang='lat' dir='ltr'>de</span> <span class='ocrx_word' id='word_1_286' title='bbox 889 2663 1044 2700; x_wconf 87' lang='lat' dir='ltr'>illorum</span> <span class='ocrx_word' id='word_1_287' title='bbox 1063 2675 1140 2699; x_wconf 88' lang='lat' dir='ltr'>nu-</span> 
     </span>
     <span class='ocr_line' id='line_1_41' title="bbox 129 2722 1141 2774; baseline -0.002 -14"><span class='ocrx_word' id='word_1_288' title='bbox 129 2735 252 2769; x_wconf 87' lang='lat' dir='ltr'>mero,</span> <span class='ocrx_word' id='word_1_289' title='bbox 268 2722 334 2772; x_wconf 90' lang='lat' dir='ltr'>qui</span> <span class='ocrx_word' id='word_1_290' title='bbox 347 2722 528 2760; x_wconf 87' lang='lat' dir='ltr'>videntur</span> <span class='ocrx_word' id='word_1_291' title='bbox 547 2723 625 2760; x_wconf 88' lang='lat' dir='ltr'>dati</span> <span class='ocrx_word' id='word_1_292' title='bbox 645 2724 684 2760; x_wconf 91' lang='lat' dir='ltr'>in</span> <span class='ocrx_word' id='word_1_293' title='bbox 704 2724 826 2761; x_wconf 87' lang='lat' dir='ltr'>lucem</span> <span class='ocrx_word' id='word_1_294' title='bbox 849 2724 1019 2774; x_wconf 82' lang='lat' dir='ltr'>gentium</span> <span class='ocrx_word' id='word_1_295' title='bbox 1032 2753 1040 2769; x_wconf 92' lang='lat'>‚</span> <span class='ocrx_word' id='word_1_296' title='bbox 1062 2735 1141 2759; x_wconf 89' lang='lat' dir='ltr'>non</span> 
     </span>
     <span class='ocr_line' id='line_1_42' title="bbox 130 2782 1142 2834; baseline -0.001 -15"><span class='ocrx_word' id='word_1_297' title='bbox 130 2782 250 2833; x_wconf 82' lang='lat' dir='ltr'>magis</span> <span class='ocrx_word' id='word_1_298' title='bbox 277 2782 325 2819; x_wconf 89' lang='lat' dir='ltr'>de</span> <span class='ocrx_word' id='word_1_299' title='bbox 358 2782 513 2820; x_wconf 89' lang='lat' dir='ltr'>sublimi</span> <span class='ocrx_word' id='word_1_300' title='bbox 545 2784 777 2830; x_wconf 84' lang='lat' dir='ltr'>fumantem,</span> <span class='ocrx_word' id='word_1_301' title='bbox 804 2797 917 2834; x_wconf 87' lang='lat' dir='ltr'>quam</span> <span class='ocrx_word' id='word_1_302' title='bbox 940 2783 1142 2820; x_wconf 85' lang='lat' dir='ltr'>flamman-</span> 
     </span>
    </p>
   </div>
   <div class='ocr_carea' id='block_1_12' title="bbox 1195 2111 2212 2831">
    <p class='ocr_par' dir='ltr' id='par_1_12' title="bbox 1195 2111 2212 2831">
     <span class='ocr_line' id='line_1_43' title="bbox 1196 2111 2202 2155; baseline -0.008 -2"><span class='ocrx_word' id='word_1_303' title='bbox 1196 2118 1286 2154; x_wconf 87' lang='lat' dir='ltr'>item</span> <span class='ocrx_word' id='word_1_304' title='bbox 1319 2116 1384 2152; x_wconf 83' lang='lat' dir='ltr'>das</span> <span class='ocrx_word' id='word_1_305' title='bbox 1411 2114 1504 2151; x_wconf 89' lang='lat' dir='ltr'>mihi</span> <span class='ocrx_word' id='word_1_306' title='bbox 1530 2121 1750 2150; x_wconf 88' lang='lat' dir='ltr'>contentum</span> <span class='ocrx_word' id='word_1_307' title='bbox 1773 2111 2014 2155; x_wconf 83' lang='lat' dir='ltr'>necessariis,</span> <span class='ocrx_word' id='word_1_308' title='bbox 2031 2118 2202 2146; x_wconf 90' lang='lat' dir='ltr'>contem-</span> 
     </span>
     <span class='ocr_line' id='line_1_44' title="bbox 1195 2169 2202 2227; baseline -0.011 -13"><span class='ocrx_word' id='word_1_309' title='bbox 1195 2186 1347 2227; x_wconf 86' lang='lat' dir='ltr'>ptorem</span> <span class='ocrx_word' id='word_1_310' title='bbox 1377 2173 1687 2225; x_wconf 74' lang='lat' dir='ltr'>superfluorum?</span> <span class='ocrx_word' id='word_1_311' title='bbox 1716 2175 1795 2208; x_wconf 75' lang='lat' dir='ltr'>Lex</span> <span class='ocrx_word' id='word_1_312' title='bbox 1816 2178 1872 2206; x_wconf 87' lang='lat' dir='ltr'>est</span> <span class='ocrx_word' id='word_1_313' title='bbox 1901 2178 2025 2206; x_wconf 84' lang='lat' dir='ltr'>tamen</span> <span class='ocrx_word' id='word_1_314' title='bbox 2046 2169 2202 2218; x_wconf 59' lang='lat' dir='ltr'>praefixa</span> 
     </span>
     <span class='ocr_line' id='line_1_45' title="bbox 1199 2228 2206 2288; baseline -0.014 -12"><span class='ocrx_word' id='word_1_315' title='bbox 1199 2238 1246 2276; x_wconf 83' lang='lat' dir='ltr'>ab</span> <span class='ocrx_word' id='word_1_316' title='bbox 1274 2237 1472 2288; x_wconf 83' lang='lat' dir='ltr'>Apostolis</span> <span class='ocrx_word' id='word_1_317' title='bbox 1503 2233 1776 2285; x_wconf 79' lang='lat' dir='ltr'>Apostolorum</span> <span class='ocrx_word' id='word_1_318' title='bbox 1810 2228 2089 2267; x_wconf 86' lang='lat' dir='ltr'>successoribus</span> <span class='ocrx_word' id='word_1_319' title='bbox 2111 2243 2118 2264; x_wconf 93' lang='lat'>:</span> <span class='ocrx_word' id='word_1_320' title='bbox 2142 2231 2206 2262; x_wconf 72' lang='lat' dir='ltr'>Vi-</span> 
     </span>
     <span class='ocr_line' id='line_1_46' title="bbox 1207 2290 2206 2339; baseline -0.013 -4"><span class='ocrx_word' id='word_1_321' title='bbox 1207 2309 1303 2335; x_wconf 78' lang='lat' dir='ltr'>ctum</span> <span class='ocrx_word' id='word_1_322' title='bbox 1336 2308 1371 2334; x_wconf 81' lang='lat' dir='ltr'>et</span> <span class='ocrx_word' id='word_1_323' title='bbox 1399 2300 1572 2334; x_wconf 74' lang='lat' dir='ltr'>vestitum</span> <span class='ocrx_word' id='word_1_324' title='bbox 1599 2293 1791 2336; x_wconf 72' lang='lat' dir='ltr'>habentes,</span> <span class='ocrx_word' id='word_1_325' title='bbox 1817 2290 2011 2339; x_wconf 86' lang='lat' dir='ltr'>inquiunt,</span> <span class='ocrx_word' id='word_1_326' title='bbox 2032 2290 2088 2324; x_wconf 76' lang='lat' dir='ltr'>lu&#39;s</span> <span class='ocrx_word' id='word_1_327' title='bbox 2119 2302 2206 2323; x_wconf 83' lang='lat' dir='ltr'>con-</span> 
     </span>
     <span class='ocr_line' id='line_1_47' title="bbox 1207 2349 2207 2397; baseline -0.014 0"><span class='ocrx_word' id='word_1_328' title='bbox 1207 2364 1425 2397; x_wconf 58' lang='lat' dir='ltr'>tenuamus</span> <span class='ocrx_word' id='word_1_329' title='bbox 1440 2357 1466 2394; x_wconf 72' lang='lat'>5.</span> <span class='ocrx_word' id='word_1_330' title='bbox 1486 2356 1561 2395; x_wconf 72' lang='lat' dir='ltr'>[bi</span> <span class='ocrx_word' id='word_1_331' title='bbox 1583 2356 1702 2392; x_wconf 83' lang='lat' dir='ltr'>forma</span> <span class='ocrx_word' id='word_1_332' title='bbox 1716 2354 1819 2389; x_wconf 78' lang='lat' dir='ltr'>haec?</span> <span class='ocrx_word' id='word_1_333' title='bbox 1836 2355 1879 2388; x_wconf 89' lang='lat' dir='ltr'>In</span> <span class='ocrx_word' id='word_1_334' title='bbox 1898 2350 2002 2386; x_wconf 83' lang='lat' dir='ltr'>libris</span> <span class='ocrx_word' id='word_1_335' title='bbox 2020 2349 2207 2386; x_wconf 83' lang='lat' dir='ltr'>cemimus</span> 
     </span>
     <span class='ocr_line' id='line_1_48' title="bbox 1209 2408 2206 2466; baseline -0.014 -9"><span class='ocrx_word' id='word_1_336' title='bbox 1209 2434 1306 2466; x_wconf 84' lang='lat' dir='ltr'>eam,</span> <span class='ocrx_word' id='word_1_337' title='bbox 1324 2418 1388 2456; x_wconf 88' lang='lat' dir='ltr'>sed</span> <span class='ocrx_word' id='word_1_338' title='bbox 1406 2431 1484 2454; x_wconf 90' lang='lat' dir='ltr'>non</span> <span class='ocrx_word' id='word_1_339' title='bbox 1502 2417 1540 2453; x_wconf 89' lang='lat' dir='ltr'>in</span> <span class='ocrx_word' id='word_1_340' title='bbox 1556 2415 1658 2451; x_wconf 70' lang='lat' dir='ltr'>viris.</span> <span class='ocrx_word' id='word_1_341' title='bbox 1678 2412 1802 2450; x_wconf 85' lang='lat' dir='ltr'>Habes</span> <span class='ocrx_word' id='word_1_342' title='bbox 1819 2424 1909 2447; x_wconf 66' lang='lat' dir='ltr'>vero</span> <span class='ocrx_word' id='word_1_343' title='bbox 1926 2410 1970 2446; x_wconf 86' lang='lat' dir='ltr'>de</span> <span class='ocrx_word' id='word_1_344' title='bbox 1982 2408 2101 2458; x_wconf 85' lang='lat' dir='ltr'>justo,</span> <span class='ocrx_word' id='word_1_345' title='bbox 2118 2408 2206 2458; x_wconf 87' lang='lat' dir='ltr'>quia</span> 
     </span>
     <span class='ocr_line' id='line_1_49' title="bbox 1205 2468 2204 2525; baseline -0.014 -8"><span class='ocrx_word' id='word_1_346' title='bbox 1205 2484 1269 2517; x_wconf 67' lang='lat' dir='ltr'>lez·</span> <span class='ocrx_word' id='word_1_347' title='bbox 1285 2483 1355 2516; x_wconf 81' lang='lat' dir='ltr'>Dei</span> <span class='ocrx_word' id='word_1_348' title='bbox 1375 2480 1451 2525; x_wconf 76' lang='lat' dir='ltr'>ejus</span> <span class='ocrx_word' id='word_1_349' title='bbox 1473 2483 1510 2512; x_wconf 82' lang='grc' dir='ltr'><em>ιή</em></span> <span class='ocrx_word' id='word_1_350' title='bbox 1534 2477 1641 2512; x_wconf 75' lang='lat' dir='ltr'>corde</span> <span class='ocrx_word' id='word_1_351' title='bbox 1664 2478 1777 2523; x_wconf 65' lang='lat' dir='ltr'>ipsius</span> <span class='ocrx_word' id='word_1_352' title='bbox 1790 2479 1816 2517; x_wconf 74' lang='grc'>7,</span> <span class='ocrx_word' id='word_1_353' title='bbox 1840 2480 1876 2508; x_wconf 92' lang='lat' dir='ltr'>et</span> <span class='ocrx_word' id='word_1_354' title='bbox 1901 2483 1978 2506; x_wconf 91' lang='lat' dir='ltr'>non</span> <span class='ocrx_word' id='word_1_355' title='bbox 1999 2470 2037 2505; x_wconf 91' lang='lat' dir='ltr'>in</span> <span class='ocrx_word' id='word_1_356' title='bbox 2065 2468 2204 2505; x_wconf 87' lang='lat' dir='ltr'>codice.</span> 
     </span>
     <span class='ocr_line' id='line_1_50' title="bbox 1205 2531 2211 2589; baseline -0.016 -11"><span class='ocrx_word' id='word_1_357' title='bbox 1205 2545 1282 2579; x_wconf 72' lang='lat' dir='ltr'>Nec</span> <span class='ocrx_word' id='word_1_358' title='bbox 1307 2537 1555 2589; x_wconf 87' lang='lat' dir='ltr'>perfectionis</span> <span class='ocrx_word' id='word_1_359' title='bbox 1584 2536 1613 2572; x_wconf 88' lang='lat' dir='ltr'>is</span> <span class='ocrx_word' id='word_1_360' title='bbox 1637 2533 1786 2584; x_wconf 70' lang='lat' dir='ltr'>gradus.</span> <span class='ocrx_word' id='word_1_361' title='bbox 1810 2531 2001 2568; x_wconf 85' lang='lat' dir='ltr'>Perfectus</span> <span class='ocrx_word' id='word_1_362' title='bbox 2026 2541 2151 2565; x_wconf 87' lang='lat' dir='ltr'>carere</span> <span class='ocrx_word' id='word_1_363' title='bbox 2173 2536 2211 2563; x_wconf 83' lang='lat' dir='ltr'>et</span> 
     </span>
     <span class='ocr_line' id='line_1_51' title="bbox 1207 2589 2206 2648; baseline -0.016 -9"><span class='ocrx_word' id='word_1_364' title='bbox 1207 2600 1427 2639; x_wconf 78' lang='lat' dir='ltr'>necessariis</span> <span class='ocrx_word' id='word_1_365' title='bbox 1452 2606 1604 2648; x_wconf 84' lang='lat' dir='ltr'>paratus</span> <span class='ocrx_word' id='word_1_366' title='bbox 1626 2603 1691 2632; x_wconf 93' lang='lat' dir='ltr'>est.</span> <span class='ocrx_word' id='word_1_367' title='bbox 1722 2599 1770 2630; x_wconf 79' lang='lat' dir='ltr'>At</span> <span class='ocrx_word' id='word_1_368' title='bbox 1790 2592 1901 2642; x_wconf 75' lang='lat' dir='ltr'>gratis</span> <span class='ocrx_word' id='word_1_369' title='bbox 1922 2589 2033 2626; x_wconf 88' lang='lat' dir='ltr'>istud.</span> <span class='ocrx_word' id='word_1_370' title='bbox 2052 2589 2206 2626; x_wconf 77' lang='lat' dir='ltr'>[tinam</span> 
     </span>
     <span class='ocr_line' id='line_1_52' title="bbox 1208 2648 2208 2712; baseline -0.017 -13"><span class='ocrx_word' id='word_1_371' title='bbox 1208 2659 1410 2712; x_wconf 85' lang='lat' dir='ltr'>superfluis</span> <span class='ocrx_word' id='word_1_372' title='bbox 1430 2666 1595 2709; x_wconf 85' lang='lat' dir='ltr'>ponatur</span> <span class='ocrx_word' id='word_1_373' title='bbox 1626 2653 1778 2691; x_wconf 71' lang='lat' dir='ltr'>modus!</span> <span class='ocrx_word' id='word_1_374' title='bbox 1800 2651 1943 2687; x_wconf 86' lang='lat' dir='ltr'>utinam</span> <span class='ocrx_word' id='word_1_375' title='bbox 1974 2661 2051 2685; x_wconf 90' lang='lat' dir='ltr'>non</span> <span class='ocrx_word' id='word_1_376' title='bbox 2078 2648 2208 2697; x_wconf 89' lang='lat' dir='ltr'>cupia-</span> 
     </span>
     <span class='ocr_line' id='line_1_53' title="bbox 1208 2707 2211 2762; baseline -0.017 -3"><span class='ocrx_word' id='word_1_377' title='bbox 1208 2735 1293 2759; x_wconf 90' lang='lat' dir='ltr'>mus</span> <span class='ocrx_word' id='word_1_378' title='bbox 1310 2721 1348 2757; x_wconf 90' lang='lat' dir='ltr'>in</span> <span class='ocrx_word' id='word_1_379' title='bbox 1371 2719 1581 2756; x_wconf 78' lang='lat' dir='ltr'>infinitum!</span> <span class='ocrx_word' id='word_1_380' title='bbox 1606 2714 1677 2752; x_wconf 88' lang='lat' dir='ltr'>Sed</span> <span class='ocrx_word' id='word_1_381' title='bbox 1691 2712 1807 2762; x_wconf 74' lang='lat' dir='ltr'>quid?</span> <span class='ocrx_word' id='word_1_382' title='bbox 1824 2715 1935 2748; x_wconf 88' lang='lat' dir='ltr'>Forte</span> <span class='ocrx_word' id='word_1_383' title='bbox 1956 2708 2126 2758; x_wconf 85' lang='lat' dir='ltr'>reperias</span> <span class='ocrx_word' id='word_1_384' title='bbox 2146 2707 2211 2756; x_wconf 89' lang='lat' dir='ltr'>qui</span> 
     </span>
     <span class='ocr_line' id='line_1_54' title="bbox 1209 2766 2212 2831; baseline -0.018 -11"><span class='ocrx_word' id='word_1_385' title='bbox 1209 2785 1282 2820; x_wconf 87' lang='lat' dir='ltr'>hoc</span> <span class='ocrx_word' id='word_1_386' title='bbox 1307 2781 1450 2831; x_wconf 72' lang='lat' dir='ltr'>possit?</span> <span class='ocrx_word' id='word_1_387' title='bbox 1476 2778 1516 2815; x_wconf 89' lang='lat' dir='ltr'>Id</span> <span class='ocrx_word' id='word_1_388' title='bbox 1539 2775 1689 2825; x_wconf 88' lang='lat' dir='ltr'>quidem</span> <span class='ocrx_word' id='word_1_389' title='bbox 1713 2771 1889 2808; x_wconf 79' lang='lat' dir='ltr'>difficile:</span> <span class='ocrx_word' id='word_1_390' title='bbox 1915 2769 1979 2806; x_wconf 88' lang='lat' dir='ltr'>sed</span> <span class='ocrx_word' id='word_1_391' title='bbox 2004 2767 2091 2804; x_wconf 71' lang='lat' dir='ltr'>vide</span> <span class='ocrx_word' id='word_1_392' title='bbox 2121 2766 2212 2816; x_wconf 87' lang='lat' dir='ltr'>quid</span> 
     </span>
    </p>
   </div>
   <div class='ocr_carea' id='block_1_13' title="bbox 132 2827 2210 2894">
    <p class='ocr_par' dir='ltr' id='par_1_13' title="bbox 132 2827 2210 2894">
     <span class='ocr_line' id='line_1_55' title="bbox 132 2827 2210 2894; baseline -0.009 -14"><span class='ocrx_word' id='word_1_393' title='bbox 132 2851 207 2880; x_wconf 84' lang='lat' dir='ltr'>tem</span> <span class='ocrx_word' id='word_1_394' title='bbox 220 2844 235 2879; x_wconf 67' lang='grc' dir='ltr'><strong>ἓ</strong></span> <span class='ocrx_word' id='word_1_395' title='bbox 248 2845 347 2879; x_wconf 74' lang='lat' dir='ltr'>Etsi</span> <span class='ocrx_word' id='word_1_396' title='bbox 362 2846 487 2880; x_wconf 85' lang='lat' dir='ltr'>lumen</span> <span class='ocrx_word' id='word_1_397' title='bbox 502 2847 603 2893; x_wconf 81' lang='lat' dir='ltr'>quod</span> <span class='ocrx_word' id='word_1_398' title='bbox 620 2849 658 2880; x_wconf 68' lang='lat' dir='ltr'>In</span> <span class='ocrx_word' id='word_1_399' title='bbox 681 2854 715 2880; x_wconf 80' lang='lat' dir='ltr'>te</span> <span class='ocrx_word' id='word_1_400' title='bbox 733 2853 804 2889; x_wconf 81' lang='lat' dir='ltr'>est,</span> <span class='ocrx_word' id='word_1_401' title='bbox 825 2845 969 2894; x_wconf 85' lang='lat' dir='ltr'>inquit,</span> <span class='ocrx_word' id='word_1_402' title='bbox 983 2843 1148 2880; x_wconf 78' lang='lat' dir='ltr'>tenebroe</span> <span class='ocrx_word' id='word_1_403' title='bbox 1168 2843 1194 2878; x_wconf 95' lang='lat' dir='ltr'>C</span> <span class='ocrx_word' id='word_1_404' title='bbox 1213 2844 1369 2893; x_wconf 73' lang='lat' dir='ltr'>egimus.</span> <span class='ocrx_word' id='word_1_405' title='bbox 1391 2836 1660 2887; x_wconf 78' lang='lat' dir='ltr'>Quaerebamus</span> <span class='ocrx_word' id='word_1_406' title='bbox 1690 2833 1811 2868; x_wconf 68' lang='lat' dir='ltr'>virum</span> <span class='ocrx_word' id='word_1_407' title='bbox 1835 2830 2021 2879; x_wconf 89' lang='lat' dir='ltr'>optimum</span> <span class='ocrx_word' id='word_1_408' title='bbox 2034 2857 2042 2873; x_wconf 87' lang='lat'>,</span> <span class='ocrx_word' id='word_1_409' title='bbox 2068 2827 2210 2863; x_wconf 89' lang='lat' dir='ltr'>multo-</span> 
     </span>
    </p>
   </div>
   <div class='ocr_carea' id='block_1_14' title="bbox 130 2901 1143 3136">
    <p class='ocr_par' dir='ltr' id='par_1_14' title="bbox 130 2901 1143 3136">
     <span class='ocr_line' id='line_1_56' title="bbox 130 2901 1142 2951; baseline -0.001 -12"><span class='ocrx_word' id='word_1_410' title='bbox 130 2912 231 2947; x_wconf 81' lang='lat' dir='ltr'>sunt,</span> <span class='ocrx_word' id='word_1_411' title='bbox 250 2912 406 2951; x_wconf 81' lang='lat' dir='ltr'>quantoe</span> <span class='ocrx_word' id='word_1_412' title='bbox 426 2913 513 2940; x_wconf 79' lang='lat' dir='ltr'>sunt</span> <span class='ocrx_word' id='word_1_413' title='bbox 530 2903 693 2940; x_wconf 72' lang='lat' dir='ltr'>tenebroe</span> <span class='ocrx_word' id='word_1_414' title='bbox 706 2901 746 2939; x_wconf 83' lang='lat'>3?</span> <span class='ocrx_word' id='word_1_415' title='bbox 771 2904 850 2941; x_wconf 69' lang='lat' dir='ltr'>Nisi</span> <span class='ocrx_word' id='word_1_416' title='bbox 876 2912 918 2940; x_wconf 87' lang='lat' dir='ltr'>tu</span> <span class='ocrx_word' id='word_1_417' title='bbox 939 2904 1025 2940; x_wconf 89' lang='lat' dir='ltr'>illos</span> <span class='ocrx_word' id='word_1_418' title='bbox 1045 2903 1142 2939; x_wconf 84' lang='lat' dir='ltr'>forte</span> 
     </span>
     <span class='ocr_line' id='line_1_57' title="bbox 133 2963 1143 3016; baseline -0.001 -16"><span class='ocrx_word' id='word_1_419' title='bbox 133 2963 264 3014; x_wconf 90' lang='lat' dir='ltr'>(quod</span> <span class='ocrx_word' id='word_1_420' title='bbox 281 2977 361 3001; x_wconf 88' lang='lat' dir='ltr'>non</span> <span class='ocrx_word' id='word_1_421' title='bbox 381 2963 522 3016; x_wconf 88' lang='lat' dir='ltr'>credo)</span> <span class='ocrx_word' id='word_1_422' title='bbox 543 2965 672 3002; x_wconf 90' lang='lat' dir='ltr'>lucere</span> <span class='ocrx_word' id='word_1_423' title='bbox 693 2964 847 3011; x_wconf 79' lang='lat' dir='ltr'>dixeris,</span> <span class='ocrx_word' id='word_1_424' title='bbox 870 2965 935 3015; x_wconf 89' lang='lat' dir='ltr'>qui</span> <span class='ocrx_word' id='word_1_425' title='bbox 955 2973 1143 3014; x_wconf 78' lang='lat' dir='ltr'>quaestum</span> 
     </span>
     <span class='ocr_line' id='line_1_58' title="bbox 134 3024 1143 3076; baseline -0.001 -15"><span class='ocrx_word' id='word_1_426' title='bbox 134 3025 324 3062; x_wconf 86' lang='lat' dir='ltr'>aestimant</span> <span class='ocrx_word' id='word_1_427' title='bbox 342 3025 523 3075; x_wconf 85' lang='lat' dir='ltr'>pietatem</span> <span class='ocrx_word' id='word_1_428' title='bbox 540 3041 550 3073; x_wconf 93' lang='lat'>;</span> <span class='ocrx_word' id='word_1_429' title='bbox 575 3026 641 3076; x_wconf 90' lang='lat' dir='ltr'>qui</span> <span class='ocrx_word' id='word_1_430' title='bbox 661 3026 700 3062; x_wconf 90' lang='lat' dir='ltr'>in</span> <span class='ocrx_word' id='word_1_431' title='bbox 732 3025 954 3062; x_wconf 70' lang='lat' dir='ltr'>haereditate</span> <span class='ocrx_word' id='word_1_432' title='bbox 972 3024 1143 3071; x_wconf 80' lang='lat' dir='ltr'>Domini,</span> 
     </span>
     <span class='ocr_line' id='line_1_59' title="bbox 132 3085 1143 3136; baseline -0.001 -14"><span class='ocrx_word' id='word_1_433' title='bbox 132 3098 211 3123; x_wconf 90' lang='lat' dir='ltr'>non</span> <span class='ocrx_word' id='word_1_434' title='bbox 241 3098 327 3135; x_wconf 88' lang='lat' dir='ltr'>quae</span> <span class='ocrx_word' id='word_1_435' title='bbox 355 3086 532 3134; x_wconf 90' lang='lat' dir='ltr'>Domini,</span> <span class='ocrx_word' id='word_1_436' title='bbox 563 3085 630 3124; x_wconf 91' lang='lat' dir='ltr'>sed</span> <span class='ocrx_word' id='word_1_437' title='bbox 661 3086 780 3136; x_wconf 83' lang='lat' dir='ltr'>magis</span> <span class='ocrx_word' id='word_1_438' title='bbox 814 3099 899 3135; x_wconf 84' lang='lat' dir='ltr'>quae</span> <span class='ocrx_word' id='word_1_439' title='bbox 938 3098 1006 3122; x_wconf 86' lang='lat' dir='ltr'>sua</span> <span class='ocrx_word' id='word_1_440' title='bbox 1034 3093 1143 3131; x_wconf 86' lang='lat' dir='ltr'>sunt,</span> 
     </span>
    </p>
   </div>
   <div class='ocr_carea' id='block_1_15' title="bbox 185 3212 1921 3270">
    <p class='ocr_par' dir='ltr' id='par_1_15' title="bbox 185 3212 1921 3270">
     <span class='ocr_line' id='line_1_60' title="bbox 185 3212 1921 3270; baseline -0.014 -6"><span class='ocrx_word' id='word_1_441' title='bbox 185 3231 324 3263; x_wconf 76' lang='lat' dir='ltr'>¹Matth.</span> <span class='ocrx_word' id='word_1_442' title='bbox 339 3243 442 3270; x_wconf 70' lang='lat' dir='ltr'>unt,</span> <span class='ocrx_word' id='word_1_443' title='bbox 471 3234 524 3263; x_wconf 88' lang='lat'>12.</span> <span class='ocrx_word' id='word_1_444' title='bbox 544 3237 617 3254; x_wconf 85' lang='lat'>——2</span> <span class='ocrx_word' id='word_1_445' title='bbox 640 3230 795 3266; x_wconf 75' lang='lat' dir='ltr'>Jobxm,</span> <span class='ocrx_word' id='word_1_446' title='bbox 826 3232 878 3260; x_wconf 88' lang='grc'>13.</span> <span class='ocrx_word' id='word_1_447' title='bbox 897 3248 943 3251; x_wconf 91' lang='lat'>—</span> <span class='ocrx_word' id='word_1_448' title='bbox 960 3225 972 3248; x_wconf 82' lang='lat'>3</span> <span class='ocrx_word' id='word_1_449' title='bbox 993 3227 1108 3259; x_wconf 66' lang='lat' dir='ltr'>nauh.</span> <span class='ocrx_word' id='word_1_450' title='bbox 1129 3238 1178 3258; x_wconf 72' lang='lat' dir='ltr'>vr.</span> <span class='ocrx_word' id='word_1_451' title='bbox 1203 3222 1512 3255; x_wconf 36' lang='lat' dir='ltr'>23.-³&#39;1⁴uc.11r,</span> <span class='ocrx_word' id='word_1_452' title='bbox 1542 3219 1593 3247; x_wconf 69' lang='lat'>14.</span> <span class='ocrx_word' id='word_1_453' title='bbox 1611 3212 1921 3246; x_wconf 60' lang='lat' dir='ltr'>—515aixx1v,„.</span> 
     </span>
    </p>
   </div>
   <div class='ocr_carea' id='block_1_16' title="bbox 137 3285 571 3323">
    <p class='ocr_par' dir='ltr' id='par_1_16' title="bbox 137 3285 571 3323">
     <span class='ocr_line' id='line_1_61' title="bbox 137 3285 571 3323; baseline -0.007 -5"><span class='ocrx_word' id='word_1_454' title='bbox 137 3290 167 3318; x_wconf 89' lang='lat'>8.</span> <span class='ocrx_word' id='word_1_455' title='bbox 183 3305 228 3308; x_wconf 92' lang='lat'><strong>—</strong></span> <span class='ocrx_word' id='word_1_456' title='bbox 245 3291 259 3315; x_wconf 81' lang='grc' dir='ltr'><em>Ἰ</em></span> <span class='ocrx_word' id='word_1_457' title='bbox 276 3285 357 3316; x_wconf 83' lang='lat' dir='ltr'>Psal.</span> <span class='ocrx_word' id='word_1_458' title='bbox 371 3296 496 3323; x_wconf 62' lang='lat' dir='ltr'>xxxva,</span> <span class='ocrx_word' id='word_1_459' title='bbox 514 3288 571 3316; x_wconf 87' lang='lat'>31.</span> 
     </span>
    </p>
   </div>
   <div class='ocr_carea' id='block_1_17' title="bbox 182 3338 1185 3376">
    <p class='ocr_par' dir='ltr' id='par_1_17' title="bbox 182 3338 1185 3376">
     <span class='ocr_line' id='line_1_62' title="bbox 182 3338 1185 3376; baseline -0.01 0"><span class='ocrx_word' id='word_1_460' title='bbox 182 3348 194 3361; x_wconf 76' lang='lat'>⁸</span> <span class='ocrx_word' id='word_1_461' title='bbox 209 3347 240 3375; x_wconf 80' lang='lat' dir='ltr'>S.</span> <span class='ocrx_word' id='word_1_462' title='bbox 254 3343 427 3375; x_wconf 66' lang='lat' dir='ltr'>Malachiae</span> <span class='ocrx_word' id='word_1_463' title='bbox 449 3343 526 3375; x_wconf 82' lang='lat' dir='ltr'>obiit</span> <span class='ocrx_word' id='word_1_464' title='bbox 545 3354 628 3374; x_wconf 84' lang='lat' dir='ltr'>anno</span> <span class='ocrx_word' id='word_1_465' title='bbox 647 3345 733 3374; x_wconf 68' lang='lat'>1148</span> <span class='ocrx_word' id='word_1_466' title='bbox 748 3366 755 3376; x_wconf 84' lang='grc'>,</span> <span class='ocrx_word' id='word_1_467' title='bbox 776 3340 957 3371; x_wconf 67' lang='lat' dir='ltr'>novembris</span> <span class='ocrx_word' id='word_1_468' title='bbox 971 3339 1021 3369; x_wconf 78' lang='lat' dir='ltr'>die</span> <span class='ocrx_word' id='word_1_469' title='bbox 1039 3338 1185 3368; x_wconf 67' lang='lat' dir='ltr'>secunda.</span> 
     </span>
    </p>
   </div>
   <div class='ocr_carea' id='block_1_18' title="bbox 1211 2886 2210 3009">
    <p class='ocr_par' dir='ltr' id='par_1_18' title="bbox 1211 2886 2210 3009">
     <span class='ocr_line' id='line_1_63' title="bbox 1211 2886 2210 2940; baseline -0.02 0"><span class='ocrx_word' id='word_1_470' title='bbox 1211 2916 1294 2940; x_wconf 89' lang='lat' dir='ltr'>rum</span> <span class='ocrx_word' id='word_1_471' title='bbox 1312 2901 1552 2937; x_wconf 83' lang='lat' dir='ltr'>liberatorem</span> <span class='ocrx_word' id='word_1_472' title='bbox 1572 2910 1579 2930; x_wconf 92' lang='lat'><strong>:</strong></span> <span class='ocrx_word' id='word_1_473' title='bbox 1602 2902 1636 2929; x_wconf 89' lang='lat' dir='ltr'>et</span> <span class='ocrx_word' id='word_1_474' title='bbox 1659 2906 1743 2929; x_wconf 82' lang='lat' dir='ltr'>ecce</span> <span class='ocrx_word' id='word_1_475' title='bbox 1764 2889 1981 2926; x_wconf 83' lang='lat' dir='ltr'>laboramus</span> <span class='ocrx_word' id='word_1_476' title='bbox 2002 2887 2040 2923; x_wconf 85' lang='lat' dir='ltr'>in</span> <span class='ocrx_word' id='word_1_477' title='bbox 2061 2886 2210 2922; x_wconf 72' lang='lat' dir='ltr'>inveni-</span> 
     </span>
     <span class='ocr_line' id='line_1_64' title="bbox 1211 2945 2210 3009; baseline -0.02 -9"><span class='ocrx_word' id='word_1_478' title='bbox 1211 2963 1310 3001; x_wconf 87' lang='lat' dir='ltr'>endo</span> <span class='ocrx_word' id='word_1_479' title='bbox 1327 2990 1335 3005; x_wconf 86' lang='lat'>‚</span> <span class='ocrx_word' id='word_1_480' title='bbox 1356 2959 1420 3009; x_wconf 90' lang='lat' dir='ltr'>qui</span> <span class='ocrx_word' id='word_1_481' title='bbox 1438 2970 1476 2994; x_wconf 90' lang='lat' dir='ltr'>se</span> <span class='ocrx_word' id='word_1_482' title='bbox 1496 2957 1618 3006; x_wconf 88' lang='lat' dir='ltr'>ipsum</span> <span class='ocrx_word' id='word_1_483' title='bbox 1637 2953 1782 2990; x_wconf 70' lang='lat' dir='ltr'>salvum</span> <span class='ocrx_word' id='word_1_484' title='bbox 1804 2951 1924 2987; x_wconf 82' lang='lat' dir='ltr'>facere</span> <span class='ocrx_word' id='word_1_485' title='bbox 1947 2947 2077 2998; x_wconf 90' lang='lat' dir='ltr'>possit.</span> <span class='ocrx_word' id='word_1_486' title='bbox 2101 2945 2210 2995; x_wconf 90' lang='lat' dir='ltr'>Opti-</span> 
     </span>
    </p>
   </div>
   <div class='ocr_carea' id='block_1_19' title="bbox 1211 3008 2208 3126">
    <p class='ocr_par' dir='ltr' id='par_1_19' title="bbox 1211 3008 2208 3126">
     <span class='ocr_line' id='line_1_65' title="bbox 1211 3008 2048 3064; baseline -0.02 -4"><span class='ocrx_word' id='word_1_487' title='bbox 1211 3036 1294 3060; x_wconf 88' lang='lat' dir='ltr'>mus</span> <span class='ocrx_word' id='word_1_488' title='bbox 1316 3020 1428 3057; x_wconf 86' lang='lat' dir='ltr'>hodie</span> <span class='ocrx_word' id='word_1_489' title='bbox 1446 3025 1518 3062; x_wconf 87' lang='lat' dir='ltr'>est,</span> <span class='ocrx_word' id='word_1_490' title='bbox 1540 3015 1604 3064; x_wconf 89' lang='lat' dir='ltr'>qui</span> <span class='ocrx_word' id='word_1_491' title='bbox 1620 3026 1697 3050; x_wconf 92' lang='lat' dir='ltr'>non</span> <span class='ocrx_word' id='word_1_492' title='bbox 1715 3020 1771 3049; x_wconf 88' lang='lat' dir='ltr'>est</span> <span class='ocrx_word' id='word_1_493' title='bbox 1788 3010 1899 3047; x_wconf 89' lang='lat' dir='ltr'>nimis</span> <span class='ocrx_word' id='word_1_494' title='bbox 1918 3008 2048 3045; x_wconf 87' lang='lat' dir='ltr'>malus.</span> 
     </span>
     <span class='ocr_line' id='line_1_66' title="bbox 1264 3068 2208 3126; baseline -0.021 -8"><span class='ocrx_word' id='word_1_495' title='bbox 1264 3083 1298 3119; x_wconf 80' lang='lat'>2.</span> <span class='ocrx_word' id='word_1_496' title='bbox 1330 3078 1441 3118; x_wconf 75' lang='lat' dir='ltr'>[nde</span> <span class='ocrx_word' id='word_1_497' title='bbox 1472 3075 1651 3126; x_wconf 86' lang='lat' dir='ltr'>quoniam</span> <span class='ocrx_word' id='word_1_498' title='bbox 1694 3086 1714 3109; x_wconf 91' lang='lat' dir='ltr'>a</span> <span class='ocrx_word' id='word_1_499' title='bbox 1748 3080 1847 3108; x_wconf 84' lang='lat' dir='ltr'>terra</span> <span class='ocrx_word' id='word_1_500' title='bbox 1883 3068 2018 3106; x_wconf 83' lang='lat' dir='ltr'>defecit</span> <span class='ocrx_word' id='word_1_501' title='bbox 2046 3072 2208 3107; x_wconf 83' lang='lat' dir='ltr'>sanctus,</span> 
     </span>
    </p>
   </div>
   <div class='ocr_carea' id='block_1_20' title="bbox 1893 3203 2209 3245">
    <p class='ocr_par' dir='ltr' id='par_1_20' title="bbox 1893 3203 2209 3245">
     <span class='ocr_line' id='line_1_67' title="bbox 1893 3203 2209 3245; baseline -0.016 -11"><span class='ocrx_word' id='word_1_502' title='bbox 1893 3212 1908 3234; x_wconf 81' lang='lat'>¹)</span> <span class='ocrx_word' id='word_1_503' title='bbox 1943 3225 1979 3230; x_wconf 89' lang='lat'><em>-</em></span> <span class='ocrx_word' id='word_1_504' title='bbox 2001 3203 2143 3236; x_wconf 62' lang='lat' dir='ltr'>611‘im.</span> <span class='ocrx_word' id='word_1_505' title='bbox 2162 3212 2209 3245; x_wconf 62' lang='lat' dir='ltr'>vr,</span> 
     </span>
    </p>
   </div>
  </div>
 </body>
</html>
