2565 3952
87 207 160 244 385

1003 200 1266 236 EPISTOLAE.

2103 203 2177 241 3815

1100 275 1149 293 '‘⁴‘'
1169 276 1325 313 vestris!
1349 290 1371 312 o
1392 289 1507 326 quam
1536 277 1702 313 amarior
1732 278 1906 314 Ecclesia>
1932 292 2074 316 mceror
2095 291 2181 330 post

85 344 1097 362 ......................................................................
1118 336 1145 370 Α
1168 346 1273 374 tanta
1289 336 1489 388 Praelihata
1509 336 1643 386 gaudia
1658 365 1667 381 ’
1688 337 1718 373 Si
1734 337 1907 374 frustrari
1925 338 2044 388 (quod
2067 340 2177 376 absit¹¹

235 457 619 517 EPISTOLA
663 454 926 515 CLXX?

112 607 160 630 AD
180 605 401 629 LUDOVICUM
425 589 647 628 JUNIOREM*
668 603 798 626 REGI-:M
825 603 1069 627 FRANCORUM.

86 709 273 743 Electionem
291 708 455 741 Godefridi
471 707 586 740 Prioris
602 707 650 739 sui
667 707 700 739 in
724 708 907 750 episcopum
925 707 1100 749 Lingonen-

132 775 214 804 sem,
233 765 283 797 cui
302 768 369 796 Rex
386 763 545 796 adversari
565 763 648 795 visus
671 768 738 801 est,
757 762 915 794 x·i11dicare
931 762 1051 794 nititur.

142 890 176 926 1.
205 888 243 926 Si
271 896 373 925 totus
402 886 509 923 orbis
541 885 748 923 adversum
775 900 836 923 me
858 885 1100 936 conjuraret,

89 958 130 988 ut
149 949 345 1000 quidpiam
368 948 526 985 molirer
545 947 730 985 adversus
757 947 896 998 regiam
924 946 1102 997 majesta-

89 1020 188 1057 tem3
210 1023 280 1061 ego
301 1019 428 1047 tamen
452 1013 577 1047 Deum
600 1010 773 1046 timerem
792 1039 801 1057 ,
821 1018 854 1047 01
880 1009 1102 1046 ordinatum

1167 399 1371 449 contigerit
1389 406 1465 434 tam
1481 396 1655 446 jucunda
1678 410 1744 447 spe
1759 397 1960 447 singularis
1981 399 2104 448 clypei
2123 401 2178 436 sui

1163 467 1300 496 vestrae
1318 457 1479 503 indolis,
1499 457 1595 494 sicut
1609 457 1794 493 hactenus
1815 466 1871 493 est
1892 460 2072 508 experta!
2095 462 2180 495 Heu

1166 519 1311 556 corruit
1331 519 1440 568 virgo
1463 518 1663 556 Remensis
1689 518 1855 555 Ecclesia
1872 519 1910 564 *;
1935 532 2012 555 non
2042 527 2097 555 est
2116 520 2181 569 qui

1165 580 1342 618 sublevet
1366 593 1448 617 eam
1468 595 1475 617 :
1497 579 1645 616 corruit
1669 587 1706 615 et
1723 579 1998 629 Lingonensi53
2022 593 2099 616 non
2127 588 2183 616 cst

1167 642 1234 693 qui
1258 642 1432 693 porrigat
1455 655 1625 678 manum.
1647 645 1806 679 Avertat
1827 640 1956 677 divina
1983 640 2183 677 clementia

1167 717 1188 740 a
1213 702 1328 740 corde
1361 711 1399 740 et
1431 702 1591 739 consilio
1613 710 1742 739 vestro
1773 715 1888 752 super
1916 701 2091 738 dolorem
2114 715 2185 737 no-

1167 773 1289 801 strum
1307 762 1491 813 adjicere,
1513 763 1709 800 cumulare
1731 762 1921 800 tristitiam
1940 775 2056 812 super
2077 761 2188 798 tristi-

1169 826 1272 862 tiam.
1294 826 1388 874 Quis
1405 825 1497 862 mihi
1511 823 1656 862 tribnat
1669 824 1766 861 mori
1781 854 1790 870 ,
1806 837 1853 860 ne
1873 823 2024 860 videam
2043 826 2185 873 Regem

1168 885 1282 923 bonae
1301 886 1515 937 opinionis,
1543 885 1610 923 sed
1639 885 1720 935 spei
1745 884 1933 931 melioris,
1958 884 2090 921 conari
2116 885 2185 921 Dei

1169 948 1330 985 consilio
1358 947 1539 993 obviare,
1562 947 1714 984 irritare
1736 946 1919 983 adversus
1940 946 2188 995 semetipsum

1170 1009 1310 1046 summi
1330 1008 1474 1047 Judicis
1496 1008 1612 1055 iram,
1636 1006 1755 1058 pedes
1777 1006 1899 1044 Patris
1923 1006 2187 1057 orphanorum

89 1070 136 1109 ab
167 1084 213 1108 eo
239 1084 367 1121 regem
395 1070 594 1107 offendere
626 1078 769 1107 temere
800 1083 881 1106 non
905 1069 1100 1106 auderem.
1123 1070 1150 1105 B
1174 1069 1411 1107 madefacere
1427 1069 1606 1120 lacrymis
1624 1068 1878 1115 afflictorum,
1901 1068 2054 1118 pulsare
2075 1066 2192 1103 coelos

89 1136 166 1171 Nec
193 1132 296 1169 enim
329 1132 465 1182 ignoro
499 1131 567 1169 ubi
598 1131 787 1182 legerim:
823 1133 898 1178 (ὶαὶ
923 1137 1106 1181 potestati

89 1197 237 1240 resistit,
254 1196 326 1230 Dei
340 1195 576 1230 ordinationi
587 1198 724 1230 resI'stt'c
737 1199 760 1230 ¹.
780 1192 853 1231 Sed
872 1207 942 1230 nec
964 1207 1026 1230 me
1046 1194 1105 1230 la—

92 1262 161 1301 tet,
190 1267 304 1304 quam
334 1254 441 1291 omni
461 1253 690 1301 christiano,
708 1267 821 1304 quam
843 1268 936 1291 meze
964 1255 1104 1305 praeci-

91 1329 166 1367 pue
194 1315 425 1366 professioni
456 1316 611 1352 mentiri
638 1316 874 1352 contrarium
906 1316 965 1353 sit.
995 1316 1108 1354 Veri-

94 1385 206 1414 tatem
237 1376 343 1420 dico,
378 1389 456 1413 non
484 1376 681 1413 mentior:
709 1375 815 1426 quod
846 1376 1030 1426 Lingonis
1060 1376 1107 1413 de

93 1437 222 1476 Priore
243 1445 377 1474 nostro
399 1437 541 1474 factum
563 1438 653 1475 est*
668 1466 677 1483 ,
701 1445 842 1487 praeter
859 1450 967 1487 spem
982 1466 991 1484 ,
1010 1450 1111 1488 prce-

96 1506 151 1536 ter
176 1498 428 1535 intentionem
451 1497 725 1549 episcoporum
746 1506 784 1534 et
813 1511 937 1534 meam
968 1498 1110 1534 sactum

95 1567 161 1597 est.
183 1559 256 1597 Sed
279 1567 336 1596 est
365 1559 430 1610 qui
454 1559 670 1596 nolentium
697 1558 868 1609 quodam
896 1559 1015 1596 modo
1043 1572 1112 1596 ex—

96 1628 248 1671 torquet
267 1633 482 1667 assensum,
504 1628 542 1657 et
562 1633 632 1657 suo
653 1619 815 1657 arbitrio
836 1620 954 1657 etiam
977 1620 1111 1657 adver-

96 1695 153 1720 sas
176 1681 375 1719 hominum
405 1681 644 1728 voluntates,
673 1689 792 1731 prout
823 1681 929 1728 vult,
956 1679 1112 1718 subser-

97 1743 176 1781 vire
198 1743 408 1794 compellit.
439 1743 603 1792 Quando
636 1743 738 1780 enim
770 1755 841 1793 ego
874 1741 1111 1793 periculum,

97 1802 201 1854 quod
230 1803 322 1841 mihi
353 1803 488 1851 timui,
518 1804 574 1841 illi
610 1817 718 1854 aeque
750 1817 829 1841 non
872 1811 1110 1850 metuerem,

1172 1130 1406 1168 clamoribus
1447 1143 1662 1182 pauperum
1677 1158 1686 1175 ,
1727 1137 1949 1166 sanctorum
1988 1126 2168 1178 precibus
2183 1155 2192 1173 ‚

1168 1191 1358 1242 justisque
1386 1192 1639 1243 querimoniis
1660 1191 1891 1228 charissimae
1912 1202 2062 1239 sponsae
2084 1188 2194 1226 Chri-

1173 1253 1242 1299 sti,
1261 1267 1345 1303 quae
1364 1262 1420 1290 est
1436 1253 1604 1290 Ecclesia
1619 1252 1690 1289 Dei
1711 1251 1898 1288 viventis?
1917 1249 2049 1296 Absit,
2071 1248 2169 1285 absit
2186 1263 2193 1284 ε

1175 1314 1335 1351 meliora
1373 1326 1572 1364 speramus
1593 1342 1602 1359 ,
1641 1320 1908 1362 exspectamus
1950 1309 2194 1360 jucundiora.

1175 1380 1262 1413 Non
1289 1374 1540 1412 obliviscetur
1560 1373 1733 1411 misereri
1749 1377 1871 1418 Deus,
1892 1385 1963 1408 nec
1987 1369 2200 1407 continebit

1177 1437 1214 1473 in
1242 1437 1298 1473 ira
1324 1448 1392 1473 sua
1410 1434 1692 1472 misericordias
1718 1446 1816 1470 suas.
1847 1436 1933 1470 Xon
1958 1430 2199 1468 contristabit

1179 1511 1248 1549 per
1262 1497 1369 1534 illum
1385 1505 1423 1534 et
1445 1496 1491 1533 de
1515 1496 1581 1532 illo
1606 1494 1814 1533 Ecclesiam
1837 1507 1942 1531 suam
1958 1522 1966 1538 ‚
1992 1506 2063 1543 per
2085 1506 2199 1542 quem

1178 1558 1284 1595 etde
1313 1557 1452 1608 quoin
1482 1556 1596 1593 tantis
1619 1555 1699 1606 jam
1726 1555 1945 1592 laetificavit.
1974 1556 2097 1602 Quem
2128 1566 2197 1590 suo

1179 1633 1340 1657 munere
1358 1618 1540 1665 contulit,
1560 1631 1628 1656 sua
1643 1617 1933 1668 longanimitate
1949 1614 2118 1653 servabit
2135 1629 2142 1651 :
2165 1622 2203 1650 et

1179 1681 1210 1718 si
1231 1680 1324 1731 quid
1345 1680 1454 1717 aliter
1474 1678 1607 1730 sapitis
1620 1708 1630 1723 ,
1653 1686 1691 1715 et
1710 1678 1784 1714 hoc
1804 1677 1932 1727 ipsum
1955 1674 2066 1712 vobis
2090 1687 2200 1711 reve-

1180 1741 1292 1789 labit,
1313 1749 1350 1778 01
1369 1740 1520 1778 erudiet
1541 1738 1658 1779 corde
1682 1739 1720 1775 in
1750 1737 1948 1788 sapientia.
1976 1740 2060 1774 Hoc
2088 1744 2201 1785 opta—

1181 1817 1265 1840 mus
1281 1831 1290 1849 ,
1314 1802 1388 1839 1100
1409 1815 1564 1839 oramus
1591 1800 1651 1837 die
1677 1814 1719 1837 ac
1741 1808 1864 1836 nocte.
1889 1802 1972 1836 Hoc
1993 1797 2128 1834 sentite
2155 1795 2202 1832 dc

99 1877 211 1915 quem
237 1863 353 1914 diligo
380 1873 565 1916 tanquam
586 1877 647 1901 me
664 1864 815 1915 ipsum?
848 1863 1012 1913 Quando
1043 1878 1113 1915 ego
1136 1865 1163 1902 C
1183 1863 1319 1910 nobis,
1345 1863 1418 1901 1100
1436 1863 1572 1900 5001110
1599 1861 1646 1898 110
1671 1860 1823 1898 nostris.
1858 1863 1944 1897 Non
1973 1858 2204 1908 infringetur

98 1925 250 1962 illorum
266 1925 506 1963 consortium
524 1939 603 1963 non
624 1925 822 1962 horrerem
837 1954 847 1972 ,
868 1925 935 1976 qui
956 1925 1115 1976 alligant

99 1999 214 2023 onera
229 1986 360 2036 gravia
379 1995 417 2024 et
444 1985 730 2037 importabilia,
752 1995 790 2023 et
809 1986 1019 2038 imponunt
1040 1987 1115 2024 hu-

101 2046 211 2084 meris
234 2046 457 2095 hominum,
490 2046 610 2097 digito
639 2055 768 2084 autem
805 2060 875 2084 suo
904 2048 1046 2084 nolunt
1072 2060 1116 2084 ea

82 2109 279 2160 *moverei’
300 2111 459 2146 Factum
485 2116 543 2145 est
569 2116 699 2144 tamen
725 2107 832 2158 quod
855 2108 996 2145 factum
1021 2117 1078 2145 est
1105 2123 1113 2145 ε

102 2176 232 2206 contra
246 2182 316 2206 vos
336 2169 444 2216 nihil,
461 2177 596 2206 contra
614 2182 674 2206 me
693 2168 919 2219 plurimum.
938 2169 1030 2206 Mihi
1048 2169 1118 2206 ba-

103 2229 208 2267 culus
233 2229 503 2268 imbecillitatis
529 2243 624 2267 meae
647 2229 821 2268 sublatus
841 2239 899 2268 est
914 2260 923 2277 ,
945 2231 1039 2268 mihi
1059 2232 1120 2268 lu—

104 2303 188 2328 men
227 2291 430 2329 oculorum
471 2305 648 2329 meorum
682 2300 861 2342 ereptum
906 2300 986 2339 est,
1027 2292 1120 2329 mihi

105 2349 307 2389 abscissum
341 2351 523 2390 dextrum
556 2351 759 2389 brachium
802 2365 944 2389 meum.
981 2352 1120 2390 Omnia

104 2413 247 2450 excelsa
265 2413 337 2450 ista
354 2422 393 2451 et
409 2413 550 2450 fluctus
569 2413 632 2450 isti
657 2426 775 2463 super
791 2426 852 2449 me
872 2412 1118 2450 transierunt.

105 2476 148 2511 In
168 2487 228 2511 me
244 2475 479 2512 transierunt
500 2475 566 2512 irae
585 2489 593 2512 :
618 2474 712 2511 mihi
737 2473 926 2511 evadendi
947 2474 1053 2510 nulla
1073 2486 1121 2510 ex

106 2542 211 2584 parte
229 2543 332 2586 patet
344 2536 418 2573 via.
434 2535 549 2574 Unde
564 2549 684 2573 onera
698 2535 802 2586 fugio
813 2565 822 2583 ,
840 2535 931 2572 inde
946 2543 983 2571 et
1000 2533 1120 2572 subeo

105 2594 243 2633 invitus
262 2605 300 2633 et
320 2597 504 2647 ingratus.
537 2600 688 2634 Durum
717 2596 809 2633 mihi
831 2596 956 2633 sentio
984 2603 1121 2632 contra

1182 1925 1323 1962 veritas
1350 1924 1432 1961 haec
1462 1924 1500 1960 in
1534 1921 1666 1969 nobis,
1688 1935 1767 1959 non
1799 1921 2052 1958 imminuetur
2081 1919 2207 1955 honor

1183 1986 1297 2036 Regis
1313 2015 1322 2032 ‚
1347 1985 1453 2036 regni
1476 1984 1623 2022 utilitas
1644 1997 1714 2034 per
1735 1996 1816 2020 nos.

1239 2048 1275 2084 3.
1305 2046 1455 2086 Gratias
1485 2054 1612 2082 autem
1642 2044 1789 2095 agimus
1821 2051 1958 2080 vestrae
1985 2041 2203 2081 Clementiae

1183 2122 1256 2160 pro
1273 2107 1443 2158 benigno
1464 2120 1665 2157 responso,
1680 2105 1786 2156 quod
1803 2119 1824 2142 a
1841 2112 1968 2141 vestra
1986 2104 2207 2154 dignatione

1186 2171 1410 2208 meruimus.
1430 2173 1706 2207 Verumtamen
1734 2167 1867 2204 dilatio
1890 2174 2009 2203 terret
2026 2180 2119 2214 nos,
2142 2168 2206 2217 qui

1185 2232 1364 2269 videmus
1395 2239 1536 2268 terram
1564 2230 1691 2266 datam
1730 2227 1871 2279 praedae
1907 2235 1945 2263 ct
1985 2226 2205 2278 direptioni.

1187 2296 1304 2329 Terra
1326 2300 1450 2328 vestra
1472 2298 1528 2328 est
1551 2305 1559 2327 :
1584 2298 1622 2326 et
1641 2290 1681 2326 in
1703 2289 1776 2325 hoc
1803 2288 1917 2338 plane
1941 2289 2209 2337 cognoscimus

1188 2362 1225 2390 et
1245 2353 1420 2389 dolemus
1438 2352 1605 2388 dedecus
1622 2350 1728 2401 regni
1747 2349 1888 2395 vestri,
1906 2348 2011 2398 quod
2036 2363 2105 2386 vos
2118 2348 2207 2398 jure

1189 2414 1398 2452 abliorrere
1419 2412 1628 2450 mandastis
1646 2441 1655 2459 ,
1677 2412 1707 2448 si
1740 2424 1819 2448 non
1847 2410 1961 2447 fuerit
1983 2410 2049 2460 qui
2072 2410 2207 2447 defen-

1189 2476 1266 2513 dat.
1286 2479 1380 2513 Nam
1408 2475 1446 2511 in
1467 2487 1545 2524 quo
1568 2473 1643 2510 alio
1666 2472 1767 2522 regia
1786 2470 1962 2521 majestas
1982 2479 2084 2507 recte
2104 2471 2141 2507 in
2161 2484 2206 2508 eo

1189 2535 1293 2587 quod
1313 2536 1453 2572 factum
1470 2542 1545 2580 est,
1564 2533 1767 2570 imminuta
1785 2531 1957 2567 dicatur?
1972 2531 2118 2567 Electio
2137 2531 2207 2567 rite

1190 2597 1381 2635 celebrata
1401 2605 1480 2642 est,
1501 2596 1644 2632 electus
1662 2593 1783 2630 fidelis
1807 2601 1875 2630 est.
1897 2596 1982 2629 Non
2002 2600 2128 2629 autem
2149 2606 2209 2629 cs-

107 2655 298 2694 stimulum
314 2658 524 2695 calcitrare.
547 2657 802 2696 Tolerabilius
820 2658 980 2695 fortasse
1001 2669 1122 2707 spon-
1138 2660 1171 2694 D
1190 2668 1246 2697 set
1263 2658 1384 2695 fidelis
1397 2687 1406 2704 ,
1429 2657 1458 2695 si
1478 2665 1604 2694 vestra
1620 2685 1629 2702 ,
1647 2664 1684 2692 et
1701 2668 1777 2692 non
1799 2668 1868 2705 per
1882 2667 1951 2691 vos
1964 2652 2105 2690 habere
2126 2655 2210 2690 vel-

107 2725 217 2756 taneo
230 2748 239 2766 ‚
262 2733 378 2770 quam
393 2721 541 2758 nolenti
562 2729 599 2758 et
616 2721 796 2758 renuenti
817 2720 960 2757 fuisset.
978 2723 1072 2757 Nam
1093 2719 1123 2756 si

108 2779 198 2829 quid
215 2781 354 2819 virium
376 2784 416 2819 in
437 2796 498 2819 me
516 2791 594 2829 est,
618 2796 750 2819 nonne
770 2782 810 2819 id
831 2782 977 2819 facilius
1003 2781 1119 2827 meis,

108 2852 219 2889 quam
243 2842 375 2880 alienis
393 2843 565 2880 humeris
582 2857 802 2881 exercerem
817 2846 832 2880 Ρ

161 2901 197 2939 2.
215 2903 288 2941 Sed
303 2904 506 2954 acquiesco
528 2904 638 2941 aliter
665 2904 912 2955 disponenti,
934 2917 1021 2941 cum
1044 2917 1122 2953 quo

111 2961 239 3012 utique
254 2973 318 3001 aut
328 2963 494 3014 judicio,
515 2973 581 3002 aut
596 2964 743 3002 viribus
765 2964 1001 3002 contendere
1018 2993 1027 3010 ,
1053 2978 1124 3001 nec

113 3028 260 3060 cautum
277 3025 369 3062 mihi
385 3026 547 3063 omnino
561 3054 571 3071 ,
592 3039 663 3062 nec
678 3024 860 3077 possibile
873 3033 948 3072 est,
971 3024 1037 3062 sed
1054 3037 1125 3061 nec

113 3081 215 3131 Regi.
243 3083 436 3134 Siquidem
467 3086 649 3124 terribilis
673 3095 730 3124 est
753 3087 866 3123 etiam
889 3086 993 3137 apud
1018 3099 1126 3136 reges

115 3147 221 3180 terrae
234 3149 260 3181 ².
282 3147 532 3184 Horrendum
557 3157 614 3185 est
634 3147 806 3185 incidere
834 3148 873 3184 in
892 3160 1028 3184 manus
1054 3147 1127 3184 Dei

114 3201 273 3242 viventis
307 3203 335 3254 ³,
362 3208 475 3245 etiam
498 3208 586 3256 tibi,
604 3222 627 3246 0
648 3213 744 3247 Rex.
767 3211 798 3247 O
818 3221 934 3259 quam
957 3207 1127 3244 molestis

116 3264 267 3303 auribus
286 3267 463 3306 audimus
482 3270 678 3310 contraria
700 3279 775 3307 tam
795 3269 908 3306 bonis
928 3268 1126 3319 principiis

167 3392 176 3408 ¹
193 3391 285 3421 Rom.
310 3402 392 3429 xia,
414 3395 446 3424 2.
466 3413 510 3417 —
528 3401 539 3416 ²
557 3395 638 3426 Psal.
653 3406 754 3432 mxxv,
776 3397 829 3426 13.
849 3414 889 3417 -—
913 3391 926 3414 3
947 3392 1046 3424 Hebr.
1073 3404 1113 3429 x,
1141 3394 1197 3423 31.

277 3463 367 3487 Tou.
402 3466 427 3489 1.

1191 2722 1255 2757 let.
1286 2719 1458 2757 Necdum
1480 2718 1528 2756 ad
1557 2726 1683 2754 vestra
1702 2729 1857 2752 manum
1889 2714 2082 2761 extendit,
2115 2728 2207 2751 nec—

1190 2781 1281 2818 dum
1301 2780 1498 2817 civitatem
1524 2787 1687 2815 vestram
1716 2778 1906 2826 ingressus
1927 2784 1983 2812 cst
2010 2791 2017 2812 ;
2041 2775 2205 2811 necdum

1190 2854 1350 2893 prorsus
1379 2854 1417 2877 se
1436 2839 1644 2876 intromisit
1668 2837 1714 2875 de
1736 2837 1864 2886 aliquo
1878 2866 1887 2882 ,
1908 2849 2129 2885 quanquam
2148 2835 2210 2872 in-

1190 2903 1324 2940 vitatio
1339 2901 1431 2938 cleri
1447 2909 1484 2937 et
1498 2901 1656 2951 populi,
1679 2907 1716 2936 et
1732 2910 2008 2949 oppressorum
2026 2897 2183 2933 afflictio
2197 2926 2205 2941 ‚

1191 2973 1229 3002 et
1246 2972 1338 3001 vota
1366 2963 1562 3000 bonorum
1583 2961 1621 2997 id
1645 2959 1692 2997 ab
1713 2973 1758 2996 eo
1784 2957 2116 2994 vehementissime
2140 2958 2208 2994 ssa-

1192 3026 1360 3076 gitarint.
1378 3027 1472 3073 Quae
1493 3036 1578 3060 cum
1597 3023 1650 3059 ita
1670 3021 1770 3066 sint,
1795 3033 1894 3070 opus
1909 3027 1984 3065 est,
2003 3027 2045 3055 ut
2064 3018 2209 3065 videtis,

1193 3086 1450 3124 maturatione
1471 3084 1640 3130 consilii,
1660 3096 1737 3119 non
1755 3081 1880 3118 minus
1896 3088 2024 3116 vestro
2047 3079 2205 3124 honori,

1195 3161 1309 3197 quam
1331 3153 1473 3182 nostrae
1494 3143 1721 3181 necessitati.
1745 3145 1791 3179 Et
1819 3140 1890 3178 nisi
1907 3153 1977 3189 per
2002 3147 2208 3189 praesentes

1195 3207 1352 3244 nuntios
1375 3204 1613 3256 exspectanti
1630 3203 1797 3254 populo,
1819 3201 1885 3250 qui
1908 3207 2032 3235 vester
2052 3206 2125 3243 est,
2147 3201 2208 3234 Se-

1196 3268 1336 3305 10011115
1358 3275 1483 3303 vestra
1506 3278 1578 3316 pro
1596 3273 1687 3301 voto
1710 3260 1971 3312 responderit:
1996 3259 2204 3294 multorum

1346 3392 1358 3406 ³
1380 3388 1500 3431 Scripta
1518 3398 1601 3419 anno
1623 3385 1735 3418 Christi
1762 3386 1861 3415 1138.

2007 3436 2049 3471 13
