2517 3920
281 195 370 233 1:331

1048 197 1082 232 S.
1114 197 1374 233 BERPu'ARDI·
1398 198 1598 234 ABBATIS

2262 201 2360 237 1532

279 289 366 313 cum
390 274 479 310 vitia
503 272 577 310 sint
605 271 846 322 regularum,
872 274 1146 323 perfectionem
1173 275 1289 323 magis
1303 273 1508 324 ⁰⁰³protus,
1539 275 1741 320 deuterus,
1780 275 1889 312 tritus
1907 304 1916 322 ,
1951 276 2131 314 tetradus.
2164 277 2233 315 Hae
2260 279 2361 316 inter

276 333 569 373 exterminantia
588 362 596 379 ,
625 347 738 382 quam
771 333 1062 371 determinantia
1083 363 1092 380 ,
1125 335 1284 371 omnino
1306 335 1335 367 A
1353 347 1392 370 se
1407 336 1594 384 oppositae
1616 344 1727 381 sunt,
1745 343 1782 372 et
1802 336 1913 372 certis
1933 335 2159 374 abinvicem
2177 339 2361 376 differunt

276 395 411 446 procul
428 402 517 431 sunt
540 392 587 429 ab
609 393 681 429 illis
704 393 768 443 qui
791 394 880 430 vitia
903 395 1020 443 magis
1038 394 1281 440 abscindere,

274 469 388 506 quam
411 454 629 503 dispensare
647 463 849 490 noverunt.
867 455 1041 503 Denique
1058 468 1143 490 cum
1164 454 1285 491 musi--

275 530 315 552 ca
338 523 439 552 recta
458 514 503 550 sit
523 513 683 550 canendi
706 514 886 561 scientia,
909 528 1041 551 omnes
1062 513 1284 563 hujusmodi

274 583 408 611 cantus
427 587 448 610 a
469 573 610 610 musica
627 573 897 620 excluduntur,
916 575 982 623 qui
1004 573 1183 610 nimirum
1205 587 1284 610 non

275 643 396 679 recte,
418 634 483 671 sed
505 634 764 683 irregulariter
784 642 820 669 et
841 634 1056 670 inordinate
1078 642 1281 670 canuntur.

274 700 330 733 De
363 694 573 731 mutatione
604 707 769 743 namque
801 694 935 730 litterae
967 694 1081 730 facilis
1110 702 1188 739 est,
1213 693 1284 729 nisi

275 756 453 800 fallimur,
481 754 688 790 excusatio.
713 756 804 789 Eam
826 753 1009 791 nimirum
1030 754 1066 790 in
1090 754 1283 803 plerisque

272 816 368 852 adeo
386 827 537 864 parcam
555 822 592 849 et
609 814 820 850 restrictam
842 814 1055 863 reperimus
1068 843 1077 859 ,
1099 822 1141 849 ut
1160 814 1198 849 in
1221 827 1284 850 ea—

272 876 358 912 dem
385 874 541 910 historia
567 873 665 909 idem
697 887 828 910 versus
859 883 916 910 ter
946 882 1185 923 repeteretur
1219 882 1283 910 aut

271 944 418 985 quater,
437 947 480 970 ac
499 934 528 969 si
548 933 583 968 in
603 941 682 969 toto
701 935 827 970 Veteri
845 948 886 970 ac
907 937 1016 970 Novo
1035 937 1281 970 Testamento

270 995 428 1045 reperiri
447 1007 522 1030 non
543 1002 671 1042 posset
690 994 888 1044 quidpiam
901 1024 910 1040 ,
928 995 1034 1044 quod
1055 994 1150 1032 adeo
1172 1008 1280 1031 com-

270 1055 383 1092 mode
410 1062 537 1104 posset
563 1054 718 1102 apponi.
742 1058 785 1091 In
814 1054 940 1090 multis
969 1055 1082 1091 ctiam
1110 1055 1278 1092 historiis
1296 1052 1322 1085 B

270 1112 654 1152 Postcommuniones
693 1113 740 1149 ab
779 1113 821 1149 iis
844 1143 853 1159 ,
889 1114 955 1164 qui
998 1115 1281 1165 simplieitatem

270 1184 403 1212 cantus
432 1174 611 1223 ignorant
641 1174 911 1224 Antiphon-arii
929 1204 938 1220 ,
960 1188 1032 1225 pro
1054 1179 1280 1226 Responso-

271 1236 336 1272 riis
353 1234 545 1284 appositas
563 1233 780 1270 invenimus
797 1249 803 1271 :
820 1234 959 1284 quihus
978 1249 1108 1273 versus
1126 1236 1283 1286 subjun-

270 1296 318 1332 cti
349 1295 399 1331 ita
426 1294 560 1330 misere
579 1293 828 1340 cohaerentes,
845 1303 885 1331 ut
901 1296 1025 1331 notari
1041 1309 1118 1332 non
1135 1306 1280 1346 posset,

272 1354 482 1392 secundum
515 1352 620 1402 quod
650 1367 714 1389 eos
746 1355 990 1403 pronuntiari
1026 1357 1279 1394 necessarium

270 1424 363 1452 erat.

324 1475 358 1511 2.
380 1474 565 1511 Dedimus
586 1487 676 1523 crgo
695 1487 877 1523 operam,
902 1484 943 1511 ut
971 1476 1008 1512 in
1031 1477 1135 1513 nulla
1157 1477 1278 1515 histo-

270 1536 321 1572 ria
360 1535 460 1570 idem
490 1548 623 1571 versus
651 1535 853 1583 plusquam
890 1538 1005 1573 semel
1037 1539 1278 1588 reperiatur,

269 1597 366 1642 imo,
400 1596 470 1631 nisi
504 1595 683 1639 fallimur,
719 1595 784 1631 vix
817 1604 891 1632 tres
922 1610 1054 1634 versus
1089 1599 1275 1647 reperies,

267 1656 333 1705 qui
362 1657 400 1692 in
426 1664 507 1691 toto
532 1655 816 1705 Antiphonario
839 1657 897 1692 vel
918 1656 976 1693 bis
997 1658 1278 1695 contineantur.

268 1715 650 1753 postcommuniones
667 1723 793 1751 autem
816 1716 1000 1764 quasdam
1023 1719 1277 1766 removimus,

269 1777 403 1812 usitata
424 1784 462 1812 et
490 1775 705 1812 authentica
733 1789 804 1824 pro
823 1776 876 1811 eis
897 1778 1139 1826 responsoria
1156 1792 1280 1828 appo-

268 1846 424 1873 nentes:
447 1835 702 1886 quorumdam
725 1848 816 1871 vero
847 1836 1009 1872 litteram
1040 1846 1082 1873 ut
1108 1847 1276 1875 sanctam
1300 1840 1325 1875 C

268 1907 305 1934 et
322 1897 577 1946 evangelicam
596 1896 802 1932 retinentes
814 1925 822 1940 ,
844 1896 1042 1933 honestate
1060 1907 1097 1934 et
1114 1899 1281 1947 pulchri-

270 1957 400 1993 tudine
429 1964 562 1992 cantus
588 1955 961 2005 supercoloravimus
980 1986 988 2002 ,
1021 1957 1187 1994 sobriam
1222 1968 1277 1995 ta-

270 2029 356 2052 men
379 2024 492 2064 atque
519 2014 726 2064 pudentem
754 2016 933 2052 musicam
959 2016 1101 2067 ubique
1122 2032 1279 2055 servan—

267 2084 333 2112 tes.
369 2075 415 2111 In
450 2075 579 2111 multis
616 2074 780 2124 denique
817 2076 908 2112 locis
942 2077 1104 2114 litteram
1140 2081 1278 2117 veteris

268 2135 535 2185 Antiphonarii
567 2144 681 2171 tantze
710 2137 943 2172 remissionis
973 2146 1087 2186 atque
1115 2138 1280 2176 dissolu-

266 2196 382 2232 tionis
409 2209 489 2232 esse
510 2196 768 2245 comperimus
786 2225 796 2242 ‚
829 2206 869 2233 ut
900 2198 1030 2235 multis
1051 2199 1278 2238 falsitatibus

262 2257 340 2293 sive
357 2256 671 2306 apocryphorum
691 2257 824 2293 naeniis
842 2271 1033 2307 respersa,
1056 2272 1132 2295 non
1153 2262 1276 2298 solum

262 2317 413 2353 taedium
429 2345 437 2361 ‚
472 2316 540 2353 sed
562 2325 599 2352 et
625 2317 755 2353 odium
785 2318 842 2354 sui
863 2318 1076 2367 legentibus
1096 2320 1275 2368 inferret,

262 2376 313 2413 ita
345 2385 385 2412 ut
421 2376 557 2412 novitii
591 2377 655 2425 qui
686 2377 756 2414 sul)
791 2379 1043 2416 ecclesiastica
1076 2380 1277 2431 disciplina

261 2436 400 2473 eruditi
422 2437 590 2482 fuerant,
607 2437 731 2487 ipsum
754 2438 1077 2488 Antiplionarium
1102 2449 1179 2477 tum
1204 2455 1275 2491 pro

263 2496 408 2540 littera,
429 2505 509 2533 tum
528 2510 600 2546 pro
619 2506 710 2533 nota
727 2498 961 2535 fastidientes
983 2508 1019 2535 et
1037 2500 1276 2549 ignorantes,

263 2556 300 2592 in
317 2556 454 2593 divinis
470 2556 645 2593 laudibus
663 2557 849 2595 tardiores
863 2558 1117 2597 redderentur
1130 2570 1167 2597 et
1181 2576 1280 2598 som-

1351 396 1662 444 proprietatibus.
1692 395 1818 432 Prima
1837 396 1938 432 enim
1968 399 2137 435 maneria
2167 408 2246 445 est,
2276 413 2361 449 quae

1350 453 1397 490 ab
1432 468 1527 491 voce
1560 469 1633 505 qua
1666 455 1892 492 terminatur
1927 457 2098 493 ascendit
2125 471 2194 508 per
2226 467 2360 495 tonum

1350 523 1439 564 post
1460 515 1704 552 semitonium
1720 544 1729 560 ,
1753 524 1790 551 et
1811 515 2006 552 descendit
2023 530 2093 566 per
2111 526 2255 555 tonum.
2272 522 2362 560 Haec

1351 573 1444 610 duas
1480 582 1628 611 tantum
1663 574 1778 611 habet
1816 575 1948 611 finales
1980 579 2013 613 D
2049 585 2086 613 et
2113 582 2165 624 A,
2198 592 2360 628 quarum

1351 643 1514 684 utraque
1538 634 1652 672 habet
1673 648 1786 685 supra
1810 648 1849 671 se
1866 636 1973 684 prius
2006 644 2140 674 tonum
2155 667 2164 684 ,
2186 647 2274 688 post
2299 652 2361 676 se-

1352 695 1554 732 mitonium
1570 724 1579 741 ,
1609 705 1646 732 et
1669 695 1738 732 sul)
1760 708 1797 732 se
1831 703 1978 732 tonum.
2001 698 2175 734 Secunda
2191 699 2360 736 maneria

1351 762 1426 800 est,
1445 769 1530 804 quae
1560 769 1581 792 a
1611 769 1706 792 voce
1735 769 1810 805 qua
1834 757 2071 802 terminatur,
2093 759 2262 795 ascendit
2289 774 2360 810 per

1351 813 1594 850 semitonium
1619 823 1657 850 et
1688 823 1821 850 tonum
1838 844 1847 861 ,
1871 823 1908 851 et
1934 829 2004 865 per
2038 824 2173 853 tonum
2204 818 2361 856 descen-

1350 871 1415 908 dit.
1438 876 1528 909 Haec
1551 873 1687 910 iterum
1710 873 1824 910 habet
1844 874 1938 911 duas
1957 876 2088 913 finales
2108 880 2138 914 E
2155 886 2192 914 et
2214 882 2242 915 Β
2262 893 2359 929 qua—

1349 931 1499 968 dratum
1513 961 1522 978 ,
1541 933 1644 982 apud
1665 947 1759 982 quas
1779 934 1959 971 nimirum
1976 936 2083 973 illum
2104 951 2301 976 ascensum
2324 949 2362 977 et

1348 991 1571 1029 descensum
1593 994 1816 1030 naturaliter
1834 994 2017 1032 invenies.
2048 998 2175 1035 Tertia
2193 1001 2361 1037 maneria

1346 1060 1402 1088 est
1422 1066 1506 1101 quae
1535 1054 1706 1090 ascendit
1734 1067 1804 1104 per
1826 1055 1924 1092 duos
1943 1064 2055 1093 tonos
2070 1086 2080 1103 ,
2102 1066 2139 1094 et
2165 1058 2362 1096 descendit

1348 1124 1419 1161 per
1448 1114 1691 1150 semitonium
1716 1129 1724 1151 ε
1750 1128 1836 1164 quae
1861 1115 2110 1155 nihilominus
2134 1117 2249 1157 habet
2268 1119 2362 1157 duas

1349 1173 1480 1210 finales
1515 1178 1543 1212 F
1572 1183 1610 1210 et
1642 1177 1694 1220 C,
1737 1183 1872 1225 utpote
1902 1176 2033 1213 talium
2078 1180 2360 1230 proprietatum

1345 1231 1593 1284 susceptivas.
1619 1238 1763 1283 Quarta
1789 1236 1959 1273 ascendit
1992 1251 2062 1287 per
2095 1238 2192 1276 duos
2225 1249 2360 1288 tonos,

1348 1301 1385 1329 et
1412 1294 1607 1331 descendit
1634 1309 1703 1345 per
1721 1304 1854 1333 tonum
1885 1310 1893 1332 :
1915 1306 1952 1334 et
1969 1297 2048 1335 haec
2077 1313 2189 1336 unam
2213 1309 2359 1338 tantum

1348 1353 1461 1390 habet
1488 1356 1638 1392 finalem
1659 1358 1704 1393 G.
1737 1357 1865 1394 Prima
1885 1359 2053 1395 maneria
2074 1359 2171 1397 duos
2189 1362 2362 1399 continet.

1349 1415 1503 1461 modos,
1535 1416 1601 1465 qui
1631 1416 1710 1453 toni
1733 1417 1940 1467 vulgariter
1958 1418 2153 1468 dicuntur,
2182 1421 2360 1459 videlicet

1347 1476 1514 1522 primum
1536 1485 1574 1512 et
1593 1478 1805 1514 secundum
1834 1492 1842 1513 ε
1873 1479 2038 1516 secunda
2060 1480 2180 1526 duos,
2205 1483 2358 1520 tertium

1347 1544 1385 1572 et
1407 1545 1586 1585 quartum
1610 1551 1617 1572 ε
1638 1539 1747 1575 tertia
1768 1539 1884 1586 duos,
1907 1540 2084 1590 quintum
2112 1550 2149 1578 et
2174 1551 2324 1580 sextum
2351 1557 2359 1579 t

1347 1606 1482 1646 quarta
1503 1597 1621 1644 duos,
1649 1600 1854 1650 septimum
1879 1610 1916 1637 et
1943 1610 2134 1639 octavum.
2156 1604 2240 1640 Bini
2267 1618 2361 1642 vero

1347 1666 1385 1693 et
1412 1656 1491 1694 bini
1522 1659 1622 1704 toni,
1646 1661 1712 1709 qui
1739 1660 1809 1697 sub
1831 1661 1989 1711 singulis
2015 1663 2263 1701 continentur
2283 1679 2361 1702 ma-

1348 1717 1484 1764 noriis,
1508 1732 1585 1755 non
1607 1719 1895 1770 distinguuntur
1920 1736 1940 1758 a
1961 1735 1999 1759 se
2020 1723 2239 1761 diversitate
2262 1727 2360 1763 fina-

1348 1778 1462 1823 lium,
1493 1792 1586 1828 quas
1617 1794 1774 1830 prorsus
1806 1782 1957 1819 easdem
1984 1783 2147 1831 habent3
2175 1785 2241 1822 sed
2261 1799 2358 1836 pro—

1348 1839 1541 1887 gressione
1583 1849 1620 1876 et
1665 1842 1945 1891 compositione
1983 1859 1990 1880 :
2033 1858 2195 1894 quarum
2240 1847 2358 1884 altera

1347 1900 1596 1948 quantitatem
1615 1930 1624 1947 ,
1647 1902 1762 1938 altera
1784 1904 2004 1952 qualitatem
2024 1905 2265 1944 determinat.
2285 1909 2359 1956 Qui

1347 1972 1437 2007 ergo
1471 1959 1589 1997 libros
1621 1970 1822 1999 notaturus
1853 1977 1913 2010 es,
1946 1972 2019 2001 tuae
2055 1965 2257 2015 diligenter
2286 1968 2360 2004 im-

1346 2020 1469 2069 prime
1498 2023 1715 2068 memoriae,
1751 2024 1857 2073 quod
1888 2038 2023 2062 omnes
2056 2035 2189 2063 cantus
2224 2028 2359 2077 primae

1347 2081 1547 2126 maneriae,
1583 2083 1648 2132 qui
1678 2084 1762 2120 faeti
1795 2094 1902 2131 sunt,
1938 2085 1995 2122 vel
2031 2086 2096 2135 qui
2134 2088 2360 2137 regulariter

1346 2141 1427 2177 lieri
1448 2152 1630 2192 possunt,
1666 2144 1703 2180 in
1735 2148 1767 2181 D
1797 2154 1943 2182 tantum
1977 2148 2073 2183 etin
2093 2151 2127 2185 A
2159 2149 2356 2186 terminari

1344 2201 1510 2248 habent3
1533 2212 1570 2239 et
1597 2205 1830 2254 quicumque
1848 2214 1980 2242 cantus
2000 2215 2128 2256 potest
2147 2221 2294 2258 ponere
2316 2209 2355 2246 in

1344 2261 1469 2310 aliqua
1499 2262 1675 2308 illarum,
1708 2267 1842 2314 primae
1872 2265 2048 2315 profecto
2072 2275 2129 2303 est
2156 2269 2354 2314 maneriae,

1343 2321 1381 2357 id
1402 2330 1458 2358 est
1490 2324 1604 2372 primi
1627 2325 1683 2361 vel
1717 2325 1875 2362 secundi
1904 2326 1996 2363 toni.
2025 2330 2266 2378 Utrumque,
2303 2330 2358 2366 in-

1343 2382 1469 2431 quies,
1494 2383 1628 2420 falsum
1657 2397 1664 2419 ε
1692 2386 1781 2434 quia
1810 2399 1879 2422 nec
1906 2399 2039 2423 omnes
2062 2396 2194 2424 cantus
2222 2389 2357 2438 primae

1346 2443 1525 2480 maneriae
1546 2444 1584 2480 in
1603 2445 1665 2481 illa
1691 2453 1835 2482 tantum
1856 2455 2017 2496 possunt
2033 2449 2250 2496 terminari,
2270 2463 2356 2486 cum

1345 2511 1382 2539 et
1413 2504 1525 2539 linem
1562 2504 1600 2540 in
1634 2507 1667 2542 G
1696 2514 1843 2554 ponant
1866 2519 1937 2556 per
1965 2509 1992 2543 Β
2020 2507 2254 2555 rotundum3
2287 2523 2357 2547 nec

1347 2577 1480 2600 omncs
1514 2564 1580 2613 qui
1619 2564 1657 2600 in
1702 2566 1764 2602 illa
1805 2566 2060 2604 terminantur
2099 2568 2233 2618 primae
2268 2578 2358 2606 sunt

262 2618 508 2654 nolentiores.
541 2619 792 2656 Pra‘monitos
822 2628 946 2656 autem
977 2634 1056 2657 csse
1091 2622 1267 2660 volumus
1287 2629 1319 2661 D
1338 2623 1516 2659 maneriae
1536 2637 1543 2658 τ
1573 2624 1660 2672 quia
1681 2641 1694 2656 «
1719 2624 1923 2661 Benedicta
1950 2633 1988 2661 tu
2014 2626 2066 2672 in,
2089 2643 2103 2659 »
2124 2635 2162 2663 et
2185 2643 2200 2659 «
2219 2631 2354 2674 Petre‚

263 2691 327 2712 cos
360 2678 524 2714 maxime
555 2678 620 2727 qui
653 2678 771 2715 libros
794 2681 961 2716 notaturi
992 2690 1105 2727 sunt,
1130 2696 1177 2719 ne
1200 2698 1273 2720 no—

262 2738 357 2773 tulas
394 2738 453 2773 vel
487 2737 711 2785 conjunctas
745 2739 984 2789 disjungant,
1010 2742 1067 2777 vel
1104 2742 1273 2792 conjun-

261 2805 349 2845 gant
371 2796 594 2845 (lisjunctas3
625 2799 714 2847 quia
743 2813 812 2848 per
842 2799 1064 2849 hujusmodi
1092 2804 1274 2839 variatio—

262 2869 349 2891 nem
368 2857 492 2904 gravis
513 2866 692 2894 cantuum
718 2859 810 2894 oriri
830 2868 957 2909 potest
977 2860 1244 2898 dissimilitudo
1264 2879 1272 2900 :

263 2916 420 2965 insuper
445 2925 481 2952 et
504 2918 674 2966 singulos
696 2928 829 2956 cantus
850 2921 889 2956 in
911 2921 1077 2970 propriis
1097 2923 1275 2960 studeant

264 2976 467 3011 terminare
499 2977 695 3023 finalibus,
724 2993 792 3028 per
819 2994 981 3029 quarum
1018 2981 1272 3020 inconsultam

264 3036 620 3072 transmutationem
638 3045 741 3074 tanta
762 3040 799 3075 in
819 3039 992 3077 cantibus
1009 3049 1093 3078 orta
1109 3051 1165 3078 est
1185 3057 1274 3080 con-

262 3095 381 3139 fusio,
404 3103 446 3130 ut
465 3095 594 3143 plures
620 3108 753 3132 eorum
785 3098 939 3135 alterius
972 3100 1045 3135 sint
1075 3102 1272 3149 maneriae,

261 3162 297 3190 et
315 3155 469 3190 alterius
491 3154 737 3204 deputentur.

315 3216 351 3250 3.
383 3218 556 3263 Quatuor
586 3215 685 3251 enim
710 3225 799 3252 sunt
830 3216 1068 3255 diversitates
1089 3220 1166 3256 sive
1192 3235 1272 3258 ma-

262 3275 375 3311 neriae
407 3284 586 3312 cantuum
605 3306 613 3321 ,
644 3276 782 3326 quibus
805 3278 929 3314 omnis
951 3279 1120 3328 ipsorum
1145 3283 1274 3318 multi-

259 3334 406 3383 plicitas
427 3335 644 3372 includitur.
678 3340 745 3373 Hae
761 3337 863 3387 apud
889 3341 1043 3376 Graecos
1067 3350 1272 3389 vocantur,

1341 2701 1355 2716 υ
1377 2696 1480 2720 amas
1510 2697 1592 2729 me,
1619 2702 1632 2717 »
1653 2693 1690 2720 et
1712 2685 1841 2721 multae
1864 2686 2082 2723 consimiles
2097 2687 2353 2737 Antiphonae‚

1341 2742 1378 2778 in
1399 2746 1431 2778 A
1450 2751 1596 2779 tantum
1626 2742 1770 2780 liabent
1798 2745 2018 2792 terminari3
2053 2755 2091 2783 et
2120 2755 2246 2784 tamen
2268 2756 2357 2784 sunt.

1342 2802 1520 2839 secundae
1552 2805 1731 2841 maneriae
1753 2813 1891 2854 quarto
1914 2814 2006 2842 tono
2035 2806 2240 2857 deputatae.
2264 2811 2355 2845 Haec

1341 2863 1495 2911 quidem
1525 2864 1656 2913 opinio
1687 2864 1766 2913 jam
1798 2866 1938 2902 multos
1968 2866 2120 2913 fefellit,
2151 2880 2264 2916 quam
2286 2867 2351 2904 ad-

1343 2923 1452 2959 duxit
1473 2924 1510 2959 in
1530 2924 1697 2961 medium
1720 2929 1748 2962 B
1765 2925 1920 2962 rotundi
1942 2925 2128 2975 adjectio,
2146 2940 2216 2977 per
2235 2941 2350 2977 quam

1342 2984 1470 3019 multis
1488 2984 1684 3021 erroribus
1705 2986 1887 3022 Musicani
1910 2987 2114 3023 maculavit
2133 2987 2354 3037 ineptorum

1341 3044 1604 3093 praesumptio.
1636 3047 1732 3082 Sane
1755 3059 1834 3082 non
1857 3045 2074 3082 secundum
2092 3046 2236 3096 aliquid
2255 3047 2354 3084 acci-

1342 3102 1544 3140 dentaliter
1560 3104 1769 3154 adjectum,
1793 3106 1858 3142 sed
1881 3106 2090 3143 secundum
2121 3107 2285 3157 primam
2314 3115 2352 3144 et

1338 3165 1535 3213 propriam
1557 3166 1768 3203 litterarum
1790 3167 2070 3204 institutionem
2099 3167 2277 3204 distincta
2296 3175 2353 3205 est

1344 3225 1511 3261 finalium
1535 3228 1772 3276 proprietas,
1793 3227 1894 3277 apud
1924 3241 2017 3277 quas
2040 3228 2222 3265 nimirum
2243 3228 2352 3278 prin-

1341 3285 1462 3334 cipale
1480 3294 1515 3321 et
1530 3287 1739 3322 maximum
1757 3287 1803 3323 de
1822 3296 1935 3323 cautu
1956 3297 2130 3325 versatur
2147 3287 2349 3337 judicium.

1341 3348 1383 3380 In
1414 3345 1577 3381 naturali
1603 3350 1729 3383 autem
1757 3355 1941 3396 computo
1962 3348 2172 3386 litterarum
2204 3357 2348 3398 septem
