2517 3920
339 209 437 246 1035

1102 214 1138 249 S.
1168 213 1424 249 BERNARDI
1450 213 1654 248 ABBATIS

2309 212 2409 251 103ss

334 290 391 324 Ita
416 285 485 323 tibi
501 299 608 324 sume
625 287 787 325 formam
809 296 884 325 tam
903 288 950 326 de
967 296 1108 326 nostrae
1126 290 1337 327 concretio-
1349 288 1496 326 ⁴2³dens
1515 287 1700 338 longioris
1717 287 1805 324 vitae
1825 299 1904 323 non
1922 285 2133 324 abducetur
2148 287 2308 326 incerto.
2329 293 2412 328 Mo—

334 359 382 383 ne
402 346 576 396 originis,
594 360 708 397 quam
725 348 771 385 de
787 357 1022 385 sacramento
1039 348 1313 398 redemptionis
1329 364 1336 385 :
1355 349 1383 382 A
1406 348 1534 384 destus
1555 346 1818 383 moderabitur
1835 358 1943 383 curas
1955 375 1967 391 ,
1988 346 2215 396 temperabit
2234 361 2256 384 a
2278 361 2414 398 super-

334 414 376 442 ut
396 407 492 443 altus
510 407 665 453 sedens,
685 421 764 445 non
781 409 856 445 alta
868 409 1018 458 sapiens
1033 408 1081 446 sis
1101 424 1109 445 :
1132 409 1198 445 sed
1215 408 1341 445 humi-

333 466 381 502 lia
401 465 448 503 de
468 475 504 504 te
525 467 709 514 sentiens,
732 467 1016 518 humilibusque
1030 468 1282 505 consentiens.

706 587 883 625 CAPUT
913 587 965 625 X.

335 707 475 738 Tertium
513 707 688 740 membrum
713 707 967 739 considerationis
997 708 1062 745 sui,
1093 718 1205 749 nempe
1232 707 1341 748 Qualis

725 761 781 798 sit,
810 761 949 804 exponit.

392 880 450 916 19.
471 880 636 917 Proinde
657 880 687 917 si
707 880 926 917 consideras
946 888 1110 930 quantus
1133 893 1172 917 es
1185 909 1195 927 ,
1216 880 1338 929 cogita

334 940 446 976 etiam
465 940 604 988 qualis,
627 948 664 976 et
684 940 860 976 maxime.
883 943 974 976 Haec
996 948 1032 977 te
1052 953 1141 977 sane
1161 940 1339 977 conside-

334 1000 430 1036 ratio
462 1007 565 1036 tenet
590 999 629 1035 in
657 1007 717 1045 te;
740 1012 808 1035 nec
829 1012 850 1035 a
883 1007 917 1035 te
949 1000 1100 1036 avolare
1127 1000 1236 1046 sinit,
1259 1013 1338 1037 non

1408 407 1509 453 fluis,
1524 420 1602 444 non
1618 406 1740 443 deerit
1759 405 1992 443 necessariis.
2009 410 2130 443 Porro
2142 407 2268 456 justus
2281 408 2414 447 altiora

1408 480 1446 503 se
1466 479 1544 503 non
1565 474 1794 516 praesumet,
1825 464 1891 502 sed
1918 465 2099 515 loquetur
2119 479 2205 503 cum
2221 466 2326 517 justo
2345 482 2354 505 z
2374 471 2414 506 Sc·

1399 532 1525 572 justas
1545 525 1673 575 fuero,
1695 540 1769 562 non
1787 525 1912 562 levabo
1934 527 2083 575 capuffi.

1777 643 1955 682 CAPUT
1985 643 2059 682 XI.

1503 766 1624 798 Serium
1644 776 1774 798 examen
1796 765 1844 797 sui
1858 764 2000 796 Pontifici
2018 764 2098 796 serio
2113 765 2321 798 commendat.

1460 887 1522 925 20.
1545 890 1602 924 Tu
1624 900 1714 936 ergo
1740 887 1779 923 in
1802 887 1873 924 hae
1894 886 2201 925 consideratione
2227 887 2283 924 tui
2309 897 2415 927 caute

1405 946 1577 984 ambules
1593 976 1602 992 ,
1623 955 1660 983 et
1682 955 1760 983 tota
1781 947 1959 996 aequitate
1980 947 2166 993 verseris,
2185 955 2229 983 ut
2249 960 2317 984 nec
2331 949 2416 998 plus

1404 1020 1498 1043 vero
1517 1005 1586 1043 tibi
1608 1006 1771 1053 tribuas,
1807 1019 1877 1043 nec
1903 1006 1990 1056 plus
2006 1005 2112 1054 justo
2129 1019 2274 1056 parcas.
2297 1010 2417 1045 Porro

333 1057 527 1095 ambulare
546 1058 586 1094 in
606 1059 773 1107 magniS,
801 1072 926 1108 neque
948 1059 988 1095 in
1009 1059 1248 1097 mirabilibus
1275 1074 1342 1097 su-
1359 1065 1387 1099 B
1409 1068 1495 1117 plus
1522 1079 1615 1103 vero
1647 1066 1784 1103 tribuis
1802 1095 1812 1113 ‚
1846 1080 1925 1103 non
1957 1066 2073 1103 modo
2105 1066 2320 1116 arrogando
2353 1067 2419 1105 tibi

331 1130 402 1167 per
422 1126 470 1154 te.
503 1121 548 1155 In
576 1126 612 1154 te
641 1119 852 1156 consistito.
884 1123 971 1157 'Non
991 1120 1090 1156 infra
1108 1119 1240 1169 dejici,
1263 1134 1343 1158 non

332 1177 453 1213 attolli
473 1190 605 1227 supra,
623 1191 702 1214 non
731 1178 892 1215 evadere
920 1179 959 1215 in
982 1180 1150 1229 longius,
1173 1194 1251 1217 non
1272 1195 1343 1218 ex-

334 1236 437 1273 tendi
462 1237 499 1273 in
528 1238 651 1274 latius.
675 1241 776 1275 Tene
795 1239 985 1286 medium,
1011 1240 1139 1277 sinon
1168 1241 1225 1277 vis
1250 1254 1343 1291 per-

332 1295 421 1333 dere
439 1296 609 1334 modum.
627 1301 752 1335 Locus
777 1299 926 1336 medius
953 1308 1056 1337 tutus
1082 1308 1149 1337 est.
1170 1300 1340 1338 Medium

332 1356 440 1393 sedes
469 1358 594 1405 modi,
625 1367 662 1395 et
698 1359 835 1397 modus
869 1361 1005 1397 virtus.
1046 1364 1208 1409 anem
1235 1370 1342 1399 extra

334 1417 492 1454 modum
520 1419 758 1456 mansionem
770 1426 802 1465 ³¹,
821 1420 972 1470 sapiens
988 1421 1161 1457 exsilium
1177 1430 1338 1471 reputat.

333 1481 542 1527 Propterea
561 1492 639 1516 non
659 1488 717 1516 est
739 1480 795 1516 illi
819 1479 991 1517 habitare
1017 1481 1054 1517 in
1073 1481 1188 1531 longo
1205 1511 1214 1528 ‚
1236 1482 1340 1532 quod

333 1537 433 1574 ultra
449 1538 606 1576 modum
629 1540 676 1576 sit
698 1555 706 1576 :
730 1540 796 1577 sed
817 1554 865 1577 ne
885 1541 924 1577 in
945 1541 1022 1578 lato
1042 1541 1216 1591 quidem,
1235 1542 1340 1591 quod

333 1605 441 1634 extra
458 1598 527 1635 sit:
546 1612 664 1650 porro
681 1613 752 1637 nec
771 1600 812 1637 in
827 1601 903 1637 alto
925 1601 982 1637 vel
999 1601 1077 1638 imo
1090 1631 1099 1648 ,
1121 1601 1226 1651 quod
1246 1603 1342 1639 alte-

334 1670 419 1694 rum
438 1671 571 1708 supra,
594 1660 754 1697 alterum
772 1660 871 1697 infra
894 1661 952 1698 sit.
974 1662 1148 1711 Denique
1166 1670 1203 1698 et
1218 1662 1341 1712 longi-

335 1724 428 1761 tudo
466 1726 736 1763 exterminium
769 1726 911 1764 habere
947 1728 1063 1773 solet,
1099 1736 1137 1764 et
1171 1728 1341 1765 dilatatio

335 1785 555 1831 scissuram,
588 1794 626 1822 et
653 1787 813 1823 altitudo
842 1787 993 1823 ruinam
1009 1815 1018 1832 ,
1045 1795 1083 1823 et
1104 1788 1340 1837 profundum

338 1844 639 1895 absorptionem.
661 1847 756 1883 Dico
778 1846 858 1883 haec
878 1846 1029 1896 planius
1043 1875 1053 1893 ,
1086 1859 1134 1883 ne
1155 1860 1214 1883 me
1232 1855 1342 1896 putes

339 1918 383 1941 ea
403 1906 510 1955 loqui
528 1919 613 1955 quae
633 1907 842 1957 Apostolus
867 1906 1194 1957 comprehendere
1215 1907 1345 1946 horta·

338 1973 401 2001 tur
419 1979 505 2002 cum
521 1966 700 2017 omnibus
719 1967 857 2004 sanctis
869 1997 878 2015 ,
896 1967 1176 2017 longitudinem
1190 1996 1199 2013 ,
1221 1967 1347 2007 latitu-

339 2025 465 2062 dinem
483 2055 492 2071 ,
530 2025 799 2064 sublimitatem
815 2057 825 2075 ,
857 2036 894 2064 et
921 2027 1158 2078 profundum
1178 2035 1187 2049 ¹
1212 2043 1219 2065 :
1241 2029 1346 2078 quod

336 2086 488 2124 alterius
504 2087 574 2124 erit
588 2095 625 2124 et
639 2087 906 2137 disputationis
918 2117 927 2134 ,
946 2096 984 2124 et
999 2088 1182 2137 temporis
1195 2095 1222 2125 ².
1238 2092 1348 2127 Nunc

339 2153 463 2182 autem
487 2146 643 2196 longum
660 2147 768 2194 dico,
790 2160 876 2184 cum
899 2146 971 2184 sibi
992 2147 1109 2184 homo
1130 2148 1346 2197 longiorem

338 2207 529 2256 promittit
548 2207 685 2254 vitam,
707 2208 824 2244 latum
837 2237 846 2254 ,
869 2221 955 2244 cum
975 2207 1016 2244 in
1037 2208 1248 2257 superfluas
1266 2210 1344 2246 ani-

338 2279 423 2303 mus
453 2266 682 2303 distenditur
710 2281 840 2314 curas;
872 2268 1010 2314 altum,
1031 2281 1117 2304 cum
1135 2268 1181 2305 de
1202 2281 1240 2305 se
1258 2270 1344 2319 plus

337 2327 553 2375 praesumit3
572 2327 807 2377 profundum
820 2356 829 2372 ,
849 2341 936 2364 cum
952 2341 990 2365 se
1007 2328 1093 2378 plus
1114 2327 1253 2378 dejicit.
1271 2330 1344 2378 Qu'i

338 2400 428 2436 ergo
450 2387 562 2437 longa
591 2387 662 2424 sibi
698 2388 854 2425 metitur
882 2397 1079 2438 tempora,
1112 2402 1242 2426 nonne
1255 2403 1345 2427 vere

337 2446 548 2494 ingreditur
566 2447 639 2484 iter
664 2448 906 2495 exterminii,
937 2448 1124 2485 transiens
1152 2449 1241 2486 vitae
1270 2458 1347 2486 ter-

339 2506 463 2542 minos
483 2506 722 2556 productiori
738 2508 1016 2545 sollicitudine?
1033 2508 1128 2546 Inde
1147 2518 1223 2556 est,
1241 2510 1347 2560 quod

340 2565 512 2602 homines
531 2566 570 2602 in
590 2567 769 2616 praesenti
789 2581 810 2603 a
829 2580 910 2604 sese
926 2568 1075 2604 exsules
1095 2581 1164 2618 per
1182 2568 1347 2606 oblivio—

1410 1126 1516 1177 quod
1539 1139 1619 1163 non
1650 1125 1767 1163 habes
1802 1125 1972 1171 bonum,
2001 1125 2067 1163 sed
2098 1134 2136 1163 et
2167 1126 2272 1175 quod
2304 1126 2420 1165 habes

1410 1186 1677 1224 adscribendo.
1699 1186 1911 1235 Vigilanter
1930 1185 2102 1223 discerne
2115 1214 2126 1232 ,
2148 1185 2271 1236 qualis
2292 1199 2339 1223 ex
2358 1194 2394 1224 te
2408 1216 2419 1234 ,

1411 1256 1448 1284 et
1467 1247 1590 1295 qualis
1611 1246 1660 1283 sis
1680 1245 1783 1283 dono
1805 1246 1877 1284 Dei
1893 1274 1903 1292 ,
1922 1253 1961 1282 et
1980 1259 2060 1282 non
2079 1245 2183 1282 sitin
2202 1246 2339 1296 spiritu
2354 1255 2419 1284 tuo

1408 1307 1532 1345 dolus.
1564 1307 1646 1344 Erit
1677 1315 1826 1353 autem,
1848 1306 1921 1342 nisi
1955 1305 2119 1344 fideliter
2148 1306 2339 1356 partiens,
2358 1315 2420 1345 tua

1409 1367 1478 1404 tibi
1494 1396 1503 1414 ,
1525 1376 1562 1404 et
1579 1381 1664 1417 quae
1681 1376 1771 1404 sunt
1786 1367 1878 1414 Dei,
1893 1370 1976 1403 Deo
1997 1366 2077 1403 sine
2092 1365 2225 1403 fraude
2241 1366 2418 1417 resignes.

1408 1432 1466 1465 Ex
1496 1436 1532 1465 te
1555 1428 1675 1473 mala,
1704 1427 1808 1464 bona
1834 1440 1856 1465 a
1873 1426 2045 1464 Domino
2065 1439 2169 1474 esse,
2198 1439 2420 1477 persuasum

1409 1487 1478 1524 tibi
1513 1501 1592 1525 non
1628 1487 1793 1537 ambigo.
1824 1489 1921 1524 Sane
1955 1487 2057 1525 inter
2095 1486 2415 1524 considerandum

1408 1548 1530 1598 qualis
1565 1548 1637 1595 sis;
1667 1548 1781 1584 etiam
1813 1548 1934 1598 qualis
1966 1547 2102 1594 fueris,
2124 1546 2173 1584 ad
2199 1547 2420 1584 memoriam

1407 1608 1683 1645 revocandum.
1702 1607 1943 1646 Conferenda
1966 1607 2183 1658 posteriora
2211 1606 2421 1659 prioribus.

1406 1669 1667 1706 Profecerisne
1683 1668 1723 1704 in
1742 1669 1901 1715 virtute,
1921 1668 1961 1705 in
1977 1668 2164 1718 sapientia
2179 1697 2189 1714 ,
2211 1668 2253 1704 in
2272 1667 2423 1704 intelle-

1407 1737 1490 1772 ctu,
1515 1729 1553 1765 in
1572 1729 1758 1766 suavitate
1775 1741 1926 1765 morum
1943 1743 1952 1774 ;
1973 1741 2021 1764 an
2037 1727 2085 1765 ab
2103 1728 2160 1764 his
2179 1728 2278 1764 forte
2295 1726 2423 1778 (quod

1408 1787 1530 1839 absit)
1553 1789 1746 1826 defeceris.
1769 1789 1980 1826 Patientior
2001 1789 2071 1836 sis,
2093 1802 2142 1825 an
2161 1788 2424 1839 impatientior

1363 1850 1390 1886 C
1411 1849 1524 1885 solito
1537 1878 1546 1894 ‚
1567 1848 1790 1885 iracundior
1821 1849 2017 1895 leniorne,
2038 1849 2268 1885 insolentior
2282 1862 2331 1885 an
2350 1848 2424 1884 hu-
2441 1844 2451 1853 ’

1411 1908 1550 1954 milior,
1574 1907 1762 1945 affabilior
1790 1921 1838 1944 an
1863 1908 2078 1954 austerior,
2111 1907 2347 1945 exorabilior
2375 1920 2423 1945 an

1414 1967 1618 2014 difficilior,
1640 1968 1816 2017 pusillior
1836 1968 1965 2005 animo
1984 1981 2032 2005 an
2053 1968 2344 2018 magnanimior,
2361 1980 2424 2005 se-

1413 2027 1492 2064 rius
1512 2028 1629 2077 magis
1649 2041 1697 2064 an
1718 2028 1936 2077 plusculum
1957 2028 2188 2075 dissolutus,
2212 2028 2425 2065 timoratior

1414 2100 1459 2123 an
1485 2087 1581 2123 forte
1609 2087 1788 2124 fidentior
1822 2101 1938 2137 quam
1969 2097 2135 2139 oportet.
2169 2092 2292 2137 Quam
2327 2089 2425 2125 latus

1415 2145 1483 2182 tibi
1503 2154 1608 2195 patet
1629 2160 1786 2197 campus
1813 2147 1852 2184 in
1878 2147 1951 2185 hoc
1971 2161 2109 2198 genere
2130 2147 2423 2185 considerandi!

1412 2209 1584 2244 Memoro
1606 2220 1676 2257 ego
1697 2220 1842 2258 pauca,
1864 2209 1985 2245 veluti
2015 2209 2192 2259 quaedam
2224 2207 2424 2246 seminaria

1412 2267 1635 2317 proferens,
1657 2280 1736 2304 non
1753 2275 1880 2305 tamen
1897 2269 1979 2318 ipse
1998 2282 2147 2316 serens,
2165 2269 2232 2306 sed
2253 2269 2347 2306 dans
2368 2280 2423 2305 se-

1413 2340 1500 2363 men
1519 2327 1670 2364 serenti.
1696 2330 1858 2377 Oportet
1871 2328 2088 2366 innotescat
2105 2328 2174 2366 tibi
2194 2329 2297 2366 zelus
2314 2337 2399 2365 tuus
2411 2356 2422 2375 ,

1412 2387 1614 2423 clementia
1647 2395 1712 2423 tua
1728 2416 1739 2434 ,
1781 2388 1959 2425 discretio
1997 2402 2155 2439 quoque
2190 2388 2422 2426 moderatrix

1412 2447 1634 2484 earumdem
1651 2448 1861 2494 virtutum;
1886 2449 2010 2499 qualis
2026 2449 2204 2488 videlicet
2218 2449 2256 2486 in
2277 2448 2424 2488 donan-

1413 2506 1470 2544 dis
1500 2506 1669 2556 injuriis,
1693 2509 1815 2558 qualis
1844 2509 1893 2546 sis
1913 2510 1951 2546 in
1972 2509 2225 2557 ulciscendis,
2250 2522 2364 2559 quam
2382 2509 2422 2545 in

1413 2576 1578 2617 utroque
1601 2568 1786 2617 providus
1807 2568 1935 2615 modi,
1961 2569 2055 2616 loci,
2078 2569 2262 2619 temporis
2290 2567 2421 2605 obser-

340 2638 426 2660 nem
441 2654 451 2671 ‚
472 2625 510 2661 in
530 2625 602 2665 alia
617 2638 686 2675 per
700 2625 853 2663 inanem
869 2625 1164 2663 sollicitudinem
1182 2627 1347 2677 migrant
1364 2631 1397 2664 D
1415 2636 1535 2664 vator.
1567 2631 1728 2665 Prorsus
1764 2628 2043 2668 consideranda
2072 2629 2144 2666 tria
2172 2629 2253 2666 haec
2282 2628 2322 2665 in
2352 2639 2421 2664 usu

339 2684 496 2731 saecula,
518 2698 596 2721 non
622 2686 846 2734 profutura,
868 2687 945 2722 imo
966 2699 1036 2722 nec
1056 2687 1195 2723 futura.
1211 2688 1348 2724 Simili-

344 2751 400 2779 ter
416 2744 564 2780 animus
582 2744 767 2782 distentus
786 2745 825 2781 in
848 2746 984 2791 multa,
1006 2746 1135 2783 multis
1156 2747 1347 2783 laceretur

341 2804 440 2840 curis
458 2817 609 2842 necesse
629 2813 695 2842 est.
722 2809 868 2855 Nempe
898 2806 1150 2843 immoderata
1175 2807 1345 2843 extensio

342 2864 670 2912 extenuationem,
692 2873 729 2901 et
749 2866 968 2902 extenuatio
995 2866 1111 2902 nimia
1127 2866 1345 2903 scissionem

345 2922 444 2958 facit.
462 2926 545 2959 Jam
563 2936 652 2959 vero
671 2924 745 2960 alta
766 2926 1035 2975 praesumptio,
1057 2926 1150 2975 quid
1170 2926 1241 2963 nisi
1262 2927 1344 2963 rui-

344 2994 437 3018 nosa
464 2981 716 3031 praecipitatio
746 2985 827 3020 cst?
855 2985 994 3034 Legisti
1022 2997 1213 3034 namque,
1247 2988 1346 3021 Arne

342 3046 490 3077 ruinam
525 3044 717 3077 exaltatur
745 3044 844 3080 cot-3.
866 3044 965 3092 Quid
993 3058 1013 3081 e
1035 3045 1191 3094 regione
1218 3045 1345 3082 nimiae

344 3100 666 3151 pusillanimitatis
682 3101 856 3150 dejectio,
875 3103 945 3140 nisi
959 3103 1159 3154 desperata
1172 3105 1346 3154 quaedam

341 3161 538 3211 absorptio
553 3161 634 3196 est?
649 3164 692 3197 In
704 3161 801 3198 lianc
819 3162 926 3200 fortis
941 3176 1016 3200 non
1031 3163 1240 3213 dejicietur.
1257 3168 1349 3202 Pru-

1414 2687 1603 2725 virtutum
1641 2688 1812 2736 harum3
1852 2702 1900 2726 ne
1936 2702 2016 2727 non
2048 2689 2125 2732 sint
2156 2689 2346 2734 virtutes,
2389 2686 2421 2724 si

1414 2756 1555 2797 praeter
1589 2748 1669 2784 haec
1706 2750 1950 2799 reperiantur
1984 2764 1992 2786 ε
2025 2762 2164 2799 nempe
2203 2747 2418 2798 ejusmodi,

1415 2821 1492 2844 non
1518 2817 1653 2845 natura
1678 2809 1860 2856 virtutes,
1878 2810 1944 2846 sed
1957 2823 2048 2847 usus
2076 2809 2177 2846 facit.
2202 2813 2297 2846 Nam
2317 2821 2362 2845 ex
2382 2819 2421 2843 se

1413 2868 1676 2906 indifferentes
1712 2882 1792 2906 esse
1827 2878 2053 2907 noscuntur.
2085 2873 2208 2906 Tuum
2243 2876 2322 2913 est,
2358 2873 2422 2908 aut

1412 2927 1607 2965 abutendo
1654 2936 1694 2965 et
1735 2929 2008 2966 confundendo
2044 2929 2166 2966 facere
2206 2927 2324 2974 vitia;
2357 2932 2421 2964 aut

1412 2986 1510 3025 bene
1532 2987 1786 3037 ordinateque
1803 2989 1948 3026 utendo
1963 3019 1973 3037 ,
1995 2989 2170 3026 virtutes.
2191 2988 2323 3025 Solent
2342 2985 2418 3031 diss,-

1414 3048 1594 3085 cretionis
1627 3049 1740 3085 oculo
1775 3050 1960 3099 caligante
1985 3050 2210 3087 alterutrum
2232 3047 2303 3085 sibi
2324 3058 2420 3097 prae-

1414 3108 1540 3157 ripere
1567 3109 1671 3155 loca,
1702 3110 1886 3147 terminos
1913 3123 2117 3161 occupare.
2146 3113 2267 3147 Porro
2293 3104 2420 3155 caligi-

1416 3167 1474 3204 nis
1502 3167 1586 3204 duae
1613 3176 1702 3205 sunt
1737 3182 1884 3217 causae,
1916 3170 1993 3217 ira,
2013 3178 2052 3208 et
2073 3168 2226 3206 mollior
2252 3166 2417 3204 affectus.

390 3298 399 3312 ¹
429 3289 542 3332 Ephes.
560 3300 597 3320 111
613 3313 620 3327 ,
647 3291 699 3320 18.
718 3307 761 3312 ——
782 3294 795 3310 ²
817 3289 900 3321 Infra
923 3290 979 3321 lib.
997 3302 1029 3328 v,
1047 3302 1136 3334 capp.
1168 3296 1205 3324 13
1221 3318 1228 3331 ‚
1266 3297 1317 3326 14.
1338 3314 1376 3318 —
1407 3294 1421 3316 3
1439 3299 1532 3327 Prov.
1556 3309 1662 3336 xvm,
1687 3300 1739 3329 12.
1757 3297 1823 3323 -4
1843 3297 1906 3330 Job
1922 3310 1942 3328 x
1957 3323 1964 3337 ‚
1990 3301 2042 3330 15.

386 3354 399 3368 ⁸
415 3350 520 3389 Alias,
537 3347 773 3379 habitationem.
