2533 3920
340 212 414 250 347

436 480 809 541 EPISTOLA
852 477 1256 537 CXXXVIII.a

506 642 554 664 AD
584 638 785 663 IIENnICL'M
817 636 943 659 nnc-EM
974 634 1191 658 ANGLOM'M.

440 756 470 785 A
491 755 577 794 Rege
598 750 758 794 suppetias
777 748 854 791 petit
882 758 940 790 pro
959 747 1142 779 Innocentio
1164 757 1258 789 papa.

348 879 524 913 Has-mco
542 871 798 911 illustrissimo
826 870 1038 918 Anglorum
1067 869 1164 918 regi,
1182 873 1358 906 Rem-AR-

403 948 475 972 Dcs
496 933 612 971 abbas
639 933 761 969 dictus
790 931 837 967 de
858 930 1092 967 Clara-Valle
1109 958 1118 975 ‚
1138 929 1328 965 honorem
1347 957 1357 974 ‚

403 994 623 1043 sospitatem
647 999 685 1028 et
703 1003 850 1040 pacem.

401 1122 506 1159 Velle
528 1133 595 1157 vos
623 1120 833 1164 instruere,
865 1118 912 1154 de
938 1117 998 1153 his
1029 1115 1244 1166 praesertim
1277 1129 1363 1166 quae

351 1189 523 1233 spectant
540 1180 587 1217 ad
604 1180 843 1216 honestatem
857 1206 866 1223 ‚
888 1185 952 1214 aut
968 1176 1183 1227 insipientis
1203 1184 1279 1221 est,
1299 1184 1365 1212 aut

351 1255 422 1279 vos
447 1242 600 1292 penitus
627 1239 851 1289 ignorantis.
883 1241 1099 1288 Eapropter
1120 1250 1201 1273 rem
1223 1237 1366 1287 simpli-

354 1304 448 1340 citer
474 1302 652 1338 intimare
679 1299 836 1345 sufficit,
858 1307 895 1335 et
914 1298 986 1334 hoc
1008 1298 1164 1348 paucis:
1185 1297 1367 1347 quoniam

354 1363 462 1400 facile
477 1361 605 1399 omnia
620 1359 776 1405 tenenti,
790 1358 908 1394 multa
920 1357 1113 1407 superflue
1125 1357 1364 1405 ingeruntur.

354 1427 398 1461 In
422 1424 594 1472 ingressu
626 1420 732 1457 urbis
761 1432 912 1464 sumus,
943 1418 1044 1455 salus
1067 1425 1123 1454 est
1157 1417 1195 1453 in
1220 1416 1366 1466 januis,

350 1483 503 1533 justitia
536 1481 736 1518 nobiscum
762 1488 817 1516 est
849 1495 857 1516 ε
885 1478 950 1516 sed
974 1478 1159 1516 Romanis
1185 1475 1368 1513 militibus

355 1542 461 1580 cibus
500 1542 570 1578 iste
599 1554 679 1577 non
709 1540 818 1590 sapit.
842 1543 975 1588 Itaque
998 1537 1147 1586 justitia
1174 1537 1367 1587 placamus

356 1606 480 1640 Deum
495 1632 504 1649 ,
542 1602 676 1638 militia
720 1609 906 1637 terremus
940 1600 1068 1636 hostes
1109 1613 1116 1635 :
1156 1598 1246 1634 solis
1291 1610 1368 1633 ne-

355 1664 524 1701 cessariis
542 1662 753 1699 necessaria
770 1674 846 1697 non
866 1659 1061 1696 habemus.
1083 1657 1183 1706 Quid
1203 1671 1301 1707 opus
1320 1657 1369 1694 sit

356 1724 476 1768 facto,
499 1732 542 1759 nt
572 1735 670 1773 opus
697 1729 868 1758 vestrum
901 1720 1152 1769 compleatur,
1186 1717 1289 1767 quod
1321 1717 1367 1754 de

356 1783 502 1819 domini
523 1795 630 1832 papae
647 1780 863 1818 Innocentii
879 1779 1079 1828 magnilica
1099 1786 1136 1814 et
1158 1778 1369 1814 honorifica

356 1844 420 1880 illa
441 1843 682 1893 susceptione
700 1841 838 1878 fecistis
851 1869 860 1885 ,
879 1853 948 1876 vos
965 1839 1100 1876 melius
1120 1838 1240 1874 nostis
1256 1839 1286 1874 *.

353 1980 1378 1993 ======================================================================

472 2100 850 2157 EPISTOLA
895 2086 1253 2155 CXXXIX.¹'

563 2251 609 2272 AD
635 2248 853 2272 LOTHARIL‘M
875 2246 1166 2270 lMPERATOREM.

362 2362 484 2394 Excitat
501 2364 726 2403 Imperatorem
749 2359 789 2392 ad
814 2358 1028 2402 reprimendos
1052 2357 1274 2390 schismaticos.
1293 2359 1374 2390 Cau-

387 2427 453 2448 sam
477 2415 639 2458 cujusdam
657 2414 792 2446 ecclesia¹
811 2413 895 2456 apud
915 2414 1043 2445 Tullum
1057 2413 1123 2444 sitae
1141 2412 1350 2444 commendat.

365 2546 563 2580 Lormmo
592 2539 662 2576 Dei
695 2538 815 2588 gratia
844 2542 1019 2576 Romano
1056 2537 1279 2588 imperatori
1308 2550 1376 2573 au—

420 2609 556 2651 gusto,
592 2603 817 2636 Bsnxmncs
851 2598 967 2635 abbas
1005 2598 1126 2634 dictus
1161 2597 1207 2633 de
1244 2597 1374 2635 Clara-

418 2660 545 2705 Yalle,
573 2659 603 2696 si
628 2659 721 2708 quid
743 2667 870 2709 potest
891 2659 1102 2708 peccatoris
1122 2657 1257 2694 oratio.

427 2786 459 2819 1.
489 2781 716 2819 Benedictus
735 2785 837 2818 Deus
849 2810 859 2827 ,
877 2780 1026 2830 quivos
1046 2780 1189 2829 elegit*
1205 2809 1215 2826 ‚
1233 2789 1270 2816 et
1287 2793 1374 2816 ere-

369 2844 424 2880 xit
451 2856 570 2879 cornu
597 2842 727 2879 salutis
750 2840 860 2878 nobis
876 2869 886 2885 ‚
909 2840 955 2876 ad
979 2839 1128 2876 laudem
1152 2848 1188 2876 et
1215 2839 1375 2888 gloriam

369 2903 535 2940 nominis
559 2901 638 2946 sui,
662 2909 698 2937 et
721 2899 975 2950 reparandum
995 2899 1150 2949 Imperii
1171 2898 1307 2944 decus,
1329 2899 1375 2935 ad

372 2959 676 2999 subveniendum
704 2960 878 2997 Ecclesiae
902 2972 978 2995 suae
1000 2959 1036 2995 in
1063 2966 1234 3008 tempore
1255 2959 1375 3005 malo,

373 3029 569 3072 postremo
590 3019 636 3056 ad
653 3019 891 3069 operandum
908 3019 1020 3054 etiam
1038 3031 1140 3054 nunc
1161 3018 1319 3054 salutem
1337 3019 1374 3055 in

373 3081 500 3118 medio
527 3087 649 3116 terrae.
678 3080 802 3129 Ipsius
830 3087 884 3116 est
906 3078 1007 3115 enim
1036 3090 1158 3128 opus,
1180 3077 1284 3127 quod
1307 3092 1374 3114 co-

1110 207 1145 241 S.
1176 208 1372 244 BERNAR
1379 206 1431 241 DI
1459 205 1550 240 ABB
1558 203 1660 238 ATIS

1353 282 1400 301 ¹⁴⁴
1416 295 1512 319 rona
1531 279 1660 331 gloriae
1676 285 1811 314 vestrae
1830 275 1881 312 ita
1898 275 1936 311 in
1954 274 2033 311 dies
2053 273 2259 324 ampliatur
2277 281 2314 310 et
2333 273 2424 310 sub-

340 355 1352 373 ,,,,,,,,,,,,,,,,,,,,,,,,,,,,,,,,,,,,,,,,,,,,,,,,,,,,,,,,,,,,,,,,,,,,,,
1371 342 1600 386 Alimatur'
1631 336 1854 375 mirabiliter
1880 347 2052 372 crescens
2085 347 2127 370 ac
2159 333 2363 383 proficiens
2387 333 2427 370 in

1421 821 1485 871 jus
1506 821 1588 866 fuit,
1609 820 1646 856 in
1668 832 1784 855 manu
1805 830 1882 854 non
1906 829 2059 866 magna,
2074 824 2118 852 ut
2132 814 2249 852 animi
2269 813 2434 864 fideique

1379 1056 1408 1090 Β
1428 1059 1584 1106 habeat,
1608 1071 1694 1095 cum
1718 1057 1877 1107 coeperit
1902 1069 1969 1092 rex
1995 1055 2204 1105 procedere
2229 1055 2268 1091 in
2289 1053 2437 1103 magni-

1389 1844 1416 1880 C
1437 1857 1522 1893 quae
1543 1850 1631 1879 sunt
1650 1841 1721 1879 Dei
1741 1844 1824 1878 Deo
1838 1847 1847 1861 ¹
1871 1855 1879 1876 :

1391 2628 1424 2662 D
1443 2627 1549 2664 tassis
1566 2625 1654 2662 inde
1672 2633 1739 2661 est.
1754 2623 1958 2660 Dominam
1977 2621 2264 2672 Imperatr-icem
2281 2621 2322 2658 in
2341 2603 2488 2672 Chri-*Q

2346 195 2421 232 348

1423 401 1528 438 omni
1561 399 1697 436 decore
1725 405 1762 432 et
1798 393 2076 444 magnificentia
2105 392 2208 443 apud
2238 396 2361 430 Deum
2392 400 2430 430 et

1423 461 1612 498 homines.
1635 458 1759 508 Ipsius
1785 456 1959 505 prolecto
1989 466 2114 503 nuper
2135 466 2232 503 opus
2252 461 2290 489 et
2309 452 2430 489 virtus

1425 522 1515 566 suit,
1545 518 1649 569 quod
1679 517 1751 554 iter
1776 515 1865 552 satis
1894 513 2130 551 laboriosum
2162 520 2199 549 et
2228 511 2431 550 meticulo-

1422 595 1527 627 sum,
1559 593 1630 630 pro
1662 590 1754 629 pace
1788 575 1895 625 regni
1927 583 1964 611 et
1996 573 2174 611 Ecclesiae.
2203 572 2430 610 liberatione

1423 648 1666 690 susceptum,
1695 638 1733 673 in
1767 644 1869 672 tanta
1899 634 2156 685 prosperitate
2185 632 2385 683 peregistis
2400 632 2430 670 *-

1424 705 1557 739 Romae
1586 698 1774 748 siquidem
1797 695 2005 746 imperialis
2029 694 2206 731 culminis
2225 692 2434 743 plenitudi-

1424 775 1512 798 nem
1535 758 1806 810 gloriosissime
1828 764 2044 801 assccutus,
2065 754 2204 804 idque,
2227 753 2332 804 quod
2352 766 2435 790 ma-

1427 879 1650 930 magnitudo
1675 879 1812 916 clarius
1834 877 2031 914 emineret.
2056 875 2167 924 Quod
2189 874 2220 912 si
2242 882 2331 911 ante
2352 882 2435 910 tan·-

1426 941 1550 977 tillum
1568 938 1778 975 exercitum
1796 945 1897 973 terra
1914 935 2068 973 tremuit
2083 943 2121 971 et
2133 934 2277 984 quievit
2292 948 2300 971 :
2317 946 2437 983 quan-
2469 939 2497 986 ι’

1427 1009 1488 1036 tus
1521 1008 1700 1049 putamus
1731 997 1872 1033 horror
1900 996 2068 1032 hostium
2103 994 2219 1031 corda
2251 992 2435 1030 invadere

1430 1119 1563 1157 tudine
1591 1117 1735 1155 brachii
1756 1116 1837 1153 sui?
1864 1114 2061 1154 Animabit
2080 1115 2239 1164 insuper
2258 1114 2438 1150 honestas

1431 1193 1573 1226 causae3
1594 1180 1672 1216 imo
1701 1178 1843 1228 duplex
1871 1175 2098 1227 provocabit
2117 1175 2332 1212 necessitas.
2354 1177 2440 1212 Non

1431 1249 1487 1278 est
1508 1253 1634 1277 meum
1658 1238 1805 1275 hortari
1834 1237 1880 1274 ad
1901 1249 2071 1287 pugnam
2093 1250 2101 1272 :
2123 1243 2180 1272 est
2205 1243 2331 1272 tamen
2354 1234 2440 1285 (se—

1434 1314 1548 1339 curus
1577 1299 1689 1350 dico)
1708 1299 1884 1336 advocati
1903 1297 2080 1335 Ecclesiae
2097 1309 2227 1333 arcere
2246 1294 2294 1332 ab
2314 1295 2441 1332 Eccle-

1434 1363 1496 1399 siae
1533 1361 1775 1398 infestatione
1808 1357 2137 1396 schismaticorum
2169 1356 2313 1393 rabiem
2345 1371 2352 1392 :
2386 1364 2442 1393 est

1434 1421 1590 1459 Caesaris
1616 1420 1814 1470 propriam
1845 1417 2040 1454 vindicare
2063 1429 2246 1454 coronam
2266 1415 2314 1453 ab
2333 1429 2444 1453 usur-

1434 1490 1568 1533 patore
1602 1480 1729 1517 Siculo
1745 1479 1774 1516 *.
1797 1482 1850 1517 Ut
1877 1478 1977 1515 enim
1998 1484 2148 1514 constat
2168 1476 2364 1513 Judaicam
2385 1489 2444 1513 so-

1434 1542 1562 1579 bolem
1596 1540 1722 1578 sedem
1751 1539 1853 1577 Petri
1880 1538 1919 1574 in
1948 1537 2087 1575 Christi
2115 1549 2322 1586 occupasse
2341 1535 2443 1584 inju-

1435 1604 1578 1648 riam03
1616 1601 1667 1638 sic
1698 1599 1833 1650 procul
1859 1597 1978 1635 dubio
2001 1596 2125 1634 omnis
2156 1596 2223 1646 qui
2254 1595 2294 1632 in
2320 1595 2445 1634 Sicilia

1436 1677 1562 1713 regem
1587 1676 1625 1699 se
1647 1661 1757 1707 facit,
1779 1658 2008 1697 contradicit
2027 1657 2176 1695 Caesari.

1491 1724 1525 1760 2.
1557 1723 1593 1759 Si
1624 1730 1750 1758 autem
1772 1728 1981 1768 utrumque
2000 1715 2191 1754 incumbit
2210 1715 2370 1761 Caesari,
2388 1728 2446 1752 re-

1437 1774 1592 1820 stituere
1622 1781 1765 1818 scilicet
1795 1793 1880 1829 quae
1910 1786 2000 1816 sunt
2027 1777 2209 1823 Caesaris,
2227 1776 2386 1822 Caesari3
2409 1784 2447 1813 et

1906 1852 1974 1876 cur
1994 1837 2097 1888 apud
2121 1837 2272 1874 Tullum
2299 1849 2359 1874 res
2377 1836 2446 1874 Dei

1438 1903 1643 1949 minuitur,
1673 1915 1760 1938 cum
1792 1903 1916 1938 Caesar
1941 1899 2035 1935 nihil
2066 1897 2119 1935 ibi
2151 1898 2348 1934 lucretur?
2379 1900 2450 1935 Ve-

1438 1964 1600 2002 rendum
1627 1971 1684 2000 est
1707 1975 1755 1998 ne
1780 1961 2029 1998 minimorum
2046 1959 2257 2009 neglectus,
2281 1958 2448 2008 impedi-

1438 2035 1609 2061 mentum
1641 2023 1687 2060 sit
1718 2022 1987 2058 maximorum.
2016 2022 2101 2056 Hoc
2130 2026 2188 2056 est
2216 2017 2321 2069 quod
2349 2017 2447 2055 dico.

1439 2084 1605 2122 Ecclesia
1630 2082 1751 2119 sancti
1781 2081 1960 2130 Gengulti
1976 2080 1994 2097 *
2020 2079 2187 2129 graviter
2207 2077 2448 2128 injusteque,
2464 2108 2474 2114 .
2507 2074 2510 2075 ⁷

1442 2154 1483 2182 ut
1506 2145 1667 2189 dicitur,
1683 2143 1721 2179 in
1747 2142 1810 2178 illa
1830 2141 1983 2178 civitate
2000 2139 2234 2191 opprimitur
2254 2154 2262 2176 :
2284 2147 2322 2176 et
2342 2139 2450 2176 aiunt
2463 2187 2470 2189 „

1440 2212 1575 2241 vestrae
1594 2202 1808 2253 prudentiae
1829 2201 1956 2238 nescio
1971 2213 2046 2250 qua
2059 2198 2191 2236 fraude
2208 2198 2449 2250 subreptum,

1442 2273 1483 2302 ut
1512 2264 1670 2301 domino
1701 2266 1834 2312 Papae,
1857 2274 1928 2311 per
1948 2259 2136 2309 justitiam
2156 2257 2361 2296 subvenire
2381 2272 2451 2309 pa·
2510 2307 2511 2310 Ἴ

1442 2325 1563 2371 muti,
1587 2331 1723 2360 vestrae
1743 2322 1964 2358 interventu
1993 2320 2116 2370 precis
2136 2317 2354 2356 obviaretis.
2374 2315 2481 2357 Ob·-
2506 2327 2508 2330 ’

1441 2399 1548 2422 secro
1568 2393 1605 2421 et
1619 2383 1778 2421 consulo
1796 2381 2007 2418 consultius
2021 2380 2094 2429 agi,
2109 2380 2264 2416 noxiam
2279 2378 2451 2417 revocari
2503 2388 2508 2426 g

1441 2458 1614 2496 precem,
1638 2443 1718 2480 dari
1738 2443 1865 2479 locum
1878 2440 2052 2490 justitiae,
2071 2448 2275 2489 antequam
2292 2439 2450 2476 ecclesia
2469 2428 2481 2436 ⁷

1440 2507 1503 2543 illa
1525 2505 1696 2542 funditus
1712 2503 1944 2540 destruatur.
1964 2505 2115 2551 Pauper
2134 2513 2216 2538 sum
2233 2513 2304 2550 ego
2322 2515 2331 2537 ε
2353 2499 2450 2537 fide-

1442 2568 1487 2604 lis
1506 2575 1629 2603 tamen
1652 2572 1796 2608 vester,
1819 2571 1857 2599 et
1877 2562 1907 2599 si
1927 2561 2063 2598 videor
2080 2561 2326 2611 importunus
2339 2589 2349 2606 ,
2369 2559 2450 2597 sor·
2465 2545 2484 2599 3
2502 2555 2508 2572 ⁸

1444 2688 1491 2726 sti
1511 2687 1692 2725 charitate
1716 2683 1861 2734 oppido
1883 2683 2103 2720 salutamus.

422 3213 435 3227 ⁸
452 3210 573 3252 Scripta
588 3220 671 3241 anno
688 3208 801 3241 Christi
824 3212 832 3239 1
847 3210 920 3239 133.
938 3227 982 3230 —
999 3208 1015 3230 b
1037 3209 1157 3252 Scripta
1170 3209 1250 3239 circa
1267 3219 1382 3239 annum
1406 3213 1415 3240 Ι
1429 3213 1503 3242 135,

421 3277 434 3291 ⁸
454 3274 523 3302 Hoc
543 3270 645 3313 ipsum
661 3275 706 3300 est
723 3268 808 3310 quod
829 3278 866 3299 ex
890 3268 977 3299 Actis
1003 3268 1309 3300 Ceuomanuensium
1332 3270 1557 3312 Episcoporum
1575 3271 1752 3302 notaximus
1775 3271 1805 3302 in
1824 3269 2010 3303 Praefatione
2028 3269 2067 3301 ad
2084 3269 2168 3302 hunc
2187 3274 2306 3301 tomum
2319 3291 2327 3306 ‚
2343 3274 2462 3310 nempe*>
2507 3279 2511 3293 ι

374 3326 560 3357 Anacletum
571 3349 579 3362 ,
604 3335 657 3356 seu
676 3327 803 3356 Petrum
819 3323 931 3355 Leonis
947 3333 983 3353 ex
1001 3323 1163 3354 Jmlaismo
1178 3323 1301 3353 duxisse
1315 3323 1477 3364 originem.
