2565 3952
79 168 152 206 469

70 257 219 285 versum
241 239 488 292 sequentibus
506 239 660 276 exclusa
677 237 801 275 fuerit.
820 241 957 275 Nonne
969 266 978 281 ,
996 237 1083 273 cha-

994 160 1258 195 EPISTOLAE.

1093 235 1144 253 2135

2097 159 2174 196 470

1157 235 1322 273 maxima
1345 235 1510 274 Orientis
1525 249 1633 286 pars,
1654 249 1696 273 ac
1710 235 1903 283 barbarae,
1922 237 1988 274 sed
2006 238 2176 275 christia-

73 305 226 350 rissimi,
249 311 350 340 totus
384 300 488 338 orbis
518 310 709 337 terrarum
742 298 881 337 Christi
907 298 1085 335 Ecclesiis
1107 303 1135 337 A
1154 310 1212 333 nae
1233 305 1382 346 genteS,
1407 296 1621 333 sacrificare
1647 296 1694 332 de
1722 296 1951 333 fermentato
1984 297 2171 333 dicantur.

68 368 144 419 jam
176 365 223 403 ab
253 365 412 413 antiquo
434 362 596 399 refertus
618 363 698 399 est?
726 364 897 410 Cumque
930 373 1087 396 omnem

70 441 168 481 pene
188 429 390 463 numerum
414 423 575 460 excedat
611 422 872 473 multiplicitas
901 421 1088 458 Ecclesia-

71 503 175 534 rum,
197 486 267 524 sub
295 498 371 523 una
392 484 465 521 fide
488 493 525 520 et
550 484 682 521 eadem
715 483 899 520 charitate
921 485 1004 518 Deo
1031 482 1088 518 sa-

73 547 294 588 mulantium
311 561 321 592 3
348 553 453 582 tanta
472 558 572 595 pene
593 543 697 594 apud
717 556 779 580 eas
800 543 997 580 invenitur
1017 556 1087 579 va-

71 611 182 650 rietas
197 621 359 655 usuum,
375 615 518 657 quanta
535 606 704 643 infinitas
722 614 777 643 est
795 605 983 642 locorum.
1002 608 1087 642 Hoc

69 672 106 710 in
127 669 321 715 cantibus,
335 669 409 705 hoc
427 668 466 704 111
488 666 720 704 lectionibus
733 697 742 714 ,
760 667 834 704 hoc.
851 667 889 703 in
906 665 1088 703 omnibus

69 730 325 771 ecclesiasticis
346 729 503 774 officiis,
526 729 600 766 hoc
621 728 659 765 in
683 728 824 765 vestitu
842 728 970 774 vario,
991 727 1086 774 hoc,

71 800 209 844 praeter
229 790 447 827 authentica
468 803 554 840 quae
574 789 715 826 mutari
736 802 815 825 non
844 796 1008 839 possunt
1024 787 1087 836 je—

30 3940 43 3952 Γ

55 3725 59 3877 -—,-—
55 3680 57 3715 „⁴
53 3640 56 3662 ,,
53 3588 55 3606 Α

65 852 192 903 junia,
209 851 248 887 in
259 849 417 900 jejuniis
435 850 614 897 diversis,
634 849 707 886 hoc
725 849 761 886 in
780 849 970 886 universis
986 847 1089 885 simi-

69 911 186 959 libus,
201 925 286 961 quae
307 925 379 962 pro
405 919 624 962 temporum
641 940 650 957 ,
670 911 844 947 locorum
862 939 871 956 ,
893 910 1062 960 gentium
1076 938 1085 955 ,

68 973 265 1023 regionum
286 971 538 1009 varietatibus
552 1001 562 1018 ,
580 985 602 1008 a
618 971 787 1022 praelatis
804 970 1060 1008 Ecclesiarum
1074 999 1083 1016 ,

1155 359 1248 395 Cum
1270 357 1344 393 1100
1360 357 1410 393 ita
1429 357 1496 404 sit,
1516 352 1586 393 110(-
1602 357 1772 406 antiqui,
1796 370 1865 393 nec
1887 357 2064 394 moderni
2085 371 2178 407 pro-

1154 426 1242 468 pter
1259 426 1332 454 tarn
1350 417 1520 454 celebres
1537 426 1574 454 et
1588 418 1751 454 famosas
1768 431 1907 454 usuum
1923 418 2177 456 dissonantias

1155 492 1177 515 a
1197 478 1380 515 charitate
1399 487 1533 515 mutua
1554 478 1800 516 desciverunt
1821 494 1828 516 :
1851 480 1939 529 quia
1960 479 2052 515 nihil
2075 480 2178 529 quod

1155 539 1271 576 fidem
1295 540 1356 576 vel
1386 540 1610 576 charitatem
1640 539 1820 587 laederet,
1848 540 1886 576 in
1907 540 1965 576 his
1996 539 2177 577 omnibus

1155 600 1402 637 invenerunt.
1425 600 1484 638 Ad
1501 599 1592 650 quid
1614 600 1739 637 istud?
1756 604 1809 638 L‘t
1824 600 1853 637 si
1873 609 2036 651 propter
2051 599 2177 637 varios

1155 675 1247 698 usus
1279 661 1417 706 vestri,
1442 674 1464 697 o
1499 662 1658 707 fratres,
1689 662 1806 698 animi
1836 661 1973 698 variati
2003 669 2112 706 sunt,
2149 661 2179 698 si

1155 731 1318 773 propter
1343 722 1603 759 diversitatem
1632 721 1958 759 consuetudinum
1987 721 2179 758 diversifi-

1157 784 1229 820 cati
1252 792 1360 831 sunt,
1381 783 1409 820 si
1432 792 1596 834 propter
1615 783 1730 820 alium
1749 792 1786 820 et
1807 783 1923 820 alium
1950 796 2098 820 morem
2129 781 2176 819 ab

1154 846 1413 883 Ecclesiarum
1447 844 1736 883 institutoribus
1768 844 1879 883 vobis
1914 845 2095 883 traditum
2111 874 2120 890 ,
2158 859 2179 881 a

1154 908 1258 958 pacis
1283 908 1342 945 vel
1372 908 1528 945 unitatis
1550 908 1734 945 charitate
1759 908 1993 958 languerunt
2015 923 2022 945 :
2046 916 2178 944 tanto-

1154 983 1238 1006 rum
1261 973 1416 1007 Patrum
1437 978 1512 1006 tam
1533 970 1766 1007 venerandis
1787 970 1973 1021 exemplis
1993 969 2031 1006 in
2054 983 2176 1006 unum

68 1033 224 1085 quibus,
263 1034 477 1071 secundum
521 1034 752 1084 Apostolum
767 1062 776 1080 ,
811 1041 1001 1083 quantum
1037 1031 1084 1069 ad
1106 1031 1131 1065 B
1152 1030 1333 1076 redeant,
1357 1039 1394 1067 et
1412 1044 1522 1067 more
1544 1039 1766 1068 sanctorum
1780 1061 1789 1078 ,
1809 1031 1874 1082 qui
1897 1031 2178 1068 convaluerunt

67 1094 153 1132 talia
177 1094 366 1144 pertinet,
396 1095 435 1131 in
459 1108 529 1132 suo
564 1107 677 1132 sensu
706 1094 794 1131 licet
827 1093 1025 1130 abundare
1044 1100 1053 1114 ¹
1071 1122 1080 1139 ,

66 1155 238 1193 instituta
264 1164 364 1193 sunt.
387 1155 624 1206 Relinquent
643 1169 734 1206 ergo
757 1168 891 1192 omnes
911 1155 991 1192 istae
1011 1158 1083 1192 Ec-

67 1216 189 1254 clesiae
217 1217 464 1263 charitatem,
488 1217 578 1267 quia
606 1225 856 1253 mutaverunt
876 1224 1084 1252 consuetu-

68 1277 192 1315 dinem
207 1278 222 1313 ?
241 1277 446 1315 cessabunt
463 1291 544 1314 esse
561 1277 780 1323 christiani,
798 1277 888 1326 quia
904 1276 1086 1313 videntur

67 1339 106 1377 in
125 1338 284 1376 diversis
303 1338 434 1376 usibus
452 1338 576 1375 varii?
596 1338 738 1389 peribit
759 1337 806 1374 ab
828 1337 885 1374 his
906 1336 1087 1374 omnibus

68 1412 258 1438 summum
274 1399 380 1450 pacis
394 1399 543 1436 bonum
556 1430 565 1446 ,
581 1399 671 1449 quia
686 1398 952 1449 unusquisque
968 1397 1086 1435 modo

67 1460 183 1498 vario·
201 1456 386 1510 operatur
414 1459 589 1498 bonum?
618 1464 705 1498 Non
734 1460 787 1497 ita
813 1459 931 1497 sensit
951 1460 1029 1496 vita
1049 1467 1088 1495 et

71 1519 189 1558 verbo
211 1519 349 1557 doctor
368 1521 547 1558 Ecclesiae
568 1519 817 1567 Ambrosius,
839 1520 905 1570 qni
923 1520 970 1557 de
984 1519 1089 1569 jeju-

71 1580 133 1618 nio
153 1579 302 1617 sabbati
322 1581 510 1631 loquens,
529 1581 635 1632 quod
658 1585 792 1619 Romae
813 1580 959 1619 servari
980 1580 1090 1617 vide-

71 1648 144 1687 rat,
164 1649 202 1677 et
217 1640 426 1678 Mediolani
457 1642 664 1693 episcopus
694 1642 814 1679 factus
841 1641 985 1679 servari
1010 1655 1089 1678 non

71 1701 284 1751 invenerat,
304 1702 356 1739 ait
376 1717 384 1739 :
407 1720 422 1735 «
442 1702 607 1752 Quando
621 1707 757 1741 Romae
775 1717 858 1740 sum
872 1733 881 1749 ,
896 1702 1089 1753 jejunium

73 1778 89 1795 υ
106 1775 126 1799 a
143 1765 317 1800 Romana
334 1763 504 1800 Ecclesia
532 1772 725 1800 servatum
746 1763 923 1800 custodio
942 1778 950 1800 ε
970 1776 1089 1813 quan-

1152 1091 1198 1129 de
1216 1091 1461 1137 infirmitate‚
1488 1092 1604 1128 fortes
1623 1093 1712 1129 sacti
1735 1101 1824 1130 sunt
1841 1093 1877 1128 in
1899 1091 2019 1138 bello,
2042 1105 2061 1128 a
2082 1091 2175 1128 cha-

1151 1152 1274 1189 ritatis
1298 1165 1414 1202 super
1437 1166 1592 1189 omnem
1617 1153 1800 1190 morbum
1822 1152 2067 1190 formidando
2091 1152 2175 1189 lan-

1151 1226 1272 1263 guore
1294 1214 1579 1251 convalescant.

1212 1274 1271 1311 10.
1295 1274 1368 1311 Sed
1391 1274 1524 1311 dicetis
1547 1289 1554 1311 :
1579 1292 1592 1307 «
1619 1275 1742 1312 Aliter
1760 1289 1899 1312 usuum
1920 1275 2085 1312 varietas
2113 1288 2176 1311 ac·—

1156 1349 1171 1366 »
1196 1333 1372 1383 cipienda
1403 1342 1458 1370 cst
1491 1334 1531 1370 in
1565 1334 1726 1371 diversis
1758 1335 1960 1381 Ecclesiis,
1993 1334 2102 1371 aliter
2136 1335 2176 1370 in

1156 1411 1171 1427 »
1193 1393 1366 1443 ejusdem
1391 1394 1546 1432 Ordinis
1561 1395 1664 1432 viris.
1691 1395 1728 1433 Si
1746 1395 2003 1432 Ecclesiarum
2033 1395 2175 1431 multa-

1157 1472 1171 1487 »
1193 1468 1278 1492 rum
1313 1468 1401 1492 usus
1436 1456 1540 1493 salva
1572 1456 1646 1493 fide
1682 1465 1719 1493 et
1750 1457 1933 1494 charitate
1957 1456 2177 1502 variantur,

1157 1533 1172 1549 »
1195 1516 1334 1553 mirum
1358 1530 1436 1553 non
1464 1525 1521 1553 est
1550 1531 1558 1553 z
1582 1516 1648 1554 sed
1673 1517 1703 1554 si
1724 1516 1894 1567 ejusdem
1921 1517 2113 1568 propositi
2140 1525 2178 1553 et

1157 1595 1172 1611 »
1193 1578 1445 1628 professionis
1462 1578 1638 1615 homines
1658 1592 1735 1616 non
1754 1578 1933 1616 eumdem
1963 1577 2177 1615 institutio-

1158 1655 1174 1673 »
1196 1653 1289 1676 num
1308 1653 1456 1678 morem
1477 1641 1734 1688 servaverint,
1753 1641 1893 1677 mirum
1914 1649 1981 1677 est.
2006 1658 2019 1673 »
2041 1643 2179 1685 Estne,

1158 1700 1312 1752 inquam
1327 1730 1336 1747 ,
1359 1702 1434 1739 1100
1464 1710 1608 1748 totum,
1639 1702 1746 1752 quod
1766 1716 1858 1749 vos,
1882 1700 2112 1747 charissimi,
2130 1699 2178 1737 al)

1157 1762 1323 1799 invicem
1337 1763 1494 1800 dividit?
1509 1772 1564 1800 est
1581 1764 1653 1800 1100
1672 1772 1793 1801 totum
1808 1794 1818 1810 ,
1833 1763 1938 1814 quod
1956 1762 2180 1800 charitatem

72 1840 87 1856 »ι
106 1822 154 1860 (10
173 1823 404 1871 Mediolani,
427 1837 575 1862 morem
612 1824 785 1874 ejusdem
820 1825 999 1862 Ecclesiae
1028 1839 1090 1862 se-
1109 1828 1134 1864 C
1156 1823 1193 1861 in
1212 1823 1323 1862 vobis
1344 1825 1478 1862 laedit?
1499 1834 1556 1862 est
1576 1825 1650 1862 hoc
1669 1834 1811 1872 totum,
1834 1824 1939 1875 quod
1959 1824 2056 1861 filios
2077 1823 2182 1874 pacis

74 1901 90 1918 ιι
108 1897 227 1934 quens
246 1898 325 1922 non
350 1884 487 1935 jejuno
510 1892 536 1922 ².
562 1903 577 1919 »
595 1886 695 1924 Hinc
716 1895 753 1923 et
777 1894 886 1936 pater
906 1887 1090 1936 Augusti-

73 1957 142 1982 nus
156 1943 278 1982 ·bonae
301 1947 433 1985 matris
462 1960 539 1984 suae
568 1946 817 1984 devotionem
845 1946 1088 1994 describens,

73 2014 198 2043 narrat
212 2019 294 2043 eam
310 2006 424 2056 juxta
446 2020 615 2055 morem,
631 2021 746 2058 (111οη1
768 2007 869 2058 apud
889 2008 1087 2045 Africanas

73 2067 254 2105 Ecclesias
276 2069 399 2106 teneri
418 2069 588 2116 viderat,
608 2069 825 2106 oblationes
847 2082 933 2106 snas
951 2079 1090 2108 contra

76 2129 322 2167 Ecclesiarum
344 2131 464 2168 Italiae
487 2130 774 2168 observantiam
793 2130 1001 2168 Mediolani
1023 2145 1090 2167 vo—

67 2188 182 2228 juisse
223 2190 386 2239 offerre,
425 2192 490 2229 sed
524 2191 572 2229 ab
604 2191 813 2230 Ambrosio
849 2190 1088 2242 prohibitam

76 2249 186 2287 fuisse
208 2248 235 2288 3.

127 2311 162 2348 9.
180 2312 252 2349 Sed
275 2313 369 2363 quid
388 2315 427 2351 in
445 2315 526 2352 istis
552 2314 714 2352 laboro?
736 2319 892 2353 Frustra
920 2328 999 2352 rem
1021 2328 1091 2365 pa-

77 2379 214 2410 tentem
246 2375 526 2426 multiplicibus
556 2377 786 2413 testimoniis
807 2377 867 2413 vel
902 2376 1090 2427 exemplis

76 2432 259 2484 cingerem
295 2450 302 2470 :
337 2437 502 2475 maxime
539 2451 626 2474 cum
661 2440 731 2474 nec
767 2436 871 2487 apud
910 2437 1089 2486 antiquos

76 2493 188 2543 ipsius
207 2496 394 2545 paschalis
414 2498 601 2549 temporis
622 2497 877 2543 dissonantia,
893 2510 964 2533 nec
986 2496 1089 2547 apud

75 2554 277 2593 modernos
298 2557 418 2607 ipsius
438 2559 613 2595 sacrificii
635 2558 831 2595 christiani
857 2558 958 2594 inter
979 2561 1090 2596 Grae—

1157 1885 1258 1922 111101
1275 1900 1313 1923 50
1332 1887 1513 1936 pacificos
1529 1900 1610 1924 esse
1632 1900 1710 1923 non
1732 1887 1848 1924 sinit?
1871 1887 1907 1925 Si
1925 1886 2043 1923 laicus
2064 1885 2180 1921 homo

1158 1961 1243 1984 cum
1264 1948 1322 1985 his
1353 1948 1420 1998 qui
1448 1947 1611 1984 oderant
1638 1962 1792 1999 pacem,
1824 1948 2008 1999 pacificus
2039 1955 2120 1985 erat
2146 1947 2182 1992 ⁴';

1158 2008 1370 2045 monachus
1384 2008 1502 2046 homo
1518 2022 1605 2046 cum
1621 2009 1812 2046 monacho
1826 2009 1997 2055 homine,
2013 2007 2180 2045 nefando

1158 2069 1288 2106 duello
1318 2069 1507 2107 certabit?
1528 2071 1648 2108 Filius
1672 2071 1767 2108 111015
1789 2071 1887 2108 filios
1907 2069 2153 2107 tenebrarum
2169 2098 2178 2116 ,

1158 2145 1206 2168 ne
1234 2132 1339 2182 pacis
1368 2130 1516 2169 bonum
1543 2131 1745 2179 turbetur,
1769 2133 1891 2182 diligit
1920 2147 1927 2169 :
1957 2132 2056 2168 filius
2087 2130 2182 2167 lucis

1159 2193 1280 2229 filium
1300 2193 1417 2239 lucis,
1443 2193 1549 2243 qnod
1571 2193 1616 2230 ad
1639 2194 1882 2244 propositum
1898 2223 1907 2239 ‚
1931 2206 2009 2229 non
2032 2191 2079 2228 ad
2102 2205 2182 2228 mo-

1159 2253 1323 2289 nachum
1346 2254 1472 2290 resero
1487 2284 1496 2300 ,
1513 2254 1781 2305 impugnabit?
1809 2255 1845 2292 Si
1874 2254 1956 2291 hzec
1974 2262 2076 2290 certe
2103 2261 2182 2289 tota

1158 2323 1215 2351 est
1232 2315 1449 2351 animorum
1465 2324 1684 2353 vestrorum
1706 2316 1918 2366 indignatio
1933 2345 1942 2362 ,
1957 2316 1988 2352 si
2005 2316 2085 2352 liaec
2105 2323 2183 2352 tota

1160 2375 1353 2411 charitatis
1368 2376 1493 2423 laesio,
1510 2376 1618 2413 facile
1637 2376 1836 2413 curabitur
1850 2405 1859 2421 ,
1879 2376 1945 2413 sed
1964 2376 1993 2413 51
2015 2375 2183 2412 abfuerit

1159 2436 1381 2473 obstinatio.
1407 2437 1601 2474 Attendite
1623 2451 1735 2487 ergo,
1766 2451 1814 2475 ne
1844 2438 1968 2474 lucem
1999 2450 2180 2474 sensuum

1162 2505 1378 2533 vestrorum
1398 2497 1567 2548 propriae
1588 2498 1788 2535 sententiae
1810 2511 1920 2534 amor
1949 2496 2150 2534 obnubilet
2175 2511 2182 2532 :

1161 2557 1249 2607 quia
1279 2557 1464 2594 unitatem
1494 2558 1644 2608 assequi
1677 2572 1755 2595 non
1787 2566 1980 2605 meretur,
2010 2557 2184 2607 quisquis

77 2627 139 2652 cos
150 2624 187 2652 et
203 2617 360 2654 Latinos
378 2627 469 2656 nota
484 2619 667 2665 varietas,
687 2619 912 2655 charitatem
927 2618 1067 2655 laedere
1081 2649 1090 2666 ,
1111 2627 1144 2661 D
1162 2632 1239 2655 non
1272 2619 1416 2669 ipsam,
1441 2619 1506 2655 sed
1537 2619 1642 2669 quod
1665 2620 1745 2656 vult
1776 2620 1857 2670 ipse
1872 2649 1881 2665 ,
1903 2627 2045 2655 tuetur.
2069 2618 2184 2656 [nde

76 2675 133 2712 vel
151 2677 310 2715 schisma
339 2679 496 2729 aliquod
525 2680 681 2717 unitatis
713 2681 870 2730 gignere
903 2680 1086 2730 potuerit.

76 2737 198 2775 Testes
222 2747 311 2776 sunt
340 2741 595 2791 praecedentis
624 2742 678 2779 rei
707 2746 838 2779 Patres
871 2742 1015 2788 sancti,
1051 2751 1089 2779 et

77 2809 225 2846 eorum,
253 2814 350 2850 quos
382 2802 562 2840 Ecclesiae
592 2803 851 2853 reliquerunt,
882 2802 1089 2854 approbati

77 2855 177 2904 libri,
193 2860 297 2910 quod
317 2862 392 2899 alio
417 2871 591 2913 tempore
610 2863 766 2909 Oriens,
784 2863 858 2900 alio
880 2863 1088 2910 Occidens,

46 2966 48 2977 1
78 2916 148 2954 alio
163 2919 200 2956 in
220 2921 352 2959 eadem
371 2923 578 2960 Britannice
598 2924 722 2960 insula
737 2924 871 2974 Angli,
890 2924 964 2961 alio
986 2924 1089 2962 Scoti

78 2976 284 3027 christiani,
314 2983 458 3020 scilicet
481 2984 738 3034 antiquioreS,
764 2985 908 3022 Pascha
931 2985 1090 3022 Domini

47 3060 49 3072 .
79 3037 327 3079 celebrabant.
351 3047 480 3081 Testes
497 3057 630 3082 sumus
657 3054 695 3082 et
718 3059 790 3082 nos
809 3045 993 3096 temporis
1014 3059 1088 3082 no-

78 3097 162 3145 stri,
195 3101 259 3150 qui
281 3105 497 3142 Romanam
521 3106 754 3152 Ecclesiam,
787 3115 825 3143 et
854 3115 972 3143 totam
1000 3106 1090 3143 lati-

78 3169 160 3195 nam
177 3160 359 3212 Linguam
388 3165 529 3203 offerre
557 3169 640 3204 Deo
665 3168 830 3204 salutare
861 3167 1089 3204 sacrificium

78 3220 194 3270 azymi
217 3223 326 3272 panis
354 3225 546 3274 videmus3
573 3241 661 3264 cum
691 3241 814 3278 graeca
842 3228 1031 3275 Ecclesia,
1053 3237 1091 3265 et

127 3357 134 3373 ¹
156 3356 247 3386 ROffl·
265 3368 334 3395 XW,
350 3362 382 3389 5-
399 3377 443 3381 -
463 3366 474 3381 ²
493 3361 587 3404 Apud
607 3363 835 3404 Augustulum,
853 3365 944 3406 epist.
967 3366 1022 3395 ai.
1046 3382 1086 3385 Μ
1106 3361 1118 3385 3
1137 3362 1379 3395 confessioni-1111
1396 3362 1476 3393 lihro
1495 3366 1512 3393 G
1526 3385 1533 3398 ,
1551 3373 1621 3403 cap.
1645 3365 1675 3391 2.
1698 3379 1734 3382 ᾼ
1760 3360 1773 3386 st
1791 3360 1870 3391 Psal.
1889 3370 1967 3388 mn.
1981 3382 1988 3395 ,
2014 3373 2042 3388 s.

1159 2693 1253 2729 rogo
1271 2688 1314 2716 ut
1335 2679 1481 2729 absque
1503 2680 1630 2717 studio
1650 2680 1818 2731 partium
1844 2688 1881 2716 et
1904 2680 2072 2730 propriae
2094 2692 2181 2715 sen—

1160 2741 1289 2778 tentiae
1324 2741 1588 2789 defensandae,
1621 2750 1751 2779 utrum
1784 2742 1864 2778 1100(-
1896 2740 2002 2790 justa
2035 2739 2184 2777 discidii

1158 2815 1271 2838 causa
1289 2802 1357 2849 sit,
1378 2802 1607 2850 discutiati53
1629 2811 1667 2840 et
1688 2816 1774 2839 cum
1806 2802 1987 2851 injustam
2010 2814 2090 2838 esse
2111 2814 2181 2837 co-

1157 2863 1389 2912 gnoveritis,
1420 2863 1597 2901 discissos
1619 2864 1768 2900 animos
1795 2863 1948 2900 uniatis.
1971 2866 2065 2900 Nam
2093 2875 2181 2898 ecce

1160 2921 1230 2959 sub
1249 2922 1382 2960 cadem
1400 2925 1547 2974 Regula
1563 2933 1726 2974 uterque
1742 2933 1915 2961 vestrum
1932 2923 2088 2970 militat,
2107 2936 2186 2972 qua

1161 2983 1316 3033 speciali
1338 2984 1471 3021 militia
1492 2985 1652 3022 salutem
1675 2993 1857 3021 aeternam
1879 2998 1918 3021 se
1939 2983 2103 3034 quisquc
2119 2996 2179 3019 ve-

1160 3053 1283 3081 strum
1315 3058 1429 3095 posse
1455 3045 1641 3096 consequi
1671 3053 1811 3096 sperat.
1844 3045 1959 3093 Quod
1985 3045 2016 3081 si
2047 3052 2183 3080 neuter

1159 3113 1332 3142 vestrum
1364 3119 1432 3156 spe
1462 3120 1529 3143 sua
1553 3107 1780 3153 frustratur,
1807 3107 1936 3144 nescio
1963 3105 2048 3155 quis
2076 3105 2185 3141 locus

1159 3165 1382 3213 discordiae,
1411 3166 1497 3217 quis
1529 3167 1714 3215 discidio,
1737 3167 1823 3217 quis
1853 3165 2091 3203 oblocutioni
2124 3177 2184 3200 511-

1158 3240 1312 3277 peresse
1330 3226 1409 3277 jam
1428 3228 1560 3278 possit.
