<?xml version="1.0" encoding="UTF-8"?>
<!DOCTYPE html PUBLIC "-//W3C//DTD XHTML 1.0 Transitional//EN"
    "http://www.w3.org/TR/xhtml1/DTD/xhtml1-transitional.dtd">
<html xmlns="http://www.w3.org/1999/xhtml" xml:lang="en" lang="en">
 <head>
  <title>
</title>
<meta http-equiv="Content-Type" content="text/html;charset=utf-8" />
  <meta name='ocr-system' content='tesseract 3.04.00' />
  <meta name='ocr-capabilities' content='ocr_page ocr_carea ocr_par ocr_line ocrx_word'/>
</head>
<body>
  <div class='ocr_page' id='page_1' title='image "./operaomniapostho01bernuoft_0170.png"; bbox 0 0 2533 3920; ppageno 0'>
   <div class='ocr_carea' id='block_1_1' title="bbox 364 163 438 199">
    <p class='ocr_par' dir='ltr' id='par_1_1' title="bbox 364 163 438 199">
     <span class='ocr_line' id='line_1_1' title="bbox 364 163 438 199; baseline 0 0"><span class='ocrx_word' id='word_1_1' title='bbox 364 163 438 199; x_wconf 78' lang='lat'>315</span> 
     </span>
    </p>
   </div>
   <div class='ocr_carea' id='block_1_2' title="bbox 1129 158 1680 193">
    <p class='ocr_par' dir='ltr' id='par_1_2' title="bbox 1129 158 1680 193">
     <span class='ocr_line' id='line_1_2' title="bbox 1129 158 1680 193; baseline 0 -2"><span class='ocrx_word' id='word_1_2' title='bbox 1129 159 1163 192; x_wconf 79' lang='lat' dir='ltr'>S.</span> <span class='ocrx_word' id='word_1_3' title='bbox 1196 158 1450 193; x_wconf 70' lang='lat' dir='ltr'>BERNARDI</span> <span class='ocrx_word' id='word_1_4' title='bbox 1481 159 1680 193; x_wconf 75' lang='lat' dir='ltr'>ABBATIS</span> 
     </span>
    </p>
   </div>
   <div class='ocr_carea' id='block_1_3' title="bbox 2372 158 2446 194">
    <p class='ocr_par' dir='ltr' id='par_1_3' title="bbox 2372 158 2446 194">
     <span class='ocr_line' id='line_1_3' title="bbox 2372 158 2446 194; baseline 0.014 -1"><span class='ocrx_word' id='word_1_5' title='bbox 2372 158 2446 194; x_wconf 73' lang='lat'>3115</span> 
     </span>
    </p>
   </div>
   <div class='ocr_carea' id='block_1_4' title="bbox 359 233 2338 350">
    <p class='ocr_par' dir='ltr' id='par_1_4' title="bbox 359 233 2338 350">
     <span class='ocr_line' id='line_1_4' title="bbox 361 233 1439 283; baseline -0.006 -7"><span class='ocrx_word' id='word_1_6' title='bbox 361 248 398 276; x_wconf 89' lang='lat' dir='ltr'>et</span> <span class='ocrx_word' id='word_1_7' title='bbox 422 239 592 276; x_wconf 89' lang='lat' dir='ltr'>delector</span> <span class='ocrx_word' id='word_1_8' title='bbox 613 234 899 279; x_wconf 83' lang='lat' dir='ltr'>occasionibus,</span> <span class='ocrx_word' id='word_1_9' title='bbox 932 233 1071 283; x_wconf 90' lang='lat' dir='ltr'>quibus</span> <span class='ocrx_word' id='word_1_10' title='bbox 1103 234 1163 270; x_wconf 73' lang='lat' dir='ltr'>vel</span> <span class='ocrx_word' id='word_1_11' title='bbox 1184 233 1378 271; x_wconf 84' lang='lat' dir='ltr'>interdum</span> <span class='ocrx_word' id='word_1_12' title='bbox 1392 233 1439 252; x_wconf 69' lang='lat'>&#39;²³</span> 
     </span>
     <span class='ocr_line' id='line_1_5' title="bbox 359 294 2338 350; baseline -0.004 -14"><span class='ocrx_word' id='word_1_13' title='bbox 359 299 532 350; x_wconf 79' lang='lat' dir='ltr'>expediri</span> <span class='ocrx_word' id='word_1_14' title='bbox 553 297 700 341; x_wconf 68' lang='lat' dir='ltr'>videor,</span> <span class='ocrx_word' id='word_1_15' title='bbox 725 305 766 332; x_wconf 90' lang='lat' dir='ltr'>ut</span> <span class='ocrx_word' id='word_1_16' title='bbox 787 304 822 331; x_wconf 93' lang='lat' dir='ltr'>te</span> <span class='ocrx_word' id='word_1_17' title='bbox 838 294 1000 331; x_wconf 77' lang='lat' dir='ltr'>videam.</span> <span class='ocrx_word' id='word_1_18' title='bbox 1023 298 1122 331; x_wconf 79' lang='lat' dir='ltr'>Rara</span> <span class='ocrx_word' id='word_1_19' title='bbox 1138 294 1291 344; x_wconf 89' lang='lat' dir='ltr'>quidem</span> <span class='ocrx_word' id='word_1_20' title='bbox 1307 294 1370 331; x_wconf 89' lang='lat' dir='ltr'>da·</span> <span class='ocrx_word' id='word_1_21' title='bbox 1389 299 1417 332; x_wconf 94' lang='lat' dir='ltr'><strong>A</strong></span> <span class='ocrx_word' id='word_1_22' title='bbox 1443 327 1670 337; x_wconf 64' lang='lat'>.........„...,.</span> <span class='ocrx_word' id='word_1_23' title='bbox 1688 327 1714 335; x_wconf 72' lang='grc'>,,</span> <span class='ocrx_word' id='word_1_24' title='bbox 1730 325 2338 336; x_wconf 51' lang='lat' dir='ltr'>,.n...„„,„„„,„,„„„„mmmm</span> 
     </span>
    </p>
   </div>
   <div class='ocr_carea' id='block_1_5' title="bbox 359 355 1375 700">
    <p class='ocr_par' dir='ltr' id='par_1_5' title="bbox 359 355 1375 700">
     <span class='ocr_line' id='line_1_6' title="bbox 363 355 1374 408; baseline -0.007 -11"><span class='ocrx_word' id='word_1_25' title='bbox 363 369 424 396; x_wconf 90' lang='lat' dir='ltr'>tur</span> <span class='ocrx_word' id='word_1_26' title='bbox 439 358 659 408; x_wconf 87' lang='lat' dir='ltr'>hujusmodi</span> <span class='ocrx_word' id='word_1_27' title='bbox 675 356 944 406; x_wconf 78' lang='lat' dir='ltr'>opportunitas</span> <span class='ocrx_word' id='word_1_28' title='bbox 964 370 971 391; x_wconf 89' lang='lat'><strong>:</strong></span> <span class='ocrx_word' id='word_1_29' title='bbox 995 355 1060 391; x_wconf 89' lang='lat' dir='ltr'>sed</span> <span class='ocrx_word' id='word_1_30' title='bbox 1085 355 1216 400; x_wconf 84' lang='lat' dir='ltr'>chara,</span> <span class='ocrx_word' id='word_1_31' title='bbox 1242 355 1374 401; x_wconf 86' lang='lat' dir='ltr'>fateor,</span> 
     </span>
     <span class='ocr_line' id='line_1_7' title="bbox 365 415 1375 466; baseline -0.006 -10"><span class='ocrx_word' id='word_1_32' title='bbox 365 428 419 456; x_wconf 84' lang='lat' dir='ltr'>est</span> <span class='ocrx_word' id='word_1_33' title='bbox 442 419 531 455; x_wconf 87' lang='lat' dir='ltr'>mihi</span> <span class='ocrx_word' id='word_1_34' title='bbox 551 418 610 454; x_wconf 72' lang='lat' dir='ltr'>vel</span> <span class='ocrx_word' id='word_1_35' title='bbox 631 418 713 466; x_wconf 91' lang='lat' dir='ltr'>ipsa</span> <span class='ocrx_word' id='word_1_36' title='bbox 740 416 885 452; x_wconf 88' lang='lat' dir='ltr'>raritas.</span> <span class='ocrx_word' id='word_1_37' title='bbox 924 418 986 451; x_wconf 83' lang='lat' dir='ltr'>Est</span> <span class='ocrx_word' id='word_1_38' title='bbox 1005 415 1105 451; x_wconf 89' lang='lat' dir='ltr'>enim</span> <span class='ocrx_word' id='word_1_39' title='bbox 1131 428 1220 451; x_wconf 88' lang='lat' dir='ltr'>sane</span> <span class='ocrx_word' id='word_1_40' title='bbox 1242 415 1375 451; x_wconf 89' lang='lat' dir='ltr'>melius</span> 
     </span>
     <span class='ocr_line' id='line_1_8' title="bbox 368 478 1375 525; baseline -0.005 -10"><span class='ocrx_word' id='word_1_41' title='bbox 368 480 497 515; x_wconf 72' lang='lat' dir='ltr'>videre</span> <span class='ocrx_word' id='word_1_42' title='bbox 528 487 563 514; x_wconf 92' lang='lat' dir='ltr'>te</span> <span class='ocrx_word' id='word_1_43' title='bbox 592 478 651 513; x_wconf 76' lang='lat' dir='ltr'>vel</span> <span class='ocrx_word' id='word_1_44' title='bbox 687 489 965 525; x_wconf 82' lang='lat' dir='ltr'>nonnunquam</span> <span class='ocrx_word' id='word_1_45' title='bbox 981 503 990 520; x_wconf 85' lang='lat'>,</span> <span class='ocrx_word' id='word_1_46' title='bbox 1026 489 1139 525; x_wconf 89' lang='lat' dir='ltr'>quam</span> <span class='ocrx_word' id='word_1_47' title='bbox 1175 488 1375 524; x_wconf 88' lang='lat' dir='ltr'>nunquam</span> 
     </span>
     <span class='ocr_line' id='line_1_9' title="bbox 365 535 1375 587; baseline -0.004 -12"><span class='ocrx_word' id='word_1_48' title='bbox 365 539 535 575; x_wconf 88' lang='lat' dir='ltr'>omnino.</span> <span class='ocrx_word' id='word_1_49' title='bbox 558 542 677 587; x_wconf 84' lang='lat' dir='ltr'>Spero</span> <span class='ocrx_word' id='word_1_50' title='bbox 697 550 756 572; x_wconf 91' lang='lat' dir='ltr'>me</span> <span class='ocrx_word' id='word_1_51' title='bbox 773 536 810 572; x_wconf 91' lang='lat' dir='ltr'>in</span> <span class='ocrx_word' id='word_1_52' title='bbox 831 536 1008 585; x_wconf 79' lang='lat' dir='ltr'>proximo</span> <span class='ocrx_word' id='word_1_53' title='bbox 1026 544 1233 572; x_wconf 79' lang='lat' dir='ltr'>venturum</span> <span class='ocrx_word' id='word_1_54' title='bbox 1252 535 1297 572; x_wconf 88' lang='lat' dir='ltr'>ad</span> <span class='ocrx_word' id='word_1_55' title='bbox 1321 544 1375 581; x_wconf 90' lang='lat' dir='ltr'>te,</span> 
     </span>
     <span class='ocr_line' id='line_1_10' title="bbox 359 596 1372 648; baseline -0.005 -13"><span class='ocrx_word' id='word_1_56' title='bbox 359 599 438 648; x_wconf 87' lang='lat' dir='ltr'>jam</span> <span class='ocrx_word' id='word_1_57' title='bbox 455 612 556 634; x_wconf 83' lang='lat' dir='ltr'>nunc</span> <span class='ocrx_word' id='word_1_58' title='bbox 570 596 773 647; x_wconf 87' lang='lat' dir='ltr'>praelibans</span> <span class='ocrx_word' id='word_1_59' title='bbox 791 596 972 646; x_wconf 75' lang='lat' dir='ltr'>gaudium</span> <span class='ocrx_word' id='word_1_60' title='bbox 989 596 1166 645; x_wconf 76' lang='lat' dir='ltr'>proxime</span> <span class='ocrx_word' id='word_1_61' title='bbox 1183 596 1372 645; x_wconf 81' lang='lat' dir='ltr'>pleneque</span> 
     </span>
     <span class='ocr_line' id='line_1_11' title="bbox 365 661 1163 700; baseline -0.008 -4"><span class='ocrx_word' id='word_1_62' title='bbox 365 661 549 696; x_wconf 87' lang='lat' dir='ltr'>futurum.</span> <span class='ocrx_word' id='word_1_63' title='bbox 1151 687 1163 700; x_wconf 66' lang='grc'>,</span> 
     </span>
    </p>
   </div>
   <div class='ocr_carea' id='block_1_6' title="bbox 367 787 1373 801">
    <p class='ocr_par' dir='ltr' id='par_1_6' title="bbox 367 787 1373 801">
     <span class='ocr_line' id='line_1_12' title="bbox 367 787 1373 801; baseline -0.007 0"><span class='ocrx_word' id='word_1_64' title='bbox 367 787 1373 801; x_wconf 53' lang='lat'>======================================================================</span> 
     </span>
    </p>
   </div>
   <div class='ocr_carea' id='block_1_7' title="bbox 526 890 1211 947">
    <p class='ocr_par' dir='ltr' id='par_1_7' title="bbox 526 890 1211 947">
     <span class='ocr_line' id='line_1_13' title="bbox 526 890 1211 947; baseline -0.007 0"><span class='ocrx_word' id='word_1_65' title='bbox 526 890 900 947; x_wconf 87' lang='lat' dir='ltr'><strong>EPISTOLA</strong></span> <span class='ocrx_word' id='word_1_66' title='bbox 945 890 1211 947; x_wconf 81' lang='lat' dir='ltr'><strong>CXVIII.</strong></span> 
     </span>
    </p>
   </div>
   <div class='ocr_carea' id='block_1_8' title="bbox 367 1042 1373 1068">
    <p class='ocr_par' dir='ltr' id='par_1_8' title="bbox 367 1042 1373 1068">
     <span class='ocr_line' id='line_1_14' title="bbox 367 1042 1373 1068; baseline -0.004 0"><span class='ocrx_word' id='word_1_67' title='bbox 367 1048 413 1068; x_wconf 76' lang='lat' dir='ltr'>AD</span> <span class='ocrx_word' id='word_1_68' title='bbox 432 1046 642 1068; x_wconf 60' lang='lat' dir='ltr'>BEATRICEM</span> <span class='ocrx_word' id='word_1_69' title='bbox 659 1045 828 1067; x_wconf 71' lang='lat' dir='ltr'>NOBILEM</span> <span class='ocrx_word' id='word_1_70' title='bbox 846 1044 891 1066; x_wconf 80' lang='lat' dir='ltr'>ET</span> <span class='ocrx_word' id='word_1_71' title='bbox 908 1042 1133 1065; x_wconf 61' lang='lat' dir='ltr'>RELIGIOSAM</span> <span class='ocrx_word' id='word_1_72' title='bbox 1155 1042 1373 1065; x_wconf 69' lang='lat' dir='ltr'>MATRONAM.</span> 
     </span>
    </p>
   </div>
   <div class='ocr_carea' id='block_1_9' title="bbox 367 1143 1375 1189">
    <p class='ocr_par' dir='ltr' id='par_1_9' title="bbox 367 1143 1375 1189">
     <span class='ocr_line' id='line_1_15' title="bbox 367 1143 1375 1189; baseline -0.005 -10"><span class='ocrx_word' id='word_1_73' title='bbox 367 1148 547 1179; x_wconf 78' lang='lat' dir='ltr'>officiosam</span> <span class='ocrx_word' id='word_1_74' title='bbox 564 1148 630 1189; x_wconf 83' lang='lat' dir='ltr'>ejus</span> <span class='ocrx_word' id='word_1_75' title='bbox 647 1146 829 1178; x_wconf 81' lang='lat' dir='ltr'>charitatem</span> <span class='ocrx_word' id='word_1_76' title='bbox 852 1152 883 1177; x_wconf 84' lang='lat' dir='ltr'>et</span> <span class='ocrx_word' id='word_1_77' title='bbox 903 1145 1145 1176; x_wconf 87' lang='lat' dir='ltr'>sollicitudinem</span> <span class='ocrx_word' id='word_1_78' title='bbox 1167 1143 1375 1175; x_wconf 83' lang='lat' dir='ltr'>commendat.</span> 
     </span>
    </p>
   </div>
   <div class='ocr_carea' id='block_1_10' title="bbox 367 1259 1380 1793">
    <p class='ocr_par' dir='ltr' id='par_1_10' title="bbox 367 1259 1380 1793">
     <span class='ocr_line' id='line_1_16' title="bbox 418 1259 1379 1309; baseline -0.003 -10"><span class='ocrx_word' id='word_1_79' title='bbox 418 1262 539 1300; x_wconf 83' lang='lat' dir='ltr'>Miror</span> <span class='ocrx_word' id='word_1_80' title='bbox 561 1271 634 1298; x_wconf 86' lang='lat' dir='ltr'>tuae</span> <span class='ocrx_word' id='word_1_81' title='bbox 655 1260 870 1297; x_wconf 77' lang='lat' dir='ltr'>devotionis</span> <span class='ocrx_word' id='word_1_82' title='bbox 891 1259 1058 1296; x_wconf 88' lang='lat' dir='ltr'>studium</span> <span class='ocrx_word' id='word_1_83' title='bbox 1073 1288 1082 1304; x_wconf 93' lang='lat'>,</span> <span class='ocrx_word' id='word_1_84' title='bbox 1109 1268 1183 1297; x_wconf 85' lang='lat' dir='ltr'>tuae</span> <span class='ocrx_word' id='word_1_85' title='bbox 1203 1273 1291 1309; x_wconf 77' lang='lat' dir='ltr'>erga</span> <span class='ocrx_word' id='word_1_86' title='bbox 1310 1273 1379 1296; x_wconf 92' lang='lat' dir='ltr'>nos</span> 
     </span>
     <span class='ocr_line' id='line_1_17' title="bbox 368 1320 1380 1370; baseline -0.003 -11"><span class='ocrx_word' id='word_1_87' title='bbox 368 1322 583 1359; x_wconf 80' lang='lat' dir='ltr'>dilectionis</span> <span class='ocrx_word' id='word_1_88' title='bbox 604 1322 795 1358; x_wconf 85' lang='lat' dir='ltr'>affectum.</span> <span class='ocrx_word' id='word_1_89' title='bbox 818 1324 849 1358; x_wconf 92' lang='grc' dir='ltr'><strong>Ο</strong></span> <span class='ocrx_word' id='word_1_90' title='bbox 870 1320 972 1357; x_wconf 87' lang='lat' dir='ltr'>bona</span> <span class='ocrx_word' id='word_1_91' title='bbox 991 1320 1170 1367; x_wconf 89' lang='lat' dir='ltr'>domina,</span> <span class='ocrx_word' id='word_1_92' title='bbox 1198 1320 1289 1370; x_wconf 64' lang='lat' dir='ltr'>quid</span> <span class='ocrx_word' id='word_1_93' title='bbox 1311 1320 1380 1357; x_wconf 88' lang='lat' dir='ltr'>tibi</span> 
     </span>
     <span class='ocr_line' id='line_1_18' title="bbox 368 1380 1379 1420; baseline -0.003 0"><span class='ocrx_word' id='word_1_94' title='bbox 368 1391 406 1419; x_wconf 82' lang='lat' dir='ltr'>et</span> <span class='ocrx_word' id='word_1_95' title='bbox 431 1382 565 1420; x_wconf 75' lang='lat' dir='ltr'>nobis?</span> <span class='ocrx_word' id='word_1_96' title='bbox 586 1381 688 1419; x_wconf 89' lang='lat' dir='ltr'>unde</span> <span class='ocrx_word' id='word_1_97' title='bbox 711 1390 813 1418; x_wconf 83' lang='lat' dir='ltr'>tanta</span> <span class='ocrx_word' id='word_1_98' title='bbox 836 1381 903 1418; x_wconf 92' lang='lat' dir='ltr'>tibi</span> <span class='ocrx_word' id='word_1_99' title='bbox 925 1381 1146 1418; x_wconf 84' lang='lat' dir='ltr'>sollicitudo</span> <span class='ocrx_word' id='word_1_100' title='bbox 1168 1381 1214 1417; x_wconf 88' lang='lat' dir='ltr'>de</span> <span class='ocrx_word' id='word_1_101' title='bbox 1233 1380 1347 1417; x_wconf 88' lang='lat' dir='ltr'>nobis</span> <span class='ocrx_word' id='word_1_102' title='bbox 1365 1382 1379 1417; x_wconf 73' lang='lat' dir='ltr'>P</span> 
     </span>
     <span class='ocr_line' id='line_1_19' title="bbox 368 1441 1378 1492; baseline -0.003 -12"><span class='ocrx_word' id='word_1_103' title='bbox 368 1444 405 1480; x_wconf 89' lang='lat' dir='ltr'>Si</span> <span class='ocrx_word' id='word_1_104' title='bbox 428 1444 512 1487; x_wconf 84' lang='lat' dir='ltr'>filii,</span> <span class='ocrx_word' id='word_1_105' title='bbox 545 1443 574 1479; x_wconf 92' lang='lat' dir='ltr'>si</span> <span class='ocrx_word' id='word_1_106' title='bbox 597 1451 778 1492; x_wconf 81' lang='lat' dir='ltr'>nepotes,</span> <span class='ocrx_word' id='word_1_107' title='bbox 810 1442 840 1478; x_wconf 88' lang='lat' dir='ltr'>si</span> <span class='ocrx_word' id='word_1_108' title='bbox 860 1442 919 1477; x_wconf 79' lang='lat' dir='ltr'>vel</span> <span class='ocrx_word' id='word_1_109' title='bbox 945 1441 1071 1490; x_wconf 90' lang='lat' dir='ltr'>aliqua</span> <span class='ocrx_word' id='word_1_110' title='bbox 1092 1450 1261 1478; x_wconf 78' lang='lat' dir='ltr'>extrema</span> <span class='ocrx_word' id='word_1_111' title='bbox 1283 1454 1378 1490; x_wconf 91' lang='lat' dir='ltr'>pro—</span> 
     </span>
     <span class='ocr_line' id='line_1_20' title="bbox 367 1500 1379 1554; baseline -0.004 -14"><span class='ocrx_word' id='word_1_112' title='bbox 367 1504 589 1554; x_wconf 87' lang='lat' dir='ltr'>pinquitatis</span> <span class='ocrx_word' id='word_1_113' title='bbox 610 1504 708 1539; x_wconf 83' lang='lat' dir='ltr'>linea</span> <span class='ocrx_word' id='word_1_114' title='bbox 727 1501 796 1538; x_wconf 87' lang='lat' dir='ltr'>tibi</span> <span class='ocrx_word' id='word_1_115' title='bbox 809 1502 933 1550; x_wconf 78' lang='lat' dir='ltr'>juncti</span> <span class='ocrx_word' id='word_1_116' title='bbox 950 1514 1138 1548; x_wconf 72' lang='lat' dir='ltr'>essemus,</span> <span class='ocrx_word' id='word_1_117' title='bbox 1161 1510 1224 1537; x_wconf 89' lang='lat' dir='ltr'>tua</span> <span class='ocrx_word' id='word_1_118' title='bbox 1245 1500 1379 1537; x_wconf 87' lang='lat' dir='ltr'>crebra</span> 
     </span>
     <span class='ocr_line' id='line_1_21' title="bbox 367 1562 1378 1612; baseline -0.004 -11"><span class='ocrx_word' id='word_1_119' title='bbox 367 1565 552 1601; x_wconf 81' lang='lat' dir='ltr'>beneficia</span> <span class='ocrx_word' id='word_1_120' title='bbox 572 1592 580 1608; x_wconf 94' lang='lat'>,</span> <span class='ocrx_word' id='word_1_121' title='bbox 614 1564 832 1612; x_wconf 89' lang='lat' dir='ltr'>frequentes</span> <span class='ocrx_word' id='word_1_122' title='bbox 865 1562 1111 1599; x_wconf 84' lang='lat' dir='ltr'>salutationes</span> <span class='ocrx_word' id='word_1_123' title='bbox 1134 1591 1143 1607; x_wconf 97' lang='lat'>,</span> <span class='ocrx_word' id='word_1_124' title='bbox 1175 1562 1378 1598; x_wconf 79' lang='lat' dir='ltr'>innumera</span> 
     </span>
     <span class='ocr_line' id='line_1_22' title="bbox 367 1621 1376 1673; baseline -0.004 -12"><span class='ocrx_word' id='word_1_125' title='bbox 367 1625 532 1673; x_wconf 90' lang='lat' dir='ltr'>denique</span> <span class='ocrx_word' id='word_1_126' title='bbox 554 1624 608 1660; x_wconf 86' lang='lat' dir='ltr'>tui</span> <span class='ocrx_word' id='word_1_127' title='bbox 629 1623 767 1659; x_wconf 87' lang='lat' dir='ltr'>amoris</span> <span class='ocrx_word' id='word_1_128' title='bbox 790 1622 971 1671; x_wconf 73' lang='lat' dir='ltr'>insignia,</span> <span class='ocrx_word' id='word_1_129' title='bbox 994 1635 1080 1671; x_wconf 88' lang='lat' dir='ltr'>quae</span> <span class='ocrx_word' id='word_1_130' title='bbox 1112 1621 1285 1671; x_wconf 81' lang='lat' dir='ltr'>quotidie</span> <span class='ocrx_word' id='word_1_131' title='bbox 1307 1635 1376 1657; x_wconf 81' lang='lat' dir='ltr'>ex—</span> 
     </span>
     <span class='ocr_line' id='line_1_23' title="bbox 368 1681 1377 1735; baseline -0.005 -14"><span class='ocrx_word' id='word_1_132' title='bbox 368 1684 557 1735; x_wconf 87' lang='lat' dir='ltr'>perimur,</span> <span class='ocrx_word' id='word_1_133' title='bbox 589 1696 667 1720; x_wconf 91' lang='lat' dir='ltr'>non</span> <span class='ocrx_word' id='word_1_134' title='bbox 689 1691 764 1718; x_wconf 88' lang='lat' dir='ltr'>tam</span> <span class='ocrx_word' id='word_1_135' title='bbox 795 1681 906 1718; x_wconf 89' lang='lat' dir='ltr'>nobis</span> <span class='ocrx_word' id='word_1_136' title='bbox 928 1681 1101 1717; x_wconf 82' lang='lat' dir='ltr'>miranda</span> <span class='ocrx_word' id='word_1_137' title='bbox 1132 1681 1377 1726; x_wconf 79' lang='lat' dir='ltr'>viderentur,</span> 
     </span>
     <span class='ocr_line' id='line_1_24' title="bbox 368 1740 1378 1793; baseline -0.005 -13"><span class='ocrx_word' id='word_1_138' title='bbox 368 1757 482 1793; x_wconf 89' lang='lat' dir='ltr'>quam</span> <span class='ocrx_word' id='word_1_139' title='bbox 504 1757 550 1779; x_wconf 82' lang='lat' dir='ltr'>ex</span> <span class='ocrx_word' id='word_1_140' title='bbox 571 1741 700 1778; x_wconf 88' lang='lat' dir='ltr'>debito</span> <span class='ocrx_word' id='word_1_141' title='bbox 732 1740 985 1792; x_wconf 84' lang='lat' dir='ltr'>suscipienda.</span> <span class='ocrx_word' id='word_1_142' title='bbox 1009 1744 1117 1777; x_wconf 75' lang='lat' dir='ltr'>Nunc</span> <span class='ocrx_word' id='word_1_143' title='bbox 1143 1748 1268 1777; x_wconf 90' lang='lat' dir='ltr'>autem</span> <span class='ocrx_word' id='word_1_144' title='bbox 1291 1753 1378 1776; x_wconf 91' lang='lat' dir='ltr'>cum</span> 
     </span>
    </p>
   </div>
   <div class='ocr_carea' id='block_1_11' title="bbox 1606 454 2258 512">
    <p class='ocr_par' dir='ltr' id='par_1_11' title="bbox 1606 454 2258 512">
     <span class='ocr_line' id='line_1_25' title="bbox 1606 454 2258 512; baseline 0.003 -2"><span class='ocrx_word' id='word_1_145' title='bbox 1606 454 1986 511; x_wconf 89' lang='lat' dir='ltr'><strong>EPISTOLA</strong></span> <span class='ocrx_word' id='word_1_146' title='bbox 2046 455 2258 512; x_wconf 84' lang='lat' dir='ltr'>CXIX.</span> 
     </span>
    </p>
   </div>
   <div class='ocr_carea' id='block_1_12' title="bbox 1555 608 2346 644">
    <p class='ocr_par' dir='ltr' id='par_1_12' title="bbox 1555 608 2346 644">
     <span class='ocr_line' id='line_1_26' title="bbox 1555 608 2346 644; baseline 0.004 -4"><span class='ocrx_word' id='word_1_147' title='bbox 1555 619 1600 640; x_wconf 75' lang='lat' dir='ltr'>AD</span> <span class='ocrx_word' id='word_1_148' title='bbox 1622 618 1751 640; x_wconf 71' lang='lat' dir='ltr'>Dt‘CEM</span> <span class='ocrx_word' id='word_1_149' title='bbox 1772 618 1817 640; x_wconf 86' lang='lat' dir='ltr'>ET</span> <span class='ocrx_word' id='word_1_150' title='bbox 1839 617 2018 640; x_wconf 63' lang='lat' dir='ltr'><strong>DL&#39;CISSAM</strong></span> <span class='ocrx_word' id='word_1_151' title='bbox 2040 618 2304 642; x_wconf 65' lang='lat' dir='ltr'>LOTHARINGIAE</span> <span class='ocrx_word' id='word_1_152' title='bbox 2319 608 2346 644; x_wconf 34' lang='grc' dir='ltr'>ἡ.</span> 
     </span>
    </p>
   </div>
   <div class='ocr_carea' id='block_1_13' title="bbox 1445 750 2453 797">
    <p class='ocr_par' dir='ltr' id='par_1_13' title="bbox 1445 750 2453 797">
     <span class='ocr_line' id='line_1_27' title="bbox 1445 750 2453 797; baseline 0.003 -15"><span class='ocrx_word' id='word_1_153' title='bbox 1445 752 1569 783; x_wconf 80' lang='lat' dir='ltr'>Gratias</span> <span class='ocrx_word' id='word_1_154' title='bbox 1597 752 1658 794; x_wconf 81' lang='lat' dir='ltr'>agit</span> <span class='ocrx_word' id='word_1_155' title='bbox 1685 762 1742 794; x_wconf 90' lang='lat' dir='ltr'>pro</span> <span class='ocrx_word' id='word_1_156' title='bbox 1768 751 1951 783; x_wconf 87' lang='lat' dir='ltr'>condonatis</span> <span class='ocrx_word' id='word_1_157' title='bbox 1975 750 2125 782; x_wconf 89' lang='lat' dir='ltr'>haetenus</span> <span class='ocrx_word' id='word_1_158' title='bbox 2150 751 2453 797; x_wconf 57' lang='lat' dir='ltr'>vectigalibtis‚-se‹l</span> 
     </span>
    </p>
   </div>
   <div class='ocr_carea' id='block_1_14' title="bbox 1491 806 2453 891">
    <p class='ocr_par' dir='ltr' id='par_1_14' title="bbox 1491 806 2453 891">
     <span class='ocr_line' id='line_1_28' title="bbox 1492 806 2453 849; baseline 0.002 -12"><span class='ocrx_word' id='word_1_159' title='bbox 1492 807 1595 837; x_wconf 65' lang='lat' dir='ltr'>caveri</span> <span class='ocrx_word' id='word_1_160' title='bbox 1614 807 1716 849; x_wconf 82' lang='lat' dir='ltr'>cupit,</span> <span class='ocrx_word' id='word_1_161' title='bbox 1741 818 1780 837; x_wconf 84' lang='lat' dir='ltr'>ne</span> <span class='ocrx_word' id='word_1_162' title='bbox 1802 806 1899 848; x_wconf 81' lang='lat' dir='ltr'>gratia</span> <span class='ocrx_word' id='word_1_163' title='bbox 1921 806 2101 848; x_wconf 85' lang='lat' dir='ltr'>principum</span> <span class='ocrx_word' id='word_1_164' title='bbox 2123 817 2219 849; x_wconf 84' lang='lat' dir='ltr'>opera</span> <span class='ocrx_word' id='word_1_165' title='bbox 2240 807 2453 839; x_wconf 81' lang='lat' dir='ltr'>ministrorum</span> 
     </span>
     <span class='ocr_line' id='line_1_29' title="bbox 1491 860 1722 891; baseline 0.004 -1"><span class='ocrx_word' id='word_1_166' title='bbox 1491 860 1722 891; x_wconf 61' lang='lat' dir='ltr'>intervertatur.</span> 
     </span>
    </p>
   </div>
   <div class='ocr_carea' id='block_1_15' title="bbox 1444 987 2454 1038">
    <p class='ocr_par' dir='ltr' id='par_1_15' title="bbox 1444 987 2454 1038">
     <span class='ocr_line' id='line_1_30' title="bbox 1444 987 2454 1038; baseline 0.001 -13"><span class='ocrx_word' id='word_1_167' title='bbox 1444 992 1541 1025; x_wconf 68' lang='lat' dir='ltr'>Drm</span> <span class='ocrx_word' id='word_1_168' title='bbox 1559 996 1596 1024; x_wconf 90' lang='lat' dir='ltr'>et</span> <span class='ocrx_word' id='word_1_169' title='bbox 1611 992 1789 1025; x_wconf 66' lang='lat' dir='ltr'>Dcmssffi</span> <span class='ocrx_word' id='word_1_170' title='bbox 1806 988 2082 1038; x_wconf 79' lang='lat' dir='ltr'>Lotharingiae,</span> <span class='ocrx_word' id='word_1_171' title='bbox 2101 992 2325 1025; x_wconf 54' lang='lat' dir='ltr'>REM-mnus</span> <span class='ocrx_word' id='word_1_172' title='bbox 2338 987 2454 1026; x_wconf 87' lang='lat' dir='ltr'>abbas</span> 
     </span>
    </p>
   </div>
   <div class='ocr_carea' id='block_1_16' title="bbox 1497 1047 2511 1094">
    <p class='ocr_par' dir='ltr' id='par_1_16' title="bbox 1497 1047 2511 1094">
     <span class='ocr_line' id='line_1_31' title="bbox 1497 1047 2511 1094; baseline 0.004 -11"><span class='ocrx_word' id='word_1_173' title='bbox 1497 1047 1543 1083; x_wconf 90' lang='lat' dir='ltr'>de</span> <span class='ocrx_word' id='word_1_174' title='bbox 1561 1048 1818 1094; x_wconf 71' lang='lat' dir='ltr'>Clara-Valle,</span> <span class='ocrx_word' id='word_1_175' title='bbox 1840 1048 1893 1084; x_wconf 86' lang='lat' dir='ltr'>sic</span> <span class='ocrx_word' id='word_1_176' title='bbox 1918 1048 1994 1084; x_wconf 84' lang='lat' dir='ltr'>suis</span> <span class='ocrx_word' id='word_1_177' title='bbox 2015 1047 2062 1084; x_wconf 89' lang='lat' dir='ltr'>ad</span> <span class='ocrx_word' id='word_1_178' title='bbox 2084 1048 2248 1084; x_wconf 85' lang='lat' dir='ltr'>invicem</span> <span class='ocrx_word' id='word_1_179' title='bbox 2273 1048 2397 1084; x_wconf 89' lang='lat' dir='ltr'>charis</span> <span class='ocrx_word' id='word_1_180' title='bbox 2419 1057 2455 1085; x_wconf 93' lang='lat' dir='ltr'>et</span> <span class='ocrx_word' id='word_1_181' title='bbox 2508 1050 2511 1087; x_wconf 78' lang='grc' dir='ltr'><em>ἶ</em></span> 
     </span>
    </p>
   </div>
   <div class='ocr_carea' id='block_1_17' title="bbox 1498 1107 2532 1158">
    <p class='ocr_par' dir='ltr' id='par_1_17' title="bbox 1498 1107 2532 1158">
     <span class='ocr_line' id='line_1_32' title="bbox 1498 1107 2532 1158; baseline -0.002 -13"><span class='ocrx_word' id='word_1_182' title='bbox 1498 1109 1607 1145; x_wconf 87' lang='lat' dir='ltr'>castis</span> <span class='ocrx_word' id='word_1_183' title='bbox 1647 1108 1827 1145; x_wconf 86' lang='lat' dir='ltr'>delectari</span> <span class='ocrx_word' id='word_1_184' title='bbox 1853 1107 2110 1158; x_wconf 81' lang='lat' dir='ltr'>amplexibus,</span> <span class='ocrx_word' id='word_1_185' title='bbox 2139 1117 2181 1145; x_wconf 92' lang='lat' dir='ltr'>ut</span> <span class='ocrx_word' id='word_1_186' title='bbox 2216 1108 2320 1145; x_wconf 89' lang='lat' dir='ltr'>solus</span> <span class='ocrx_word' id='word_1_187' title='bbox 2348 1121 2455 1146; x_wconf 87' lang='lat' dir='ltr'>amor</span> <span class='ocrx_word' id='word_1_188' title='bbox 2509 1127 2532 1143; x_wconf 80' lang='lat'>·.</span> 
     </span>
    </p>
   </div>
   <div class='ocr_carea' id='block_1_18' title="bbox 1499 1167 2096 1219">
    <p class='ocr_par' dir='ltr' id='par_1_18' title="bbox 1499 1167 2096 1219">
     <span class='ocr_line' id='line_1_33' title="bbox 1499 1167 2096 1219; baseline -0.003 -13"><span class='ocrx_word' id='word_1_189' title='bbox 1499 1169 1638 1207; x_wconf 83' lang='lat' dir='ltr'>Christi</span> <span class='ocrx_word' id='word_1_190' title='bbox 1659 1178 1815 1219; x_wconf 86' lang='lat' dir='ltr'>superet</span> <span class='ocrx_word' id='word_1_191' title='bbox 1834 1168 1872 1205; x_wconf 88' lang='lat' dir='ltr'>in</span> <span class='ocrx_word' id='word_1_192' title='bbox 1893 1167 2096 1206; x_wconf 86' lang='lat' dir='ltr'>ambobus.</span> 
     </span>
    </p>
   </div>
   <div class='ocr_carea' id='block_1_19' title="bbox 1447 1306 2456 1416">
    <p class='ocr_par' dir='ltr' id='par_1_19' title="bbox 1447 1306 2456 1416">
     <span class='ocr_line' id='line_1_34' title="bbox 1500 1306 2456 1358; baseline -0.002 -14"><span class='ocrx_word' id='word_1_193' title='bbox 1500 1312 1556 1345; x_wconf 78' lang='lat' dir='ltr'>Ex</span> <span class='ocrx_word' id='word_1_194' title='bbox 1576 1321 1654 1358; x_wconf 84' lang='lat' dir='ltr'>quo</span> <span class='ocrx_word' id='word_1_195' title='bbox 1675 1308 1862 1357; x_wconf 83' lang='lat' dir='ltr'>coepimus</span> <span class='ocrx_word' id='word_1_196' title='bbox 1880 1307 2031 1343; x_wconf 86' lang='lat' dir='ltr'>mittere</span> <span class='ocrx_word' id='word_1_197' title='bbox 2051 1319 2124 1356; x_wconf 92' lang='lat' dir='ltr'>pro</span> <span class='ocrx_word' id='word_1_198' title='bbox 2142 1314 2272 1343; x_wconf 87' lang='lat' dir='ltr'>nostra</span> <span class='ocrx_word' id='word_1_199' title='bbox 2291 1306 2456 1343; x_wconf 86' lang='lat' dir='ltr'>necessi-</span> 
     </span>
     <span class='ocr_line' id='line_1_35' title="bbox 1447 1367 2455 1416; baseline -0.003 -10"><span class='ocrx_word' id='word_1_200' title='bbox 1447 1378 1522 1406; x_wconf 84' lang='lat' dir='ltr'>tate</span> <span class='ocrx_word' id='word_1_201' title='bbox 1548 1371 1586 1406; x_wconf 93' lang='lat' dir='ltr'>in</span> <span class='ocrx_word' id='word_1_202' title='bbox 1608 1378 1747 1405; x_wconf 90' lang='lat' dir='ltr'>terram</span> <span class='ocrx_word' id='word_1_203' title='bbox 1774 1376 1960 1412; x_wconf 79' lang='lat' dir='ltr'>vestram,</span> <span class='ocrx_word' id='word_1_204' title='bbox 1984 1368 2140 1405; x_wconf 88' lang='lat' dir='ltr'>multam</span> <span class='ocrx_word' id='word_1_205' title='bbox 2168 1380 2320 1416; x_wconf 86' lang='lat' dir='ltr'>semper</span> <span class='ocrx_word' id='word_1_206' title='bbox 2346 1367 2455 1404; x_wconf 79' lang='lat' dir='ltr'>inve-</span> 
     </span>
    </p>
   </div>
   <div class='ocr_carea' id='block_1_20' title="bbox 1446 1427 2531 1478">
    <p class='ocr_par' dir='ltr' id='par_1_20' title="bbox 1446 1427 2531 1478">
     <span class='ocr_line' id='line_1_36' title="bbox 1446 1427 2531 1478; baseline -0.005 -11"><span class='ocrx_word' id='word_1_207' title='bbox 1446 1431 1572 1467; x_wconf 88' lang='lat' dir='ltr'>nimus</span> <span class='ocrx_word' id='word_1_208' title='bbox 1590 1430 1628 1466; x_wconf 92' lang='lat' dir='ltr'>in</span> <span class='ocrx_word' id='word_1_209' title='bbox 1647 1430 1766 1466; x_wconf 86' lang='lat' dir='ltr'>oculis</span> <span class='ocrx_word' id='word_1_210' title='bbox 1789 1437 1924 1465; x_wconf 70' lang='lat' dir='ltr'>vestrae</span> <span class='ocrx_word' id='word_1_211' title='bbox 1942 1428 2146 1478; x_wconf 77' lang='lat' dir='ltr'>Dignitatis</span> <span class='ocrx_word' id='word_1_212' title='bbox 2164 1427 2455 1464; x_wconf 81' lang='lat' dir='ltr'>familiaritatem</span> <span class='ocrx_word' id='word_1_213' title='bbox 2487 1470 2492 1475; x_wconf 89' lang='lat'>.</span> <span class='ocrx_word' id='word_1_214' title='bbox 2518 1450 2531 1459; x_wconf 70' lang='lat'>,.</span> 
     </span>
    </p>
   </div>
   <div class='ocr_carea' id='block_1_21' title="bbox 1446 1487 2507 1540">
    <p class='ocr_par' dir='ltr' id='par_1_21' title="bbox 1446 1487 2507 1540">
     <span class='ocr_line' id='line_1_37' title="bbox 1446 1487 2507 1540; baseline -0.004 -13"><span class='ocrx_word' id='word_1_215' title='bbox 1446 1499 1483 1527; x_wconf 92' lang='lat' dir='ltr'>et</span> <span class='ocrx_word' id='word_1_216' title='bbox 1502 1491 1673 1540; x_wconf 72' lang='lat' dir='ltr'>gratiam.</span> <span class='ocrx_word' id='word_1_217' title='bbox 1692 1489 2004 1526; x_wconf 89' lang='lat' dir='ltr'>Benedictionem</span> <span class='ocrx_word' id='word_1_218' title='bbox 2031 1487 2214 1537; x_wconf 82' lang='lat' dir='ltr'>largitatis</span> <span class='ocrx_word' id='word_1_219' title='bbox 2231 1495 2368 1524; x_wconf 84' lang='lat' dir='ltr'>vestrae</span> <span class='ocrx_word' id='word_1_220' title='bbox 2386 1500 2456 1524; x_wconf 91' lang='lat' dir='ltr'>no-</span> <span class='ocrx_word' id='word_1_221' title='bbox 2504 1497 2507 1501; x_wconf 82' lang='lat'>·</span> 
     </span>
    </p>
   </div>
   <div class='ocr_carea' id='block_1_22' title="bbox 1446 1547 2507 1595">
    <p class='ocr_par' dir='ltr' id='par_1_22' title="bbox 1446 1547 2507 1595">
     <span class='ocr_line' id='line_1_38' title="bbox 1446 1547 2507 1595; baseline -0.004 -8"><span class='ocrx_word' id='word_1_222' title='bbox 1446 1551 1532 1587; x_wconf 90' lang='lat' dir='ltr'>stris</span> <span class='ocrx_word' id='word_1_223' title='bbox 1560 1548 1782 1586; x_wconf 88' lang='lat' dir='ltr'>hominibus</span> <span class='ocrx_word' id='word_1_224' title='bbox 1802 1578 1810 1595; x_wconf 95' lang='lat'>,</span> <span class='ocrx_word' id='word_1_225' title='bbox 1832 1562 1919 1585; x_wconf 86' lang='lat' dir='ltr'>cum</span> <span class='ocrx_word' id='word_1_226' title='bbox 1941 1561 2094 1585; x_wconf 88' lang='lat' dir='ltr'>necesse</span> <span class='ocrx_word' id='word_1_227' title='bbox 2126 1547 2218 1594; x_wconf 87' lang='lat' dir='ltr'>fuit,</span> <span class='ocrx_word' id='word_1_228' title='bbox 2251 1547 2457 1584; x_wconf 82' lang='lat' dir='ltr'>liberaliter</span> <span class='ocrx_word' id='word_1_229' title='bbox 2503 1560 2507 1567; x_wconf 93' lang='lat'>·</span> 
     </span>
    </p>
   </div>
   <div class='ocr_carea' id='block_1_23' title="bbox 1446 1607 2456 1779">
    <p class='ocr_par' dir='ltr' id='par_1_23' title="bbox 1446 1607 2456 1779">
     <span class='ocr_line' id='line_1_39' title="bbox 1446 1607 2454 1659; baseline -0.002 -11"><span class='ocrx_word' id='word_1_230' title='bbox 1446 1610 1681 1648; x_wconf 79' lang='lat' dir='ltr'>exhibuistis.</span> <span class='ocrx_word' id='word_1_231' title='bbox 1716 1611 1934 1659; x_wconf 81' lang='lat' dir='ltr'>Passagium</span> <span class='ocrx_word' id='word_1_232' title='bbox 1955 1616 1969 1631; x_wconf 70' lang='lat'>³¹</span> <span class='ocrx_word' id='word_1_233' title='bbox 2001 1607 2287 1646; x_wconf 87' lang='lat' dir='ltr'>transeuntibus</span> <span class='ocrx_word' id='word_1_234' title='bbox 2308 1637 2318 1654; x_wconf 94' lang='lat'>‚</span> <span class='ocrx_word' id='word_1_235' title='bbox 2353 1617 2390 1644; x_wconf 91' lang='lat' dir='ltr'>et</span> <span class='ocrx_word' id='word_1_236' title='bbox 2425 1609 2454 1646; x_wconf 84' lang='lat' dir='ltr'>si</span> 
     </span>
     <span class='ocr_line' id='line_1_40' title="bbox 1446 1668 2454 1722; baseline -0.006 -13"><span class='ocrx_word' id='word_1_237' title='bbox 1446 1672 1549 1722; x_wconf 89' lang='lat' dir='ltr'>quod</span> <span class='ocrx_word' id='word_1_238' title='bbox 1573 1680 1629 1708; x_wconf 89' lang='lat' dir='ltr'>est</span> <span class='ocrx_word' id='word_1_239' title='bbox 1651 1671 1755 1708; x_wconf 90' lang='lat' dir='ltr'>aliud</span> <span class='ocrx_word' id='word_1_240' title='bbox 1771 1670 1868 1720; x_wconf 88' lang='lat' dir='ltr'>juris</span> <span class='ocrx_word' id='word_1_241' title='bbox 1897 1669 2015 1706; x_wconf 84' lang='lat' dir='ltr'>vestri</span> <span class='ocrx_word' id='word_1_242' title='bbox 2033 1668 2227 1714; x_wconf 87' lang='lat' dir='ltr'>debitum,</span> <span class='ocrx_word' id='word_1_243' title='bbox 2253 1668 2454 1704; x_wconf 86' lang='lat' dir='ltr'>mercanti-</span> 
     </span>
     <span class='ocr_line' id='line_1_41' title="bbox 1446 1727 2456 1779; baseline -0.005 -10"><span class='ocrx_word' id='word_1_244' title='bbox 1446 1733 1519 1769; x_wconf 89' lang='lat' dir='ltr'>bus</span> <span class='ocrx_word' id='word_1_245' title='bbox 1539 1731 1702 1768; x_wconf 83' lang='lat' dir='ltr'>libenter</span> <span class='ocrx_word' id='word_1_246' title='bbox 1723 1730 1931 1767; x_wconf 86' lang='lat' dir='ltr'>dimisistis.</span> <span class='ocrx_word' id='word_1_247' title='bbox 1949 1733 2004 1766; x_wconf 90' lang='lat' dir='ltr'>De</span> <span class='ocrx_word' id='word_1_248' title='bbox 2021 1728 2163 1779; x_wconf 90' lang='lat' dir='ltr'>quibus</span> <span class='ocrx_word' id='word_1_249' title='bbox 2180 1727 2359 1764; x_wconf 91' lang='lat' dir='ltr'>omnibus</span> <span class='ocrx_word' id='word_1_250' title='bbox 2376 1728 2456 1765; x_wconf 89' lang='lat' dir='ltr'>sine</span> 
     </span>
    </p>
   </div>
   <div class='ocr_carea' id='block_1_24' title="bbox 368 1788 2454 1852">
    <p class='ocr_par' dir='ltr' id='par_1_24' title="bbox 368 1788 2454 1852">
     <span class='ocr_line' id='line_1_42' title="bbox 368 1788 2454 1852; baseline -0.003 -13"><span class='ocrx_word' id='word_1_251' title='bbox 368 1816 506 1852; x_wconf 79' lang='lat' dir='ltr'>genere</span> <span class='ocrx_word' id='word_1_252' title='bbox 523 1811 667 1839; x_wconf 91' lang='lat' dir='ltr'>tantum</span> <span class='ocrx_word' id='word_1_253' title='bbox 686 1802 900 1847; x_wconf 85' lang='lat' dir='ltr'>dominam,</span> <span class='ocrx_word' id='word_1_254' title='bbox 917 1814 995 1837; x_wconf 89' lang='lat' dir='ltr'>non</span> <span class='ocrx_word' id='word_1_255' title='bbox 1013 1809 1172 1837; x_wconf 86' lang='lat' dir='ltr'>matrem</span> <span class='ocrx_word' id='word_1_256' title='bbox 1191 1809 1226 1837; x_wconf 89' lang='lat' dir='ltr'>te</span> <span class='ocrx_word' id='word_1_257' title='bbox 1243 1814 1380 1849; x_wconf 77' lang='lat' dir='ltr'>eogno-</span> <span class='ocrx_word' id='word_1_258' title='bbox 1403 1800 1429 1835; x_wconf 94' lang='lat' dir='ltr'>C</span> <span class='ocrx_word' id='word_1_259' title='bbox 1450 1791 1568 1829; x_wconf 72' lang='lat' dir='ltr'>dUbiO</span> <span class='ocrx_word' id='word_1_260' title='bbox 1589 1804 1735 1828; x_wconf 66' lang='lat' dir='ltr'>merces</span> <span class='ocrx_word' id='word_1_261' title='bbox 1755 1798 1882 1827; x_wconf 59' lang='lat' dir='ltr'>vestm</span> <span class='ocrx_word' id='word_1_262' title='bbox 1903 1789 2022 1826; x_wconf 65' lang='lat' dir='ltr'>fflUlta</span> <span class='ocrx_word' id='word_1_263' title='bbox 2044 1796 2101 1825; x_wconf 53' lang='lat' dir='ltr'>&amp;St</span> <span class='ocrx_word' id='word_1_264' title='bbox 2122 1788 2161 1824; x_wconf 75' lang='lat' dir='ltr'>in</span> <span class='ocrx_word' id='word_1_265' title='bbox 2194 1788 2320 1833; x_wconf 63' lang='lat' dir='ltr'>coelis,</span> <span class='ocrx_word' id='word_1_266' title='bbox 2344 1788 2375 1824; x_wconf 64' lang='lat' dir='ltr'>Si</span> <span class='ocrx_word' id='word_1_267' title='bbox 2396 1796 2454 1824; x_wconf 67' lang='lat' dir='ltr'>ta·</span> 
     </span>
    </p>
   </div>
   <div class='ocr_carea' id='block_1_25' title="bbox 368 1861 1386 2567">
    <p class='ocr_par' dir='ltr' id='par_1_25' title="bbox 368 1861 1386 2567">
     <span class='ocr_line' id='line_1_43' title="bbox 368 1861 1379 1909; baseline -0.004 -9"><span class='ocrx_word' id='word_1_268' title='bbox 368 1876 536 1909; x_wconf 72' lang='lat' dir='ltr'>scamus,</span> <span class='ocrx_word' id='word_1_269' title='bbox 559 1875 636 1899; x_wconf 92' lang='lat' dir='ltr'>non</span> <span class='ocrx_word' id='word_1_270' title='bbox 659 1862 797 1898; x_wconf 87' lang='lat' dir='ltr'>mirum</span> <span class='ocrx_word' id='word_1_271' title='bbox 820 1862 850 1898; x_wconf 86' lang='lat' dir='ltr'>si</span> <span class='ocrx_word' id='word_1_272' title='bbox 874 1862 1078 1907; x_wconf 84' lang='lat' dir='ltr'>miramur,</span> <span class='ocrx_word' id='word_1_273' title='bbox 1101 1861 1168 1898; x_wconf 90' lang='lat' dir='ltr'>sed</span> <span class='ocrx_word' id='word_1_274' title='bbox 1190 1861 1329 1897; x_wconf 90' lang='lat' dir='ltr'>mirum</span> <span class='ocrx_word' id='word_1_275' title='bbox 1349 1861 1379 1897; x_wconf 91' lang='lat' dir='ltr'>si</span> 
     </span>
     <span class='ocr_line' id='line_1_44' title="bbox 368 1922 1379 1971; baseline -0.003 -11"><span class='ocrx_word' id='word_1_276' title='bbox 368 1924 456 1960; x_wconf 88' lang='lat' dir='ltr'>satis</span> <span class='ocrx_word' id='word_1_277' title='bbox 476 1923 604 1959; x_wconf 89' lang='lat' dir='ltr'>mirari</span> <span class='ocrx_word' id='word_1_278' title='bbox 625 1935 840 1971; x_wconf 90' lang='lat' dir='ltr'>possumus.</span> <span class='ocrx_word' id='word_1_279' title='bbox 865 1922 957 1970; x_wconf 88' lang='lat' dir='ltr'>Quis</span> <span class='ocrx_word' id='word_1_280' title='bbox 979 1922 1079 1958; x_wconf 91' lang='lat' dir='ltr'>enim</span> <span class='ocrx_word' id='word_1_281' title='bbox 1104 1930 1288 1957; x_wconf 90' lang='lat' dir='ltr'>notorum</span> <span class='ocrx_word' id='word_1_282' title='bbox 1318 1922 1379 1957; x_wconf 64' lang='lat' dir='ltr'>x:el</span> 
     </span>
     <span class='ocr_line' id='line_1_45' title="bbox 368 1979 1380 2032; baseline -0.003 -13"><span class='ocrx_word' id='word_1_283' title='bbox 368 1991 620 2032; x_wconf 76' lang='lat' dir='ltr'>cognatorum</span> <span class='ocrx_word' id='word_1_284' title='bbox 641 1990 862 2017; x_wconf 82' lang='lat' dir='ltr'>nostrorum</span> <span class='ocrx_word' id='word_1_285' title='bbox 881 1994 1011 2017; x_wconf 88' lang='lat' dir='ltr'>curam</span> <span class='ocrx_word' id='word_1_286' title='bbox 1032 1980 1147 2017; x_wconf 87' lang='lat' dir='ltr'>habet</span> <span class='ocrx_word' id='word_1_287' title='bbox 1167 1980 1213 2017; x_wconf 90' lang='lat' dir='ltr'>de</span> <span class='ocrx_word' id='word_1_288' title='bbox 1239 1979 1380 2017; x_wconf 77' lang='lat' dir='ltr'>nobis?</span> 
     </span>
     <span class='ocr_line' id='line_1_46' title="bbox 369 2041 1380 2092; baseline -0.002 -14"><span class='ocrx_word' id='word_1_289' title='bbox 369 2044 454 2092; x_wconf 89' lang='lat' dir='ltr'>quis</span> <span class='ocrx_word' id='word_1_290' title='bbox 477 2055 644 2091; x_wconf 89' lang='lat' dir='ltr'>unquam</span> <span class='ocrx_word' id='word_1_291' title='bbox 666 2041 711 2077; x_wconf 93' lang='lat' dir='ltr'>de</span> <span class='ocrx_word' id='word_1_292' title='bbox 731 2049 861 2077; x_wconf 87' lang='lat' dir='ltr'>nostra</span> <span class='ocrx_word' id='word_1_293' title='bbox 881 2041 1001 2076; x_wconf 89' lang='lat' dir='ltr'>salute</span> <span class='ocrx_word' id='word_1_294' title='bbox 1019 2041 1255 2089; x_wconf 79' lang='lat' dir='ltr'>interrogat?</span> <span class='ocrx_word' id='word_1_295' title='bbox 1276 2041 1380 2089; x_wconf 90' lang='lat' dir='ltr'>quis,</span> 
     </span>
     <span class='ocr_line' id='line_1_47' title="bbox 370 2095 1382 2152; baseline -0.002 -14"><span class='ocrx_word' id='word_1_296' title='bbox 370 2103 549 2152; x_wconf 87' lang='lat' dir='ltr'>inquam,</span> <span class='ocrx_word' id='word_1_297' title='bbox 582 2115 659 2137; x_wconf 90' lang='lat' dir='ltr'>non</span> <span class='ocrx_word' id='word_1_298' title='bbox 691 2100 776 2137; x_wconf 85' lang='lat' dir='ltr'>dico</span> <span class='ocrx_word' id='word_1_299' title='bbox 810 2095 1020 2146; x_wconf 85' lang='lat' dir='ltr'>sollicitus,</span> <span class='ocrx_word' id='word_1_300' title='bbox 1050 2100 1117 2136; x_wconf 90' lang='lat' dir='ltr'>sed</span> <span class='ocrx_word' id='word_1_301' title='bbox 1143 2101 1203 2136; x_wconf 77' lang='lat' dir='ltr'>vel</span> <span class='ocrx_word' id='word_1_302' title='bbox 1233 2113 1382 2136; x_wconf 91' lang='lat' dir='ltr'>memor</span> 
     </span>
     <span class='ocr_line' id='line_1_48' title="bbox 370 2160 1382 2211; baseline -0.002 -12"><span class='ocrx_word' id='word_1_303' title='bbox 370 2163 491 2199; x_wconf 88' lang='lat' dir='ltr'>nostri</span> <span class='ocrx_word' id='word_1_304' title='bbox 511 2170 566 2199; x_wconf 88' lang='lat' dir='ltr'>est</span> <span class='ocrx_word' id='word_1_305' title='bbox 584 2162 622 2198; x_wconf 92' lang='lat' dir='ltr'>in</span> <span class='ocrx_word' id='word_1_306' title='bbox 643 2161 810 2198; x_wconf 80' lang='lat' dir='ltr'>saeculo?</span> <span class='ocrx_word' id='word_1_307' title='bbox 830 2161 993 2207; x_wconf 83' lang='lat' dir='ltr'>Amicis,</span> <span class='ocrx_word' id='word_1_308' title='bbox 1014 2161 1246 2211; x_wconf 88' lang='lat' dir='ltr'>propinquis</span> <span class='ocrx_word' id='word_1_309' title='bbox 1261 2189 1269 2203; x_wconf 89' lang='lat'><strong>‚</strong></span> <span class='ocrx_word' id='word_1_310' title='bbox 1289 2160 1382 2197; x_wconf 72' lang='lat' dir='ltr'>vici-</span> 
     </span>
     <span class='ocr_line' id='line_1_49' title="bbox 370 2221 1380 2270; baseline -0.002 -11"><span class='ocrx_word' id='word_1_311' title='bbox 370 2223 428 2259; x_wconf 91' lang='lat' dir='ltr'>nis</span> <span class='ocrx_word' id='word_1_312' title='bbox 446 2222 585 2258; x_wconf 84' lang='lat' dir='ltr'>nostris</span> <span class='ocrx_word' id='word_1_313' title='bbox 606 2221 693 2258; x_wconf 90' lang='lat' dir='ltr'>facti</span> <span class='ocrx_word' id='word_1_314' title='bbox 712 2234 844 2258; x_wconf 90' lang='lat' dir='ltr'>sumus</span> <span class='ocrx_word' id='word_1_315' title='bbox 866 2229 1048 2270; x_wconf 85' lang='lat' dir='ltr'>tanquam</span> <span class='ocrx_word' id='word_1_316' title='bbox 1068 2234 1135 2257; x_wconf 89' lang='lat' dir='ltr'>vas</span> <span class='ocrx_word' id='word_1_317' title='bbox 1155 2221 1351 2270; x_wconf 88' lang='lat' dir='ltr'>perditum</span> <span class='ocrx_word' id='word_1_318' title='bbox 1373 2236 1380 2257; x_wconf 73' lang='grc' dir='ltr'><strong>ι</strong></span> 
     </span>
     <span class='ocr_line' id='line_1_50' title="bbox 372 2280 1385 2331; baseline -0.001 -13"><span class='ocrx_word' id='word_1_319' title='bbox 372 2283 451 2319; x_wconf 87' lang='lat' dir='ltr'>sola</span> <span class='ocrx_word' id='word_1_320' title='bbox 469 2295 539 2318; x_wconf 91' lang='lat' dir='ltr'>nos</span> <span class='ocrx_word' id='word_1_321' title='bbox 559 2281 731 2318; x_wconf 79' lang='lat' dir='ltr'>oblivisci</span> <span class='ocrx_word' id='word_1_322' title='bbox 754 2295 832 2317; x_wconf 92' lang='lat' dir='ltr'>non</span> <span class='ocrx_word' id='word_1_323' title='bbox 850 2290 971 2331; x_wconf 89' lang='lat' dir='ltr'>potes.</span> <span class='ocrx_word' id='word_1_324' title='bbox 996 2281 1163 2330; x_wconf 88' lang='lat' dir='ltr'>Inquiris</span> <span class='ocrx_word' id='word_1_325' title='bbox 1182 2280 1228 2317; x_wconf 94' lang='lat' dir='ltr'>de</span> <span class='ocrx_word' id='word_1_326' title='bbox 1249 2294 1330 2318; x_wconf 87' lang='lat' dir='ltr'>esse</span> <span class='ocrx_word' id='word_1_327' title='bbox 1347 2289 1385 2317; x_wconf 89' lang='lat' dir='ltr'>et</span> 
     </span>
     <span class='ocr_line' id='line_1_51' title="bbox 373 2341 1384 2390; baseline -0.001 -12"><span class='ocrx_word' id='word_1_328' title='bbox 373 2351 472 2379; x_wconf 86' lang='lat' dir='ltr'>statu</span> <span class='ocrx_word' id='word_1_329' title='bbox 493 2341 662 2378; x_wconf 89' lang='lat' dir='ltr'>sanitatis</span> <span class='ocrx_word' id='word_1_330' title='bbox 686 2350 849 2386; x_wconf 85' lang='lat' dir='ltr'>nostrae,</span> <span class='ocrx_word' id='word_1_331' title='bbox 873 2341 919 2378; x_wconf 92' lang='lat' dir='ltr'>de</span> <span class='ocrx_word' id='word_1_332' title='bbox 942 2342 1002 2378; x_wconf 76' lang='lat' dir='ltr'>via</span> <span class='ocrx_word' id='word_1_333' title='bbox 1020 2355 1135 2390; x_wconf 88' lang='lat' dir='ltr'>quam</span> <span class='ocrx_word' id='word_1_334' title='bbox 1157 2354 1282 2390; x_wconf 85' lang='lat' dir='ltr'>nuper</span> <span class='ocrx_word' id='word_1_335' title='bbox 1304 2341 1384 2390; x_wconf 80' lang='lat' dir='ltr'>egi-</span> 
     </span>
     <span class='ocr_line' id='line_1_52' title="bbox 373 2400 1385 2450; baseline -0.001 -12"><span class='ocrx_word' id='word_1_336' title='bbox 373 2415 470 2448; x_wconf 86' lang='lat' dir='ltr'>mus,</span> <span class='ocrx_word' id='word_1_337' title='bbox 490 2401 535 2438; x_wconf 91' lang='lat' dir='ltr'>de</span> <span class='ocrx_word' id='word_1_338' title='bbox 557 2401 752 2438; x_wconf 84' lang='lat' dir='ltr'>monachis</span> <span class='ocrx_word' id='word_1_339' title='bbox 765 2430 774 2447; x_wconf 93' lang='lat'>,</span> <span class='ocrx_word' id='word_1_340' title='bbox 795 2415 893 2450; x_wconf 92' lang='lat' dir='ltr'>quos</span> <span class='ocrx_word' id='word_1_341' title='bbox 916 2400 964 2437; x_wconf 87' lang='lat' dir='ltr'>ad</span> <span class='ocrx_word' id='word_1_342' title='bbox 984 2402 1099 2437; x_wconf 90' lang='lat' dir='ltr'>alium</span> <span class='ocrx_word' id='word_1_343' title='bbox 1121 2401 1248 2437; x_wconf 92' lang='lat' dir='ltr'>locum</span> <span class='ocrx_word' id='word_1_344' title='bbox 1266 2409 1385 2437; x_wconf 84' lang='lat' dir='ltr'>trans-</span> 
     </span>
     <span class='ocr_line' id='line_1_53' title="bbox 374 2459 1385 2511; baseline -0.003 -13"><span class='ocrx_word' id='word_1_345' title='bbox 374 2463 541 2499; x_wconf 84' lang='lat' dir='ltr'>tulimus.</span> <span class='ocrx_word' id='word_1_346' title='bbox 570 2466 626 2498; x_wconf 88' lang='lat' dir='ltr'>De</span> <span class='ocrx_word' id='word_1_347' title='bbox 647 2460 786 2510; x_wconf 88' lang='lat' dir='ltr'>quibus</span> <span class='ocrx_word' id='word_1_348' title='bbox 814 2461 984 2497; x_wconf 73' lang='lat' dir='ltr'>breviter</span> <span class='ocrx_word' id='word_1_349' title='bbox 1006 2460 1248 2511; x_wconf 88' lang='lat' dir='ltr'>respondeo,</span> <span class='ocrx_word' id='word_1_350' title='bbox 1280 2459 1385 2509; x_wconf 89' lang='lat' dir='ltr'>quod</span> 
     </span>
     <span class='ocr_line' id='line_1_54' title="bbox 375 2522 1386 2567; baseline -0.004 -8"><span class='ocrx_word' id='word_1_351' title='bbox 375 2523 421 2559; x_wconf 86' lang='lat' dir='ltr'>de</span> <span class='ocrx_word' id='word_1_352' title='bbox 448 2531 549 2559; x_wconf 86' lang='lat' dir='ltr'>terra</span> <span class='ocrx_word' id='word_1_353' title='bbox 569 2522 741 2567; x_wconf 85' lang='lat' dir='ltr'>deserta,</span> <span class='ocrx_word' id='word_1_354' title='bbox 767 2530 805 2558; x_wconf 90' lang='lat' dir='ltr'>et</span> <span class='ocrx_word' id='word_1_355' title='bbox 825 2522 872 2558; x_wconf 89' lang='lat' dir='ltr'>de</span> <span class='ocrx_word' id='word_1_356' title='bbox 899 2523 984 2558; x_wconf 88' lang='lat' dir='ltr'>loco</span> <span class='ocrx_word' id='word_1_357' title='bbox 1015 2522 1187 2558; x_wconf 88' lang='lat' dir='ltr'>horroris</span> <span class='ocrx_word' id='word_1_358' title='bbox 1214 2529 1252 2557; x_wconf 89' lang='lat' dir='ltr'>et</span> <span class='ocrx_word' id='word_1_359' title='bbox 1270 2529 1386 2556; x_wconf 74' lang='lat' dir='ltr'>vastae</span> 
     </span>
    </p>
   </div>
   <div class='ocr_carea' id='block_1_26' title="bbox 1448 1848 2458 2261">
    <p class='ocr_par' dir='ltr' id='par_1_26' title="bbox 1448 1848 2458 2261">
     <span class='ocr_line' id='line_1_55' title="bbox 1448 1848 2454 1898; baseline -0.006 -9"><span class='ocrx_word' id='word_1_360' title='bbox 1448 1865 1534 1889; x_wconf 88' lang='lat' dir='ltr'>men</span> <span class='ocrx_word' id='word_1_361' title='bbox 1567 1865 1700 1888; x_wconf 77' lang='lat' dir='ltr'>verum</span> <span class='ocrx_word' id='word_1_362' title='bbox 1730 1864 1810 1888; x_wconf 87' lang='lat' dir='ltr'>esse</span> <span class='ocrx_word' id='word_1_363' title='bbox 1839 1849 2031 1887; x_wconf 89' lang='lat' dir='ltr'>credimus</span> <span class='ocrx_word' id='word_1_364' title='bbox 2063 1848 2168 1898; x_wconf 88' lang='lat' dir='ltr'>quod</span> <span class='ocrx_word' id='word_1_365' title='bbox 2199 1849 2388 1886; x_wconf 87' lang='lat' dir='ltr'>Dominus</span> <span class='ocrx_word' id='word_1_366' title='bbox 2416 1848 2454 1884; x_wconf 89' lang='lat' dir='ltr'>in</span> 
     </span>
     <span class='ocr_line' id='line_1_56' title="bbox 1448 1908 2456 1962; baseline -0.007 -12"><span class='ocrx_word' id='word_1_367' title='bbox 1448 1913 1653 1962; x_wconf 70' lang='lat' dir='ltr'>Evangelio</span> <span class='ocrx_word' id='word_1_368' title='bbox 1676 1911 1867 1962; x_wconf 88' lang='lat' dir='ltr'>promittit</span> <span class='ocrx_word' id='word_1_369' title='bbox 1894 1925 1901 1947; x_wconf 93' lang='lat'><strong>:</strong></span> <span class='ocrx_word' id='word_1_370' title='bbox 1936 1912 2126 1957; x_wconf 73' lang='lat' dir='ltr'>Quamdiu</span> <span class='ocrx_word' id='word_1_371' title='bbox 2137 1908 2283 1958; x_wconf 77' lang='lat' dir='ltr'>fecistis</span> <span class='ocrx_word' id='word_1_372' title='bbox 2315 1913 2383 1944; x_wconf 76' lang='lat' dir='ltr'>ani</span> <span class='ocrx_word' id='word_1_373' title='bbox 2408 1921 2456 1944; x_wconf 70' lang='lat' dir='ltr'>ea:</span> 
     </span>
     <span class='ocr_line' id='line_1_57' title="bbox 1448 1967 2457 2018; baseline -0.005 -9"><span class='ocrx_word' id='word_1_374' title='bbox 1448 1977 1615 2009; x_wconf 78' lang='lat' dir='ltr'>minimis</span> <span class='ocrx_word' id='word_1_375' title='bbox 1635 1977 1728 2008; x_wconf 81' lang='lat' dir='ltr'>meis</span> <span class='ocrx_word' id='word_1_376' title='bbox 1743 2000 1751 2012; x_wconf 83' lang='grc'>,</span> <span class='ocrx_word' id='word_1_377' title='bbox 1777 1972 1845 2006; x_wconf 83' lang='lat' dir='ltr'>hoc</span> <span class='ocrx_word' id='word_1_378' title='bbox 1865 1971 1958 2006; x_wconf 79' lang='lat' dir='ltr'>milti</span> <span class='ocrx_word' id='word_1_379' title='bbox 1977 1970 2126 2018; x_wconf 66' lang='lat' dir='ltr'>secisffs</span> <span class='ocrx_word' id='word_1_380' title='bbox 2140 1976 2164 2005; x_wconf 89' lang='lat'>¹.</span> <span class='ocrx_word' id='word_1_381' title='bbox 2194 1968 2271 2011; x_wconf 36' lang='lat' dir='ltr'>Sed.</span> <span class='ocrx_word' id='word_1_382' title='bbox 2286 1967 2379 2018; x_wconf 90' lang='lat' dir='ltr'>quid</span> <span class='ocrx_word' id='word_1_383' title='bbox 2403 1975 2457 2004; x_wconf 85' lang='lat' dir='ltr'>est</span> 
     </span>
     <span class='ocr_line' id='line_1_58' title="bbox 1448 2027 2458 2084; baseline -0.006 -13"><span class='ocrx_word' id='word_1_384' title='bbox 1448 2034 1553 2084; x_wconf 88' lang='lat' dir='ltr'>quod</span> <span class='ocrx_word' id='word_1_385' title='bbox 1570 2033 1765 2070; x_wconf 89' lang='lat' dir='ltr'>ministros</span> <span class='ocrx_word' id='word_1_386' title='bbox 1782 2040 1928 2068; x_wconf 88' lang='lat' dir='ltr'>vestros</span> <span class='ocrx_word' id='word_1_387' title='bbox 1942 2060 1951 2076; x_wconf 92' lang='lat'>,</span> <span class='ocrx_word' id='word_1_388' title='bbox 1973 2043 2060 2080; x_wconf 85' lang='lat' dir='ltr'>quae</span> <span class='ocrx_word' id='word_1_389' title='bbox 2077 2043 2147 2067; x_wconf 83' lang='lat' dir='ltr'>vos</span> <span class='ocrx_word' id='word_1_390' title='bbox 2167 2029 2337 2066; x_wconf 86' lang='lat' dir='ltr'>donastis</span> <span class='ocrx_word' id='word_1_391' title='bbox 2353 2056 2363 2073; x_wconf 92' lang='lat'>,</span> <span class='ocrx_word' id='word_1_392' title='bbox 2382 2027 2458 2065; x_wconf 74' lang='lat' dir='ltr'>exi-</span> 
     </span>
     <span class='ocr_line' id='line_1_59' title="bbox 1448 2087 2456 2143; baseline -0.006 -13"><span class='ocrx_word' id='word_1_393' title='bbox 1448 2106 1535 2143; x_wconf 83' lang='lat' dir='ltr'>gere</span> <span class='ocrx_word' id='word_1_394' title='bbox 1557 2105 1710 2129; x_wconf 89' lang='lat' dir='ltr'>rursum</span> <span class='ocrx_word' id='word_1_395' title='bbox 1738 2091 1987 2141; x_wconf 84' lang='lat' dir='ltr'>permittitis?</span> <span class='ocrx_word' id='word_1_396' title='bbox 2007 2090 2174 2139; x_wconf 84' lang='lat' dir='ltr'>Dignum</span> <span class='ocrx_word' id='word_1_397' title='bbox 2204 2097 2262 2126; x_wconf 86' lang='lat' dir='ltr'>est</span> <span class='ocrx_word' id='word_1_398' title='bbox 2280 2087 2390 2125; x_wconf 89' lang='lat' dir='ltr'>vobis</span> <span class='ocrx_word' id='word_1_399' title='bbox 2419 2095 2456 2124; x_wconf 84' lang='lat' dir='ltr'>et</span> 
     </span>
     <span class='ocr_line' id='line_1_60' title="bbox 1449 2148 2456 2201; baseline -0.006 -11"><span class='ocrx_word' id='word_1_400' title='bbox 1449 2153 1703 2190; x_wconf 82' lang='lat' dir='ltr'>honorificum</span> <span class='ocrx_word' id='word_1_401' title='bbox 1718 2181 1728 2198; x_wconf 86' lang='lat'>,</span> <span class='ocrx_word' id='word_1_402' title='bbox 1750 2160 1792 2188; x_wconf 89' lang='lat' dir='ltr'>ut</span> <span class='ocrx_word' id='word_1_403' title='bbox 1812 2150 1917 2201; x_wconf 88' lang='lat' dir='ltr'>quod</span> <span class='ocrx_word' id='word_1_404' title='bbox 1939 2149 2049 2187; x_wconf 75' lang='lat' dir='ltr'>vobis</span> <span class='ocrx_word' id='word_1_405' title='bbox 2070 2163 2142 2200; x_wconf 88' lang='lat' dir='ltr'>pro</span> <span class='ocrx_word' id='word_1_406' title='bbox 2163 2150 2285 2186; x_wconf 90' lang='lat' dir='ltr'>salute</span> <span class='ocrx_word' id='word_1_407' title='bbox 2311 2148 2456 2185; x_wconf 87' lang='lat' dir='ltr'>anima-</span> 
     </span>
     <span class='ocr_line' id='line_1_61' title="bbox 1450 2210 2456 2261; baseline -0.005 -12"><span class='ocrx_word' id='word_1_408' title='bbox 1450 2226 1533 2249; x_wconf 89' lang='lat' dir='ltr'>rum</span> <span class='ocrx_word' id='word_1_409' title='bbox 1550 2221 1760 2249; x_wconf 79' lang='lat' dir='ltr'>vestrarum</span> <span class='ocrx_word' id='word_1_410' title='bbox 1778 2211 1922 2261; x_wconf 87' lang='lat' dir='ltr'>placuit</span> <span class='ocrx_word' id='word_1_411' title='bbox 1934 2210 2078 2247; x_wconf 87' lang='lat' dir='ltr'>donare</span> <span class='ocrx_word' id='word_1_412' title='bbox 2088 2239 2098 2257; x_wconf 92' lang='lat'>‚</span> <span class='ocrx_word' id='word_1_413' title='bbox 2113 2222 2228 2246; x_wconf 89' lang='lat' dir='ltr'>nemo</span> <span class='ocrx_word' id='word_1_414' title='bbox 2243 2216 2456 2246; x_wconf 85' lang='lat' dir='ltr'>vestrorum</span> 
     </span>
    </p>
   </div>
   <div class='ocr_carea' id='block_1_27' title="bbox 1451 2267 2470 2322">
    <p class='ocr_par' dir='ltr' id='par_1_27' title="bbox 1451 2267 2470 2322">
     <span class='ocr_line' id='line_1_62' title="bbox 1451 2267 2470 2322; baseline -0.006 -13"><span class='ocrx_word' id='word_1_415' title='bbox 1451 2281 1624 2322; x_wconf 86' lang='lat' dir='ltr'>repetere</span> <span class='ocrx_word' id='word_1_416' title='bbox 1643 2271 1792 2309; x_wconf 88' lang='lat' dir='ltr'>audeat.</span> <span class='ocrx_word' id='word_1_417' title='bbox 1817 2271 1854 2309; x_wconf 88' lang='lat' dir='ltr'>Si</span> <span class='ocrx_word' id='word_1_418' title='bbox 1876 2284 1966 2320; x_wconf 82' lang='lat' dir='ltr'>ergo</span> <span class='ocrx_word' id='word_1_419' title='bbox 1995 2283 2065 2306; x_wconf 72' lang='lat' dir='ltr'>vos</span> <span class='ocrx_word' id='word_1_420' title='bbox 2085 2269 2217 2321; x_wconf 84' lang='lat' dir='ltr'>(quod</span> <span class='ocrx_word' id='word_1_421' title='bbox 2240 2267 2362 2318; x_wconf 87' lang='lat' dir='ltr'>absit)</span> <span class='ocrx_word' id='word_1_422' title='bbox 2383 2267 2470 2316; x_wconf 29' lang='lat' dir='ltr'>be·-</span> 
     </span>
    </p>
   </div>
   <div class='ocr_carea' id='block_1_28' title="bbox 1451 2328 2458 2561">
    <p class='ocr_par' dir='ltr' id='par_1_28' title="bbox 1451 2328 2458 2561">
     <span class='ocr_line' id='line_1_63' title="bbox 1451 2328 2458 2380; baseline -0.005 -11"><span class='ocrx_word' id='word_1_423' title='bbox 1451 2332 1676 2369; x_wconf 87' lang='lat' dir='ltr'>neficiorum</span> <span class='ocrx_word' id='word_1_424' title='bbox 1696 2339 1915 2368; x_wconf 75' lang='lat' dir='ltr'>vestrorum</span> <span class='ocrx_word' id='word_1_425' title='bbox 1936 2343 2014 2366; x_wconf 91' lang='lat' dir='ltr'>non</span> <span class='ocrx_word' id='word_1_426' title='bbox 2035 2330 2218 2380; x_wconf 81' lang='lat' dir='ltr'>poenitet,</span> <span class='ocrx_word' id='word_1_427' title='bbox 2238 2328 2458 2377; x_wconf 81' lang='lat' dir='ltr'>donumque</span> 
     </span>
     <span class='ocr_line' id='line_1_64' title="bbox 1451 2388 2457 2441; baseline -0.004 -13"><span class='ocrx_word' id='word_1_428' title='bbox 1451 2392 1556 2441; x_wconf 90' lang='lat' dir='ltr'>quod</span> <span class='ocrx_word' id='word_1_429' title='bbox 1577 2392 1614 2427; x_wconf 93' lang='lat' dir='ltr'>in</span> <span class='ocrx_word' id='word_1_430' title='bbox 1640 2391 1881 2441; x_wconf 87' lang='lat' dir='ltr'>beneplacito</span> <span class='ocrx_word' id='word_1_431' title='bbox 1902 2398 2030 2426; x_wconf 73' lang='lat' dir='ltr'>vestro</span> <span class='ocrx_word' id='word_1_432' title='bbox 2050 2402 2071 2426; x_wconf 85' lang='lat' dir='ltr'>a</span> <span class='ocrx_word' id='word_1_433' title='bbox 2095 2388 2206 2425; x_wconf 89' lang='lat' dir='ltr'>vobis</span> <span class='ocrx_word' id='word_1_434' title='bbox 2226 2401 2327 2438; x_wconf 83' lang='lat' dir='ltr'>saepe</span> <span class='ocrx_word' id='word_1_435' title='bbox 2353 2400 2457 2424; x_wconf 86' lang='lat' dir='ltr'>rece-</span> 
     </span>
     <span class='ocr_line' id='line_1_65' title="bbox 1452 2449 2458 2502; baseline -0.005 -13"><span class='ocrx_word' id='word_1_436' title='bbox 1452 2453 1594 2502; x_wconf 89' lang='lat' dir='ltr'>pimus,</span> <span class='ocrx_word' id='word_1_437' title='bbox 1625 2465 1733 2501; x_wconf 89' lang='lat' dir='ltr'>aeque</span> <span class='ocrx_word' id='word_1_438' title='bbox 1754 2451 1877 2488; x_wconf 90' lang='lat' dir='ltr'>adhuc</span> <span class='ocrx_word' id='word_1_439' title='bbox 1898 2459 1940 2487; x_wconf 89' lang='lat' dir='ltr'>ut</span> <span class='ocrx_word' id='word_1_440' title='bbox 1961 2449 2189 2495; x_wconf 87' lang='lat' dir='ltr'>habeamus,</span> <span class='ocrx_word' id='word_1_441' title='bbox 2213 2449 2367 2498; x_wconf 89' lang='lat' dir='ltr'>utrique</span> <span class='ocrx_word' id='word_1_442' title='bbox 2394 2460 2458 2485; x_wconf 75' lang='lat' dir='ltr'>ve-</span> 
     </span>
     <span class='ocr_line' id='line_1_66' title="bbox 1454 2509 2458 2561; baseline -0.004 -13"><span class='ocrx_word' id='word_1_443' title='bbox 1454 2521 1574 2549; x_wconf 90' lang='lat' dir='ltr'>strum</span> <span class='ocrx_word' id='word_1_444' title='bbox 1597 2512 1828 2561; x_wconf 75' lang='lat' dir='ltr'>complacet,</span> <span class='ocrx_word' id='word_1_445' title='bbox 1848 2510 1982 2559; x_wconf 86' lang='lat' dir='ltr'>jubete</span> <span class='ocrx_word' id='word_1_446' title='bbox 2002 2510 2053 2546; x_wconf 87' lang='lat' dir='ltr'>ita</span> <span class='ocrx_word' id='word_1_447' title='bbox 2077 2510 2237 2546; x_wconf 79' lang='lat' dir='ltr'>firmiter</span> <span class='ocrx_word' id='word_1_448' title='bbox 2256 2517 2294 2545; x_wconf 87' lang='lat' dir='ltr'>et</span> <span class='ocrx_word' id='word_1_449' title='bbox 2323 2509 2458 2544; x_wconf 86' lang='lat' dir='ltr'>incon·</span> 
     </span>
    </p>
   </div>
   <div class='ocr_carea' id='block_1_29' title="bbox 375 2570 2459 2622">
    <p class='ocr_par' dir='ltr' id='par_1_29' title="bbox 375 2570 2459 2622">
     <span class='ocr_line' id='line_1_67' title="bbox 375 2570 2459 2622; baseline -0.006 -4"><span class='ocrx_word' id='word_1_450' title='bbox 375 2582 589 2619; x_wconf 86' lang='lat' dir='ltr'>solitudinis</span> <span class='ocrx_word' id='word_1_451' title='bbox 618 2581 826 2617; x_wconf 82' lang='lat' dir='ltr'>introducti</span> <span class='ocrx_word' id='word_1_452' title='bbox 849 2581 995 2617; x_wconf 89' lang='lat' dir='ltr'>suntin</span> <span class='ocrx_word' id='word_1_453' title='bbox 1018 2580 1293 2617; x_wconf 88' lang='lat' dir='ltr'>abundantiam</span> <span class='ocrx_word' id='word_1_454' title='bbox 1324 2581 1434 2615; x_wconf 86' lang='lat' dir='ltr'>re-D</span> <span class='ocrx_word' id='word_1_455' title='bbox 1453 2588 1560 2611; x_wconf 87' lang='lat' dir='ltr'>cusse</span> <span class='ocrx_word' id='word_1_456' title='bbox 1594 2574 1733 2618; x_wconf 85' lang='lat' dir='ltr'>teneri,</span> <span class='ocrx_word' id='word_1_457' title='bbox 1773 2582 1960 2622; x_wconf 83' lang='lat' dir='ltr'>quatenus</span> <span class='ocrx_word' id='word_1_458' title='bbox 1995 2573 2095 2609; x_wconf 84' lang='lat' dir='ltr'>ultra</span> <span class='ocrx_word' id='word_1_459' title='bbox 2124 2572 2258 2608; x_wconf 86' lang='lat' dir='ltr'>fratres</span> <span class='ocrx_word' id='word_1_460' title='bbox 2288 2570 2409 2607; x_wconf 85' lang='lat' dir='ltr'>nostri</span> <span class='ocrx_word' id='word_1_461' title='bbox 2437 2581 2459 2606; x_wconf 82' lang='lat' dir='ltr'>a</span> 
     </span>
    </p>
   </div>
   <div class='ocr_carea' id='block_1_30' title="bbox 377 2640 1388 3168">
    <p class='ocr_par' dir='ltr' id='par_1_30' title="bbox 377 2640 1388 3168">
     <span class='ocr_line' id='line_1_68' title="bbox 377 2640 1386 2688; baseline -0.004 -10"><span class='ocrx_word' id='word_1_462' title='bbox 377 2655 480 2687; x_wconf 88' lang='lat' dir='ltr'>rum,</span> <span class='ocrx_word' id='word_1_463' title='bbox 502 2641 661 2685; x_wconf 81' lang='lat' dir='ltr'>aedium,</span> <span class='ocrx_word' id='word_1_464' title='bbox 685 2649 723 2676; x_wconf 91' lang='lat' dir='ltr'>et</span> <span class='ocrx_word' id='word_1_465' title='bbox 743 2641 977 2687; x_wconf 80' lang='lat' dir='ltr'>amicori1m3</span> <span class='ocrx_word' id='word_1_466' title='bbox 998 2641 1037 2676; x_wconf 90' lang='lat' dir='ltr'>in</span> <span class='ocrx_word' id='word_1_467' title='bbox 1062 2649 1200 2677; x_wconf 87' lang='lat' dir='ltr'>terram</span> <span class='ocrx_word' id='word_1_468' title='bbox 1220 2640 1386 2688; x_wconf 89' lang='lat' dir='ltr'>denique</span> 
     </span>
     <span class='ocr_line' id='line_1_69' title="bbox 378 2699 1386 2747; baseline -0.003 -9"><span class='ocrx_word' id='word_1_469' title='bbox 378 2703 536 2738; x_wconf 84' lang='lat' dir='ltr'>fertilem</span> <span class='ocrx_word' id='word_1_470' title='bbox 551 2731 560 2747; x_wconf 94' lang='lat'>,</span> <span class='ocrx_word' id='word_1_471' title='bbox 581 2709 618 2737; x_wconf 92' lang='lat' dir='ltr'>et</span> <span class='ocrx_word' id='word_1_472' title='bbox 639 2701 765 2736; x_wconf 88' lang='lat' dir='ltr'>locum</span> <span class='ocrx_word' id='word_1_473' title='bbox 789 2712 949 2736; x_wconf 80' lang='lat' dir='ltr'>ainoenae</span> <span class='ocrx_word' id='word_1_474' title='bbox 974 2699 1229 2736; x_wconf 86' lang='lat' dir='ltr'>habitationis.</span> <span class='ocrx_word' id='word_1_475' title='bbox 1261 2703 1386 2736; x_wconf 55' lang='lat' dir='ltr'>Laetos</span> 
     </span>
     <span class='ocr_line' id='line_1_70' title="bbox 377 2758 1386 2808; baseline -0.001 -14"><span class='ocrx_word' id='word_1_476' title='bbox 377 2760 504 2808; x_wconf 85' lang='lat' dir='ltr'>itaque</span> <span class='ocrx_word' id='word_1_477' title='bbox 523 2767 558 2795; x_wconf 88' lang='lat' dir='ltr'>et</span> <span class='ocrx_word' id='word_1_478' title='bbox 577 2759 615 2795; x_wconf 91' lang='lat' dir='ltr'>in</span> <span class='ocrx_word' id='word_1_479' title='bbox 634 2771 724 2808; x_wconf 87' lang='lat' dir='ltr'>pace</span> <span class='ocrx_word' id='word_1_480' title='bbox 741 2758 965 2807; x_wconf 87' lang='lat' dir='ltr'>reliquimus</span> <span class='ocrx_word' id='word_1_481' title='bbox 979 2787 988 2803; x_wconf 96' lang='lat'>,</span> <span class='ocrx_word' id='word_1_482' title='bbox 1006 2758 1080 2794; x_wconf 84' lang='lat' dir='ltr'>laeti</span> <span class='ocrx_word' id='word_1_483' title='bbox 1097 2771 1167 2795; x_wconf 93' lang='lat' dir='ltr'>nos</span> <span class='ocrx_word' id='word_1_484' title='bbox 1186 2766 1223 2794; x_wconf 93' lang='lat' dir='ltr'>et</span> <span class='ocrx_word' id='word_1_485' title='bbox 1237 2758 1274 2793; x_wconf 90' lang='lat' dir='ltr'>in</span> <span class='ocrx_word' id='word_1_486' title='bbox 1294 2770 1386 2806; x_wconf 88' lang='lat' dir='ltr'>pace</span> 
     </span>
     <span class='ocr_line' id='line_1_71' title="bbox 377 2816 1384 2868; baseline -0.001 -14"><span class='ocrx_word' id='word_1_487' title='bbox 377 2820 519 2854; x_wconf 81' lang='lat' dir='ltr'>reversi</span> <span class='ocrx_word' id='word_1_488' title='bbox 539 2828 672 2855; x_wconf 73' lang='lat' dir='ltr'>sumus·</span> <span class='ocrx_word' id='word_1_489' title='bbox 687 2833 694 2853; x_wconf 92' lang='lat'>:</span> <span class='ocrx_word' id='word_1_490' title='bbox 714 2827 853 2868; x_wconf 85' lang='lat' dir='ltr'>praeter</span> <span class='ocrx_word' id='word_1_491' title='bbox 871 2817 975 2867; x_wconf 88' lang='lat' dir='ltr'>quod</span> <span class='ocrx_word' id='word_1_492' title='bbox 993 2831 1062 2867; x_wconf 82' lang='lat' dir='ltr'>ego</span> <span class='ocrx_word' id='word_1_493' title='bbox 1080 2817 1211 2868; x_wconf 81' lang='lat' dir='ltr'>paucis</span> <span class='ocrx_word' id='word_1_494' title='bbox 1232 2816 1384 2862; x_wconf 81' lang='lat' dir='ltr'>(liebus,</span> 
     </span>
     <span class='ocr_line' id='line_1_72' title="bbox 378 2877 1385 2929; baseline -0.002 -14"><span class='ocrx_word' id='word_1_495' title='bbox 378 2879 443 2916; x_wconf 84' lang='lat' dir='ltr'>sed</span> <span class='ocrx_word' id='word_1_496' title='bbox 465 2893 540 2915; x_wconf 90' lang='lat' dir='ltr'>non</span> <span class='ocrx_word' id='word_1_497' title='bbox 562 2892 718 2929; x_wconf 88' lang='lat' dir='ltr'>parum,</span> <span class='ocrx_word' id='word_1_498' title='bbox 755 2878 859 2916; x_wconf 84' lang='lat' dir='ltr'>febre</span> <span class='ocrx_word' id='word_1_499' title='bbox 892 2878 1098 2924; x_wconf 80' lang='lat' dir='ltr'>redeunte,</span> <span class='ocrx_word' id='word_1_500' title='bbox 1127 2879 1176 2914; x_wconf 87' lang='lat' dir='ltr'>ita</span> <span class='ocrx_word' id='word_1_501' title='bbox 1212 2886 1254 2914; x_wconf 89' lang='lat' dir='ltr'>ut</span> <span class='ocrx_word' id='word_1_502' title='bbox 1288 2877 1385 2913; x_wconf 85' lang='lat' dir='ltr'>mori</span> 
     </span>
     <span class='ocr_line' id='line_1_73' title="bbox 379 2936 1388 2987; baseline -0.003 -12"><span class='ocrx_word' id='word_1_503' title='bbox 379 2940 551 2975; x_wconf 85' lang='lat' dir='ltr'>timerem</span> <span class='ocrx_word' id='word_1_504' title='bbox 567 2966 576 2983; x_wconf 92' lang='lat'>,</span> <span class='ocrx_word' id='word_1_505' title='bbox 599 2947 823 2987; x_wconf 73' lang='lat' dir='ltr'>aggravatus</span> <span class='ocrx_word' id='word_1_506' title='bbox 846 2938 911 2974; x_wconf 87' lang='lat' dir='ltr'>fui.</span> <span class='ocrx_word' id='word_1_507' title='bbox 934 2937 1006 2974; x_wconf 90' lang='lat' dir='ltr'>Sed</span> <span class='ocrx_word' id='word_1_508' title='bbox 1027 2950 1178 2974; x_wconf 87' lang='lat' dir='ltr'>rursum</span> <span class='ocrx_word' id='word_1_509' title='bbox 1192 2965 1200 2981; x_wconf 93' lang='lat'>,</span> <span class='ocrx_word' id='word_1_510' title='bbox 1219 2940 1300 2973; x_wconf 87' lang='lat' dir='ltr'>Deo</span> <span class='ocrx_word' id='word_1_511' title='bbox 1320 2936 1388 2972; x_wconf 93' lang='lat' dir='ltr'>mi-</span> 
     </span>
     <span class='ocr_line' id='line_1_74' title="bbox 380 2996 1386 3044; baseline -0.004 -9"><span class='ocrx_word' id='word_1_512' title='bbox 380 3007 550 3044; x_wconf 85' lang='lat' dir='ltr'>serante,</span> <span class='ocrx_word' id='word_1_513' title='bbox 581 2999 656 3034; x_wconf 90' lang='lat' dir='ltr'>cito</span> <span class='ocrx_word' id='word_1_514' title='bbox 687 2998 881 3041; x_wconf 78' lang='lat' dir='ltr'>convalui,</span> <span class='ocrx_word' id='word_1_515' title='bbox 914 2998 966 3033; x_wconf 87' lang='lat' dir='ltr'>ita</span> <span class='ocrx_word' id='word_1_516' title='bbox 986 3005 1028 3034; x_wconf 88' lang='lat' dir='ltr'>ut</span> <span class='ocrx_word' id='word_1_517' title='bbox 1057 3010 1159 3033; x_wconf 87' lang='lat' dir='ltr'>nune</span> <span class='ocrx_word' id='word_1_518' title='bbox 1190 2996 1386 3033; x_wconf 79' lang='lat' dir='ltr'>fortiorem</span> 
     </span>
     <span class='ocr_line' id='line_1_75' title="bbox 381 3057 1388 3107; baseline -0.004 -12"><span class='ocrx_word' id='word_1_519' title='bbox 381 3059 647 3106; x_wconf 75' lang='lat' dir='ltr'>sanioremque</span> <span class='ocrx_word' id='word_1_520' title='bbox 669 3070 728 3093; x_wconf 84' lang='lat' dir='ltr'>me</span> <span class='ocrx_word' id='word_1_521' title='bbox 757 3058 914 3094; x_wconf 85' lang='lat' dir='ltr'>sentiam</span> <span class='ocrx_word' id='word_1_522' title='bbox 941 3065 1029 3107; x_wconf 89' lang='lat' dir='ltr'>post</span> <span class='ocrx_word' id='word_1_523' title='bbox 1049 3057 1148 3094; x_wconf 69' lang='lat' dir='ltr'>viam</span> <span class='ocrx_word' id='word_1_524' title='bbox 1170 3064 1362 3106; x_wconf 82' lang='lat' dir='ltr'>peractam</span> <span class='ocrx_word' id='word_1_525' title='bbox 1378 3084 1388 3101; x_wconf 94' lang='lat'>,</span> 
     </span>
     <span class='ocr_line' id='line_1_76' title="bbox 383 3118 854 3168; baseline -0.004 -13"><span class='ocrx_word' id='word_1_526' title='bbox 383 3132 496 3168; x_wconf 86' lang='lat' dir='ltr'>quam</span> <span class='ocrx_word' id='word_1_527' title='bbox 518 3127 605 3155; x_wconf 86' lang='lat' dir='ltr'>ante</span> <span class='ocrx_word' id='word_1_528' title='bbox 626 3118 854 3154; x_wconf 86' lang='lat' dir='ltr'>inchoatam.</span> 
     </span>
    </p>
   </div>
   <div class='ocr_carea' id='block_1_31' title="bbox 1452 2632 2459 2742">
    <p class='ocr_par' dir='ltr' id='par_1_31' title="bbox 1452 2632 2459 2742">
     <span class='ocr_line' id='line_1_77' title="bbox 1454 2632 2458 2680; baseline -0.005 -9"><span class='ocrx_word' id='word_1_529' title='bbox 1454 2636 1559 2672; x_wconf 91' lang='lat' dir='ltr'>nullo</span> <span class='ocrx_word' id='word_1_530' title='bbox 1592 2635 1854 2670; x_wconf 88' lang='lat' dir='ltr'>ministrorum</span> <span class='ocrx_word' id='word_1_531' title='bbox 1875 2642 2093 2670; x_wconf 78' lang='lat' dir='ltr'>vestrorum</span> <span class='ocrx_word' id='word_1_532' title='bbox 2123 2632 2280 2669; x_wconf 82' lang='lat' dir='ltr'>timeant</span> <span class='ocrx_word' id='word_1_533' title='bbox 2299 2638 2458 2680; x_wconf 86' lang='lat' dir='ltr'>propter</span> 
     </span>
     <span class='ocr_line' id='line_1_78' title="bbox 1452 2686 2459 2742; baseline -0.006 -12"><span class='ocrx_word' id='word_1_534' title='bbox 1452 2694 1525 2731; x_wconf 90' lang='lat' dir='ltr'>hoc</span> <span class='ocrx_word' id='word_1_535' title='bbox 1547 2693 1764 2730; x_wconf 89' lang='lat' dir='ltr'>disturbari.</span> <span class='ocrx_word' id='word_1_536' title='bbox 1783 2692 1966 2742; x_wconf 82' lang='lat' dir='ltr'>Alioquin</span> <span class='ocrx_word' id='word_1_537' title='bbox 1987 2705 2065 2728; x_wconf 89' lang='lat' dir='ltr'>non</span> <span class='ocrx_word' id='word_1_538' title='bbox 2087 2690 2284 2728; x_wconf 87' lang='lat' dir='ltr'>renuimus</span> <span class='ocrx_word' id='word_1_539' title='bbox 2306 2686 2459 2727; x_wconf 84' lang='lat' dir='ltr'>Domini</span> 
     </span>
    </p>
   </div>
   <div class='ocr_carea' id='block_1_32' title="bbox 1454 2745 2494 2802">
    <p class='ocr_par' dir='ltr' id='par_1_32' title="bbox 1454 2745 2494 2802">
     <span class='ocr_line' id='line_1_79' title="bbox 1454 2745 2494 2802; baseline -0.008 -12"><span class='ocrx_word' id='word_1_540' title='bbox 1454 2754 1573 2791; x_wconf 90' lang='lat' dir='ltr'>nostri</span> <span class='ocrx_word' id='word_1_541' title='bbox 1606 2753 1712 2802; x_wconf 87' lang='lat' dir='ltr'>sequi</span> <span class='ocrx_word' id='word_1_542' title='bbox 1739 2752 1979 2801; x_wconf 79' lang='lat' dir='ltr'>exemplum,</span> <span class='ocrx_word' id='word_1_543' title='bbox 2007 2751 2073 2800; x_wconf 91' lang='lat' dir='ltr'>qui</span> <span class='ocrx_word' id='word_1_544' title='bbox 2092 2763 2164 2800; x_wconf 87' lang='lat' dir='ltr'>pro</span> <span class='ocrx_word' id='word_1_545' title='bbox 2186 2761 2226 2786; x_wconf 87' lang='lat' dir='ltr'>se</span> <span class='ocrx_word' id='word_1_546' title='bbox 2254 2761 2332 2785; x_wconf 91' lang='lat' dir='ltr'>non</span> <span class='ocrx_word' id='word_1_547' title='bbox 2353 2745 2460 2783; x_wconf 88' lang='lat' dir='ltr'>dedi-</span> <span class='ocrx_word' id='word_1_548' title='bbox 2491 2755 2494 2762; x_wconf 93' lang='grc'><strong>“</strong></span> 
     </span>
    </p>
   </div>
   <div class='ocr_carea' id='block_1_33' title="bbox 2496 1922 2531 2535">
    <p class='ocr_par' dir='ltr' id='par_1_33' title="bbox 2496 1922 2531 2535">
     <span class='ocr_line' id='line_1_80' title="bbox 2496 1922 2531 2535; textangle 90"><span class='ocrx_word' id='word_1_549' title='bbox 2512 2522 2517 2535; x_wconf 93' lang='grc'>..</span> <span class='ocrx_word' id='word_1_550' title='bbox 2510 2464 2515 2479; x_wconf 59' lang='grc' dir='ltr'><strong><em>ο</em></strong></span> <span class='ocrx_word' id='word_1_551' title='bbox 2511 2403 2520 2422; x_wconf 65' lang='grc' dir='ltr'>-ι</span> <span class='ocrx_word' id='word_1_552' title='bbox 2506 2342 2523 2364; x_wconf 65' lang='lat' dir='ltr'><strong>c</strong></span> <span class='ocrx_word' id='word_1_553' title='bbox 2496 2221 2527 2304; x_wconf 25' lang='grc' dir='ltr'>(ιιι-ἰ·</span> <span class='ocrx_word' id='word_1_554' title='bbox 2497 1922 2531 2185; x_wconf 40' lang='grc' dir='ltr'>Ι·“’;Ξ-Ἶῦκᾰὶ’“-.</span> 
     </span>
    </p>
   </div>
   <div class='ocr_carea' id='block_1_34' title="bbox 2502 1572 2533 1884">
    <p class='ocr_par' dir='ltr' id='par_1_34' title="bbox 2502 1572 2533 1884">
     <span class='ocr_line' id='line_1_81' title="bbox 2502 1651 2515 1782; textangle 90"><span class='ocrx_word' id='word_1_555' title='bbox 2502 1722 2515 1782; x_wconf 51' lang='lat'>·‚⁴</span> <span class='ocrx_word' id='word_1_556' title='bbox 2504 1651 2512 1698; x_wconf 62' lang='grc' dir='ltr'>-κ-</span> 
     </span>
     <span class='ocr_line' id='line_1_82' title="bbox 2515 1572 2533 1884; textangle 90"><span class='ocrx_word' id='word_1_557' title='bbox 2523 1851 2529 1884; x_wconf 67' lang='grc' dir='ltr'>-.Δ</span> <span class='ocrx_word' id='word_1_558' title='bbox 2523 1806 2526 1821; x_wconf 87' lang='grc'>-</span> <span class='ocrx_word' id='word_1_559' title='bbox 2521 1744 2527 1764; x_wconf 60' lang='lat'>0</span> <span class='ocrx_word' id='word_1_560' title='bbox 2516 1671 2529 1706; x_wconf 63' lang='lat' dir='ltr'>P*</span> <span class='ocrx_word' id='word_1_561' title='bbox 2515 1606 2527 1647; x_wconf 55' lang='lat' dir='ltr'>.Nxa</span> <span class='ocrx_word' id='word_1_562' title='bbox 2528 1572 2533 1577; x_wconf 54' lang='grc' dir='ltr'><strong><em>Ι</em></strong></span> 
     </span>
    </p>
   </div>
   <div class='ocr_carea' id='block_1_35' title="bbox 1453 2807 2514 2865">
    <p class='ocr_par' dir='ltr' id='par_1_35' title="bbox 1453 2807 2514 2865">
     <span class='ocr_line' id='line_1_83' title="bbox 1453 2807 2514 2865; baseline -0.008 -14"><span class='ocrx_word' id='word_1_563' title='bbox 1453 2823 1588 2865; x_wconf 73' lang='lat' dir='ltr'>gnatus</span> <span class='ocrx_word' id='word_1_564' title='bbox 1606 2823 1662 2849; x_wconf 83' lang='lat' dir='ltr'>est</span> <span class='ocrx_word' id='word_1_565' title='bbox 1678 2814 1826 2849; x_wconf 77' lang='lat' dir='ltr'>solvere</span> <span class='ocrx_word' id='word_1_566' title='bbox 1843 2825 1998 2849; x_wconf 88' lang='lat' dir='ltr'>censum</span> <span class='ocrx_word' id='word_1_567' title='bbox 2010 2818 2022 2833; x_wconf 84' lang='lat'>²</span> <span class='ocrx_word' id='word_1_568' title='bbox 2034 2841 2044 2858; x_wconf 95' lang='lat'>,</span> <span class='ocrx_word' id='word_1_569' title='bbox 2064 2810 2186 2861; x_wconf 87' lang='lat' dir='ltr'>parati</span> <span class='ocrx_word' id='word_1_570' title='bbox 2201 2817 2239 2847; x_wconf 91' lang='lat' dir='ltr'>et</span> <span class='ocrx_word' id='word_1_571' title='bbox 2256 2821 2327 2845; x_wconf 90' lang='lat' dir='ltr'>nos</span> <span class='ocrx_word' id='word_1_572' title='bbox 2342 2807 2459 2844; x_wconf 78' lang='lat' dir='ltr'>liben-</span> <span class='ocrx_word' id='word_1_573' title='bbox 2490 2828 2492 2842; x_wconf 70' lang='grc'>;</span> <span class='ocrx_word' id='word_1_574' title='bbox 2511 2827 2514 2830; x_wconf 89' lang='lat'><strong>·</strong></span> 
     </span>
    </p>
   </div>
   <div class='ocr_carea' id='block_1_36' title="bbox 1456 2865 2487 2924">
    <p class='ocr_par' dir='ltr' id='par_1_36' title="bbox 1456 2865 2487 2924">
     <span class='ocr_line' id='line_1_84' title="bbox 1456 2865 2487 2924; baseline -0.008 -13"><span class='ocrx_word' id='word_1_575' title='bbox 1456 2884 1511 2911; x_wconf 82' lang='lat' dir='ltr'>ter</span> <span class='ocrx_word' id='word_1_576' title='bbox 1526 2888 1611 2924; x_wconf 76' lang='lat' dir='ltr'>quac</span> <span class='ocrx_word' id='word_1_577' title='bbox 1624 2883 1713 2911; x_wconf 91' lang='lat' dir='ltr'>sunt</span> <span class='ocrx_word' id='word_1_578' title='bbox 1728 2875 1884 2911; x_wconf 78' lang='lat' dir='ltr'>Caesaris</span> <span class='ocrx_word' id='word_1_579' title='bbox 1899 2872 2035 2910; x_wconf 75' lang='lat' dir='ltr'>Caesari</span> <span class='ocrx_word' id='word_1_580' title='bbox 2053 2870 2231 2915; x_wconf 88' lang='lat' dir='ltr'>reddere,</span> <span class='ocrx_word' id='word_1_581' title='bbox 2249 2878 2287 2906; x_wconf 88' lang='lat' dir='ltr'>et</span> <span class='ocrx_word' id='word_1_582' title='bbox 2303 2865 2458 2916; x_wconf 81' lang='lat' dir='ltr'>vectigal</span> <span class='ocrx_word' id='word_1_583' title='bbox 2485 2894 2487 2896; x_wconf 85' lang='lat'><em>-</em></span> 
     </span>
    </p>
   </div>
   <div class='ocr_carea' id='block_1_37' title="bbox 1457 2929 2458 2983">
    <p class='ocr_par' dir='ltr' id='par_1_37' title="bbox 1457 2929 2458 2983">
     <span class='ocr_line' id='line_1_85' title="bbox 1457 2929 2458 2983; baseline -0.008 -12"><span class='ocrx_word' id='word_1_584' title='bbox 1457 2936 1517 2972; x_wconf 90' lang='lat' dir='ltr'>cui</span> <span class='ocrx_word' id='word_1_585' title='bbox 1537 2935 1716 2983; x_wconf 67' lang='lat' dir='ltr'>vectigal,</span> <span class='ocrx_word' id='word_1_586' title='bbox 1736 2943 1773 2970; x_wconf 85' lang='lat' dir='ltr'>et</span> <span class='ocrx_word' id='word_1_587' title='bbox 1794 2932 1980 2970; x_wconf 87' lang='lat' dir='ltr'>tributum</span> <span class='ocrx_word' id='word_1_588' title='bbox 2002 2931 2063 2968; x_wconf 88' lang='lat' dir='ltr'>cui</span> <span class='ocrx_word' id='word_1_589' title='bbox 2090 2929 2303 2967; x_wconf 74' lang='lat' dir='ltr'>tributum³</span> <span class='ocrx_word' id='word_1_590' title='bbox 2331 2943 2339 2964; x_wconf 93' lang='lat'><strong>:</strong></span> <span class='ocrx_word' id='word_1_591' title='bbox 2360 2939 2458 2978; x_wconf 82' lang='lat' dir='ltr'>prae-</span> 
     </span>
    </p>
   </div>
   <div class='ocr_carea' id='block_1_38' title="bbox 1456 2987 2514 3104">
    <p class='ocr_par' dir='ltr' id='par_1_38' title="bbox 1456 2987 2514 3104">
     <span class='ocr_line' id='line_1_86' title="bbox 1456 2987 2514 3043; baseline -0.009 -12"><span class='ocrx_word' id='word_1_592' title='bbox 1456 2995 1585 3031; x_wconf 85' lang='lat' dir='ltr'>sertim</span> <span class='ocrx_word' id='word_1_593' title='bbox 1603 2995 1691 3043; x_wconf 85' lang='lat' dir='ltr'>quia</span> <span class='ocrx_word' id='word_1_594' title='bbox 1709 2994 1821 3043; x_wconf 84' lang='lat' dir='ltr'>juxta</span> <span class='ocrx_word' id='word_1_595' title='bbox 1841 2992 2067 3043; x_wconf 81' lang='lat' dir='ltr'>Apostolum</span> <span class='ocrx_word' id='word_1_596' title='bbox 2087 3003 2165 3027; x_wconf 90' lang='lat' dir='ltr'>non</span> <span class='ocrx_word' id='word_1_597' title='bbox 2188 2998 2261 3026; x_wconf 87' lang='lat' dir='ltr'>tam</span> <span class='ocrx_word' id='word_1_598' title='bbox 2280 2987 2459 3025; x_wconf 83' lang='lat' dir='ltr'>debemus</span> <span class='ocrx_word' id='word_1_599' title='bbox 2510 2998 2514 3021; x_wconf 68' lang='grc' dir='ltr'>ἕ</span> 
     </span>
     <span class='ocr_line' id='line_1_87' title="bbox 1457 3049 2513 3104; baseline -0.008 -13"><span class='ocrx_word' id='word_1_600' title='bbox 1457 3055 1651 3104; x_wconf 80' lang='lat' dir='ltr'>requirere</span> <span class='ocrx_word' id='word_1_601' title='bbox 1681 3054 1810 3091; x_wconf 85' lang='lat' dir='ltr'>datum</span> <span class='ocrx_word' id='word_1_602' title='bbox 1847 3061 2042 3098; x_wconf 90' lang='lat' dir='ltr'>nostrum,</span> <span class='ocrx_word' id='word_1_603' title='bbox 2069 3064 2182 3101; x_wconf 88' lang='lat' dir='ltr'>quam</span> <span class='ocrx_word' id='word_1_604' title='bbox 2204 3058 2372 3087; x_wconf 86' lang='lat' dir='ltr'>vestrum</span> <span class='ocrx_word' id='word_1_605' title='bbox 2400 3049 2459 3085; x_wconf 85' lang='lat' dir='ltr'>lu·</span> <span class='ocrx_word' id='word_1_606' title='bbox 2510 3054 2513 3081; x_wconf 74' lang='lat'><strong><em>1</em></strong></span> 
     </span>
    </p>
   </div>
   <div class='ocr_carea' id='block_1_39' title="bbox 1457 3115 1609 3152">
    <p class='ocr_par' dir='ltr' id='par_1_39' title="bbox 1457 3115 1609 3152">
     <span class='ocr_line' id='line_1_88' title="bbox 1457 3115 1609 3152; baseline 0 0"><span class='ocrx_word' id='word_1_607' title='bbox 1457 3129 1563 3152; x_wconf 88' lang='lat' dir='ltr'>crum</span> <span class='ocrx_word' id='word_1_608' title='bbox 1583 3115 1609 3152; x_wconf 52' lang='grc' dir='ltr'>ἱ.</span> 
     </span>
    </p>
   </div>
   <div class='ocr_carea' id='block_1_40' title="bbox 435 3248 1838 3290">
    <p class='ocr_par' dir='ltr' id='par_1_40' title="bbox 435 3248 1838 3290">
     <span class='ocr_line' id='line_1_89' title="bbox 435 3248 1838 3290; baseline -0.003 -8"><span class='ocrx_word' id='word_1_609' title='bbox 435 3258 440 3271; x_wconf 95' lang='lat'><strong>¹</strong></span> <span class='ocrx_word' id='word_1_610' title='bbox 460 3251 576 3282; x_wconf 82' lang='lat' dir='ltr'>Matth.</span> <span class='ocrx_word' id='word_1_611' title='bbox 597 3263 675 3288; x_wconf 67' lang='lat' dir='ltr'>xxv,</span> <span class='ocrx_word' id='word_1_612' title='bbox 694 3252 747 3282; x_wconf 66' lang='lat'>40.</span> <span class='ocrx_word' id='word_1_613' title='bbox 764 3268 808 3273; x_wconf 79' lang='lat'>-—</span> <span class='ocrx_word' id='word_1_614' title='bbox 827 3250 1009 3287; x_wconf 79' lang='lat' dir='ltr'>²1d.xvtt,</span> <span class='ocrx_word' id='word_1_615' title='bbox 1029 3253 1084 3280; x_wconf 64' lang='grc'>26.</span> <span class='ocrx_word' id='word_1_616' title='bbox 1102 3269 1146 3272; x_wconf 85' lang='lat'>-—</span> <span class='ocrx_word' id='word_1_617' title='bbox 1169 3249 1181 3272; x_wconf 87' lang='grc'>3</span> <span class='ocrx_word' id='word_1_618' title='bbox 1201 3254 1294 3281; x_wconf 75' lang='lat' dir='ltr'>Rom.</span> <span class='ocrx_word' id='word_1_619' title='bbox 1314 3261 1372 3280; x_wconf 79' lang='lat' dir='ltr'>xiii</span> <span class='ocrx_word' id='word_1_620' title='bbox 1386 3274 1393 3285; x_wconf 83' lang='lat'>,</span> <span class='ocrx_word' id='word_1_621' title='bbox 1412 3253 1444 3280; x_wconf 84' lang='lat'>7.</span> <span class='ocrx_word' id='word_1_622' title='bbox 1463 3268 1505 3271; x_wconf 81' lang='lat'>—-</span> <span class='ocrx_word' id='word_1_623' title='bbox 1523 3248 1537 3274; x_wconf 65' lang='lat'>⁴5</span> <span class='ocrx_word' id='word_1_624' title='bbox 1557 3248 1693 3290; x_wconf 85' lang='lat' dir='ltr'>Philipp.</span> <span class='ocrx_word' id='word_1_625' title='bbox 1715 3259 1758 3285; x_wconf 70' lang='lat' dir='ltr'>iv,</span> <span class='ocrx_word' id='word_1_626' title='bbox 1785 3251 1838 3278; x_wconf 83' lang='grc'>17.</span> 
     </span>
    </p>
   </div>
   <div class='ocr_carea' id='block_1_41' title="bbox 432 3308 1615 3354">
    <p class='ocr_par' dir='ltr' id='par_1_41' title="bbox 432 3308 1615 3354">
     <span class='ocr_line' id='line_1_90' title="bbox 432 3308 1615 3354; baseline -0.002 -12"><span class='ocrx_word' id='word_1_627' title='bbox 432 3317 445 3332; x_wconf 73' lang='lat'>¹¹</span> <span class='ocrx_word' id='word_1_628' title='bbox 472 3314 589 3342; x_wconf 74' lang='lat' dir='ltr'>Census</span> <span class='ocrx_word' id='word_1_629' title='bbox 607 3323 624 3343; x_wconf 87' lang='lat' dir='ltr'>a</span> <span class='ocrx_word' id='word_1_630' title='bbox 641 3310 872 3342; x_wconf 79' lang='lat' dir='ltr'>transeuntibus</span> <span class='ocrx_word' id='word_1_631' title='bbox 889 3310 1023 3352; x_wconf 63' lang='lat' dir='ltr'>persolvi</span> <span class='ocrx_word' id='word_1_632' title='bbox 1039 3310 1164 3345; x_wconf 66' lang='lat' dir='ltr'>solitus:</span> <span class='ocrx_word' id='word_1_633' title='bbox 1185 3311 1293 3352; x_wconf 67' lang='lat' dir='ltr'>vulgo,</span> <span class='ocrx_word' id='word_1_634' title='bbox 1311 3308 1393 3340; x_wconf 58' lang='lat' dir='ltr'>droit</span> <span class='ocrx_word' id='word_1_635' title='bbox 1411 3308 1449 3339; x_wconf 69' lang='lat' dir='ltr'>de</span> <span class='ocrx_word' id='word_1_636' title='bbox 1461 3320 1615 3354; x_wconf 69' lang='lat' dir='ltr'>passage.</span> 
     </span>
    </p>
   </div>
  </div>
 </body>
</html>
