2533 3920
366 203 432 241 191

1128 198 1163 233 S.
1194 196 1448 232 BERNARDI
1476 194 1677 231 ABBATIS

2372 188 2443 226 192

358 290 491 320 nostro
511 277 667 317 consilio
686 275 890 325 studioque
910 286 1041 325 pacem
1058 286 1144 310 cum
1163 272 1365 322 episcopo,
1384 270 1415 289 ⁵⁵
1436 271 1530 317 tius,
1561 269 1778 307 dulcissime
1811 272 1944 315 Pater,
1965 268 2111 304 viscera
2143 267 2342 305 consulite.
2372 270 2445 304 Va-

356 345 434 380 imo
463 353 548 377 cum
568 343 650 376 Deo
680 337 908 381 reformare;
939 333 1062 384 parati
1097 345 1227 369 sumus
1254 331 1365 381 hujus
1386 332 1417 366 A
1437 331 1522 368 lete.

357 403 411 440 rei
439 401 558 452 gratia
590 397 735 447 fatigari
769 408 890 444 usque
921 394 967 431 ad
1003 406 1090 439 VOS,
1124 404 1370 442 quocumque

355 463 466 500 vobis
481 460 665 512 placuerit
684 473 691 494 :
711 457 768 494 sin
789 464 917 492 autem
929 483 938 499 ,
954 466 1023 490 nos
1043 453 1207 490 amicum
1225 452 1369 498 andire,

358 533 396 561 et
416 523 485 561 Dei
511 518 697 558 sacerdoti
714 515 870 553 obedire
891 526 1043 551 necesse
1060 521 1128 549 est.
1146 512 1288 549 Valete.

362 637 1371 660 ιιιιιιιιιιιιιιιιιιιιιιιιιιιιιιιιιιιιιιιιιιιιιιιιιιιιιιιιιιιιιιιιιιιιι

523 763 897 824 EPISTOLA
959 761 1188 819 XLVI.a

416 916 472 939 AD
499 910 736 936 DOMINUM
779 907 929 930 PAPAM
975 904 1239 929 HONORIEM
1269 905 1313 926 11.

772 1005 855 1029 'Unde
877 1011 974 1036 supra.

360 1100 602 1138 Conqueruntur
620 1092 704 1135 apud
725 1090 906 1123 Pontificem
920 1114 927 1126 ‚
951 1087 1036 1130 quod
1058 1087 1250 1118 relaxatione
1271 1086 1367 1117 inter-

407 1150 481 1182 dicti
509 1146 692 1189 subreptitie
725 1144 853 1176 obtenta
873 1168 880 1181 ,
908 1145 977 1173 Rex
1007 1142 1117 1174 Galliae
1147 1142 1213 1184 jam
1246 1141 1369 1184 pridem

405 1215 525 1248 pronus
538 1202 576 1234 ad
590 1211 699 1244 pacem
711 1224 718 1238 ‚
735 1199 833 1230 factus
855 1198 894 1229 sit
909 1197 1106 1229 obstinatior.

360 1323 517 1358 Summo
546 1313 722 1354 Pontifici
758 1316 962 1358 Hoxomo,
989 1323 1204 1361 pauperum
1237 1309 1374 1348 Christi

413 1377 587 1422 abbates,
608 1378 720 1412 Hcco
741 1372 786 1409 de
807 1371 1052 1417 Pontiniac0‚
1083 1379 1120 1407 et
1149 1374 1374 1407 Esus-*mnus

413 1439 460 1475 de
493 1435 742 1480 Clara-Valle,
769 1431 956 1483 quidquid
974 1439 1099 1483 potest
1126 1440 1371 1481 peccatorum

415 1505 551 1535 oratio.

411 1600 715 1652 Lacrymabilem
738 1599 1028 1649 episcoporum,
1050 1597 1127 1634 imo
1155 1597 1272 1634 totius
1300 1601 1372 1635 Ec-

359 1664 480 1702 clesiae
507 1660 810 1712 querimoniam,
843 1671 913 1695 nos
943 1671 1096 1707 quoque
1126 1657 1208 1706 ejus
1239 1658 1320 1704 filii,
1343 1658 1372 1695 si

359 1734 485 1762 tamen
513 1721 638 1771 digni,
665 1719 903 1756 dissimulare
932 1731 1010 1754 non
1042 1731 1258 1768 possumus.
1281 1722 1373 1766 Quae

359 1785 524 1822 vidimus
544 1781 754 1830 loquimur.
774 1783 911 1829 Magna
933 1779 1120 1829 siquidem
1151 1792 1222 1815 nos
1242 1792 1373 1816 neces-

359 1846 447 1882 sitas
478 1844 524 1880 (le
551 1841 725 1879 claustris
760 1840 806 1877 ad
837 1839 1033 1890 publicum
1066 1840 1179 1876 traxit

359 1904 463 1955 quod
489 1903 686 1952 loquimur
716 1900 893 1937 vidimus.
925 1900 1064 1937 Tristes
1093 1900 1278 1946 vidimus,
1302 1900 1373 1937 tri-

359 1974 432 2002 stes
453 1973 490 2001 et
516 1962 711 2012 loquimur
737 1976 744 1997 :
766 1961 955 1997 honorem
984 1961 1181 2007 Ecclesiae,
1210 1961 1374 1998 Honorii

361 2034 534 2074 tempore
551 2036 628 2059 non
650 2021 805 2057 minime
823 2021 967 2057 laesum.
983 2024 1065 2057 Jam
1085 2021 1199 2070 Regis
1217 2021 1374 2057 flexerat

360 2085 455 2122 iram
481 2082 693 2127 humilitas,
712 2082 771 2118 vel
792 2081 921 2131 potius
944 2080 1156 2117 constantia
1176 2080 1376 2130 episcopo-

359 2158 444 2182 rum
480 2158 488 2181 :
521 2156 607 2180 cum
640 2155 726 2179 ecce
764 2155 784 2178 a
822 2154 971 2177 summo
1013 2140 1195 2178 Pontifice
1227 2154 1375 2177 summa

360 2204 634 2254 superveniens
663 2202 885 2246 auctoritas,
914 2200 1007 2237 heu!
1031 2199 1170 2249 dejecit
1194 2209 1374 2236 constan—

358 2266 469 2310 tiam,
492 2262 707 2314 superbiam
730 2262 859 2299 statuit
874 2259 903 2298 1’.
933 2260 1080 2299 Scimus
1109 2260 1262 2310 quidem
1291 2260 1329 2296 id
1353 2274 1374 2297 a

358 2324 466 2361 vobis
496 2337 564 2373 per
591 2321 830 2359 mendacium
860 2321 973 2358 fuisse
999 2320 1223 2370 subreptum
1255 2320 1375 2371 (quod

358 2397 405 2422 ex
420 2384 555 2420 vestris
573 2382 708 2419 litteris
726 2382 847 2432 palam
872 2381 984 2418 datur
1002 2379 1184 2432 adverti),
1198 2389 1239 2417 ut
1256 2381 1375 2417 everti

358 2453 434 2481 tam
465 2442 610 2492 justum
652 2450 803 2490 tamque
836 2441 1091 2478 necessarium
1128 2441 1374 2478 interdictum

355 2503 555 2554 juberetis.
576 2501 647 2539 Sed
675 2501 862 2551 numquid
885 2514 962 2537 non
980 2501 1040 2537 vel
1065 2500 1215 2537 tandem
1236 2501 1374 2550 depre-

358 2566 478 2602 henso
502 2562 721 2606 mendacio,
742 2562 939 2598 mentitam
971 2575 1009 2598 se
1039 2561 1175 2597 sentiet
1195 2561 1374 2609 iniquitas

1525 475 1810 486 =====sszsu==xmssun
1819 476 1828 484 =
1834 473 2364 484 szx»xsxumsxzxxxannuumss====uoxx=
2369 473 2450 483 ===v==

1556 606 1559 607 ⁷
1601 606 1975 663 EPISTOLA
2029 604 2286 663 XLVII?

1439 762 1485 785 AD
1513 763 1675 786 EL'MDEM
1714 763 1763 785 Ex
1792 760 1955 784 PBt-505³
1993 761 2171 784 GAL'FRIDI
2203 761 2449 787 CARNOTENSIS

1847 821 2031 845 EPISCOPI.

1440 944 1576 986 Exponit
1591 943 1732 975 Pontifici
1756 954 1881 975 causam
1904 943 2042 986 episcopi
2062 943 2242 976 Parisiensis
2264 954 2282 975 a
2298 955 2370 986 rege
2389 948 2450 976 Lu-

1489 998 1600 1029 dovico
1627 999 1733 1040 inique
1762 998 1919 1040 oppressi,
1953 998 2005 1039 qui
2039 998 2204 1030 interdicto
2233 998 2272 1029 ab
2298 999 2451 1042 episcopis

1491 1053 1661 1084 Gallicanis
1691 1053 1870 1094 compulsus
1903 1052 2131 1083 restitutionem
2158 1054 2372 1095 promiserat,
2397 1055 2451 1086 sed

1482 1106 1680 1138 absolutione
1711 1106 1751 1138 ab
1782 1107 1926 1138 Honorio
1953 1106 2083 1138 obtenta
2109 1109 2325 1140 contumacior
2352 1109 2451 1142 factus

1481 1172 1545 1193 non
1558 1161 1716 1204 praestitit.

1495 1291 1731 1329 Tristissimae
1756 1289 1925 1327 historiae
1949 1290 2086 1328 seriem
2104 1289 2214 1328 vobis
2233 1299 2271 1327 et
2299 1304 2449 1328 causam

1442 1351 1626 1401 replicare
1655 1351 1893 1401 superfluum
1921 1359 1996 1397 est;
2014 1364 2091 1400 qua
2115 1350 2194 1400 jam
2213 1351 2356 1402 quippe
2384 1355 2452 1389 Pa-

1441 1412 1628 1449 tet-nitatis
1647 1421 1781 1449 vestrae
1799 1412 1967 1458 viscera,
1983 1410 2174 1449 scribente
2190 1412 2368 1462 religioso
2387 1416 2451 1450 Pa-

1440 1473 1586 1509 risiensi
1612 1473 1817 1522 episc0p0,
1850 1481 2042 1509 commota
2068 1485 2149 1509 esse
2178 1486 2255 1509 non
2282 1473 2446 1524 ambigo.

1439 1536 1494 1570 Ne
1526 1541 1650 1569 tamen
1682 1533 1789 1569 fratri
1813 1541 1851 1569 et
1877 1533 2106 1583 coepiscopo
2132 1534 2246 1570 etiam
2275 1543 2448 1572 nostrum

1439 1593 1586 1630 deesset
1614 1593 1895 1639 testinionium3
1917 1606 2002 1642 qnae
2029 1593 2107 1630 vidi
2134 1606 2204 1643 ego
2232 1602 2270 1631 et
2298 1595 2446 1641 audivi,

1439 1655 1693 1691 necessarium
1737 1654 1828 1691 duxi
1868 1653 2036 1691 breviter
2065 1654 2254 1692 intimare.
2284 1659 2451 1707 Accepta

1439 1715 1626 1764 siquidem
1650 1724 1725 1752 tam
1751 1714 1923 1751 modesta
1944 1714 2116 1764 praedicti
2133 1715 2302 1766 episcopi
2323 1717 2452 1766 queri-

1440 1777 1590 1823 monia,
1624 1776 1852 1813 Senonensis
1883 1775 2055 1812 dioecesis
2083 1776 2252 1813 universi
2281 1777 2452 1828 episcopi

1211 1855 1219 1876 :
1247 1839 1313 1877 ubi
1338 1848 1375 1876 et
1396 1843 1422 1878 C
1439 1850 1515 1873 una
1537 1850 1620 1873 cum
1648 1835 1857 1873 venerabili
1883 1836 2182 1886 metropolitano
2207 1844 2359 1883 nostr03
2382 1836 2451 1873 ad-

1440 1897 1541 1934 scitis
1567 1898 1678 1934 etiam
1705 1896 1904 1934 nobiscum
1930 1896 2160 1946 quibusdam
2188 1897 2269 1933 aliis
2298 1897 2452 1947 religio-

1441 1958 1489 1994 sis
1507 1958 1699 2008 personis,
1716 1962 1858 2008 Regem
1879 1971 1995 2007 super
2014 1958 2119 2007 gravi
2134 1956 2274 2006 injuria
2293 1971 2364 2008 per
2381 1971 2450 1996 nos

1439 2019 1542 2068 ipsos
1585 2019 1800 2064 humiliter,
1832 2026 1875 2055 ut
1909 2017 2134 2064 debuimus,
2162 2019 2413 2055 convenimus
2441 2033 2450 2056 :

1439 2086 1481 2114 ut
1502 2079 1705 2128 episcopo,
1726 2079 1777 2115 nil
1807 2078 1961 2128 quidem
1993 2078 2066 2115 tale
2097 2077 2257 2124 merito,
2280 2091 2347 2115 sua
2366 2092 2451 2128 quae

1441 2139 1600 2184 tulerat,
1630 2138 1868 2184 restitueret,
1901 2138 2139 2188 rogavimus;
2167 2151 2237 2175 nec
2268 2138 2451 2188 impetra-

1440 2200 1575 2237 vimus.
1599 2200 1771 2238 Sentiens
1797 2199 1948 2236 tandem
1978 2212 2050 2236 nos
2070 2198 2117 2236 ad
2146 2211 2251 2236 arma
2275 2199 2452 2236 Ecclesiae

1440 2275 1511 2311 pro
1532 2261 1701 2298 Ecclesia
1716 2261 1814 2297 velle
1831 2260 2057 2310 confugere,
2079 2259 2222 2306 timuit,
2239 2260 2452 2309 annuitque

1441 2334 1521 2357 sese
1557 2321 1685 2357 omnia
1719 2320 1970 2356 redditurum.
2008 2319 2080 2356 Sed
2112 2319 2150 2356 in
2186 2319 2319 2356 eadem
2355 2320 2454 2356 forte

1441 2381 1534 2418 hora
1571 2380 1929 2431 supervenientibus
1962 2380 2095 2417 litteris
2125 2380 2284 2426 vestris,
2313 2379 2452 2430 quibus

1442 2440 1524 2489 ejus
1552 2448 1691 2477 terram
1719 2440 1766 2477 ab
1795 2439 1999 2477 interdicto
2020 2439 2167 2477 absolvi
2192 2441 2450 2491 praecepistis,

1442 2500 1539 2536 male
1555 2500 1592 2536 in
1615 2500 1714 2536 malo
1740 2500 1998 2545 cons01·tatus‚
2020 2499 2124 2549 quod
2145 2498 2242 2536 bene
2261 2501 2452 2550 promise·
2479 2530 2481 2534 .
2509 2493 2515 2500 ’

1442 2568 1522 2604 rat,
1556 2559 1709 2596 minime
1739 2568 1940 2597 exsecutus
1967 2568 2035 2597 cst.
2066 2560 2136 2597 Die
2167 2568 2293 2596 tamen
2327 2560 2452 2596 nomi-

359 2625 449 2669 sibi,
470 2632 507 2661 et
528 2636 605 2659 non
628 2631 741 2658 tantae
772 2622 902 2671 utique
929 2621 1141 2670 majestati?
1164 2624 1228 2657 Est
1249 2628 1374 2656 autem
1391 2623 1423 2656 D
1441 2628 1528 2655 nata
1542 2648 1550 2664 ‚
1574 2633 1647 2669 qua
1671 2619 1707 2655 id
1729 2632 1768 2655 se
1791 2633 1942 2656 rursum
1964 2620 2139 2670 promisit
2158 2628 2450 2667 exsecuturum,

358 2685 463 2735 quod
485 2684 666 2720 miramur
682 2711 692 2727 ,
723 2695 888 2731 quanam
917 2682 1064 2717 ratione
1088 2679 1303 2729 judicatum
1324 2680 1372 2716 sit

361 2746 407 2781 de
439 2753 564 2795 parte,
597 2742 855 2791 adjudicatum
885 2740 1042 2778 absenti.
1074 2740 1186 2788 Quod
1217 2740 1371 2789 quidem

361 2819 440 2843 non
476 2803 686 2841 temeraria*
707 2802 1008 2851 praesumptione
1036 2800 1371 2850 reprehendimus,

362 2865 428 2903 sed
467 2863 569 2900 filiali
609 2874 738 2898 amore
778 2869 939 2910 paterno
977 2861 1083 2897 cordi
1118 2861 1372 2910 suggerimus,

363 2933 548 2975 quantum
571 2936 617 2959 ex
644 2922 716 2958 hoc
743 2930 779 2958 et
799 2920 970 2971 superbit
1000 2921 1161 2971 impius,
1184 2930 1221 2957 et
1241 2921 1373 2958 incen-

364 2985 466 3022 ditur
498 2996 656 3033 paupcr.
694 2984 878 3019 Caeterum
917 2981 1099 3030 quamdiu
1135 2982 1239 3018 illum
1276 2982 1372 3032 pati,

364 3052 598 3095 quantumve
619 3042 705 3078 huic
731 3041 895 3091 compati
918 3040 1107 3088 debeatis,
1128 3055 1204 3078 non
1227 3050 1281 3078 est
1302 3055 1373 3078 no—

362 3114 482 3142 strum
505 3102 748 3154 praescribcrc
776 3101 885 3139 vobis
913 3117 920 3139 :
944 3115 1010 3139 vos
1030 3110 1155 3139 vestra
1182 3102 1268 3138 hinc
1299 3115 1371 3152 po-

410 3250 423 3266 ²
442 3244 564 3286 Scripta
577 3253 660 3273 anuo
676 3242 792 3273 Christi
814 3245 823 3273 1
838 3246 912 3273 127.

1439 2678 1521 2728 ejus
1542 2692 1610 2715 nos
1640 2680 1863 2729 conspectui
1893 2688 2184 2730 p1·aesentantes‚
2204 2680 2451 2717 sustinuimus

1439 2751 1591 2787 pacem,
1625 2747 1662 2775 ct
1696 2752 1773 2775 non
1808 2739 1913 2775 venit

1440 2812 1526 2835 cccc
1562 2799 1741 2836 turbatio,
1765 2803 1847 2837 Hoc
1880 2800 2044 2850 denique
2070 2799 2208 2838 litteris
2233 2801 2368 2838 vestris
2397 2801 2452 2838 fa-

1441 2867 1542 2895 ctum
1576 2868 1652 2905 est,
1686 2869 1725 2896 ut
1754 2861 1850 2897 male
1878 2860 2004 2898 ablata
2024 2860 2134 2912 pejus
2165 2869 2387 2906 teneantur,
2413 2868 2451 2898 et
2501 2899 2504 2917 ,ὶ

1440 2920 1585 2968 reliqua
1617 2921 1755 2970 passim
1794 2921 1831 2957 in
1869 2920 1948 2958 dies
1986 2922 2203 2971 rapiantur,
2235 2934 2281 2957 60
2319 2921 2451 2970 utique

1439 2994 1591 3027 secure,
1633 2995 1710 3031 quo
1750 2982 1908 3032 impune
1944 2982 2008 3019 illa
2055 2981 2281 3018 retinentur.
2318 2981 2450 3018 Soluto

1439 3055 1576 3091 nempe
1597 3042 1643 3078 ad
1666 3051 1832 3079 vestrum
1856 3043 2059 3093 imperium
2079 3042 2249 3092 episcopi
2265 3040 2371 3091 justo
2394 3040 2452 3092 (ut

1439 3102 1631 3153 putamus)
1663 3102 1889 3150 interdicto,
1910 3111 2120 3152 nostroque
2155 3101 2259 3152 quod
2294 3100 2451 3152 paraba-

411 3298 426 3318 1’
447 3295 630 3329 Relaxando
647 3295 762 3326 scilieet
781 3294 979 3325 interdictum
994 3319 1001 3332 ,
1026 3294 1142 3336 quoda
1161 3295 1475 3336 compi-oxincialibus
1507 3296 1659 3338 episcopis
1687 3297 1716 3327 in
1745 3302 1857 3327 terram
1875 3297 1968 3338 Regis
1994 3296 2113 3328 illatum
2135 3295 2235 3328 fuerat
2257 3295 2298 3328 ob
2325 3295 2451 3328 infesta·

362 3353 475 3384 tionem
494 3349 631 3392 episcopi
656 3349 855 3387 parisiensis,
879 3360 918 3379 ex
937 3349 1066 3390 epistola
1085 3355 1244 3390 sequente.
1263 3369 1300 3372 —
1323 3356 1335 3370 ⁰
1363 3350 1483 3392 Scripta
1501 3360 1583 3380 auno
1598 3350 1712 3380 Christi
1735 3354 1741 3381 Ι
1757 3352 1830 3380 127.

1947 2754 1955 2776 :
1988 2739 2236 2789 quaesivimus
2265 2738 2386 2786 bona,
2415 2747 2452 2777 et
2503 2763 2506 2768 ·

2520 1587 2533 1762 Ξῖ
