2565 3952
130 163 172 199 21
882 162 1142 198 PRAEFATIO
1172 162 1465 198 GENERALIS.
2178 171 2225 207 22

129 254 226 296 dem
247 255 485 308 Eugenium
514 268 594 309 pro
611 253 795 296 Ecclesia
811 254 1088 305 Tornacensi,
1118 266 1169 295 ex
1194 254 1455 295 Herimanno
1481 255 1687 297 monacho
1714 257 1992 311 Tornacensi,
2027 273 2069 301 n.
2099 265 2175 302 115
2196 277 2226 303 ³.

130 334 222 374 [na
250 333 461 387 encyclica
482 338 628 374 contra
644 331 808 384 duella,
831 331 886 372 ad
906 333 1157 372 Remensem
1174 336 1215 373 et
1234 334 1515 374 senonensem
1537 334 1875 390 archiepiscopos
1891 368 1902 389 ,
1927 337 1982 378 ad
2013 340 2230 393 episcopos

128 411 468 452 Suessionensem
487 416 527 453 et
544 409 959 452 Autissiodorensem
973 442 983 462 ,
1006 415 1047 451 et
1066 410 1121 451 ad
1139 410 1432 452 Theobaldum
1449 415 1490 453 et
1505 411 1739 453 Radulfum
1757 415 1950 466 comites,
1972 428 2022 456 ex
2052 419 2229 471 epistola

126 489 228 531 alias
248 492 538 532 trecentesima
556 491 908 544 quinquagesima
925 494 1094 541 octava,
1120 501 1234 530 nunc
1260 491 1553 531 trecentesima
1573 493 1880 545 septuagesima
1899 498 2030 535 sexta.
2050 495 2117 537 Ad
2140 496 2228 539 haec

124 569 274 609 Petrus
299 568 562 609 Venerabilis
588 569 631 609 in
653 567 839 623 quadam
863 568 1060 622 epistola,
1084 580 1180 622 quae
1205 567 1334 609 modo
1359 569 1477 609 inter
1504 569 1788 611 Bernardinas
1813 576 1949 613 exstat
1970 573 2119 615 ordine
2141 579 2228 616 tre-

124 647 349 687 centesima
374 647 614 701 octogesiua
639 651 807 699 octava,
829 646 962 687 refert
990 646 1277 700 fragmentum
1306 645 1528 701 cujusdam
1549 649 1682 689 saneti
1706 650 1902 691 Doctoris
1929 652 2116 705 epistolae
2148 667 2227 708 pro

121 725 300 779 Anglico
323 725 512 780 quodam
535 724 687 766 abbate
706 726 752 765 in
772 725 862 766 haec
885 724 1040 777 verba,
1067 738 1109 765 n
1129 726 1169 776 li,
1199 743 1214 758 «
1241 724 1371 775 Quasi
1391 723 1646 766 subversum
1663 731 1717 768 sit
1730 725 1961 782 judicium,
1992 748 2006 765 υ
2031 735 2109 773 etc.
2130 744 2224 786 quer

119 802 296 858 quidem
317 804 363 844 in
377 804 506 845 nullis
531 803 739 845 Bernardi
761 803 914 846 litteris
935 803 1073 857 legere
1093 803 1282 844 memini.

176 884 267 924 XX.
296 884 490 925 Meminit
518 885 643 926 etiam
676 883 906 926 Ordericus
936 883 1086 924 Vitalis
1118 884 1246 925 unius
1274 881 1480 923 Bernardi
1504 883 1692 937 epistolae
1723 884 1776 926 ad
1807 885 1998 927 Natalem
2029 888 2224 931 abbatem

115 961 423 1005 Resbacensem
445 976 524 1018 pro
544 963 816 1005 Uticensibus
835 963 1077 1014 monachis,
1105 962 1182 1016 qui
1207 964 1245 1003 S.
1275 960 1441 1002 Ebrulfi
1467 961 1670 1016 reliquias
1691 964 1914 1018 petebant,
1937 967 2125 1009 Guarino
2149 982 2223 1011 eo-

115 1054 212 1083 rum
229 1042 380 1085 abbate
401 1045 614 1098 imprimis
634 1044 679 1085 id
698 1048 894 1095 curante,
917 1048 958 1084 et
978 1041 1219 1097 postulante
1237 1054 1260 1082 a
1279 1040 1414 1082 Natali
1437 1040 1603 1083 abbate.
1631 1061 1645 1076 α
1670 1043 1903 1086 Gaufridus
1922 1046 2223 1091 Claras-Valles

120 1138 135 1154 υ
167 1132 211 1161 se
240 1121 301 1162 ire
324 1121 431 1163 velle
450 1123 664 1163 intimavit
688 1137 696 1162 :
718 1126 760 1163 et
780 1123 816 1162 si
842 1134 985 1163 secum
1013 1122 1074 1162 ire
1100 1121 1240 1162 vellet.
1274 1122 1451 1163 Annuit.
1484 1122 1624 1163 Ambo
1650 1124 1794 1178 itaque
1817 1138 1915 1166 cum
1943 1128 2030 1168 suis
2050 1128 2221 1171 famulis

121 1217 136 1232 »
169 1199 481 1242 Claras-Valles
501 1200 699 1242 abierunt
723 1215 731 1241 ε
756 1200 940 1253 benigne
958 1213 981 1241 a
998 1199 1204 1241 fratribus
1221 1200 1336 1241 illius
1353 1200 1537 1242 coenohii
1567 1204 1752 1256 suscepti
1772 1209 1892 1257 sunt,
1921 1207 1997 1259 qui
2015 1208 2221 1262 Regulam

118 1295 135 1311 π
166 1278 301 1318 sancti
326 1277 544 1319 Benedicti
568 1279 742 1319 omnino
774 1278 828 1319 ad
861 1278 1047 1318 litteram
1070 1277 1295 1319 observare
1321 1283 1532 1331 satagunt.
1559 1280 1778 1321 Domnum
1801 1295 1902 1323 vero
1927 1285 2194 1327 Bernardum
2211 1321 2221 1341 ,

119 1375 134 1389 υ
162 1355 279 1397 illius
298 1357 543 1398 monasterii
568 1362 757 1412 patrem,
779 1357 1042 1411 quaesierunt
1064 1371 1072 1397 ι
1089 1369 1189 1400 ,cum
1209 1369 1258 1398 eo
1277 1357 1410 1397 locuti
1429 1361 1550 1409 sunt,
1571 1362 1611 1398 et
1629 1358 1814 1412 plurima
1834 1362 2113 1417 sciscitanteS,
2134 1378 2223 1407 ma-

117 1453 132 1469 »
159 1447 286 1489 gnam
309 1437 355 1478 in
370 1436 520 1478 eodem
539 1437 789 1492 sapientiam
802 1438 1073 1478 invenerunt.
1093 1438 1156 1478 De
1180 1437 1334 1478 sanctis
1358 1437 1471 1478 enim
1496 1438 1724 1492 Scripturis
1748 1439 1986 1483 luculenter
2009 1447 2219 1499 tractavit,

116 1532 132 1549 ι·
160 1518 202 1556 et
229 1516 340 1557 votis
370 1528 520 1557 eorum
540 1520 582 1557 et
606 1516 1013 1570 interrogationibus
1033 1515 1249 1557 satisfecit.
1274 1517 1454 1558 Causam
1476 1529 1651 1571 quoque
1676 1519 1940 1561 Uticensium
1960 1526 2007 1563 ut
2031 1524 2218 1579 mutivit,

117 1612 132 1627 n
164 1594 402 1636 Guarinum
437 1594 634 1636 abbatem
658 1595 842 1649 benigne
874 1593 1059 1649 adjuxit,
1082 1594 1331 1650 litterasque
1363 1594 1672 1637 exhortatorias
1706 1597 1957 1641 Resbacensi
1993 1605 2220 1646 conventui

116 1691 132 1706 »
161 1671 439 1715 destinavit...
460 1674 674 1715 Guarinus
706 1686 806 1728 ergo
835 1672 966 1714 abbas
989 1673 1211 1728 epistolam
1229 1674 1484 1716 venerabilis
1508 1676 1717 1718 Bernardi
1739 1679 1942 1733 protulit,
1965 1694 2095 1736 quam
2114 1685 2219 1726 Res—

117 1771 132 1787 »
162 1751 353 1794 bacensis
371 1758 605 1795 conventus
626 1753 809 1795 libenter
836 1753 1045 1808 suscepit,
1073 1758 1114 1795 et
1135 1753 1279 1796 audita
1298 1755 1502 1797 libentius
1521 1756 1733 1811 complere
1759 1757 1962 1801 decrevit.
1989 1780 2004 1795 υ
2041 1763 2104 1803 Ita
2134 1764 2217 1806 Or-

108 1829 276 1872 dericus
299 1831 344 1872 in
366 1831 477 1873 libro
496 1836 630 1873 sexto.

167 1910 281 1952 XXI.
308 1912 516 1953 Praeterea
545 1911 782 1953 Ademarus
806 1912 1102 1954 Ecolismensis
1121 1912 1355 1954 monachus
1378 1914 1424 1954 in
1445 1913 1681 1967 Chronico,
1707 1914 1783 1957 ubi
1802 1915 1854 1958 de
1878 1918 2042 1972 origine
2073 1926 2218 1963 cartu—

109 1988 312 2030 siensium
322 1988 439 2043 agit,
465 2010 481 2025 «
504 1992 585 2032 Hic
604 1991 746 2044 Ordo,
771 2010 787 2026 »
807 1992 953 2046 inquit
967 2023 977 2043 ,
1006 2010 1021 2026 «
1044 1995 1150 2032 teste
1168 1991 1406 2045 Bernardo,
1426 1992 1538 2033 inter
1554 2005 1700 2034 omnes
1717 1994 2018 2038 ecclesiasticos
2038 1998 2220 2041 Ordines

115 2087 131 2103 »
156 2069 390 2122 primatum
420 2074 558 2123 tenet,
590 2084 677 2112 non
699 2071 863 2112 ratione
889 2071 1118 2126 temporis,
1149 2069 1224 2111 sed
1251 2070 1399 2123 vigore
1429 2071 1676 2113 sanctitatis.
1707 2072 1829 2114 L'nde
1856 2075 1946 2128 ipse
1974 2081 2097 2118 vocat
2122 2090 2219 2119 euin

117 2167 132 2182 »
157 2148 510 2202 speciosissimam
529 2148 772 2190 columnam
793 2149 988 2191 Ecclesiae
1006 2164 1016 2190 t
1045 2168 1060 2184 υ
1085 2149 1203 2203 quod
1219 2150 1264 2190 in
1281 2149 1407 2191 editis
1427 2162 1514 2191 non
1533 2151 1765 2193 invenitur.

168 2227 306 2268 XXII.
328 2228 525 2282 Denique
543 2229 565 2269 J
569 2240 726 2269 oannes
745 2227 953 2269 Picardus
968 2258 978 2278 ,
1000 2239 1051 2268 ex
1074 2228 1096 2268 J
1101 2240 1236 2269 oanne
1254 2228 1499 2269 Mauburno
1517 2230 1561 2270 in
1584 2234 1768 2272 tractatu
1785 2230 1838 2272 de
1857 2231 2018 2274 Habitu
2043 2237 2219 2277 canoni-

110 2317 259 2347 corum
276 2306 560 2361 regularium,
581 2307 727 2348 laudat
745 2306 977 2361 quamdam
1008 2306 1229 2360 epistolam
1247 2306 1300 2347 ad
1318 2307 1547 2348 Falconem
1560 2340 1570 2360 ,
1593 2321 1644 2349 ex
1663 2322 1748 2363 qua
1767 2310 1856 2352 haec
1873 2311 2001 2353 verba
2019 2315 2224 2356 Maubur-

111 2398 192 2427 nus
219 2385 379 2428 delibat
393 2418 404 2440 ,
429 2405 445 2422 ι
474 2388 570 2429 Non
587 2387 821 2441 comperies
841 2387 985 2440 nigras
1005 2390 1078 2427 aut
1097 2385 1256 2439 griseus
1275 2398 1298 2426 a
1317 2385 1425 2427 collo
1446 2386 1733 2440 dependentes
1753 2402 1762 2441 3
1786 2389 1858 2430 sed
1878 2390 1978 2431 alias
1999 2405 2022 2432 a
2042 2393 2220 2435 mulier·-

118 2484 134 2500 »
159 2464 266 2506 culis
284 2468 538 2506 mutuantur
555 2477 580 2506 a
596 2464 704 2506 collo
728 2464 1037 2519 dependentes,
1063 2462 1301 2504 rubricatas
1323 2465 1512 2506 murium
1532 2465 1663 2519 pelles
1687 2481 1695 2506 :
1726 2486 1739 2501 »
1764 2469 1887 2522 quasi
1908 2469 1996 2511 haec
2016 2472 2146 2514 verba
2170 2487 2221 2514 ex

112 2542 299 2598 quadam
315 2542 494 2598 epistola
510 2543 704 2584 nondum
721 2543 834 2585 edita
856 2543 1112 2585 referantur.
1138 2544 1298 2583 Verum
1318 2543 1371 2584 ad
1401 2556 1571 2585 sensum
1591 2550 1759 2586 exstant
1779 2547 1823 2587 in
1840 2549 2016 2601 epistola
2040 2553 2225 2594 secunda

113 2622 168 2664 ad
184 2621 433 2675 Fulconem,
455 2635 499 2663 n.
526 2625 540 2663 l
557 2625 591 2663 l.
614 2623 722 2663 Item
740 2635 836 2676 quae
854 2622 967 2663 idem
984 2621 1189 2662 Picardus
1206 2634 1258 2662 ex
1276 2621 1424 2663 eodem
1442 2622 1682 2664 Mauburno
1699 2628 1904 2679 tanquam
1921 2627 2037 2670 haud
2054 2630 2226 2683 vulgata

114 2700 244 2743 refert
267 2700 320 2742 de
342 2699 515 2743 dotibus
534 2700 784 2753 cardinalis,
804 2700 893 2742 haec
912 2700 1126 2742 habentur
1142 2701 1187 2741 in
1207 2699 1318 2741 libro
1336 2705 1490 2755 quarto
1514 2700 1565 2742 de
1584 2702 1949 2758 Consideratione,
1969 2719 2011 2748 n.
2036 2709 2100 2749 12.
2125 2709 2224 2750 Hace

116 2783 214 2822 sunt
230 2791 326 2835 quae
343 2778 396 2821 de
414 2779 494 2821 hac
511 2779 800 2834 Epistolarum
817 2780 1003 2822 editione
1021 2780 1279 2835 praemittere
1297 2780 1438 2821 risum
1455 2784 1517 2822 est
1534 2793 1672 2835 operae
1689 2783 1891 2836 pretium.

189 2958 211 3006 S
242 2958 300 2998 II.
336 2979 392 2986 —-
426 2969 484 2998 DE
515 2969 742 2998 BERNARDI
774 2969 1072 3011 SANCTITATE,
1108 2969 1361 3010 nocTnle,
1395 2971 1451 3000 ET
1481 2971 1795 3002 AUCTORITATE
1838 2975 1884 3003 IN
1924 2974 2147 3006 ECCLESIA.

178 3120 336 3161 XXIII.
368 3121 610 3174 Antequam
642 3120 823 3162 ulterius
852 3120 1156 3174 procedamus,
1184 3120 1306 3175 juvat
1326 3123 1564 3177 expendere
1594 3124 1723 3178 duos,
1750 3127 1825 3180 qui
1849 3126 2066 3168 Bel-nardo
2092 3127 2225 3168 tribui

121 3198 278 3252 solent,
307 3199 481 3252 titulos,
511 3212 666 3254 nempe
691 3199 810 3255 quod
827 3199 881 3241 sit
909 3200 1020 3242 inter
1044 3201 1250 3242 Doctores
1273 3199 1528 3256 mellifluus,
1553 3208 1681 3258 atque
1705 3204 1882 3247 ultimus
1911 3206 2021 3246 inter
2056 3207 2223 3255 PatreS,

163 3352 176 3369 ³
193 3348 275 3380 Vide
290 3349 464 3391 spicilegii
480 3354 616 3382 tomum
634 3354 670 3390 2,
690 3360 770 3392 pag.
792 3353 859 3383 383.
