2517 3920
328 209 334 212 .
365 178 438 213 835

360 270 372 281 u
393 255 493 286 ceritis
518 256 645 298 legionis
664 272 675 282 »ν
704 256 787 298 apud
810 256 1010 287 Gnillelmnm
1038 254 1168 298 Tyrium
1185 278 1192 292 ‚
1222 253 1260 284 de
1281 253 1366 284 Bello

359 318 446 339 sacro
461 332 468 346 ‚
493 308 548 340 lib.
574 312 610 347 2,
635 320 703 351 cap.
733 314 783 342 19,
806 309 855 341 Sic
873 324 885 335 α
902 308 1098 340 Priinicerius
1115 307 1311 339 defensorum
1338 311 1368 336 et

361 377 373 387 »ι
392 361 556 393 cardinalis
570 363 762 404 primicerius
774 388 781 400 ,
803 378 815 389 »
833 362 915 404 apud
932 361 1157 404 Luitprandum
1170 384 1177 397 ‚
1197 359 1251 389 lib.
1272 363 1289 389 6
1304 382 1310 395 ,
1329 358 1368 388 (16

362 413 469 445 Rebus
490 426 546 457 per
568 419 684 458 Europ.
702 416 751 447 Sic
773 422 895 447 sanctus
911 414 1101 456 Augustinus
1122 418 1211 443 vocat
1227 417 1366 441 sanctum

360 467 551 509 Stephanum
567 484 579 495 «
602 469 811 511 primicerium
834 475 1021 510 martyrum,
1044 482 1059 492 n
1081 475 1223 496 sermone
1249 466 1304 501 21,
1330 463 1368 493 de

361 523 528 562 Tempore.
546 522 604 552 1116
619 533 692 553 vero
706 523 788 564 apud
806 520 997 553 anardum
1011 546 1017 557 ,
1034 517 1204 550 Primicerii
1218 515 1368 547 Mctensis

360 574 486 605 nomine
512 575 692 616 intelligitur
719 575 817 617 prima
841 573 1063 605 canonicorum
1088 570 1223 601 6661651111
1248 567 1367 599 Sancti-

359 626 509 668 Stephani
522 628 671 659 Motensis
686 628 835 669 dignitas,
854 627 902 658 cui
923 625 1048 667 quidem
1067 624 1147 654 inter
1161 622 1235 652 alias
1249 631 1366 662 praero-

360 680 476 720 gativas
490 692 611 711 crucem
627 682 665 711 ad
679 688 785 723 pectus
799 687 917 722 gestare
931 688 1109 710 concessum
1124 681 1188 707 erat
1200 699 1207 713 ,
1224 674 1267 704 uti
1282 680 1366 705 veste

360 743 517 775 purpurea
528 759 534 771 ,
552 734 748 776 primumque
760 735 862 764 locum
876 733 907 763 in
920 732 1017 762 choro
1030 737 1059 761 et
1073 729 1208 771 capitulo
1223 734 1339 759 tenere.

415 790 475 818 175
503 790 535 819 C.
563 799 725 817 HtGONEM
752 798 904 817 COMITEM
930 795 1116 815 mmmmm.
1141 800 1184 804 —-
1207 785 1236 811 Is
1261 780 1365 811 Theo-

359 840 442 871 baldi
463 844 522 878 III,
546 841 723 882 Campaniae
740 839 859 871 comitis
879 839 976 875 filius,
999 847 1071 878 erga
1087 834 1229 866 ecclesias
1241 859 1248 871 ‚
1266 835 1365 865 maxi-

359 905 408 924 me
430 896 683 924 Arremarensem
710 899 739 924 et
760 893 1012 928 Molismensem,
1038 887 1342 920 nmnificentissimus
1356 912 1363 926 ,

359 947 460 988 primo
482 946 607 987 quidem
629 946 787 977 Barrensis
812 945 851 976 ad
871 944 985 977 Albam
1006 953 1127 979 comes,
1155 940 1268 972 deinde
1292 952 1365 972 vero

357 999 519 1029 Trcccnsis
541 1005 609 1040 post
632 999 790 1029 decessum
814 998 934 1029 Odonis
951 996 1064 1027 fratris.
1084 999 1155 1037 Ipso
1178 1000 1304 1025 auctore
1320 994 1365 1025 fa-

357 1058 440 1082 ctum
460 1057 523 1088 est,
547 1058 579 1082 ut
596 1052 747 1082 exstincto
773 1057 842 1093 post
867 1051 951 1081 illam
972 1049 1119 1080 unionem
1147 1047 1311 1079 Trecensis
1336 1054 1367 1079 et

357 1104 515 1135 Barrensis
549 1104 753 1135 comitatuum
786 1104 931 1141 nomine,
965 1112 1156 1133 successores
1188 1101 1366 1142 Campaniae

357 1159 482 1189 comites
498 1164 764 1200 nuncuparentur,
787 1169 857 1188 cum
878 1164 968 1188 antea
994 1157 1053 1188 hoc
1074 1166 1189 1187 nomen
1207 1155 1367 1186 Barrensis

355 1223 441 1253 {eque
469 1222 505 1242 ac.
535 1211 698 1242 Trecensis
735 1211 912 1253 singulatim
949 1216 1153 1252 usurparent,
1185 1215 1217 1240 nt
1246 1209 1367 1241 notavit

355 1265 535 1296 Franciscus
561 1265 734 1296 Chifssetius
759 1265 791 1295 in
811 1277 864 1296 sua
890 1264 1033 1295 Eiatriba
1051 1264 1089 1294 de
1115 1262 1225 1294 illustri
1253 1273 1366 1304 genere

355 1319 453 1349 sancti
482 1318 643 1349 Bernardi.
664 1318 715 1349 Ad
736 1319 879 1349 eumdem
898 1324 1013 1360 spectat
1034 1317 1138 1348 lvonis
1165 1317 1365 1348 Carnotensis

355 1372 483 1413 epistola
503 1375 582 1408 245,
602 1372 688 1413 cujus
706 1379 921 1413 argumentum
939 1382 975 1402 cx
994 1371 1061 1413 ipso
1074 1370 1182 1401 limine
1196 1370 1364 1412 accipimus

353 1426 401 1456 his
428 1426 528 1456 serbis
547 1436 554 1456 :
576 1441 588 1451 «
609 1426 795 1457 Audivimus
813 1433 841 1457 et
862 1425 1081 1467 cognorimus,
1103 1423 1187 1465 quod
1204 1424 1364 1467 Jcrosoly-

355 1494 368 1506 n
389 1490 470 1510 mam
497 1479 690 1521 profecturus
717 1480 833 1511 militiae
860 1479 973 1512 Christi
999 1485 1028 1509 te
1054 1478 1155 1519 ipsum
1188 1477 1361 1516 devovisti,

355 1548 367 1559 n
389 1533 472 1564 illam
487 1533 695 1574 evangelicam
712 1540 891 1575 arrepturus
905 1533 1065 1569 militiam,
1086 1542 1147 1572 qua
1165 1542 1235 1562 cum
1256 1531 1363 1562 decem

355 1601 367 1613 »
388 1586 523 1617 millibus
538 1597 644 1617 secure
661 1593 815 1628 pugnatur
832 1587 978 1617 adversus
993 1596 1063 1616 eum
1076 1609 1083 1622 ,
1103 1586 1156 1625 (1111
1170 1595 1241 1615 611111
1255 1585 1363 1626 viginti

355 1655 367 1666 υ
389 1640 524 1670 millibus
542 1640 705 1671 adversum
723 1651 779 1671 nos
796 1646 989 1683 pugnaturus
1007 1639 1151 1670 occurrit.
1171 1653 1183 1664 »
1200 1641 1239 1669 Et
1258 1638 1338 1669 infra
1354 1649 1361 1670 t

771 1700 830 1725 etc.
863 1697 1059 1734 Demumque
1088 1692 1129 1723 ita
1167 1691 1324 1723 concludit
1355 1704 1362 1725 :

355 1761 367 1773 «
390 1749 522 1788 Oportet
548 1758 620 1789 ergo
647 1754 677 1778 ut
703 1747 734 1778 in
759 1747 818 1778 hoc
838 1747 999 1789 proposito
1026 1746 1069 1777 sie
1090 1745 1146 1776 tibi
1172 1745 1360 1787 prox‘ideas,

352 1709 367 1719 υ
390 1692 511 1724 Duxisti
543 1704 690 1731 uxorem,
727 1709 738 1720 u

355 1815 368 1827 ι)
389 1806 540 1841 quatenus
558 1800 600 1831 ita
622 1801 789 1831 noxissima
812 1808 884 1832 xota
910 1800 1056 1842 impleas,
1078 1806 1111 1830 ut
1136 1805 1249 1830 statuta
1272 1805 1363 1830 natu-

355 1868 369 1878 »
389 1853 465 1883 ralia
490 1860 519 1884 et
548 1854 683 1895 lcgsstiina
712 1866 775 1885 non
804 1854 936 1896 frangas.
966 1869 977 1880 n
999 1853 1144 1884 Horstius
1170 1853 1362 1895 suspicatur,

354 1908 483 1937 Ivonem
506 1918 542 1937 eo
564 1907 623 1938 loci
643 1919 788 1939 revocare
806 1911 970 1949 lingonen]
997 1918 1013 1938 a
1033 1906 1142 1938 militia
1159 1907 1282 1948 Templi
1297 1917 1367 1948 pro—

354 1960 454 2002 posita
480 1962 545 2002 lege
574 1962 689 1993 x‘inculi
717 1962 896 2004 conjugalis.
925 1965 967 1993 At
992 1972 1062 1992 cuni
1092 1967 1168 1992 teste
1195 1960 1364 1992 Gnillelmo

354 2014 450 2056 Tyrio
471 2014 509 2045 (16
529 2015 613 2045 Bello
635 2026 722 2046 sacro
735 2039 741 2050 ,
761 2015 815 2046 lib.
840 2018 892 2051 11,
913 2026 980 2056 cap.
1007 2018 1043 2046 13
1057 2039 1064 2051 ,
1085 2014 1134 2045 cui
1157 2014 1365 2056 astipulantur

355 2068 489 2098 unixcrsi
501 2093 507 2105 ,
528 2069 615 2099 Ordo
633 2069 883 2110 Templariorum
903 2079 985 2098 anuo
1003 2068 1151 2098 duntaxat
1175 2070 1184 2098 l
1200 2071 1208 2098 1
1224 2071 1259 2099 18
1280 2078 1363 2098 511111-

356 2121 449 2162 pserit
484 2121 664 2160 exordium,
694 2124 749 2153 [vo
774 2128 877 2153 autem
906 2132 987 2152 anno
1021 2124 1103 2152 1115
1131 2127 1215 2152 certo
1244 2122 1364 2153 calculo

355 2174 478 2205 desierit
504 2186 511 2206 :
535 2186 725 2217 consequens
747 2182 791 2207 est
813 2186 882 2206 eum
907 2174 1140 2216 intelligendum
1162 2186 1228 2205 csse
1252 2175 1301 2205 vel
1326 2175 1365 2206 de

356 2228 465 2259 militia
495 2229 703 2270 Hospitalium
721 2253 728 2266 ‚
759 2240 852 2271 quam
881 2232 972 2269 Hugo
998 2228 1200 2271 Jerosolymis
1225 2228 1364 2270 profiteri

355 2281 527 2319 statuisset,
551 2283 598 2312 x‘el
623 2282 661 2313 de
686 2282 838 2324 spirituali
858 2288 888 2313 et
911 2282 1086 2323 evangelica
1104 2293 1157 2313 seu
1176 2282 1365 2324 temporaria

354 2335 488 2376 quadam
505 2336 714 2373 continentia,
735 2347 827 2378 quam
843 2337 874 2366 in
891 2335 1033 2367 secundae
1053 2335 1312 2378 peregrinationis
1326 2335 1366 2366 ad

354 2388 423 2419 loca
439 2400 523 2420 sacra
543 2389 705 2421 intervallo
722 2400 846 2421 servare
860 2389 998 2421 deberet.
1017 2392 1079 2421 Ter
1097 2389 1249 2431 siquidem
1264 2390 1366 2432 ipsum

355 2443 583 2485 Jcrosolymam
598 2444 655 2474 iter
669 2454 843 2485 aggressum
862 2454 927 2474 esse
945 2449 1084 2481 constat,
1105 2449 1137 2474 01
1155 2449 1238 2474 recte
1252 2443 1367 2485 probat

354 2494 438 2526 idem
463 2497 514 2537 qui
541 2508 635 2539 supra
659 2497 841 2529 Chiffletius.
868 2496 972 2528 Primo
996 2497 1120 2538 quidem
1143 2507 1226 2527 anno
1253 2500 1338 2528 1113
1356 2521 1363 2535 ,

355 2548 467 2579 iterum
481 2549 562 2581 circa
576 2561 691 2580 annum
713 2554 720 2580 1
735 2553 744 2581 1
756 2553 790 2581 21
803 2574 809 2587 ,
827 2549 1027 2592 postmodum
1044 2560 1118 2579 vero
1132 2549 1258 2590 quando
1272 2552 1367 2581 Tem-

356 2602 526 2643 plariorum
554 2603 670 2634 militiae
687 2614 753 2634 sese
775 2603 912 2641 addixit,
932 2603 1016 2644 quod
1034 2613 1117 2633 anno
1143 2605 1229 2633 1125
1252 2602 1366 2635 diserte

356 2656 486 2687 collocat
502 2657 666 2688 Albcricus
684 2657 716 2687 in
730 2656 897 2688 Chronico.
918 2671 930 2683 «
950 2659 994 2687 Eo
1008 2662 1200 2698 postremum
1215 2656 1366 2688 discessu-

358 2723 372 2733 »
392 2720 456 2745 rus,
473 2726 484 2736 »
504 2710 542 2751 (si
559 2711 634 2741 fides
650 2710 795 2742 habenda
808 2715 899 2742 Petro
913 2709 1047 2747 Pithtro,
1065 2709 1164 2750 inquit
1179 2709 1366 2752 Chiffletius)

359 2776 371 2787 α
394 2763 572 2794 comitatum
598 2775 687 2795 suum
713 2764 897 2795 Theobaldo
926 2763 1030 2794 fratris
1055 2762 1101 2793 5111
1127 2762 1277 2804 Stephani
1302 2763 1367 2794 filio

361 2829 373 2840 υ
396 2816 551 2854 vendidit,
571 2818 713 2848 Odonem
733 2818 829 2848 lilium
849 2816 1078 2853 exhaeredavit,
1099 2821 1129 2847 et
1145 2826 1239 2857 quam
1257 2827 1367 2847 secun-

362 2883 374 2894 »
396 2868 467 2900 dam
490 2880 618 2901 uxorem
638 2870 984 2913 duxerat(C0nstanua
1002 2868 1138 2911 Philippi
1162 2872 1175 2899 I
1194 2869 1367 2901 Galliarum

364 2936 375 2947 »ι
397 2922 476 2963 regis
493 2922 554 2952 filia
580 2923 620 2953 ol)
639 2923 937 2965 consanguinitatem
967 2922 1111 2961 dimissa,
1139 2933 1222 2953 anno
1251 2923 1367 2955 scilicet

364 2989 377 3001 »
403 2974 524 3017 1104),
544 2976 702 3016 gravidam
718 2977 861 3018 reliquit,
883 2976 1023 3017 obiitque
1047 2976 1079 3007 in
1101 2975 1242 3017 partibus
1266 2982 1367 3007 trans-

363 3044 375 3055 »
398 3028 525 3058 marinis
551 3029 601 3059 1116
631 3029 743 3059 mensis
764 3030 844 3071 junii
869 3029 989 3061 decima
1017 3035 1145 3071 quarta,
1172 3029 1314 3071 quamvis
1336 3029 1368 3061 in

364 3096 377 3108 ‚‚
400 3081 584 3122 Necrologio
604 3082 845 3114 Sancti-Claudii
865 3083 978 3114 obiisse
991 3083 1113 3114 dicatur
1133 3083 1296 3114 undecimo
1315 3083 1368 3115 ka-

363 3150 378 3161 »
393 3134 499 3166 lendas
510 3135 611 3176 julias.
626 3150 640 3161 u
658 3138 705 3165 Ila
720 3135 782 3166 fere
800 3136 861 3166 iile.
877 3139 973 3167 Porro
988 3140 1153 3177 IIugonem
1167 3136 1259 3167 istum
1272 3137 1367 3168 alium

361 3199 427 3219 esse
441 3188 481 3218 ab
497 3191 630 3229 Hugone
651 3187 767 3218 militiae
790 3189 912 3230 Templi
934 3189 1103 3230 Magistro,
1125 3190 1174 3220 cui
1190 3190 1368 3221 Bernardus

361 3241 474 3272 direxit
500 3241 756 3273 Exhortationem
779 3241 818 3271 ad
839 3242 956 3272 Milites
984 3243 1125 3285 Templi,
1151 3244 1305 3285 colligitur
1330 3256 1367 3275 ex

361 3295 530 3326 Gnillelmo
548 3295 662 3337 Tyrio,
688 3294 727 3325 de
749 3295 834 3325 Bello
857 3305 961 3333 sacro,
982 3295 1035 3326 lib.
1061 3299 1118 3333 12,
1138 3308 1205 3338 cap.
1232 3301 1264 3335 7,
1284 3298 1368 3339 apud

580 3348 618 3378 (lc
641 3348 770 3389 Paganis

360 3359 451 3389 quem
470 3348 519 3379 hic
542 3363 553 3373 υ
795 3364 806 3374 ›·
829 3349 1077 3389 cognominatur,
1102 3355 1130 3380 et
1160 3360 1367 3381 successorem

865 180 914 214 la}
945 179 1123 214 TOMUM
1153 177 1351 212 PRIMUM
1381 175 1586 211 OPERUM
1616 174 1650 207 S.
1685 173 1938 207 BEnNAnnl

2366 170 2441 206 836

1434 251 1558 282 vIdetur
1572 250 1717 281 habuisse
1734 249 1909 280 Robertum
1920 273 1927 287 ,
1948 253 2097 290 quantum
2115 259 2153 278 ex
2167 246 2276 279 eodem
2294 254 2437 288 auctore,

1434 303 1489 335 lib.
1512 307 1563 341 17,
1583 314 1652 345 cap.
1676 306 1705 341 1,
1725 302 1878 344 conjicere
1894 301 1976 332 licet.

1486 360 1548 388 176
1584 359 1624 387 A.
1655 356 1781 397 largiter
1807 354 1976 385 contulisti.
1999 371 2045 376 ——-
2069 352 2225 384 Nimirum
2252 353 2319 394 ipse
2349 356 2440 396 Hugo

1434 409 1594 440 Bernardo
1620 408 1829 449 fratribusque
1856 412 2051 437 concesserat
2074 406 2177 437 locum
2201 405 2303 447 ipsum
2327 406 2440 438 0111116-

1432 462 1532 492 Vallis
1549 473 1619 492 cum
1637 462 1699 492 suis
1709 459 1947 503 appendicibus,
1967 465 2001 490 ut
2014 459 2125 490 merito
2139 458 2326 490 Fundatoris
2339 460 2439 492 nomi-

1432 525 1472 545 ne
1485 516 1603 546 censeri
1628 515 1752 546 debeat.
1767 514 1862 555 Quod
1879 525 1949 544 cum
1961 513 2111 544 hactenus
2127 512 2234 554 paucis
2247 512 2416 546 innotuerit
2428 538 2437 553 ‚

1431 566 1517 598 lubet
1542 567 1594 598 hic
1627 568 1726 610 ipsam
1754 567 1931 599 describere
1955 566 2094 597 chartam
2121 565 2316 604 donationis,
2347 577 2440 608 quam

1431 630 1513 660 516116
1535 620 1661 652 laudato
1684 620 1853 659 Chifssetio,
1870 620 1922 662 qui
1943 630 2011 651 eam
2028 619 2148 661 primus
2167 618 2199 649 in
2221 629 2276 650 sua
2297 619 2441 653 Dian-iba

1430 674 1603 715 evulgavit,
1619 685 1657 706 ex
1671 674 1864 717 autographo
1878 672 2128 705 Clarae-Vallensi
2144 679 2304 715 acceptam
2324 672 2442 707 referre

1431 725 1583 758 debemus
1603 739 1610 759 ε

1479 850 1491 862 «
1524 839 1561 866 In
1591 835 1718 866 nomine
1746 840 1859 866 sanctae
1886 839 1916 865 et
1943 832 2115 864 individuae
2145 832 2307 864 Trinitatis
2333 833 2442 877 incipit

1433 904 1445 915 n
1466 888 1572 920 charta
1587 888 1708 920 comitis
1721 888 1874 930 HugoniS.
1887 890 2006 919 Notum
2023 886 2062 917 sit
2076 886 2222 917 omnibus
2234 887 2440 928 praesentibus

1433 958 1445 968 n
1466 948 1497 973 ct
1518 942 1647 980 futuris,
1665 942 1749 983 quod
1771 952 1827 983 ego
1847 952 1951 972 comes
1967 940 2131 972 Trecensis
2145 939 2185 971 do
2204 943 2272 971 Deo
2290 946 2319 971 et
2342 939 2440 973 beaiae

1432 1010 1444 1021 »
1466 996 1577 1026 Mariae
1592 1001 1622 1026 et
1641 995 1789 1026 fratribus
1804 994 2034 1028 Clarze-Vallis,
2059 994 2163 1024 locum
2184 988 2287 1035 ipsum
2309 993 2362 1035 qui
2385 1005 2440 1026 vo-

1432 1063 1445 1074 »
1465 1053 1553 1079 catur
1587 1048 1811 1085 Clara-Vallis,
1849 1058 1919 1078 cum
1950 1046 2164 1088 pertinentiis,
2193 1046 2291 1088 agris,
2320 1047 2437 1089 pratis,

1431 1118 1445 1127 «
1468 1102 1566 1133 vineis
1577 1126 1584 1139 ‚
1605 1102 1689 1133 silvis
1703 1108 1733 1133 et
1747 1101 1836 1143 aquis
1846 1125 1853 1139 ‚
1876 1100 1955 1131 nihil
1967 1099 2096 1130 omnino
2109 1099 2186 1130 mihi
2199 1105 2253 1131 aut
2266 1099 2442 1133 haeredibus

1433 1170 1445 1181 »
1467 1156 1543 1186 meis
1559 1155 1707 1186 retinens,
1726 1155 1819 1186 Unde
1840 1160 1933 1186 testes
1954 1153 2096 1185 Acardus
2121 1153 2303 1192 Itemensis,
2329 1160 2359 1184 et
2383 1157 2441 1186 Pe.-

1432 1226 1444 1237 »
1466 1215 1531 1240 trus
1543 1234 1550 1247 ,
1569 1215 1599 1241 et
1616 1209 1774 1241 Robertus
1794 1206 2029 1240 Aurelianensis
2041 1230 2049 1244 ‚
2068 1206 2181 1237 milites
2194 1206 2267 1238 [061.
2290 1209 2328 1237 Et
2342 1207 2441 1239 scien-

1432 1280 1444 1291 ιι
1467 1264 1541 1295 dum
1558 1264 1643 1306 quod
1660 1263 1830 1296 Gaufridus
1852 1262 1980 1293 Felonia
1995 1261 2049 1292 dat
2066 1267 2208 1303 pasturas
2224 1272 2294 1292 suas
2314 1261 2346 1292 in
2364 1261 2441 1294 fina-

1432 1333 1444 1344 »
1465 1318 1515 1360 gio
1532 1317 1571 1348 de
1587 1321 1799 1354 ,ΠΗ-60601111,
1820 1323 1883 1347 tam
1905 1316 1938 1346 in
1959 1315 2055 1347 bosco
2071 1325 2165 1356 quam
2178 1314 2210 1345 in
2232 1315 2339 1357 plano,
2355 1316 2440 1348 omni

1432 1386 1445 1398 »
1466 1377 1607 1413 tempore
1637 1382 1644 1402 :
1676 1377 1706 1402 et
1729 1371 1754 1401 si
1780 1368 1908 1412 aliquod
1933 1369 2084 1400 damnum
2108 1368 2271 1399 intulerint
2295 1369 2442 1402 animalia

1432 1440 1444 1451 »
1466 1424 1621 1456 dictorum
1635 1424 1765 1455 fratrum
1777 1448 1785 1461 ,
1805 1423 1905 1455 solum
1918 1423 2051 1465 capitale
2063 1422 2243 1453 restituetur
2255 1422 2323 1454 sine
2334 1433 2441 1454 emen-

1432 1492 1444 1504 »
1466 1478 1515 1509 da.
1535 1481 1610 1509 IIaec
1626 1484 1729 1509 autem
1747 1477 1853 1508 onmia
1866 1476 1938 1507 dedi
1961 1476 1993 1507 in
2014 1475 2180 1518 praesentia
2192 1476 2440 1518 supradictorum

1433 1547 1447 1557 υ
1467 1532 1603 1563 testium.
1618 1531 1784 1562 Sciendum
1798 1541 1923 1573 quoque
1936 1536 1980 1561 est
1993 1554 2000 1568 ‚
2017 1529 2101 1572 quod
2115 1529 2260 1560 dominus
2277 1533 2297 1561 J
2300 1530 2443 1562 osbertus

1433 1600 1445 1611 ι)
1467 1584 1506 1615 (16
1523 1585 1701 1622 Firmitate,
1718 1583 1903 1626 cognomine
1917 1583 2037 1621 Rufus,
2054 1589 2084 1614 et
2101 1583 2245 1614 dominns
2260 1583 2442 1615 Rainaudus
2488 1596 2492 1604 ν
2510 1602 2513 1613 t

1433 1653 1445 1664 υ
1467 1638 1505 1669 de
1520 1638 1658 1670 Perceris
1675 1638 1829 1669 dederunt
1842 1637 1959 1668 eisdem
1973 1636 2121 1667 fratribus
2134 1642 2293 1678 pasturam
2306 1643 2337 1668 et
2350 1648 2442 1668 usua-

1433 1706 1447 1717 »
1467 1691 1548 1722 rium
1574 1703 1630 1734 per
1656 1697 1754 1723 totam
1776 1698 1891 1722 terram
1914 1701 2021 1729 snam,
2046 1696 2076 1722 et
2097 1689 2254 1732 praecipue
2276 1691 2309 1721 in
2330 1691 2438 1732 aquis,

1432 1760 1447 1771 υ
1465 1744 1567 1783 silvis,
1588 1745 1703 1787 pratis,
1729 1745 1759 1775 in
1777 1745 1890 1786 finagio
1914 1744 1953 1775 de
1975 1743 2132 1775 Perrecin.
2156 1744 2258 1785 Hujus
2281 1744 2325 1775 rei
2347 1750 2442 1776 testes

1432 1814 1445 1825 ι»
1467 1805 1538 1830 sunt
1556 1799 1698 1830 Acardus
1712 1799 1876 1830 Remensis
1886 1823 1893 1837 ‚
1913 1804 1943 1830 et
1957 1797 2116 1829 Rohertus
2126 1820 2133 1834 ,
2148 1797 2262 1829 milites
2276 1798 2348 1829 mei.
2363 1801 2441 1830 Item

1433 1867 1445 1879 »
1466 1853 1625 1884 sciendum
1649 1864 1774 1894 quoqne
1795 1858 1858 1891 est,
1875 1851 1960 1893 quod
1973 1861 2029 1893 ego
2048 1854 2141 1893 Hugo
2163 1861 2266 1882 comes
2280 1853 2444 1884 Trecensis
2488 1873 2491 1883 2

1432 1921 1445 1932 2>
1466 1906 1559 1937 laudo
1573 1913 1601 1937 et
1617 1906 1755 1937 concedo
1769 1905 1886 1936 eisdem
1908 1904 2056 1936 fratribus
2072 1903 2171 1935 libere
2184 1910 2214 1936 et
2227 1904 2331 1946 quiete
2344 1905 2442 1947 possi-

1432 1974 1444 1986 »
1465 1959 1539 1990 dere
1555 1966 1672 1991 terram
1694 1965 1724 1990 et
1747 1959 1857 1990 silvam
1870 1958 1909 1989 de
1922 1958 2062 1990 Areteta.
2078 1960 2144 1989 Has
2166 1957 2351 1990 donationes
2367 1970 2443 1990 con-

1431 2028 1444 2040 »
1466 2013 1625 2045 firmamus
1651 2024 1708 2056 ego
1732 2016 1944 2046 Joscerannus
1969 2011 2173 2053 Lingonensis
2200 2011 2382 2055 episcopus,
2412 2018 2443 2044 et
2487 2043 2491 2052 ,

1431 2081 1444 2093 n
1464 2077 1521 2108 ego
1538 2070 1630 2109 Hugo
1647 2077 1751 2098 comes
1767 2065 1932 2098 Trecensis
1948 2064 1987 2096 de
2008 2064 2108 2107 sigillo
2131 2071 2161 2096 et
2183 2065 2300 2096 annulo
2322 2077 2404 2097 meo.
2429 2081 2442 2094 a

1431 2175 1524 2216 Quod
1547 2181 1665 2218 spectat
1679 2175 1719 2206 ad
1733 2185 1850 2206 annum
1871 2173 2081 2213 fundationis,
2097 2173 2152 2215 qui
2172 2184 2238 2204 non
2259 2174 2445 2216 exprimitur

1430 2228 1461 2258 in
1485 2228 1532 2260 his
1555 2229 1693 2267 tabulis;
1725 2228 1807 2259 idem
1830 2234 1940 2259 auctor
1966 2227 2224 2259 Sancti-Mariani
2246 2228 2443 2260 Autissiodo-

1429 2282 1528 2313 1611515
1550 2281 1830 2324 Chronographum
1853 2287 1994 2320 secutuS‚
2010 2280 2104 2312 refert
2127 2280 2168 2312 ad
2189 2291 2307 2312 annum
2330 2282 2445 2314 Christi

1435 2338 1518 2367 1114
1535 2360 1542 2372 ,
1571 2346 1677 2367 mense
1705 2335 1806 2377 junio.
1833 2337 1873 2365 Et
1900 2333 2027 2375 quidem
2052 2334 2092 2365 de
2121 2345 2229 2366 mense
2253 2335 2445 2368 conveniunt

1431 2400 1539 2420 0011165
1566 2400 1574 2420 :
1601 2388 1705 2430 quoad
1731 2398 1849 2418 annum
1874 2398 1968 2425 vero,
1997 2398 2068 2419 eum
2092 2394 2157 2419 tam
2179 2394 2325 2427 externa,
2351 2399 2445 2431 quam

1431 2442 1600 2474 domestica
1615 2442 1821 2472 instrumenta
1837 2440 1986 2482 refragari
2001 2440 2177 2479 videantur,
2196 2441 2278 2473 inter
2291 2442 2350 2473 alia
2370 2453 2445 2475 vero

1431 2496 1601 2527 Exordium
1617 2495 1830 2532 Cistercicnse,
1848 2494 1920 2525 dist.
1939 2497 1970 2531 2,
1991 2504 2059 2536 cap.
2080 2497 2110 2533 1,
2131 2495 2245 2526 tabella
2259 2496 2356 2527 sancti
2370 2499 2446 2528 Ber-

1431 2549 1521 2580 nardi
1536 2549 1656 2580 tumulo
1679 2558 1835 2590 appensa,
1857 2558 1925 2589 111116
1948 2547 2070 2579 disertis
2093 2548 2198 2579 verbis
2219 2559 2336 2580 annum
2355 2552 2443 2582 1115

1431 2602 1629 2644 exprimunt;
1647 2607 1779 2643 receptae
1790 2600 1978 2643 jamdudum
1995 2601 2157 2633 sententias
2173 2601 2333 2635 adhaerere
2349 2603 2444 2635 satius

1433 2655 1573 2693 videtur,
1602 2666 1673 2686 cum
1699 2654 1817 2696 alioqui
1844 2654 1894 2684 vix
1919 2654 2097 2686 Bernardus
2118 2655 2343 2697 professionem
2368 2657 2444 2689 emi-

1432 2710 1519 2740 sisset
1542 2720 1648 2740 106056
1669 2709 1758 2751 junio
1781 2708 1854 2739 anni
1879 2710 1960 2739 1114
1975 2732 1982 2746 ‚
2007 2714 2037 2739 et
2055 2711 2147 2751 Hugo
2163 2709 2246 2751 ipse,
2272 2710 2325 2752 qni
2341 2711 2446 2742 locum

1432 2763 1601 2801 concessit,
1622 2762 1724 2793 adhuc
1741 2762 1773 2792 in
1796 2762 1927 2793 Oriente
1951 2767 2139 2793 versaretur.
2157 2762 2367 2794 Clara-Vallis
2388 2764 2446 2795 ita-

1432 2827 1493 2858 que
1510 2816 1612 2858 primo
1626 2816 1751 2858 quidem
1766 2815 1806 2846 ab
1826 2818 1960 2856 Hugone
1974 2815 2151 2857 Campania*
2165 2816 2278 2848 comite
2291 2816 2420 2849 fundata
2434 2841 2442 2856 ‚

1432 2876 1540 2911 postea
1563 2881 1637 2900 vero
1660 2880 1743 2900 anno
1770 2871 1855 2900 1135
1880 2868 1912 2899 10
1934 2868 2117 2911 ampliorem
2141 2869 2244 2900 locum
2272 2870 2462 2909 translatas

1433 2923 1606 2965 opitulante
1642 2922 1829 2955 Theobaldo
1863 2921 1959 2964 ipsius
1988 2932 2183 2960 successore,
2213 2933 2296 2954 nova
2327 2922 2446 2955 fabrica

1433 2976 1548 3007 donata
1571 2983 1633 3015 est3
1651 2976 1734 3007 unde
1765 2975 1858 3018 primi
1886 2974 2196 3011 fundatorisnomen
2210 2975 2346 3008 obtinuit
2361 2976 2446 3020 apud

1433 3030 1571 3072 aliquos,
1596 3029 1832 3062 translationem
1853 3040 1925 3060 cum
1945 3028 2129 3060 fundatione
2145 3028 2391 3068 confundentes,
2411 3035 2446 3061 ut

1433 3083 1514 3114 bene
1539 3090 1646 3115 monet
1674 3083 1836 3115 Mauricus
1861 3083 1894 3114 in
1919 3081 2114 3121 Annalibus,
2137 3082 2177 3114 ad
2194 3093 2312 3114 annum
2334 3086 2420 3115 1115
2434 3107 2442 3122 ‚

1433 3148 1503 3179 cap.
1525 3140 1555 3168 1.

1488 3194 1550 3222 176
1578 3193 1614 3222 B.
1646 3189 1793 3220 abbatem
1811 3188 2052 3221 Sancti-Nicasii
2069 3189 2246 3221 Remensis.
2271 3206 2316 3211 ——
2339 3192 2444 3231 Drogo

1436 3244 1546 3286 (cnjus
1565 3244 1727 3275 occasione
1738 3243 1853 3285 scripta
1871 3249 1917 3274 est
1939 3249 2005 3274 111111
2017 3242 2097 3281 haec,
2116 3249 2183 3274 tum
2201 3242 2334 3285 epistola
2354 3245 2395 3274 33
2414 3247 2446 3273 et

1435 3297 1565 3339 epistola
1592 3297 1678 3339 34),
1707 3296 1830 3327 videtur
1857 3308 1920 3327 non
1946 3307 2161 3339 perseverasse
2190 3296 2221 3327 in
2247 3296 2368 3327 Ordine
2394 3295 2445 3328 Ci-

1435 3351 1611 3387 5161616051,
1632 3350 1685 3382 sed
1702 3349 1824 3382 abbatis
1838 3350 1884 3381 sui
1900 3353 1920 3382 J
1923 3351 2034 3382 oranni
2050 3350 2104 3394 (ad
2118 3361 2210 3393 quem
2223 3349 2289 3381 haec
2299 3348 2445 3392 epistola)

2486 2155 2491 2208 1
2507 2190 2513 2205 1

2486 2212 2489 2234 1

2502 2295 2517 2319 t

2496 2345 2516 2368 ,ο

2500 2401 2517 2421 ᾗ

2502 2452 2515 2475 ε

2499 2504 2514 2525 5

2505 2551 2514 2581 l

2484 2601 2492 2626 1
2500 2596 2514 2634 ,1

2500 2665 2514 2687 ι

2499 2717 2514 2758 ‘l

2492 2764 2514 2796 52

2498 2823 2513 2857 Q

2497 2870 2513 2908 ζ

2487 2230 2517 2262 ’ἑ

2486 2353 2491 2368 t

2486 2516 2489 2527 .
2510 2522 2514 2526 ,

2484 2920 2512 2958 1ιὶ

2506 2962 2510 2978 1

2484 2982 2514 3025 119

2499 3037 2510 3050 ’1

2495 3083 2511 3136 1

2504 3142 2509 3170 .“

2484 3177 2510 3226 ,ᾳ
