2517 3936
85 187 182 228 1089
741 193 806 226 DE
836 187 1265 227 CONSIDERA'I‘lo3E
1298 194 1438 229 LIBER
1469 197 1509 229 v.
2067 204 2162 238 lom)

71 269 150 318 jam
176 267 378 318 quaesitum
407 275 482 313 est,
505 275 584 303 tum
611 267 699 316 qnia
721 268 862 305 diffidis
884 269 1083 305 inventum
1099 265 1263 316 ⁴³³quotl
1288 269 1438 316 deccat,
1455 270 1501 306 ad
1523 271 1573 306 nil
1605 284 1770 321 unquam
1797 276 1900 323 quod
1928 276 2058 324 libeat,
2077 293 2161 315 cva-

74 329 130 365 iri.
159 327 255 365 Dico
283 325 373 371 tibi,
401 329 514 363 Pater
544 327 712 375 Eugeni,
739 328 844 364 solus'
868 336 924 364 est
953 331 1077 371 Deus,
1100 328 1131 361 A
1151 327 1227 364 dat.
1250 329 1342 376 Quis
1365 329 1437 365 hoc
1461 329 1572 365 facit?
1588 333 1726 366 Rectus
1759 334 1945 371 Dominus
1964 339 2065 372 Deus
2088 350 2158 373 no-

73 388 139 438 qui
170 387 310 423 frustra
337 398 534 434 nunquam
565 386 686 434 quaeri
717 395 862 436 potest,
892 400 962 423 nec
994 400 1081 423 cum

71 447 234 485 inveniri
257 459 336 482 non
360 453 499 495 potest.
511 449 667 482 Doceat
689 454 723 482 te
752 446 799 482 de
828 447 901 483 hoc
929 447 1081 496 experi—

73 515 244 544 mentum
277 513 408 550 tuum;
439 511 504 540 aut
529 504 560 540 si
590 517 691 550 non,
718 514 879 554 experto
909 506 1077 550 credito,

72 579 150 604 non
179 564 291 611 mihi,
321 563 388 600 sed
419 571 572 609 sancto,
614 563 680 612 qui
720 564 772 599 ait
808 578 816 600 ι
854 566 984 600 Bonus
1018 578 1076 610 es,

69 629 250 668 Domine,
284 623 521 674 sperantibus
548 627 587 659 itz
621 633 675 667 te,
697 618 854 660 'animoe
890 629 1079 673 quoereulc'

71 691 106 724 te
122 693 148 724 ¹.
173 685 275 734 Quid
296 697 387 734 ergo
411 693 468 721 est
488 686 618 721 Deus?
639 683 750 732 Quod
781 684 827 720 ad
854 685 1077 722 universnm

69 754 232 798 spectat,
268 747 353 782 linis
382 760 390 782 :
423 744 529 794 quod
565 745 613 781 ad
651 744 904 791 electionem,
936 746 1036 783 salus
1067 761 1074 782 :

68 807 170 859 quod
191 807 237 845 ad
258 819 315 850 se,
335 805 418 856 ipse
439 805 681 853 novit.'Quid
702 813 758 842 est
778 808 909 843 Deus?
928 807 1076 843 Volun-

68 878 123 906 tas
138 867 397 917 omnipotens,
411 864 774 902 benevolentissima
790 865 927 910 virtus,
945 866 1074 902 lumen

55 929 270 978 ⁴intertium,
290 924 615 963 incommutabilis
643 925 758 972 ratio,
786 938 934 963 summa
956 925 1078 963 beati-

67 988 179 1034 tudo,
198 1000 331 1025 creans
351 995 499 1023 mentes
520 986 567 1023 ad
595 999 635 1023 se
661 986 971 1036 participandum
985 1016 995 1032 ‚
1018 987 1077 1023 vi-

64 1049 219 1086 vificans
245 1047 294 1084 ad
319 1046 585 1092 sentiendum,
615 1046 785 1083 afficiens
812 1045 859 1082 ad
888 1054 1075 1096 appeten-

65 1110 178 1156 dum,
209 1111 374 1148 dilatans
409 1110 457 1147 ad
493 1109 748 1159 capiendum,
779 1109 992 1159 justificans
1025 1110 1074 1146 ad

65 1171 384 1222 promerendum,
427 1170 640 1208 accendens
671 1170 719 1207 ad
753 1170 897 1215 zelum,
936 1170 1072 1208 fecun-

65 1231 157 1269 dans
181 1231 230 1269 ad
257 1232 444 1276 fructum,
466 1230 633 1280 dirigens
661 1230 709 1266 ad
732 1231 971 1279 aequitatem,
994 1230 1073 1267 for-

65 1305 171 1330 mans
213 1291 261 1329 ad
303 1291 636 1336 benevolentiam,
678 1290 881 1332 moderans
925 1290 971 1327 ad
1011 1304 1073 1327 sa-

64 1352 264 1402 pientiam,
298 1351 486 1389 roborans
518 1350 564 1387 ad
598 1350 803 1397 virtutem,
838 1350 993 1388 visitans
1026 1350 1074 1387 ad

63 1411 364 1450 consolationem
382 1442 392 1458 ‚
435 1411 656 1448 illuminans
698 1410 745 1447 ad
787 1411 1072 1460 cognitionem,

62 1481 295 1524 perpetuans
319 1473 367 1511 ad
394 1472 736 1517 immortalitatem,
758 1472 924 1522 implens
946 1472 993 1509 ad
1020 1473 1073 1509 fe-

61 1533 260 1580 licitatem,
289 1533 534 1571 circumdans
560 1530 608 1569 ad
630 1533 882 1569 securitatem.

424 1661 602 1702 CAPUT
631 1663 730 1701 XII.

64 1784 162 1814 Deum
177 1789 208 1815 et
230 1783 386 1815 bonorum
405 1795 537 1827 operum
555 1785 642 1828 pinni
661 1790 927 1816 remuneratorem
939 1808 946 1821 ,
966 1789 996 1815 et
1010 1794 1074 1814 sce-

271 1839 373 1870 lerum
389 1840 600 1882 nequissimum
617 1839 772 1870 vindicem
789 1849 867 1869 esse.

114 1950 176 1990 25.
207 1952 309 2001 Quid
337 1961 394 1990 est
419 1955 550 1991 Deus?
575 1958 662 1992 'Non
686 1953 813 1990 minus
842 1965 956 2002 poena
986 1966 1071 2003 per-

6 2026 7 2031 *
61 2024 280 2058 versorum,
317 2026 432 2063 quam
468 2013 669 2051 humilium
706 2013 838 2063 gloria.
871 2016 937 2050 Est
968 2013 1071 2049 enim

61 2072 296 2111 rationabilis
327 2073 504 2124 quaedam
535 2075 724 2124 aequitatis
752 2074 910 2110 directio
935 2074 1072 2111 incon-

60 2132 244 2170 vertibilis
263 2142 379 2184 atque
404 2134 700 2181 indeclinabilis,
718 2134 864 2184 quippe
883 2135 1072 2184 attingens

61 2191 230 2243 ubique:
260 2194 321 2231 cui
346 2195 444 2232 illisa
471 2195 598 2232 omnis
622 2195 789 2245 pravitas
815 2193 1071 2232 conturbetur

61 2265 212 2291 necesse
246 2262 315 2292 est.
348 2255 492 2303 Quidni
520 2256 559 2292 in
590 2256 688 2292 hanc
715 2268 830 2292 omne
858 2255 1068 2301 tumidum,

61 2313 118 2350 vel
143 2314 348 2352 distortum
374 2316 580 2366 impingat,
609 2325 647 2353 et
673 2317 979 2365 conquassetur?
1007 2320 1071 2353 Vae

12 2407 13 2412 ,
60 2374 251 2421 universo,
274 2374 380 2425 quod
403 2375 564 2412 obvium
586 2376 685 2413 forte
710 2375 917 2412 offenderit
936 2375 1072 2414 cedere

61 2434 184 2471 nescia
211 2434 402 2472 rectitudo
427 2450 435 2473 :
463 2449 552 2473 nam
585 2444 622 2473 et
653 2435 839 2472 fortitudo
871 2444 940 2473 est.
971 2437 1072 2484 Quid

60 2492 197 2544 iniquis
223 2494 489 2533 voluntatibus
514 2504 588 2533 tam
611 2497 845 2533 contrarium
875 2505 913 2533 et
932 2497 1070 2534 adver-

61 2565 164 2599 sum,
185 2567 299 2603 quam
319 2559 472 2605 semper
491 2556 645 2603 conari,
662 2556 874 2606 impingere
893 2569 1044 2606 semper
1057 2586 1066 2603 ‚

1149 395 1226 423 ster
1239 417 1248 433 ‚
1265 389 1331 437 qui
1347 397 1384 425 et
1400 402 1485 425 cum
1500 401 1683 437 perverso
1698 392 1940 439 pervertitur.
1955 398 2154 444 Nunquam

1148 456 1252 483 recto
1279 461 1476 498 pravoque¹
1500 450 1714 486 conveniet.
1737 454 1825 487 Haec
1847 453 1947 488 enim
1970 454 2039 490 sibi
2055 455 2153 491 invi—

1147 520 1227 543 cem
1247 507 1516 554 adversantur,
1539 510 1607 545 etsi
1623 523 1699 545 non
1718 510 1881 547 invicem
1900 512 2050 549 laedant.
2069 517 2152 550 Lae-

1146 567 1201 603 sio
1220 568 1374 604 alterius
1393 577 1448 605 est
1462 584 1470 606 :
1485 568 1581 605 absit
1598 578 1638 605 ut
1659 571 1742 606 Dei.
1761 573 1898 607 Dur-um
1914 572 1980 607 tibi
1997 582 2069 616 esc,
2089 573 2149 609 in-

1145 627 1247 675 quit,
1268 637 1395 663 comm
1415 632 1602 665 stitmtlum
1622 633 1819 666 calcitrare
1837 637 1848 652 ²
1864 646 1873 676 ;
1893 630 1965 667 hoc
1982 640 2056 677 est,
2071 645 2148 668 non

1144 686 1298 723 stimulo
1321 687 1482 735 (lurum,
1505 689 1571 725 sed
1592 690 1813 726 calcitranti.
1835 694 1899 727 Est
1921 700 1958 727 et
1979 692 2146 741 turpium

1144 759 1257 795 poena
1278 751 1380 785 Deus
1403 764 1409 785 :
1432 749 1497 785 lux
1517 758 1574 786 est
1593 750 1706 786 enim.
1723 753 1769 787 Et
1785 750 1877 799 quid
1895 759 1968 787 tam
1985 751 2146 788 invisum

1143 805 1320 844 obscenis
1341 808 1614 859 flagitiosisque
1631 809 1850 846 mentibus?
1874 811 2048 847 Profecto
2065 824 2149 848 om-

1142 866 1199 902 nis
1217 867 1282 916 qui
1300 869 1396 904 male
1417 869 1506 918 agit,
1529 869 1609 906 odit
1631 870 1753 907 lucem
1769 868 1795 906 3.
1816 870 1887 907 Sed
1907 871 1992 907 dico
2012 886 2020 908 z
2040 885 2149 908 num-

1144 927 1237 975 quid
1264 942 1341 965 non
1370 938 1552 979 poterunt
1572 930 1786 967 declinare?
1803 931 1958 968 Minime
1974 933 2145 969 omnino.

1144 991 1263 1024 Lucet
1289 988 1452 1038 ubique,
1473 991 1541 1026 etsi
1575 1003 1653 1027 non
1686 990 1876 1027 omnibus.
1906 993 2080 1042 Denique
2108 993 2146 1029 in

1096 1049 1122 1083 B
1143 1047 1308 1085 tenebris
1330 1050 1442 1096 lucet,
1458 1059 1495 1086 ct
1515 1050 1681 1087 tenebrae
1699 1064 1780 1087 eam
1798 1063 1876 1087 non
1897 1052 2146 1101 comprehen-

1141 1108 1237 1144 dunt
1250 1110 1275 1144 4.
1294 1110 1406 1146 Videt
1424 1110 1599 1148 tenebras
1619 1115 1702 1148 Lux
1718 1141 1726 1156 ‚
1749 1112 1811 1148 cui
1831 1111 1903 1147 hoc
1924 1120 1979 1148 est
2000 1111 2142 1157 videre,

1141 1168 1245 1216 quod
1265 1170 1391 1206 lucere
1413 1185 1420 1206 :
1448 1171 1513 1207 sed
1534 1185 1612 1208 non
1634 1172 1798 1208 vicissim
1828 1185 1847 1208 a
1872 1170 2036 1207 tenebris
2063 1172 2145 1221 ipsa

1141 1228 1310 1275 videtur,
1348 1230 1436 1279 quia
1469 1230 1635 1267 tenebrae
1667 1245 1748 1267 cam
1784 1245 1859 1267 non
1893 1231 2144 1280 comprehen-

1142 1288 1236 1325 dunt
1250 1290 1278 1326 *.
1304 1293 1350 1326 Et
1375 1290 1556 1327 videntur
1582 1304 1691 1340 ergo,
1716 1300 1758 1327 ut
1779 1292 2062 1327 confundantur
2081 1307 2087 1327 :
2108 1300 2145 1328 et

1141 1362 1219 1385 non
1237 1349 1390 1396 vident,
1409 1364 1457 1386 ne
1479 1351 1737 1387 consolentur.
1759 1354 1835 1387 Nec
1858 1350 1971 1386 modo
1991 1364 2010 1386 a
2030 1351 2113 1386 luce
2135 1365 2143 1386 :

1140 1417 1177 1444 et
1208 1410 1247 1446 in
1274 1410 1356 1446 luce
1387 1410 1579 1447 videntur.
1610 1416 1640 1448 A
1675 1424 1772 1459 quo,
1808 1410 1865 1446 vel
1895 1409 2061 1459 quibus?
2086 1409 2145 1447 Ab

1140 1470 1245 1506 omni
1276 1470 1452 1517 vidente,
1478 1479 1519 1507 ut
1541 1484 1612 1521 pro
1647 1470 1888 1507 multitudine
1915 1471 2144 1506 intuentium

1140 1529 1187 1565 sit
1208 1530 1381 1566 confusio
1402 1531 1532 1567 multa.
1555 1535 1604 1568 At
1625 1531 1752 1567 nullus
1770 1530 1816 1566 (le
1838 1539 1940 1566 tanta
1961 1543 2144 1567 numero—

1140 1590 1249 1627 sitate
1269 1591 1523 1640 spectantium
1549 1591 1747 1627 molestior
1772 1590 1904 1626 oculus
1931 1604 2000 1626 suo
2017 1589 2145 1639 cujus-

1140 1665 1226 1700 que.
1259 1655 1344 1688 Non
1377 1660 1432 1688 est
1466 1660 1659 1702 aspectus,
1691 1652 1768 1688 sive
1798 1651 1836 1686 in
1866 1651 1984 1697 coelo,
2007 1651 2144 1687 sivein

1140 1721 1266 1758 terra,
1302 1726 1415 1762 quem
1451 1712 1653 1749 tenebrosa
1691 1712 1919 1748 conscientia
1956 1711 2146 1759 suffugere

1141 1772 1258 1822 magis
1286 1772 1395 1817 velit,
1419 1772 1545 1808 minus
1572 1771 1702 1821 possit.
1730 1774 1815 1808 Non
1842 1771 1959 1806 latent
1981 1769 2145 1806 tenebrae

1093 1835 1121 1871 C
1141 1833 1201 1869 vel
1232 1846 1270 1869 se
1295 1833 1408 1882 ipsas.
1435 1836 1480 1870 Se
1511 1831 1643 1868 vident
1667 1844 1752 1880 quae
1775 1829 1876 1866 aliud
1901 1843 1977 1866 non
2002 1829 2144 1866 vident.

1138 1895 1265 1942 Opera
1287 1892 1531 1929 tenebrarum
1554 1899 1765 1941 sequuntur
1784 1890 1865 1926 illas
1880 1918 1889 1935 ,
1907 1902 1976 1925 nec
1995 1897 2051 1925 est
2068 1902 2144 1937 quo

1140 1967 1178 1990 se
1199 1953 1437 1991 abscondant
1459 1952 1506 1989 ab
1527 1953 1598 1989 illis
1616 1982 1624 1998 ‚
1649 1966 1696 1988 ue
1723 1952 1761 1987 in
1786 1949 1952 1987 tenebris
1977 1949 2143 1999 quidem.

1138 2015 1209 2051 Hic
1230 2023 1286 2051 est
1301 2014 1443 2050 vermis
1463 2013 1528 2062 qui
1550 2026 1628 2049 non
1647 2012 1828 2056 moritur,
1844 2011 2026 2047 memoria
2043 2023 2145 2060 prae-

1139 2075 1353 2112 teritorum.
1383 2074 1505 2110 Semel
1538 2072 1719 2121 injectus,
1751 2071 1808 2107 vel
1835 2071 1963 2120 potius
1992 2070 2144 2106 innatus

1138 2148 1209 2185 per
1228 2143 1442 2185 peccatum,
1461 2133 1567 2169 haesit
1588 2132 1759 2176 firmiter,
1780 2142 2020 2179 nequaquam
2042 2129 2145 2165 dein-

1138 2209 1227 2246 ceps
1243 2194 1560 2232 avellendusNec
1575 2200 1693 2228 cessat
1708 2190 1842 2227 rodere
1853 2189 2141 2231 conscientiam,

1137 2268 1258 2305 eaque
1278 2263 1429 2305 pastus,
1448 2266 1531 2289 esca
1548 2252 1678 2300 ntique
1692 2248 2040 2298 inconsumptibili,
2059 2261 2144 2297 per—

1138 2324 1272 2365 petuat
1302 2315 1431 2351 vitam.
1454 2317 1603 2350 Horreo
1632 2324 1801 2347 vermem
1833 2309 2076 2355 mordacem,
2105 2315 2141 2343 et

1139 2384 1301 2412 mortem
1335 2375 1518 2411 vivacem.
1554 2376 1704 2409 Horreo
1738 2369 1905 2405 incidere
1940 2368 1980 2404 in
2007 2379 2141 2404 manus

1139 2436 1273 2472 mortis
1292 2434 1473 2478 viventis,
1499 2440 1534 2468 et
1554 2431 1641 2467 vitae
1662 2429 1870 2466 morientis.

1194 2496 1256 2532 26.
1288 2499 1377 2532 Haec
1393 2492 1561 2530 secunda
1581 2503 1682 2526 mors
1696 2518 1705 2534 ‚
1725 2502 1809 2538 quae
1830 2499 2025 2535 nunquam
2051 2498 2139 2535 per-

1138 2556 1301 2601 occidit‚
1326 2555 1391 2591 sed
1414 2565 1564 2602 semper
1593 2549 1741 2587 occidit.
1774 2548 1866 2596 Quis
1892 2546 1954 2583 det
1977 2546 2049 2582 illis
2075 2552 2136 2581 se-

62 2621 100 2650 et
120 2614 259 2651 frustra
274 2616 314 2652 ²¹?
341 2619 406 2653 Vae
433 2616 622 2666 oppositis
647 2616 929 2661 voluntatibus,
950 2618 1069 2654 solam
1086 2629 1120 2662 D
1138 2617 1212 2654 mel
1233 2616 1349 2661 mori,
1372 2623 1415 2651 ut
1443 2619 1519 2650 non
1548 2610 1758 2647 moriantur
1782 2609 1820 2645 in
1840 2607 2046 2643 aeternum?
2066 2609 2138 2653 Qui

63 2685 138 2711 suae
169 2675 343 2724 profecto
375 2676 585 2713 aversionis
614 2676 868 2714 referentibus
899 2691 1067 2727 poenam.

62 2735 159 2782 Quid
193 2744 268 2772 tam
300 2737 470 2786 poenale,
499 2750 614 2786 quam
651 2750 804 2786 semper
838 2738 937 2774 velle
965 2737 1070 2788 qnod

62 2807 255 2846 nunquam
295 2797 390 2833 erit?
424 2797 525 2845 Quid
561 2805 635 2833 tam
673 2797 921 2845 damnatum,
956 2811 1072 2847 quam

62 2855 236 2894 voluntas
267 2856 419 2894 addicta
447 2857 536 2894 huic
569 2857 783 2894 necessitati
815 2858 971 2895 volendi
1001 2872 1073 2894 no-

63 2914 261 2966 lendique,
282 2925 324 2954 ιιῖ
346 2917 394 2954 ad
418 2916 641 2954 utrumlibet
659 2915 738 2965 jam
754 2946 764 2963 ,
783 2917 880 2954 sicut
901 2931 978 2953 non
1002 2917 1074 2953 nisi

62 2987 263 3025 perverse,
297 2977 348 3014 ita
381 2990 459 3014 non
496 2977 575 3014 nisi.
600 2978 737 3014 misere
768 2979 996 3014 moveatur?
1027 2981 1071 3014 In

65 3043 246 3073 aeternum
268 3051 347 3074 non
363 3037 554 3074 obtinebit
571 3037 676 3087 quod
693 3038 796 3084 vult,
814 3046 852 3074 et
870 3037 975 3086 quod
994 3050 1071 3073 non

64 3095 164 3144 vult,
187 3097 227 3133 in
259 3106 445 3135 aeternum
471 3098 722 3135 nihilominus
751 3097 964 3134 sustinebit.
1004 3097 1073 3133 Di-

65 3166 136 3204 gne
155 3158 337 3205 omnino,
365 3167 406 3195 ut
436 3159 504 3210 qui
524 3159 571 3196 ad
599 3159 692 3196 nihil
713 3159 880 3196 afficitur
901 3170 1072 3206 unquam

1137 2678 1270 2714 dicunt
1294 2674 1475 2711 montibus
1488 2703 1496 2719 ‚
1526 2673 1659 2708 Cadite
1678 2683 1792 2718 super
1810 2682 1895 2711 nos;
1919 2676 1953 2702 el
1971 2665 2136 2709 collibus,

1142 2739 1294 2786 Operile
1309 2749 1373 2771 nos
1390 2734 1417 2780 ⁵,
1436 2733 1528 2783 quid
1545 2732 1616 2768 nisi
1633 2738 1795 2766 mortem
1810 2728 1943 2764 mortis
1956 2726 2139 2763 beneficio

1139 2806 1204 2835 aut
1234 2797 1343 2833 finire
1357 2824 1366 2841 ,
1392 2802 1455 2831 aut
1486 2791 1646 2829 evadere
1668 2790 1830 2826 volunt?
1846 2788 2020 2836 Denique
2038 2790 2140 2822 invo—

1140 2857 1275 2893 cabant
1295 2864 1460 2898 nun-tem,
1485 2852 1558 2896 ait,
1578 2860 1613 2886 et
1637 2863 1710 2885 non
1731 2853 1859 2885 veniet
1873 2846 1900 2884 ⁶.
1926 2851 2079 2884 Intuere
2102 2845 2141 2882 id

1141 2916 1289 2953 clarius.
1319 2917 1473 2951 Constat
1492 2910 1745 2948 immortalem
1767 2909 1930 2946 animam
1953 2920 2050 2954 esse,
2072 2920 2142 2943 nec

1139 2975 1343 3025 aliquando
1369 2973 1512 3021 absque
1533 2984 1598 3007 sua
1624 2970 1807 3006 memoria
1825 2968 1972 3013 vivere,
1992 2981 2041 3003 ne
2063 2980 2141 3003 non

1138 3036 1302 3073 animam
1335 3030 1539 3081 aliquando
1571 3043 1651 3067 esse
1683 3029 1889 3077 contingat.
1918 3031 2050 3077 Itaque
2071 3027 2142 3063 du-

1140 3104 1246 3132 rante
1280 3094 1429 3137 anima,
1465 3090 1576 3127 durat
1609 3098 1645 3126 et
1671 3088 1868 3126 memoria.
1899 3087 1969 3125 Sed
1996 3087 2142 3136 qualis?

1141 3154 1256 3193 Foeda
1289 3152 1458 3202 flagitiis,
1496 3149 1651 3187 horrida
1686 3148 1940 3192 facinoribus,
1977 3147 2141 3182 vanitate

115 3291 124 3307 ¹
141 3285 259 3319 Thren.
276 3299 336 3327 111,
355 3291 409 3320 25.
424 3308 470 3312 —
485 3295 498 3312 ²
517 3292 588 3321 Act.
606 3301 654 3327 IX,
674 3293 704 3321 5,
720 3309 762 3311 -
782 3286 794 3308 3
809 3290 900 3318 ἔθευ.
919 3296 958 3315 111
971 3309 977 3317 ,
997 3287 1051 3315 20.
1070 3303 1113 3306 —
1134 3282 1145 3309 i
1162 3282 1210 3313 Id.
1231 3294 1241 3311 1
1255 3306 1262 3319 ‚
1283 3284 1312 3312 5.
1328 3300 1371 3302 —
1389 3278 1400 3301 5
1416 3283 1493 3312 Luc.
1509 3290 1598 3309 xxxxi
1614 3303 1621 3316 ‚
1641 3281 1694 3309 30.
1714 3296 1758 3299 -
1776 3274 1791 3296 (ἶ
1807 3278 1905 3317 ΑΡοο.
1921 3277 2028 3311 1x,6.

113 3350 126 3367 ²
146 3346 252 3385 Alias,
262 3346 431 3388 frustrari.

195 3412 285 3436 TOM.
319 3413 364 3437 Π.

1936 3387 1981 3421 35,
