2517 3920
337 185 412 221 943

339 263 513 296 Vedastino
530 263 649 302 codice,
661 272 775 294 novam
789 261 940 303 incipiunt
957 259 1070 290 lineam
1087 267 1157 289 cum
1170 256 1230 287 hoc
1242 253 1345 290 titulo,

343 316 398 349 Ad
417 316 575 355 eumdem,
604 317 692 359 quasi
711 316 807 347 altera
827 320 905 345 esset
926 312 1067 355 epistola.
1095 315 1142 342 Ita
1166 305 1349 340 Edmundus

344 374 490 404 Martene
514 372 544 402 in
570 370 770 413 Amplissima
795 366 983 401 Collectione
1004 370 1142 395 veterum
1164 361 1349 403 scriptorum

345 431 377 456 et
389 432 664 456 monumentorum
674 449 682 462 ,
698 434 768 466 pag.
784 424 862 454 745.
877 421 902 460 ’ᾖ

393 482 460 510 658
489 481 525 510 B.
554 484 589 509 ut
616 476 815 520 praesentium
840 474 969 504 latorem
993 473 1161 502 Joannem.
1183 484 1229 489 --
1250 469 1280 496 Is
1304 468 1351 494 est

347 535 486 564 Joannes
501 530 759 566 Saresberiensis,
782 538 799 558 3
821 524 1004 567 cognomine
1027 521 1147 562 Angliae
1170 518 1292 550 civitate
1308 516 1352 547 sic

349 584 448 616 dictus
460 609 468 623 ‚
484 584 581 615 sancti
596 583 724 615 Thomae
744 577 967 620 archiepiscopi
987 572 1215 607 Cantuariensis
1237 570 1353 601 amicus

349 638 525 680 praecipuus
544 648 552 668 :
569 637 656 678 cujus
677 634 796 666 meritis
815 632 1028 674 episcopatum
1050 629 1271 658 Carnutensem
1293 621 1352 652 sibi

350 691 496 733 obtigisse
518 690 656 733 profiteri
678 687 814 723 solebat,
830 685 947 715 litteras
968 691 1038 712 suas
1060 679 1103 709 sic
1124 675 1260 707 exordiri
1281 674 1352 705 soli-

351 750 400 775 tus
416 755 424 775 2
440 759 453 771 «
468 747 605 776 Joannes
626 742 684 773 Dei
707 740 804 782 gratia
815 762 822 776 ,
839 743 869 768 01
883 735 998 767 meritis
1021 731 1103 763 beati
1125 729 1255 761 Thomae
1272 737 1354 757 11131-

353 812 365 823 »
384 797 475 839 ῒ)”1“15,
504 795 703 828 Carnotensis
728 791 863 823 ecclesiae
887 788 1027 820 minister
1051 783 1195 820 humilis,
1226 796 1238 808 »ι
1265 786 1299 810 111
1322 780 1354 810 111

353 850 508 893 Spicilegii
530 856 614 881 tomo
632 852 684 885 10,
701 857 770 889 pag.
789 847 868 881 391,
886 841 939 872 ubi
953 850 1012 871 vox
1030 853 1043 865 «
1067 836 1184 867 meritis
1200 849 1212 861 »
1227 833 1352 864 omissa.

402 907 466 935 659
484 906 525 935 A.
548 914 590 932 AD
612 910 789 931 nonsart->1
814 905 959 926 rL‘LxAEM.
974 910 1016 915 -—-
1032 890 1138 927 Alias,
1158 886 1214 919 Ad
1236 884 1355 917 Rolan-

351 955 426 987 dam
451 953 683 986 cancellarium.
711 955 754 983 At
778 949 877 980 codex
901 944 1129 985 manuscriptus
1143 940 1356 972 Cisterciensis

351 1009 463 1047 habet,
484 1006 541 1039 Ad
554 1005 720 1037 Robertum
740 1000 884 1038 Pullum,
905 1006 934 1031 et
950 997 1076 1040 quidem
1097 995 1231 1032 rectius,
1257 1004 1355 1035 (111311-

351 1069 417 1093 tum
432 1062 610 1103 conjectura
623 1057 743 1100 assequi
758 1065 895 1099 possum.
912 1053 1015 1084 Primo
1030 1049 1112 1081 enim
1131 1047 1308 1079 Robertum
1322 1050 1354 1079 S.

352 1115 512 1147 Bernardo
533 1114 626 1149 fuisse
648 1110 861 1143 charissimum
876 1113 905 1137 et
919 1104 1055 1136 maxime
1078 1101 1263 1133 familiarem
1284 1111 1358 1131 con-

351 1175 413 1201 stat
437 1180 475 1200 ex
500 1168 631 1211 epistola
658 1169 742 1201 205,
774 1162 813 1193 ad
838 1161 1020 1203 episcopum
1045 1155 1246 1193 Rosfensem,
1275 1152 1360 1196 quod

352 1224 446 1254 etiam
460 1223 498 1253 de
511 1233 561 1260 eo,
578 1221 617 1252 ad
630 1230 724 1262 quem
744 1217 796 1248 hic
809 1214 917 1246 scribit
927 1237 935 1249 ,
952 1217 1059 1254 aperte
1074 1209 1222 1242 insinuat.
1238 1207 1360 1239 Deinde

352 1276 454 1308 virum
474 1277 566 1308 istum
586 1271 753 1305 eruditioni
766 1269 936 1301 multorum
949 1264 1084 1297 fideliter
1097 1269 1129 1294 et
1143 1261 1260 1297 utiliter
1274 1260 1361 1295 insti-

354 1332 445 1369 tisse,
465 1331 542 1362 coelo
565 1335 596 1360 et
618 1334 701 1360 terra
723 1322 853 1356 testibus
868 1320 919 1352 hic
932 1317 1057 1356 asscrit,
1074 1315 1159 1358 quod
1180 1314 1307 1357 quidem
1323 1313 1363 1345 de

355 1386 441 1417 nullo
465 1384 526 1416 3110
548 1381 658 1414 melius
680 1378 850 1419 intelligas,
867 1384 960 1417 quam
975 1372 1013 1403 de
1028 1371 1170 1402 Roberto
1185 1369 1274 1400 Pullo
1285 1392 1292 1406 ,
1309 1367 1363 1410 qui

358 1440 474 1471 litteras
500 1435 623 1469 Parisiis
654 1432 812 1476 professus
832 1454 839 1468 ‚
870 1427 1081 1460 oxoniensem
1106 1422 1298 1454 academiam
1330 1421 1364 1453 in

357 1491 471 1534 Anglia
489 1487 682 1522 instauravit.
699 1488 834 1517 Demum
849 1481 1051 1512 cancellarius
1074 1478 1132 1508 iste
1144 1501 1152 1515 ,
1168 1476 1207 1507 de
1228 1485 1290 1517 quo
1312 1474 1365 1505 hic

359 1545 499 1588 1111105110,
524 1541 699 1586 praemissus
723 1550 739 1569 a
761 1540 830 1568 Deo
854 1535 967 1566 dicitur
989 1538 1061 1563 ante
1082 1529 1213 1572 Eugenii
1237 1528 1364 1571 pontifi-

357 1605 461 1630 catum
474 1597 513 1628 ad
536 1594 726 1638 adjutorium
739 1592 816 1634 ejus.
835 1592 878 1621 At
899 1586 1059 1619 Robertus
1082 1584 1207 1621 Pullus,
1225 1594 1263 1613 cx
1277 1585 1365 1614 Onu-

359 1652 469 1695 phrio,
507 1648 726 1681 cancellarium
751 1648 813 1687 egit
843 1642 939 1674 Lucio
966 1644 996 1672 II
1029 1638 1179 1682 pontifice
1204 1646 1302 1678 usque
1327 1635 1367 1666 ad

359 1717 474 1737 annum
495 1702 626 1745 Eugenii
648 1701 791 1736 tertium,
813 1699 893 1734 imo,
918 1695 943 1726 si
966 1693 1114 1726 Ciaconio
1137 1691 1310 1727 credimus,
1327 1689 1367 1723 ad

359 1759 502 1802 quintum
526 1767 534 1788 ε
557 1754 719 1787 Rolandus
741 1762 834 1788 vero,
854 1753 1060 1791 cognomento
1080 1744 1294 1777 Blandinellus
1314 1754 1366 1774 seu

360 1818 494 1856 Paparo,
511 1810 613 1853 patria
627 1806 787 1843 Senensis,
804 1810 912 1847 postea
928 1800 1109 1834 Alexander
1123 1803 1183 1837 ΙΙΙ,
1203 1797 1369 1829 cardinalis

362 1857 614 1898 diaconustituli
635 1867 812 1896 sanctorum
830 1860 949 1889 Cosmae
963 1862 993 1887 et
1007 1854 1153 1886 Damiani
1167 1853 1206 1884 ab
1229 1852 1369 1894 Eugensso

362 1925 502 1957 creatus,
530 1914 705 1948 cancellarii
728 1912 909 1955 dignitatem
931 1908 1067 1941 obtinuit
1087 1906 1287 1950 pontificatus
1309 1908 1371 1937 Eu-

364 1973 444 2016 genii
464 1982 546 2003 anno
569 1970 719 2001 duntaxat
741 1973 862 1998 octavo.
878 1965 971 1996 Plura
986 1962 1025 1993 de
1042 1961 1184 1993 Roberto
1198 1960 1287 1991 Pullo
1301 1959 1372 1990 vide

365 2028 389 2059 si
402 2026 489 2058 lubet
503 2025 534 2056 in
548 2024 629 2054 110115
649 2022 688 2053 ad
711 2020 872 2063 epistolam
889 2022 967 2049 2051.
983 2015 1113 2048 Interim
1127 2021 1232 2046 tamen
1245 2019 1320 2045 noto
1335 2013 1375 2044 de.

366 2088 507 2123 tempore
519 2103 526 2116 ,
543 2088 604 2120 quo
624 2076 783 2107 Robertus
801 2071 1018 2104 cancellariam
1031 2067 1257 2101 administravit
1269 2091 1276 2105 ,
1293 2077 1374 2109 prze-

368 2133 528 2167 serendam
564 2141 629 2162 esse
663 2127 821 2170 Ouuphrii
850 2124 1036 2157 sententiam
1064 2133 1073 2159 ξ
1098 2132 1172 2152 nam
1197 2120 1375 2153 Guidonem

369 2187 543 2220 cancellarii
567 2184 692 2216 nomine
717 2181 827 2213 11110115
851 2178 1028 2222 apostolicis
1051 2175 1269 2219 subscripsisse
1292 2184 1375 2204 anno

372 2245 460 2274 1146
474 2266 481 2279 ,
500 2241 568 2281 lego
582 2245 666 2269 tomo
682 2236 784 2278 primo
806 2232 974 2266 Monastici
994 2229 1160 2272 Anglicani
1173 2253 1180 2267 ,
1205 2239 1275 2271 pag.
1295 2231 1373 2265 108,

370 2306 452 2327 anno
471 2295 555 2326 1147
570 2316 577 2330 ,
603 2292 635 2322 111
656 2290 738 2321 notis
760 2288 798 2320 ad
821 2286 1010 2319 Guibertum
1029 2284 1067 2315 de
1088 2282 1267 2324 Novigeuto
1279 2305 1286 2319 ‚
1302 2291 1374 2325 pag.

373 2353 452 2381 020.

419 2406 485 2434 660
507 2404 548 2432 D.
572 2400 605 2432 in
627 2398 735 2442 spiritu
757 2395 948 2428 fortitudinis
967 2392 1138 2425 abundare.
1154 2390 1377 2432 —Inscriptio

373 2459 463 2500 hujus
485 2456 621 2500 epistolae
643 2454 675 2485 in
696 2453 846 2484 hactenus
863 2450 952 2481 editis
972 2448 1133 2491 angustior
1149 2445 1225 2477 mihi
1246 2445 1311 2477 visa
1333 2451 1380 2476 est

373 2512 481 2554 (solius
514 2510 596 2542 enim
623 2507 776 2551 Spirensis
801 2504 939 2548 episcopi
964 2504 1092 2546 ejusque
1118 2501 1192 2532 cleri
1217 2505 1247 2530 et
1272 2498 1381 2541 populi

372 2563 598 2605 meminerat),
635 2572 728 2603 quam
762 2565 920 2602 pateretur
954 2567 1066 2599 scopus
1092 2554 1242 2597 epistolae.
1269 2556 1381 2594 Itaque

373 2620 465 2649 aliam
487 2623 518 2648 01
539 2615 721 2659 ampliorem
741 2613 949 2656 praefiximus,
966 2620 1061 2652 quam
1081 2613 1156 2641 Otto
1179 2607 1382 2648 Frisingensis

376 2674 413 2704 de
439 2672 541 2705 Gestis
564 2669 713 2702 Friderici
737 2669 819 2700 libro
849 2671 878 2705 1,
906 2677 975 2708 cap.
1003 2667 1060 2703 41,
1088 2662 1240 2695 exhibuit.
1261 2665 1381 2692 Verum

376 2733 481 2769 postea
503 2725 659 2767 comperi,
684 2723 824 2754 eamdem
848 2721 1010 2764 epistolam
1036 2729 1099 2750 non
1125 2717 1235 2749 eodem
1261 2722 1381 2747 tantum

378 2786 577 2822 argumento,
594 2778 647 2809 sed
668 2784 699 2809 et
720 2776 849 2808 totidem
871 2786 953 2818 pene
973 2773 1094 2810 verbis,
1119 2777 1238 2802 mutata
1261 2776 1382 2801 tautum

378 2832 562 2875 epigraphe,
591 2831 629 2862 ad
662 2831 797 2861 diversas
822 2829 981 2865 nationes,
1009 2825 1205 2869 provincias,
1235 2831 1265 2856 et
1290 2824 1383 2855 urbes

379 2888 495 2917 datam.
510 2888 590 2916 Nam
611 2884 643 2914 in
665 2883 874 2925 manuscripto
897 2893 935 2913 ex
957 2880 1071 2922 Anglia
1084 2878 1161 2910 mihi
1180 2878 1292 2916 misso,
1309 2878 1382 2908 item

378 2941 410 2971 111
425 2940 484 2970 alio
498 2937 716 2970 confluentino
730 2936 833 2967 inveni
845 2960 852 2973 ,
870 2933 992 2979 Populo
1010 2931 1187 2976 Anglornm
1201 2931 1383 2974 inscriptam

379 2993 492 3035 (exstat
510 2991 542 3022 in
563 2989 774 3031 manuscripto
797 2987 1048 3019 Sancti-Victoris
1066 2985 1249 3017 Parisiensis
1261 2985 1318 3016 sub
1332 2996 1383 3016 ea-

380 3046 451 3077 dem
465 3042 656 3087 epigraphe.)
671 3060 713 3064 ——
728 3045 880 3072 Praeterea
890 3065 897 3079 ,
913 3040 979 3071 haec
990 3039 1087 3070 habet
1099 3038 1283 3071 Edmundus
1296 3041 1383 3069 Mar-

382 3105 453 3130 tene
478 3098 510 3129 111
535 3094 734 3138 Amplissima
759 3094 950 3125 Collectioue
975 3099 1115 3124 veterum
1144 3093 1330 3135 scriptorum
1355 3097 1385 3123 et

382 3156 675 3186 monumentorum,
692 3158 763 3189 pag.
783 3149 847 3178 745
866 3157 872 3176 :
889 3161 901 3172 α
919 3145 1065 3187 Epistolae
1087 3148 1151 3177 363
1168 3146 1201 3176 111
1222 3144 1386 3176 Leodiensi

387 3222 399 3233 »ι
415 3202 644 3237 Sancti-Jacobi
658 3201 763 3232 codice
775 3199 826 3231 1111·
840 3198 1008 3241 praefigitur
1021 3199 1127 3229 titulus
1143 3209 1149 3229 :
1166 3201 1260 3229 Hanc
1273 3199 1386 3243 epislo-

382 3276 394 3287 »
417 3258 478 3290 lam
494 3261 531 3289 B.
554 3253 734 3288 lter-nardus
748 3252 845 3284 abbas
863 3250 1140 3283 Clarae-Vallem&
1155 3252 1227 3294 jam
1242 3252 1274 3282 in
1288 3259 1386 3283 esti-e-

382 3330 394 3340 >2
411 3312 467 3343 mis
485 3311 605 3357 positus
627 3307 756 3340 dictavit
776 3305 822 3337 ad
839 3312 962 3348 gentem
978 3303 1169 3346 Anglorum.
1194 3320 1206 3332 n
1221 3307 1246 3346 ἦ·
1260 3325 1303 3328 —
1318 3310 1385 3338 Imo

380 3366 533 3399 Baronius
560 3363 699 3395 eanulem
733 3361 895 3405 epistolam
928 3359 1070 3392 exbibet.
1101 3359 1239 3400 pauculis
1266 3365 1385 3390 tantum

842 179 893 217 IN
921 179 1101 217 TOMUM
1130 175 1329 213 PRIMUM
1360 171 1566 208 OPERUM
1594 171 1629 206 S.
1664 169 1913 205 BERNARDI
2334 167 2408 204 944

1415 249 1519 280 verbis
1537 248 1662 279 mutatis
1672 272 1680 286 ,
1696 258 1767 278 cum
1780 246 1839 278 hac
1857 245 2037 289 epigraphe.
2051 243 2233 288 Mainfi·edo
2246 246 2415 280 Briziensis

1414 301 1552 333 ecclesioe
1586 301 1751 345 episcopo,
1783 312 1840 330 nec
1869 311 1931 330 non
1967 297 2165 336 consulibus,
2193 297 2358 337 militibus,
2385 308 2415 332 et

1416 355 1564 385 universis
1589 352 1720 398 populis
1743 351 1798 383 sub
1823 365 1859 383 eo
1886 352 2081 390 constitutis,
2100 353 2211 395 frater
2234 353 2417 386 Ber-nardus

1420 406 1639 438 Claroe-Vallis
1661 414 1798 437 vocatus
1824 405 1938 444 abbas,
1967 407 2077 451 spiritu
2094 405 2299 448 fortiludinis
2322 404 2418 440 abun-

1416 458 1504 492 dare.
1518 460 1600 492 Vide
1612 460 1793 498 Raronium,
1808 460 1848 490 ad
1864 471 1981 490 annum
1995 463 2006 491 1
2019 462 2095 498 146,
2111 471 2144 491 n.
2161 463 2213 492 15.
2226 462 2349 503 Nempe
2360 461 2420 494 hoe

1417 513 1512 544 veluti
1534 514 1693 544 classicum
1717 520 1762 544 est
1783 513 1824 544 ad
1845 513 2076 555 expeditionem
2096 523 2225 545 sacram.
2247 516 2297 545 De
2319 525 2356 545 03
2375 515 2422 546 lo-

1418 577 1516 607 quens
1530 567 1715 598 Guillelmus
1728 567 1877 610 Tyrensis
1892 577 1900 598 :
1916 582 1928 593 ιι
1944 567 2003 598 Vir
2022 566 2205 598 immortalis
2223 568 2380 599 memoriae.
2391 574 2423 601 et

1421 633 1433 644 »
1452 618 1592 650 honestae
1616 620 1862 651 conversationis
1887 620 2048 662 speculum
2078 619 2224 651 dominus
2246 620 2423 653 Bemardus

1420 686 1433 697 »
1453 672 1719 704 Clarae-Vallensis
1743 673 1860 712 abbas,
1882 673 1942 716 piae
1966 673 1998 704 in
2022 673 2160 705 Domino
2185 679 2216 704 et
2240 684 2297 715 per
2321 674 2425 707 omnia

1423 739 1435 750 »
1457 726 1679 767 amplectendae
1699 727 1941 765 recordationis,
1969 726 2008 757 ad
2029 727 2170 769 praedicti
2196 729 2265 758 Deo
2289 729 2426 760 muneris

1423 793 1438 804 »
1457 780 1689 811 exsecutionem
1713 781 1889 822 praecipuus
1923 780 2046 822 eligitur
2075 791 2083 812 :
2109 780 2164 822 qui
2191 780 2338 822 injunctas
2369 781 2427 813 sibi

1424 846 1436 857 »ι
1457 831 1698 874 dispensationis
1714 833 1841 865 sedulus
1863 839 2037 873 exsecutor,
2059 833 2198 876 ejusdem
2211 834 2313 877 operis
2325 845 2428 867 secum

1424 899 1437 911 n
1457 887 1525 917 Deo
1542 887 1691 918 amabiles
1712 887 1839 919 trahens
1861 887 2108 926 comministros,
2129 880 2280 930 impiger,v
2295 888 2428 921 indefes-

1424 952 1438 963 »
1457 949 1508 970 sus
1519 964 1527 978 ,
1546 940 1618 972 licet
1637 942 1776 984 corporis
1798 948 1877 973 esset
1889 940 2035 979 invalidi,
2050 947 2116 972 tum
2133 947 2262 984 propter
2271 941 2389 984 jejunia
2400 949 2431 975 et

1425 1007 1438 1018 ι»
1457 993 1604 1025 subtilem
1624 995 1717 1026 nimis
1739 995 1873 1033 dietam,
1895 1004 1990 1036 regna
2011 995 2138 1032 circuit,
2160 996 2302 1037 regiones
2323 996 2431 1028 obam-

1426 1060 1439 1073 »
1460 1046 1566 1085 bulat,
1592 1048 1807 1090 evangelizans
1829 1048 1946 1089 ubique
1966 1059 2098 1090 regnum
2117 1048 2195 1086 Dei,
2219 1063 2233 1076 ι
2257 1055 2317 1081 010.
2341 1050 2432 1082 Adde

1424 1110 1494 1141 quae
1507 1100 1566 1132 1130
1579 1101 1618 1133 (10
1632 1113 1666 1133 10
1678 1103 1824 1144 leguntur
1836 1102 1870 1134 in
1883 1102 1949 1144 ejus
1961 1101 2037 1133 Vita
2049 1107 2080 1133 et
2092 1101 2267 1141 miraculis,
2284 1109 2315 1134 et
2327 1103 2434 1136 confer

1425 1154 1590 1197 epistolam
1611 1159 1689 1190 355.
1703 1155 1839 1187 Habitus
1852 1161 1898 1187 est
1917 1161 2022 1187 autem
2043 1155 2141 1198 Spirae
2161 1155 2307 1198 frequens
2319 1157 2435 1199 princi-

1425 1219 1502 1250 pum
1534 1215 1706 1240 conventus
1731 1220 1826 1241 sacrae
1854 1209 2062 1252 expeditionis
2089 1220 2201 1248 causa,
2233 1209 2287 1241 ubi
2312 1211 2436 1253 publice

1426 1261 1570 1293 recitatas
1588 1262 1644 1294 has
1661 1262 1813 1294 Bernardi
1831 1262 1948 1294 litteras
1965 1263 2035 1305 quis
2059 1262 2203 1294 dubitet?
2225 1264 2309 1295 Hinc
2324 1264 2376 1296 illa
2396 1265 2436 1297 ad

1427 1315 1588 1357 Spirenses
1602 1317 1761 1359 inscriptio
1774 1317 1930 1348 :Domino
1945 1323 1975 1347 et
1984 1317 2076 1361 patri
2088 1316 2274 1348 charissimo
2288 1318 2436 1363 episcopo

1428 1369 1584 1413 Spirensi,
1606 1377 1637 1400 et
1653 1371 1795 1402 universo
1813 1369 1897 1401 clero
1919 1377 1949 1401 et
1963 1368 2101 1415 populO,
2121 1369 2304 1402 Bernardas
2320 1370 2436 1403 Clarae-

1435 1422 1537 1458 Vallis
1559 1431 1694 1455 avocatus
1717 1422 1833 1462 abbas,
1850 1424 1883 1454 in
1906 1424 2018 1469 spiritu
2029 1423 2239 1466 fortiludinis
2262 1423 2438 1459 abundare.

1430 1478 1485 1508 Uti
1501 1484 1532 1509 et
1557 1479 1651 1520 paulo
1669 1484 1739 1520 post
1756 1479 1787 1509 in
1805 1478 1937 1510 Bavaria
1958 1477 1991 1508 in
2016 1485 2172 1510 conventu
2195 1489 2360 1520 procerum
2384 1491 2441 1523 per

1430 1530 1577 1562 abbatem
1594 1531 1840 1571 Eberacensem,
1857 1542 1919 1563 una
1933 1543 2003 1563 cum
2015 1531 2126 1563 litteris
2141 1533 2270 1574 Eugenii
2285 1534 2441 1576 pontificis

1431 1585 1526 1619 lectas
1545 1592 1676 1617 testatur
1701 1586 1863 1629 Sigonius,
1892 1587 1931 1618 de
1956 1589 2067 1628 Regno
2093 1586 2164 1617 Ital.
2183 1597 2267 1618 anno
2290 1590 2391 1625 1147,
2411 1596 2443 1622 et

1432 1642 1528 1678 Ouo,
1548 1639 1587 1671 de
1615 1641 1719 1672 Gestis
1746 1640 1915 1679 Friderici,
1944 1639 2025 1671 libro
2049 1643 2079 1678 1,
2107 1650 2177 1682 cap.
2206 1643 2261 1673 41.
2288 1643 2440 1675 Caeterum

1434 1699 1533 1725 exstat
1560 1694 1711 1727 Bernardi
1741 1693 1869 1725 nomine
1896 1694 1978 1725 inter
2008 1693 2154 1736 epistolas
2179 1694 2301 1726 Nicolai
2329 1697 2444 1728 Clarae-,-

1434 1748 1552 1786 Yallis,
1572 1747 1773 1779 Bibliothecae
1794 1751 1921 1779 Patrum
1946 1754 2032 1779 tomo
2054 1751 2093 1780 12
2106 1772 2114 1787 ,
2143 1748 2220 1780 edit.
2247 1749 2359 1781 Colon.
2384 1750 2442 1782 alia

1435 1801 1574 1843 ejusdem
1593 1802 1768 1844 argumenti
1788 1801 1829 1832 ad
1856 1801 2002 1833 comitem
2027 1807 2059 1832 et
2085 1812 2230 1843 proceres
2250 1803 2416 1835 Britanniae
2435 1815 2444 1836 ε

1436 1866 1529 1897 quam
1545 1855 1597 1887 hic
1612 1855 1708 1887 habes
1724 1855 1757 1886 in
1772 1855 1834 1887 fine
1853 1856 2055 1898 epistolarum
2074 1857 2107 1886 S.
2126 1855 2289 1888 Beruardi.

1487 1913 1552 1941 663
1569 1912 1605 1941 Β.
1624 1909 1678 1940 sed
1692 1920 1750 1941 nec
1763 1909 1922 1952 effugandi
1936 1908 2073 1952 quidem.
2084 1927 2129 1931 —
2139 1912 2238 1940 Recte
2253 1920 2290 1941 ac
2305 1910 2447 1953 religiose

1438 1963 1634 2002 Bernardus,
1657 1970 1688 1995 et
1706 1963 1739 1995 id
1758 1964 1884 2006 quidem
1905 1964 1997 2006 longe
2014 1963 2131 2006 potiori
2155 1963 2277 1996 ratione
2301 1975 2393 2006 quam
2410 1964 2449 1997 de

1441 2017 1619 2049 Gentilibus
1639 2029 1647 2049 :
1666 2018 1751 2060 quod
1777 2017 1881 2050 Judaei
1904 2017 1966 2048 vivi
1984 2018 2088 2060 apices
2105 2023 2178 2048 sunt
2194 2024 2449 2060 repraesentantes

1440 2071 1639 2103 Donninicam
1655 2071 1850 2114 passionem,
1873 2077 1903 2102 et
1927 2076 2020 2102 testes
2045 2070 2221 2102 divinarum
2238 2071 2422 2114 paginarum
2438 2081 2448 2103 ε

1442 2125 1583 2156 Gentiles
1599 2135 1664 2156 non
1682 2125 1736 2156 ita.
1758 2124 1874 2157 Confer
1890 2124 2053 2167 epistolam
2070 2130 2249 2166 sequentem
2262 2149 2270 2163 ‚
2289 2131 2319 2156 et
2333 2135 2449 2156 sermo-

1441 2189 1512 2209 nem
1530 2181 1572 2209 64
1588 2178 1619 2209 10
1634 2178 1775 2217 Cantica,
1793 2185 1823 2210 et
1836 2178 1952 2210 librum
1967 2178 2008 2210 ad
2020 2178 2138 2210 Milites
2151 2179 2292 2222 Templi,
2307 2190 2376 2221 cap.
2393 2181 2448 2211 10.

1492 2235 1558 2264 664
1586 2236 1626 2264 A.
1649 2232 1740 2274 juxta
1757 2238 1896 2264 tenorem
1921 2232 2082 2275 apostolici
2107 2232 2311 2264 mandati.——
2328 2233 2453 2265 Litterae

1443 2286 1572 2328 Eugenii
1594 2289 1642 2317 III
1655 2297 1712 2328 pro
1732 2286 1932 2329 expeditione
1950 2287 1983 2317 in
2002 2292 2115 2318 terram
2131 2291 2269 2317 sanctam
2284 2286 2454 2317 recitantur

1443 2339 1527 2382 apud
1544 2343 1693 2371 Ottonem
1713 2342 1736 2370 F
1740 2339 1940 2381 risingensem
1951 2364 1959 2378 ,
1980 2339 2019 2370 de
2035 2339 2139 2371 Gestis
2154 2338 2305 2370 Friderici
2318 2339 2400 2370 libro
2421 2342 2451 2378 1,

1444 2404 1513 2436 cap.
1537 2397 1593 2425 38.
1620 2393 1685 2424 Ubi
1709 2392 1850 2435 pontifex
1875 2403 1995 2424 sacram
2022 2391 2164 2423 militiam
2188 2391 2360 2434 professos,
2391 2403 2454 2424 non

1446 2453 1567 2478 tantum
1593 2446 1632 2478 ab
1651 2447 1764 2478 301111εο
1790 2446 1920 2484 debitis,
1947 2446 2002 2477 sed
2026 2451 2056 2477 et
2081 2445 2121 2476 ab
2147 2445 2248 2476 usuris
2272 2445 2456 2488 praestandis

1446 2501 1591 2532 absolvit.
1617 2515 1629 2526 u
1651 2500 1849 2542 Quicumque
1865 2510 1957 2537 vero,
1984 2514 1997 2526 »
2020 2499 2139 2541 inquit,
2159 2514 2172 2525 u
2190 2509 2251 2530 fere
2271 2505 2456 2542 premuntur

1450 2570 1462 2582 υ
1481 2555 1582 2586 3110110
1594 2580 1601 2594 ,
1621 2561 1651 2586 et
1668 2561 1731 2586 tam
1752 2560 1891 2585 sanctum
1908 2554 1968 2585 iter
1987 2564 2068 2596 puro
2085 2553 2180 2586 corde
2195 2553 2398 2595 incaeperim,
2418 2552 2458 2584 de

1440 2624 1463 2635 5»
1483 2610 1641 2651 praeterito
1662 2619 1770 2640 usuras
1787 2618 1851 2638 non
1866 2607 2007 2645 solvant,
2027 2613 2056 2638 et
2073 2607 2098 2638 si
2115 2607 2191 2649 ipsi,
2208 2607 2258 2638 vet
2270 2607 2323 2638 3111
2339 2617 2397 2649 pro
2414 2605 2457 2638 eis

1449 2678 1464 2688 υ
1485 2662 1646 2693 occasione
1663 2672 1827 2693 usurarum
1845 2660 1983 2692 adstricti
1997 2666 2088 2699 sunt,
2104 2665 2297 2692 sacramento
2311 2660 2360 2691 vel
2372 2659 2434 2691 fide
2446 2683 2454 2698 ,

1450 2733 1463 2745 »ι
1484 2719 1653 2760 apostolica
1672 2728 1724 2748 eos
1745 2715 1929 2748 auctoritate
1945 2714 2146 2746 absolvimus.
2162 2729 2175 2742 r>

1499 2774 1563 2803 664
1594 2774 1630 2803 Β.
1653 2774 1763 2802 Petrus
1780 2779 1919 2801 nomme.
1937 2788 1983 2791 —
2006 2767 2146 2800 Celebris
2171 2767 2229 2799 iste
2241 2770 2377 2805 Petrus,
2405 2777 2459 2798 co-

1449 2831 1617 2867 gnomento
1645 2824 1798 2859 [remita.
1818 2823 1857 2854 de
1883 2834 1946 2865 quo
1974 2821 2161 2854 Guillelmus
2183 2820 2297 2862 Tyrius
2321 2820 2354 2851 in
2377 2818 2458 2850 libro

1449 2880 1553 2922 primo
1567 2879 1606 2910 dc
1622 2879 1705 2910 bello
1719 2889 1806 2910 sacro
1820 2877 1935 2920 passim
1947 2900 1955 2914 ‚
1970 2882 2001 2908 et
2014 2874 2152 2908 Jacobus
2166 2884 2182 2905 a
2193 2873 2333 2905 Vitriaco
2351 2873 2384 2904 in
2401 2872 2460 2904 Hi-

1450 2934 1553 2966 storiae
1574 2931 1776 2965 occidentalis
1792 2931 1895 2973 capite
1914 2933 1966 2962 17.
1982 2930 2085 2971 Hujus
2094 2927 2230 2959 nominis
2245 2930 2373 2959 Petrum
2388 2928 2461 2957 Ere-

1450 2989 1558 3019 11111301
1571 3012 1578 3026 ,
1600 2987 1720 3018 Montis
1738 2982 2000 3026 Sancti-Quintini
2013 2992 2113 3025 prope
2129 2984 2284 3013 Peronam
2297 2979 2436 3011 Priorem
2449 3001 2458 3016 ,

1452 3041 1628 3073 invenimus
1640 3039 1673 3070 in
1684 3038 1874 3080 Necrologio
1887 3035 2082 3069 Corbeiensi.
2095 3038 2146 3067 An
2160 3034 2242 3065 idem
2253 3033 2291 3065 sit
2301 3044 2372 3065 cum
2382 3033 2440 3064 isto
2449 3053 2458 3069 ,

1452 3096 1506 3138 qui
1525 3096 1619 3126 0113111
1638 3094 1677 3125 (10
1694 3092 1837 3125 Acheriis
1853 3091 1971 3129 dictus,
1992 3089 2134 3122 nondum
2155 3099 2218 3132 pro
2235 3093 2396 3130 comperto
2410 3085 2462 3117 ha-

1453 3149 1576 3180 bemus.

1502 3205 1567 3235 664
1586 3206 1627 3234 D.
1653 3199 1861 3233 miserabilem
1885 3198 2054 3231 Orientalis
2072 3196 2217 3230 Ecclesiae
2236 3194 2396 3239 gemitum.
2416 3209 2463 3216 —-

1453 3256 1609 3289 Nimirum
1638 3266 1709 3286 cum
1728 3264 1812 3284 anuo
1835 3255 1920 3285 1144
1939 3252 2055 3283 nobilis
2073 3251 2180 3283 civitas
2203 3246 2460 3291 Mesopotamiae,

1453 3316 1539 3340 trans
1555 3309 1670 3340 ssumeu
1687 3307 1879 3349 Euphratem
1891 3329 1899 3341 ,
1917 3306 2024 3337 Edissa
2036 3329 2043 3340 ,
2064 3316 2082 3336 a
2105 3311 2246 3346 tempore
2268 3297 2462 3335 Constantini

1452 3363 1559 3405 Magni
1581 3362 1755 3393 christianae
1778 3359 1934 3401 religionis
1960 3358 2055 3390 cultui
2082 3357 2203 3396 dedita,
2228 3362 2258 3388 et
2282 3353 2366 3387 beati
2383 3351 2463 3385 Tho-
