2517 3920
366 198 465 235 1439

362 294 376 307 »
399 278 477 312 Eva
495 289 517 312 ::
540 289 561 311 ::
590 286 674 323 quae
698 285 776 309 non
805 271 879 322 egit
907 280 1041 309 contra
1073 268 1406 314 conscientiam,⁰⁴

939 195 1183 231 CAPITULA
1209 195 1464 230 HAERESUM
1493 195 1532 229 P.
1563 192 1862 229 ABAELARDI.

1412 268 1425 286 ⁵
1441 288 1454 301 υ
1478 269 1551 306 hoc
1580 269 1742 315 dixerit,
1766 269 1813 305 ad
1834 267 1992 305 modum
2025 268 2252 319 supradictae
2272 271 2440 307 auctori-

2340 191 2440 229 1440

361 354 375 368 »
397 335 578 384 quoniam
611 333 766 370 seducta
796 340 852 369 est
866 361 875 379 ,
907 340 944 368 et
975 340 1101 368 tamen
1132 339 1277 367 certum
1315 339 1371 367 est
1389 334 1419 366 A
1437 348 1451 364 »
1473 331 1558 367 tatis
1578 330 1675 367 hanc
1694 343 1849 380 quoque
1870 342 2064 379 exponere
2085 329 2203 366 decet.
2224 347 2238 363 »

361 412 377 428 τ)
398 408 481 432 eam
507 407 695 445 peccasse.
727 393 787 430 Ad
818 391 923 442 quod
945 405 1016 428 nos
1047 391 1228 437 dicimus,
1265 390 1369 440 quod

360 474 375 488 »
397 469 529 493 revera
548 455 603 492 illi
628 454 818 504 simplices
837 453 960 491 Judaei
987 466 1064 488 non
1089 451 1250 502 agebant
1271 464 1368 487 con-

359 525 454 553 »tra
483 515 772 562 conscientiam,
803 514 868 551 sed
900 514 1028 563 potius
1058 513 1140 549 zclo
1172 512 1264 561 legis
1293 525 1369 549 suae

361 595 376 611 »
397 577 586 616 Christum
619 575 974 628 persequebantur3
1007 587 1076 610 nec
1110 572 1298 623 putabant
1330 585 1369 609 se

360 654 374 669 >2
396 638 492 674 male
512 650 642 687 agere,
663 644 700 673 et
720 635 805 672 ideo
826 648 903 671 non
924 633 1133 684 peccabant
1151 648 1159 670 :
1182 646 1252 670 nec
1274 646 1367 683 pro-

356 714 371 729 »
392 705 478 747 pter
497 697 570 733 hoc
586 696 700 746 aliqui
717 709 850 732 eorum
875 695 1043 731 damnati
1065 703 1170 740 sunt,
1193 693 1259 730 sed
1281 707 1371 743 pro-

356 774 371 790 »
393 765 479 807 pter
498 755 753 807 praecedentia
774 763 943 805 peccata,
974 755 1110 791 merito
1141 767 1307 803 quorum
1327 753 1366 789 in

356 818 501 854 »istam
528 817 731 853 caecitatem
758 815 930 852 devoluti
954 823 1054 851 sunt.
1082 818 1130 851 Et
1154 814 1255 849 inter
1281 814 1367 850 illos

355 895 371 909 »
391 886 498 914 erant
518 877 626 913 electi
651 876 724 921 illi,
752 888 824 925 pro
851 873 992 924 quibus
1020 874 1190 911 Christus
1216 873 1363 917 oravit,

355 956 368 969 r
391 937 532 982 dicens,
552 938 681 981 Pater,
703 937 850 971 dimitte
871 937 958 978 illis,
982 935 1070 983 qnia
1086 938 1258 969 nesciunt
1277 935 1371 981 quid

355 996 536 1044 »faciunt
557 1003 581 1032 ¹.
604 1000 679 1033 Nec
703 995 825 1032 oravit
847 1002 889 1031 ut
913 994 985 1031 hoc
1008 1001 1207 1044 peccatum
1228 992 1282 1030 eis
1307 993 1366 1029 di-

350 1075 364 1089 »
386 1057 613 1101 mitteretur,
641 1069 726 1092 cum
747 1055 820 1091 hoc
840 1063 1037 1105 peccatum
1058 1067 1137 1090 non
1157 1062 1274 1101 esset,
1297 1053 1362 1090 sed
1384 1060 1411 1094 Β

350 1134 365 1149 »
387 1117 513 1166 potius
537 1124 692 1166 peccata
712 1114 978 1165 praecedentia.
1002 1132 1016 1147 »

511 1248 588 1277 XII.
614 1247 662 1276 De
678 1250 835 1287 potestate
855 1244 970 1286 ligandi
987 1250 1018 1275 et
1037 1243 1188 1275 solvendi.

401 1376 415 1391 a
438 1358 538 1395 Illud
565 1358 671 1408 quod
696 1359 733 1395 in
757 1358 937 1395 Matthaeo
966 1357 1117 1407 legitur,
1154 1359 1360 1404 Quaecum-

347 1436 362 1451 »
384 1422 639 1468 qneligaveris
656 1433 768 1468 super
780 1425 954 1464 terram²‚
982 1427 1053 1455 etc.
1071 1418 1123 1455 sic
1145 1417 1358 1467 intelligen-

348 1497 361 1511 ›⁵
387 1478 477 1515 dum
502 1488 557 1516 est
580 1495 587 1516 :
615 1482 867 1527 Quaecumque
887 1482 1053 1527 ligavere&
1072 1492 1186 1527 super
1202 1487 1354 1522 terram,

346 1556 361 1571 »
385 1537 424 1574 id
447 1547 503 1575 est
519 1539 556 1575 in
577 1539 755 1589 praesenti
775 1539 870 1585 vita,
890 1543 960 1574 erit
981 1541 1135 1588 ligatum
1157 1547 1193 1573 et
1215 1542 1253 1573 in
1279 1551 1357 1573 coe—

344 1614 358 1629 ›³
383 1600 449 1643 lis,
474 1597 511 1634 id
542 1606 619 1643 est,
653 1598 692 1634 in
727 1598 906 1647 praesenti
945 1597 1161 1634 Ecclesia.»
1192 1601 1240 1634 Et
1270 1605 1358 1647 post

342 1670 464 1708 pauca
489 1672 496 1693 :
520 1675 533 1690 «
556 1658 654 1695 Huic
685 1658 902 1704 sententiae,
937 1671 1013 1708 qua
1047 1658 1209 1694 dicimus
1230 1662 1355 1695 Deum

344 1737 359 1750 »
383 1719 507 1755 solum
529 1718 718 1755 dimittere
736 1728 890 1769 peccata
904 1749 913 1765 ,
933 1720 1183 1768 Evangelium
1201 1719 1355 1755 videtur

345 1778 537 1816 »obviare
561 1794 568 1816 :
595 1779 646 1815 ait
678 1792 842 1829 namque
870 1778 1039 1816 Christus
1066 1779 1112 1815 ad
1147 1779 1354 1829 discipulos

1497 449 1591 477 XIII.
1620 448 1668 477 De
1686 445 1898 487 suggestione,
1917 444 2144 483 delectatione,
2161 451 2191 477 et
2213 455 2379 478 consensu.

1489 561 1503 576 «
1526 543 1729 581 Sciendum
1753 557 1907 593 quoque
1937 542 2041 592 quod
2067 543 2256 593 suggestio
2280 557 2359 580 non
2387 552 2444 581 est

1438 623 1452 638 »
1474 614 1674 655 peccatum
1696 604 1750 641 illi
1771 604 1831 640 cui
1855 603 2046 653 suggestio
2067 604 2130 651 fit,
2152 617 2223 641 nec
2242 603 2443 641 delectatio

1434 683 1448 698 »
1474 677 1711 714 consequens
1729 663 2028 714 suggestionem,
2047 676 2133 712 quae
2156 662 2358 700 delectatio
2382 663 2443 700 in-

1437 743 1452 759 »
1472 734 1591 762 estex
1612 725 1829 762 infirmitate
1849 733 1886 761 et
1904 723 2087 760 memoria
2107 724 2334 774 voluptatis,
2357 738 2443 773 quae

1436 803 1450 818 »
1472 786 1584 823 estin
1607 786 1831 836 impletione
1857 785 1957 821 illius
1984 785 2038 821 rei
2067 797 2182 834 quam
2204 784 2443 822 adversarius

1434 864 1448 879 »
1469 846 1658 896 suggerit3
1680 846 1746 882 sed
1764 846 1867 882 solus
1882 836 2108 891 consensus,
2127 845 2192 894 qui
2209 853 2246 881 et
2266 853 2442 882 contem-

1435 923 1449 938 »
1470 915 1559 955 ptus
1578 906 1650 943 Dei
1669 906 1821 952 dicitur,
1842 906 1879 942 in
1901 919 1978 956 quo
2002 913 2200 956 peccatum
2222 905 2405 942 consistit.
2427 923 2442 939 »

1433 969 1479 1003 Et
1508 975 1596 1016 post
1623 980 1770 1016 pauca:
1790 983 1804 998 «
1825 969 1901 1003 Nec
1931 965 2092 1002 dicimus
2122 965 2227 1014 quod
2261 966 2441 1002 voluntas

1435 1044 1449 1058 »
1471 1026 1633 1063 faciendi
1655 1027 1727 1063 hoc
1747 1026 1808 1063 vel
1826 1025 1944 1071 illud,
1968 1039 2038 1063 nec
2064 1034 2102 1062 et
2123 1025 2250 1076 ipsum
2277 1039 2375 1076 opus
2395 1027 2443 1063 sit

1432 1104 1446 1118 »
1470 1095 1689 1136 peccatum,
1705 1086 1772 1124 sed
1786 1086 1933 1136 potius,
1954 1094 1996 1124 ut
2009 1086 2185 1136 superius
2202 1085 2345 1124 dictum
2363 1095 2440 1134 est,

1430 1164 1444 1179 »
1465 1146 1546 1197 ipse
1566 1148 1636 1185 Dei
1652 1155 1895 1197 contemptus
1914 1160 1961 1183 ex
1981 1147 2108 1197 aliqua
2125 1147 2336 1184 voluntate.
2360 1165 2375 1180 η

1429 1272 1520 1301 XIV.
1547 1270 1644 1310 Quod
1662 1269 1701 1301 ad
1723 1272 1847 1300 Patrem
1876 1269 2005 1312 proprie
2033 1268 2083 1300 vel
2102 1267 2279 1311 specialiter
2305 1268 2442 1311 pertinet

1814 1322 2052 1366 omnipotentia.

1480 1441 1493 1455 «
1516 1423 1552 1461 Si
1576 1423 1785 1473 potentiam
1808 1431 1882 1459 tam
1910 1421 1958 1458 ad
1981 1421 2155 1458 notitiam
2185 1421 2438 1471 subsistendi,

1426 1502 1440 1517 υ
1460 1497 1574 1533 quam
1609 1483 1657 1519 ad
1689 1483 1894 1519 efficaciam
1932 1481 2167 1531 operationis
2198 1482 2406 1519 referamus
2426 1510 2435 1526 ‚

1425 1544 1676 1581 »invenimus
1716 1543 1763 1580 ad
1801 1543 2077 1593 proprietatem
2109 1555 2283 1592 personae
2319 1544 2439 1581 Patris

1426 1605 1617 1654 »proprie
1652 1604 1711 1641 vel
1744 1604 1957 1654 specialiter
1993 1603 2311 1653 omnipotentiam
2347 1604 2438 1640 atti-

1426 1681 1441 1696 »
1462 1678 1582 1701 nere:
1612 1664 1716 1714 quod
1745 1677 1823 1700 non
1850 1663 1972 1700 solum
1998 1676 2085 1699 cum
2115 1663 2261 1700 caeteris
2290 1663 2438 1701 duabus

1423 1742 1437 1758 »
1459 1725 1632 1775 personis
1658 1738 1764 1774 aeque
1792 1724 1920 1761 omnia
1946 1724 2096 1760 efficere
2122 1732 2268 1775 potest,
2301 1737 2436 1761 verum

1425 1802 1439 1818 »
1459 1785 1571 1822 etiam
1602 1786 1683 1835 ipse
1717 1786 1819 1822 solus
1850 1799 1870 1822 a
1903 1798 2059 1832 se,non
2091 1784 2139 1821 ab
2162 1785 2236 1821 alio
2264 1785 2427 1822 existere

344 1856 359 1871 »
381 1852 470 1876 suos
484 1869 493 1886 ,
516 1841 688 1888 Accipite
708 1841 888 1888 Spiritum
906 1848 1270 1887 sanctlc1125q1cor11nz
1292 1852 1354 1874 re-
1376 1853 1403 1889 C
1424 1864 1438 1878 ,‚
1459 1845 1594 1893 habet,
1619 1854 1656 1882 et
1678 1845 1776 1883 Sicut
1794 1845 1910 1882 habet
1930 1857 1952 1880 a
1975 1858 2013 1881 se
2039 1844 2221 1892 existere,
2245 1844 2298 1882 ita
2324 1846 2435 1882 etjam

343 1916 357 1930 x
381 1903 555 1935 miseritis
567 1907 731 1947 peccata
752 1902 987 1934 remittuntur
1001 1903 1053 1934 eis
1062 1895 1086 1934 3.
1110 1898 1183 1936 Sed
1204 1912 1273 1934 nos
1291 1897 1350 1934 di-

345 1977 359 1991 »
379 1959 500 1995 cimus
515 1958 620 2008 quod
634 1959 706 1995 hoc
721 1958 863 1995 dictum
877 1967 931 1995 est
946 1959 1034 1995 solis
1045 1959 1256 2008 Apostolis,
1271 1972 1349 1994 non

342 2036 356 2051 »
379 2018 662 2055 successoribus
685 2032 832 2055 eorum.
857 2036 871 2051 »
904 2022 951 2055 Et
985 2018 1111 2055 statim
1142 2017 1320 2055 subditur
1340 2033 1348 2054 τ

344 2094 358 2110 ‹=
376 2078 412 2116 Si
433 2078 517 2128 quis
535 2086 660 2116 tamen
681 2078 962 2116 successoribus
983 2091 1117 2116 eorum
1141 2079 1348 2116 convenire

1420 1924 1434 1941 »
1456 1918 1502 1942 ex
1531 1919 1570 1943 se
1599 1904 1713 1941 habet
1737 1918 1862 1955 posse.
1884 1923 1899 1938 »

1418 2021 1511 2055 Hoec
1531 2028 1616 2055 sunt
1639 2020 1817 2069 Capitecla
1844 2020 2076 2070 Theologiae,
2099 2024 2174 2056 imo
2202 2021 2435 2070 Stultologiae

1755 2082 1860 2117 Petri
1883 2080 2099 2118 Abaelardi.

393 2212 400 2226 ¹
421 2209 495 2238 Luc.
520 2218 605 2237 xxm
621 2231 628 2242 ,
647 2210 701 2238 34.
719 2226 762 2230 —
778 2214 790 2229 ²
810 2207 1001 2239 Matth.xv1
1015 2232 1022 2246 ,
1050 2211 1102 2239 19.
1120 2227 1151 2232 ——
1178 2206 1192 2229 3
1207 2211 1300 2240 Joan.
1319 2219 1384 2247 xx,
1415 2211 1478 2246 22,
1500 2211 1555 2240 23.
