2565 3952
109 106 182 144 597

106 305 318 345 cancellarii
340 305 500 341 transire
529 317 607 340 non
632 303 790 350 habeat,
813 312 856 340 ut
874 304 935 340 vel
958 303 1023 339 vix
1047 302 1122 339 bo-

105 380 195 406 num
209 365 423 415 judicetur,
447 364 550 414 quod
566 364 648 414 ejus
665 365 773 415 prius
795 378 873 401 non
896 365 1010 401 fuerit
1031 378 1122 401 exa-

104 429 286 466 minatum
311 426 482 476 judicio,
507 426 749 463 moderatum
777 426 963 473 consilio,
992 425 1120 462 studio

104 489 350 533 roboratum,
377 496 413 524 ct
435 489 706 524 confirmatum
729 487 922 538 adjutorio
943 503 950 524 :
971 487 1030 524 cui
1052 486 1119 536 ju—

103 551 194 588 stius
225 549 297 586 erit
335 562 450 598 quain
488 549 560 599 ipsi
594 548 860 600 deputandum
881 579 890 595 ,
929 547 1120 598 quidquid

100 611 210 662 justis
232 611 270 647 in
290 611 452 660 negotiis
471 611 532 647 vel
553 610 737 647 infectum
752 640 762 657 ,
787 611 849 648 vel
879 611 1007 647 minus
1029 623 1120 660 per-

100 673 236 711 fectum
252 672 366 708 fuerit
383 671 667 722 deprehensum
680 701 689 718 ,
707 672 803 709 sicut
819 680 857 708 et
874 685 983 722 aeque
1004 685 1119 709 omne

73 766 79 774 ,
99 733 202 785 quod
222 732 442 770 invenietur
462 733 608 770 utiliter
623 742 737 783 atque
754 732 1000 770 laudabiliter
1022 747 1115 770 con—

21 2736 24 2751 1

49 2926 51 2954 l

0 3560 49 3952 z-——„„„
47 3513 49 3522 ,

99 796 352 834 summatum?
385 793 553 832 Proinde
587 802 653 831 aut
684 794 945 831 felicissimum
976 794 1117 831 merito

99 855 304 894 dixerimus
317 854 513 892 hominem
528 885 537 901 ,
553 855 619 905 qui
635 855 742 891 illum
759 855 888 892 locum
909 863 1032 902 tenet,
1053 863 1118 892 aut

98 923 197 954 certe
213 915 470 952 miserrimum
483 943 492 961 ‚
516 915 662 965 quippe
681 915 747 964 qui
766 915 938 952 universi
963 928 1118 965 semper

96 976 188 1014 boni
203 985 270 1013 aut
282 975 511 1027 participem
531 989 570 1013 se
588 976 670 1013 sine
688 975 808 1013 dubio
823 975 1025 1027 probabit,
1048 984 1114 1013 aut
1134 977 1162 1011 B

97 1039 242 1078 hostem
269 1054 277 1077 :
301 1038 471 1089 jureque
492 1039 531 1076 in
556 1052 643 1076 eum
666 1047 766 1086 tota,
797 1039 878 1075 sive
899 1039 1003 1085 laus,
1035 1039 1114 1075 sive

96 1100 328 1151 vituperatio
342 1130 352 1147 ,
375 1098 593 1137 versabitur
616 1113 688 1151 pro
708 1113 837 1137 rerum
860 1099 1047 1147 exitibus,
1077 1109 1116 1136 et

95 1175 252 1201 suorum
281 1162 428 1199 meritis
456 1161 686 1199 studiorum.
715 1165 853 1199 Beatus
883 1170 1011 1198 autem
1044 1161 1111 1211 qui

94 1222 219 1260 dicere
239 1222 384 1274 poterit
404 1222 572 1259 Domino
590 1237 598 1258 :
621 1224 819 1270 Par-ticeps
840 1235 906 1270 ego
928 1235 1010 1257 sum
1031 1235 1111 1257 om—

93 1288 192 1322 ιιίιιιη
223 1286 433 1320 tlmentium
455 1292 513 1328 te,
545 1292 581 1319 et
608 1284 893 1319 custodientium
923 1283 1110 1318 mandata

95 1353 158 1382 tua
175 1351 200 1382 ¹.

143 1405 180 1442 3.
203 1404 276 1443 Sed
303 1404 396 1455 quid
418 1404 594 1455 agimus?
621 1404 713 1441 dum
744 1417 825 1442 rem
853 1405 1108 1442 necessariam

92 1465 199 1504 vobis
227 1466 407 1503 intimare
435 1466 659 1516 satagimus,
682 1479 782 1517 pene
809 1465 919 1503 obliti
949 1479 1105 1513 sumus,

91 1541 203 1579 quam
225 1528 422 1578 occupatis
443 1527 604 1565 auribus
625 1528 697 1565 ista
720 1528 944 1578 ingerimus.
972 1531 1107 1576 Quan-

91 1602 201 1640 quam
219 1588 250 1626 si
263 1602 362 1640 opus
377 1588 426 1626 sit
438 1597 476 1626 et
490 1588 650 1637 fiducia,
672 1602 917 1640 nequaquam
938 1589 1108 1627 fortassis

89 1651 300 1701 importuni
330 1650 552 1688 videbimur
583 1666 591 1688 :
626 1652 657 1688 si
687 1659 815 1688 tamen
848 1651 1108 1689 recordamini

89 1723 165 1748 non
183 1719 315 1748 nostra
333 1711 491 1758 merita,
513 1711 579 1749 sed
605 1720 734 1749 vestra
762 1725 942 1758 munera,
966 1711 1108 1761 quibus

89 1771 188 1822 apud
208 1780 378 1809 nostram
396 1772 653 1809 humilitatem
674 1772 879 1822 dignanter
899 1773 989 1809 satis
1009 1773 1107 1809 ami-
1129 1777 1155 1812 C

89 1833 259 1871 citiarum
285 1834 386 1871 fores
413 1833 624 1885 anticipare
645 1834 806 1871 curastis
822 1835 851 1871 *.
884 1838 970 1871 Hoc
991 1834 1106 1871 nimi-

88 1908 192 1942 rum,
214 1895 287 1932 hoc
310 1903 449 1932 vestrae
473 1895 707 1945 dignationis
725 1910 768 1932 ac
790 1896 1008 1933 devotionis
1026 1896 1105 1932 cla-

87 1970 167 1994 rum
186 1956 397 1994 admodum
416 1957 566 2007 insigne
589 1966 785 2004 tenemus,
810 1957 915 2008 quod
939 1958 1105 1994 tantillos

88 2027 235 2066 tantus,
257 2019 451 2069 tantisque
477 2019 650 2056 intentus
668 2033 747 2056 non
778 2019 940 2056 dicimus
966 2033 1101 2056 mune-

86 2080 226 2118 randos
239 2109 248 2127 ,
272 2080 339 2118 sed
357 2081 418 2117 vel
436 2095 517 2118 esse
539 2081 764 2118 salutandos
785 2095 805 2118 a
825 2090 951 2118 vestra
970 2081 1103 2118 Excel-

85 2141 199 2179 lentia
214 2141 428 2192 judicastis.
447 2147 535 2193 Ipse
551 2143 680 2193 itaque
698 2142 809 2179 vobis
826 2156 897 2193 pro
915 2142 1101 2179 materiali

81 2198 297 2255 spirituale,
316 2204 423 2254 quod
440 2213 497 2242 est
510 2204 716 2256 sapientia,
737 2205 924 2241 retribuat
943 2218 1078 2241 aurum
1090 2233 1100 2250 ,

84 2265 146 2314 qui
168 2264 279 2302 nobis
301 2264 381 2315 jam
406 2265 566 2312 tribuit,
602 2280 682 2303 non
716 2274 791 2302 tam
823 2266 913 2303 <lato
943 2274 1074 2303 restro
1090 2295 1099 2312 ,

85 2339 194 2377 quam
217 2335 348 2364 vestro
371 2327 553 2365 delectari
574 2328 696 2365 lucro.
720 2328 865 2365 Valete.

82 2472 658 2484 u======m==v===v=zxummxnmnzuv====z
664 2475 718 2484 nnn
724 2475 953 2484 snxzwxzxnnswvstx
959 2475 1010 2484 ιιιι
1030 2476 1054 2484 xx
1060 2476 1068 2484 ι
1075 2476 1085 2485 x
1091 2477 1099 2485 ι

208 2583 596 2641 EPISTOLA
668 2578 976 2642 CCCXH.³

117 2737 162 2759 An
192 2738 417 2763 RAYNALDUM
446 2740 775 2764 ARCHIEPISCOPL‘M
807 2742 1012 2766 REMENSEM
1031 2729 1061 2767 *.

250 2859 298 2889 De
310 2857 448 2890 remissis
470 2858 510 2890 ad
535 2869 568 2889 se
592 2858 707 2890 litteris
724 2858 839 2901 gratias
856 2859 930 2901 agii.

82 2979 413 3017 Reverendissimo
439 2980 541 3030 patri
559 2993 602 3018 ac.
624 2980 784 3018 domino
806 2984 851 3018 R.
882 2982 952 3019 Dei
974 2984 1094 3032 gratia

130 3139 140 3154 ¹
156 3135 234 3166 Psal.
254 3147 361 3167 cxvxn
374 3162 382 3175 ‚
404 3140 458 3170 63.

1028 107 1292 142 EPIS'I'OLAE.

107 183 300 234 Siquidem
330 196 416 220 cum
440 183 589 219 nullum
621 182 740 218 ferme
768 183 833 217 liat
863 181 903 217 in
925 180 1020 217 orbe
1044 180 1158 217 bo-20

106 259 218 290 num,
242 244 346 294 quod
375 257 445 294 per
470 257 606 281 manus
630 242 921 292 quodammodo
956 243 1121 280 Romani
1141 246 1169 279 A

2134 122 2154 156 :3
2161 122 2210 157 98

1243 191 1492 228 Remensium
1511 193 1802 245 archiepiscopo
1817 225 1826 242 ,
1849 198 1965 236 frater
1984 204 2211 243 BER-*sauss

1245 250 1292 287 de
1324 252 1582 300 Clara-Valle,
1619 255 1799 303 salutem,
1832 266 1870 294 et
1901 259 1930 295 si
1964 261 2057 310 quid
2084 274 2212 313 potest

1244 312 1458 361 peccatoris
1479 314 1616 351 oratio.
2059 309 2072 314 ⁵

1243 435 1476 473 Benedictus
1493 440 1621 483 Deus,
1646 438 1711 488 qui
1731 452 1803 476 nos
1823 440 2039 480 litterarum
2063 455 2212 485 vestra-

1190 508 1275 531 rum
1294 495 1471 545 dignatus
1493 507 1550 535 est
1577 499 1797 537 visitatione
1819 503 2023 541 consolari.
2049 509 2095 542 Et
2125 510 2213 557 qui-

1189 554 1275 592 dem
1285 558 1484 606 potuimus
1496 559 1632 596 litteris
1644 560 1790 597 litteras
1802 570 2013 613 utcumque
2027 566 2208 606 reddere:

1188 616 1254 653 sed
1284 619 1441 667 quando
1471 620 1560 656 huic
1588 621 1718 670 grathe
1752 623 1964 661 sufficimus
1995 629 2210 678 rependere

1187 676 1331 724 vicem,
1355 693 1431 729 qua
1451 694 1522 718 nos
1543 694 1564 718 a
1584 681 1695 719 vobis
1721 681 2057 725 benedictionibus
2080 689 2211 728 dulce-

1188 737 1288 775 dinis
1316 748 1431 778 tantae
1452 751 1673 792 praeventos
1697 756 1779 781 esse
1804 746 1943 783 merito
1970 749 2207 800 gloriamur,

1187 800 1400 839 excitamur
1427 803 1785 851 exhortationibus,
1813 807 2108 848 salutationibus
2135 812 2209 850 ho-

1186 864 1400 898 noramur?
1424 863 1611 901 Homines
1644 865 1777 914 utique
1808 874 1883 903 tam
1914 867 1960 904 iis
1986 871 2208 910 nominibus

1185 921 1356 972 indigni,
1394 938 1509 974 quam
1536 924 1648 962 vobis
1673 926 1858 977 incogniti
1890 943 1897 965 :
1928 930 1995 967 sed
2025 941 2128 970 certe
2158 948 2204 972 eo

1184 985 1302 1033 magis
1324 999 1402 1023 non
1432 987 1592 1036 ingrati,
1619 1001 1697 1038 quo
1728 989 1855 1027 minus
1891 990 2010 1041 digni.
2043 997 2208 1032 Verum-

1184 1054 1311 1084 tamen
1329 1078 1338 1095 ,
1363 1048 1456 1085 dum
1476 1049 1557 1086 haec
1579 1050 1720 1096 facitis,
1752 1051 1875 1089 facitis
1896 1054 2001 1103 quod
2029 1055 2176 1094 (lebetis
2193 1087 2202 1104 ,

1182 1107 1272 1156 quia
1289 1109 1528 1159 sapientibus
1546 1119 1582 1147 et
1600 1111 1871 1162 insipientibus
1898 1114 2113 1154 debitorem
2133 1132 2202 1157 vos

1183 1181 1264 1205 esse
1287 1172 1529 1220 cognoscitis.
1553 1175 1651 1209 Sane
1671 1173 1735 1210 illa
1766 1174 1919 1224 opiniO,
1947 1176 2056 1226 cujus
2084 1180 2204 1218 odore

1178 1226 1285 1266 bono
1301 1239 1438 1268 vestrae
1456 1231 1651 1281 dignitatis
1669 1234 1936 1272 excellentiam
1956 1237 1995 1273 in
2013 1238 2051 1275 id
2070 1239 2205 1290 digna-

1179 1290 1295 1328 tionis
1323 1306 1413 1342 erga
1444 1293 1695 1343 pusillitatem
1724 1304 1894 1333 nostram
1931 1297 2055 1336 (licitis
2085 1302 2199 1340 fuisse

1177 1362 1392 1402 permotam
1407 1384 1416 1401 ,
1435 1355 1652 1404 periculosa
1669 1355 1825 1405 quidem
1838 1387 1846 1403 ,
1865 1357 1930 1394 sed
1949 1358 1987 1395 in
2006 1360 2076 1397 hac
2093 1372 2202 1412 parte

1178 1426 1256 1450 non
1274 1414 1521 1452 mediocriter
1539 1416 1709 1453 officiosa
1727 1432 1734 1453 ε
1753 1418 1936 1467 quoniam
1954 1433 1999 1456 ex
2014 1420 2087 1457 11ος
2105 1436 2202 1472 prae-

1178 1485 1357 1513 currente
1386 1486 1504 1514 vento
1533 1478 1680 1515 fructus
1715 1478 1778 1515 ille
1810 1481 2053 1531 peroptimus
2088 1483 2201 1522 nobis

1177 1545 1215 1574 et
1242 1538 1501 1588 gratissimus,
1524 1548 1560 1575 et
1584 1540 1650 1589 qui
1676 1541 1728 1576 nil
1759 1549 1877 1578 vento
1910 1542 2032 1580 simile
2061 1543 2197 1593 habet,

1176 1600 1378 1650 provenit,
1394 1600 1500 1650 quod
1523 1602 1561 1638 in
1580 1609 1686 1638 tanto
1713 1603 1783 1639 Dei
1800 1603 1973 1641 altissimi
1999 1606 2198 1644 sacerdote

1176 1660 1283 1710 prius
1303 1661 1445 1711 suscipi
1461 1661 1499 1697 in
1520 1662 1699 1711 gratiam,
1725 1676 1841 1712 quam
1863 1664 1903 1700 in
1923 1666 2097 1703 notitiam
2121 1681 2200 1705 me-

1176 1722 1381 1760 ruerimus.
1410 1727 1466 1761 De
1499 1724 1669 1761 adventu
1697 1733 1850 1773 nostro,
1880 1740 1949 1763 cur
1972 1728 2090 1765 modo
2118 1743 2195 1767 non

1175 1784 1395 1821 venerimus
1409 1813 1418 1830 ,
1439 1784 1518 1822 sive
1538 1785 1695 1835 quando
1714 1786 1846 1823 venire
1871 1786 2196 1838 disposuerimus,

1174 1845 1233 1881 vel
1256 1845 1285 1882 si
1303 1859 1389 1895 quae
1407 1854 1497 1883 sunt
1513 1846 1606 1893 alia,
1626 1860 1712 1897 quae
1731 1847 1777 1884 de
1795 1847 1906 1885 nobis
1928 1850 2082 1887 interim
2100 1855 2197 1890 San-

1174 1906 1293 1943 ctitati
1310 1915 1448 1944 vestrae
1469 1908 1516 1944 sit
1537 1908 1745 1954 sciscitari,
1771 1909 1908 1947 harum
1933 1911 2034 1948 lator
2058 1926 2195 1950 mona-

1173 1968 1265 2005 chus
1282 1998 1291 2014 ,
1320 1983 1434 2019 quem
1462 1969 1600 2006 adhoc
1622 1970 1750 2020 ipsum
1779 1972 2015 2021 praemittere
2045 1974 2197 2010 curavi-

1173 2042 1257 2066 mus
1283 2059 1292 2076 ,
1324 2030 1436 2068 vobis
1471 2031 1636 2068 fideliter
1678 2031 1725 2068 de
1757 2032 1940 2070 omnibus
1979 2034 2195 2072 satisfacere

1171 2099 1328 2140 poterit.

1183 2222 2196 2238 ιιιιιιιιιιιιιιιιιιιιιιιιιιιιιιιιιιιιιιιιιιιιιιιιιιιιιιιιιιιιιιιιιιιιι

1285 2322 1667 2381 EPISTOLA
1728 2318 2069 2385 CCCXIII.¹'

1169 2493 1214 2514 AD
1248 2493 1472 2516 GAEFRIDUM
1508 2496 1677 2518 ABBATEM
1717 2496 2012 2522 SANCTAE-MARIAE
2049 2502 2192 2525 EBORA—

1609 2557 1748 2581 CEXSIS.

1132 2708 1135 2712 ⁴
1171 2676 1372 2719 Religiosos,
1406 2688 1424 2708 a
1458 2678 1578 2709 laxiore
1614 2678 1652 2709 ad
1685 2680 1874 2711 strictiorem
1906 2682 2031 2713 xivendi
2062 2683 2193 2715 moduni

1216 2733 1352 2763 transire
1369 2733 1531 2770 volentes,
1547 2745 1613 2765 non
1634 2734 1852 2777 impediendos
1864 2761 1871 2775 ,
1895 2743 1925 2768 et
1942 2744 2099 2779 apostatas
2118 2750 2192 2770 een-

1218 2787 1351 2827 sendos,
1368 2788 1422 2830 qui
1439 2795 1510 2831 post
1524 2789 1689 2821 transitum
1711 2790 1854 2823 resiliunt
1871 2792 1910 2822 ad
1928 2793 2022 2824 vitani
2037 2794 2188 2836 priorem.

1166 2923 1260 2961 Viro
1276 2924 1492 2962 venerabili
1509 2925 1670 2964 domino
1688 2930 1908 2975 (ἄη-11111110,
1929 2928 2058 2966 abbati
2075 2931 2192 2968 eccle-

1219 2986 1282 3022 siae
1305 2987 1607 3025 Sanctae-Mariae
1628 2987 1883 3027 Eboracensis
1903 3020 1912 3037 ,
1946 2991 2064 3028 frater
2084 2994 2184 3028 ΒΕΓ.-

126 3195 139 3210 ²¹
161 3196 301 3237 Epistola
317 3208 399 3228 nova
418 3209 426 3229 :
448 3209 518 3241 (pize
535 3210 610 3231 vero
638 3206 730 3232 antea
759 3204 824 3232 312
845 3208 932 3240 erat,
952 3213 1036 3234 nune
1055 3206 1136 3235 398.
1156 3204 1278 3247 Scripta
1293 3204 1376 3237 circa
1393 3216 1511 3237 annum
1532 3210 1541 3238 1
1557 3210 1631 3239 1:30.

48 3293 49 3296 Ἰ
127 3239 143 3262 ¹¹
158 3249 244 3280 Alias
261 3250 391 3292 epistola
416 3255 477 3284 371
504 3263 511 3284 :
536 3265 606 3295 qnae
625 3265 698 3286 v<ero
712 3261 803 3286 antea
822 3259 886 3287 :515³
906 3263 992 3296 erat,
1018 3269 1100 3289 nune
1126 3261 1162 3290 31
1179 3262 1204 3290 1.
1225 3260 1347 3302 Scripta
1366 3272 1449 3292 anno
1471 3261 1587 3293 Christi
1620 3266 1629 3293 1
1646 3265 1719 3293 1530..
1741 3264 1842 3305 Hujus
1861 3264 1999 3306 epistola·
2021 3274 2187 3303 argninew

48 3346 49 3352 ἵ
83 3305 146 3332 111111
168 3303 282 3344 pendet
308 3316 345 3336 ex
366 3306 498 3347 epistola
517 3310 572 3339 94.
