2533 3920
351 214 424 251 311

357 290 524 328 mundus
541 286 744 337 repulerat.
774 286 898 319 Deum
927 291 1018 328 ergo
1044 277 1253 327 repellens,
1279 283 1317 311 et
1343 273 1382 310 a'

358 351 495 388 saeculo
524 346 677 397 repulsa
691 373 700 390 ,
726 343 825 379 inter
852 340 966 386 duas,
988 346 1031 375 ut
1049 337 1209 382 dicitur,
1234 335 1362 381 sellas,
1379 333 1412 367 A
1430 365 1556 376 -..mm

360 421 559 448 corrueras
576 407 604 442 *.
627 408 705 443 Nec
729 407 810 440 Deo
836 401 965 450 itaque
995 396 1171 442 vivebas,
1191 396 1280 446 quia
1300 408 1368 431 110-

361 470 489 515 lebas,
510 479 581 504 nec
609 463 768 507 saeculo,
803 461 891 510 quia
923 472 1002 495 non
1032 465 1186 508 poteras
1217 471 1225 493 :
1259 455 1368 492 alteri

364 529 519 580 quidem
539 527 670 563 volens
683 552 692 570 ,
710 521 817 559 alteri
834 520 971 566 invita,
990 517 1056 555 sed
1072 526 1196 554 tamen
1216 516 1369 564 utrique

363 597 526 627 mortua.
545 586 605 624 Sic
625 583 739 621 debet
758 581 978 630 contingere
996 579 1054 615 his
1073 577 1139 628 qui
1155 584 1316 622 vovent,
1333 582 1371 610 et

364 664 444 688 non
466 649 668 692 solvunt&
691 644 757 694 qui
776 641 880 680 aliud
906 641 996 678 foris
1022 646 1234 681 ostentant,
1256 644 1292 673 et
1309 635 1371 671 in-

364 720 424 748 tus
442 707 544 746 aliud
561 712 760 756 appetunt.
781 708 831 741 At
846 715 938 739 vero
964 714 1067 737 nunc
1086 712 1155 750 per
1174 698 1244 735 Dei
1265 696 1373 733 mise-

364 770 571 809 ricordiam
587 765 725 817 incipis
741 763 966 801 reviviscere
977 790 988 808 ,
1005 773 1084 797 non
1098 766 1254 809 peccato
1271 785 1280 802 ,
1307 755 1373 792 sed

361 831 538 881 justitiae3
560 841 639 865 non
664 825 802 863 saeculo
816 853 825 870 ,
849 823 914 860 sed
935 821 1084 860 Christo
1110 834 1117 856 :
1142 818 1263 856 sciens
1285 815 1375 866 quia

365 900 403 928 et
424 889 562 927 saeculo
583 887 711 923 vivere
727 913 737 930 ,
762 895 864 919 mors
887 889 963 926 est3
982 888 1019 916 et
1034 879 1074 915 in
1095 877 1243 916 Christo
1261 875 1374 912 etiam

366 951 487 996 mori,
504 949 594 985 vita.
611 945 715 984 Beati
735 955 874 992 nempe
894 939 1054 987 mortui,
1076 938 1142 988 qui
1155 937 1193 973 in
1208 934 1374 973 Domino

368 1011 598 1048 moriuntur.

369 1142 511 1168 cassam
534 1125 810 1177 professionem
832 1119 1073 1158 causabimur
1095 1133 1102 1155 :
1128 1131 1176 1154 ex
1204 1116 1277 1153 hoc
1299 1114 1379 1164 jam

370 1204 441 1228 nec
471 1186 645 1238 corporis
674 1183 870 1232 integritas
906 1179 1023 1217 animi
1052 1177 1300 1228 corruptione
1326 1176 1383 1211 in-

371 1248 611 1292 firmabitur,
649 1257 719 1281 nec
753 1255 905 1280 morum
938 1240 1126 1291 pravitate
1156 1236 1383 1287 virginitatis

373 1311 505 1348 titulus
532 1304 801 1344 obscurabitur
824 1318 832 1340 :
863 1316 910 1339 ex
934 1302 1007 1338 hoc
1036 1300 1114 1350 jam
1152 1312 1221 1336 nec
1246 1298 1381 1334 falsum

372 1382 533 1415 nomen,
552 1380 620 1403 nec
642 1377 804 1401 vacuum
829 1363 1002 1399 velamen
1029 1358 1212 1410 portabis.
1234 1355 1382 1406 L'tquid

373 1431 476 1467 enim
506 1428 690 1464 hactenus
718 1420 880 1460 nonnab
900 1430 938 1458 et
959 1417 1256 1457 sanctimonialis
1282 1415 1383 1452 voci-

376 1500 450 1528 tata
469 1502 527 1535 es,
545 1500 628 1537 quae
646 1484 715 1521 sub
734 1483 942 1520 sanctitatis
963 1480 1138 1525 nomine,
1157 1490 1235 1514 non
1258 1485 1383 1512 tamen

374 1559 502 1589 sancte
520 1553 744 1585 conversata
761 1545 823 1581 es?
850 1545 926 1580 Cur
941 1542 1067 1578 velum
1082 1540 1122 1576 in
1141 1538 1265 1588 capite
1280 1549 1384 1572 men-

374 1611 540 1650 tiebatur
559 1606 811 1645 reverentiam
826 1632 836 1648 ‚
855 1611 892 1640 et
908 1601 977 1639 sub
995 1601 1082 1637 velo
1102 1599 1279 1650 petulans
1297 1609 1384 1633 ocu—

372 1675 430 1711 lus
465 1668 671 1708 exhibebat
705 1663 1014 1716 impudentiam?
1043 1664 1165 1711 Caput
1196 1657 1384 1708 siquidem

373 1732 530 1785 gerebas
545 1730 715 1767 velatum
731 1757 740 1774 ,
761 1726 828 1763 sed
849 1726 991 1762 elatum
1016 1738 1024 1760 :
1050 1721 1120 1760 sub
1148 1721 1256 1770 signo
1278 1731 1386 1754 vere-

372 1793 521 1832 cundiae
552 1802 676 1827 sermo
712 1785 917 1824 resonabat
948 1781 1242 1820 inverecundus.
1271 1779 1385 1816 Risus

1127 202 1162 236 S.
1194 197 1445 235 BERNARDI
1476 194 1677 231 ABBATIS

1562 363 1688 374 sxavsxxxs
1694 358 2238 371 ι-ιιςιιιςιηιηπιιιιιικιιι-ηινιιιυιιιιι
2245 358 2439 369 κεινιινιιιιικ

1634 482 2017 540 EPISTOLA
2069 482 2247 539 CXV.

1438 647 1487 670 AD
1532 644 1651 668 ALIAM
1706 641 2043 666 SANCTIMONIALEM
2093 641 2144 664 DE
2204 639 2444 664 MONASTERIO

1654 702 1944 727 sAchr-Mamffi
1982 700 2186 724 TRECENSIS
2207 694 2234 724 ⁰.

1488 820 1654 853 Dissuadet
1673 819 1701 851 ei
1717 829 1857 850 eremum
1868 843 1875 857 ,
1894 828 1988 860 quam
2007 822 2124 848 temere
2139 822 2170 848 et
2189 815 2404 859 imprudenter

1855 872 2034 916 appetebat.

1501 997 1533 1034 1.
1556 995 1732 1033 Relatum
1752 1002 1809 1031 est
1828 993 1940 1039 mihi,
1965 1001 2002 1029 te
2022 991 2127 1042 quasi
2146 989 2350 1042 asperioris
2365 990 2451 1027 vitae
2501 1020 2503 1042 :

421 1071 457 1107 3.
474 1073 530 1106 Ex
545 1068 618 1103 hoc
638 1064 718 1114 jam
737 1075 806 1099 nec
832 1068 965 1097 votum
983 1068 1091 1095 tuum
1112 1057 1263 1094 irritum
1277 1085 1286 1102 ‚
1308 1068 1378 1092 nec
1398 1055 1426 1089 Β
1445 1056 1634 1094 desiderio
1678 1064 1783 1092 tuum
1819 1053 2092 1091 monasterium
2128 1053 2227 1089 velle
2265 1052 2451 1088 deserere.

1446 1120 1567 1165 Quam
1583 1129 1663 1152 rem
1684 1112 1992 1152 dissuadentibus
2006 1112 2075 1149 tibi
2094 1120 2207 1162 atque
2225 1111 2456 1148 omnimodis

1447 1175 1743 1228 prohibentibus
1766 1174 1955 1226 spirituali
1980 1173 2094 1218 matri
2115 1181 2189 1210 tuae
2205 1201 2214 1218 ‚
2237 1172 2317 1209 sive
2345 1184 2456 1208 soro—

1449 1237 1553 1275 ribus
1568 1267 1577 1284 ,
1602 1250 1688 1274 cum
1718 1236 1959 1286 acquiescere
1985 1234 2132 1280 nolles,
2161 1233 2348 1283 placuisse
2372 1239 2456 1268 tan-

1449 1299 1534 1350 dem
1564 1306 1738 1335 nostrum
1759 1309 1875 1346 super
1900 1295 1974 1332 hoc
1994 1294 2195 1332 consilium
2225 1293 2363 1342 eligere
2384 1306 2391 1328 :
2416 1298 2458 1328 ut

1449 1358 1638 1409 quidquid
1659 1371 1729 1407 ego
1750 1355 1984 1394 laudaverim
2000 1383 2009 1401 ,
2032 1354 2071 1391 id
2095 1353 2164 1390 tibi
2191 1352 2322 1390 credas
2342 1365 2457 1401 expe-

1450 1420 1542 1456 dire.
1564 1418 1760 1457 Debueras
1782 1417 1937 1467 quidem
1966 1415 2178 1452 doctiorem
2199 1412 2247 1450 ad
2273 1413 2347 1449 hoc
2367 1425 2459 1448 con-

1449 1481 1575 1517 silium
1599 1480 1738 1529 eligere
1765 1493 1772 1515 :
1799 1478 1889 1528 quia
1906 1485 2033 1513 tamen
2059 1475 2111 1512 sic
2136 1473 2204 1510 tibi
2231 1473 2356 1510 visum
2376 1480 2457 1519 est3
2500 1468 2503 1472 ⁴

1451 1540 1555 1590 quod
1573 1540 1661 1576 hinc
1680 1538 1773 1575 mihi
1792 1538 1932 1574 rectius
1950 1535 2104 1572 videtur
2119 1563 2129 1581 ,
2148 1547 2227 1570 non
2256 1533 2350 1569 celo.
2376 1535 2460 1569 Hoc
2501 1530 2505 1537 ’

1450 1602 1578 1651 itaque
1604 1610 1713 1637 tuum
1735 1599 1965 1636 desiderium
1993 1610 2041 1634 ex
2075 1609 2154 1646 quo
2184 1595 2377 1644 cognitum
2398 1593 2461 1630 ha-
2501 1617 2510 1644 ¹:

1450 1661 1539 1708 bui,
1558 1661 1728 1710 cogitans
1751 1667 1864 1708 atque
1882 1657 2096 1706 recogitans
2112 1668 2189 1705 quo
2205 1653 2361 1704 quidem
2384 1652 2462 1702 spi-

1451 1722 1527 1758 ritu
1548 1719 1792 1770 conceperis,
1814 1718 1921 1755 facile
1936 1716 2110 1767 judicare
2133 1728 2212 1752 non
2236 1713 2371 1751 audeo.
2388 1717 2462 1750 Po-

1453 1790 1507 1818 tes
1535 1793 1700 1830 namque
1729 1779 1769 1816 in
1801 1779 1871 1815 hac
1898 1791 1938 1814 re
1974 1777 2095 1813 zelum
2127 1775 2198 1813 Dei
2230 1773 2396 1820 habere,
2419 1781 2462 1810 ut

373 1850 682 1894 immoderatior,
709 1847 876 1884 incessus
903 1844 1080 1881 lascivior
1092 1871 1102 1889 ,
1131 1841 1289 1878 vestitus
1316 1852 1383 1875 or—
1403 1840 1429 1875 C
1450 1840 1677 1878 excusabilis
1694 1841 1742 1877 sit
1755 1848 1818 1876 tua
1830 1837 1992 1875 intentio
2010 1851 2017 1873 :
2033 1835 2098 1873 sed
2113 1834 2310 1885 quomodo
2326 1847 2463 1871 secun-

373 1914 521 1957 natior,
552 1909 756 1959 wimplatae=
775 1908 792 1921 *
823 1905 942 1954 magis
979 1916 1093 1953 quam
1125 1902 1257 1938 velatae
1289 1912 1385 1935 0011-

374 1980 566 2024 gruerent.
593 1969 666 2007 Sed
699 1981 785 2004 ecce
810 1965 889 2015 jam
912 1974 1040 2002 vetera
1061 1962 1209 1999 Christo
1232 1968 1386 1997 auctore

377 2033 634 2075 transierunt,
667 2037 704 2064 et
741 2039 842 2063 nova
876 2025 957 2061 fieri
988 2022 1179 2072 incipiunt
1214 2020 1342 2057 onmia
1376 2033 1384 2055 :

376 2095 467 2131 dum
485 2092 629 2129 cultum
644 2088 872 2125 exteriorem
891 2084 1074 2121 interiore
1092 2090 1303 2119 commutas
1319 2095 1327 2126 ;
1348 2088 1386 2116 ct

375 2154 494 2203 magis
508 2153 644 2195 vitam,
661 2161 774 2198 quam
792 2154 936 2183 vestem
955 2144 1103 2195 appetis
1120 2142 1260 2178 habere
1277 2154 1387 2178 orna-

377 2225 466 2252 tam.
488 2212 592 2251 Facis
612 2208 716 2260 quod
738 2207 853 2244 debes
871 2235 880 2251 ,
901 2206 978 2241 imo
997 2203 1100 2253 quod
1117 2202 1197 2252 jam
1218 2202 1308 2238 olim
1331 2202 1386 2237 fe-

377 2277 470 2313 cisse
494 2272 680 2309 debueras
704 2284 711 2306 :
747 2281 834 2304 nam
872 2266 962 2303 olim
993 2264 1070 2314 jam
1105 2275 1278 2299 voveras.
1315 2260 1388 2299 Sed

377 2336 564 2386 Spiritus,
601 2331 685 2380 qui,
722 2330 818 2366 sicut
856 2326 921 2363 11111
950 2326 1052 2371 vult,
1077 2324 1129 2360 ita
1163 2331 1200 2359 et
1233 2321 1387 2372 quando

375 2397 480 2442 vuit,
499 2394 638 2444 spirat,
660 2389 822 2426 necdum
841 2388 1062 2438 spiraverat.
1082 2389 1127 2421 Et
1143 2384 1285 2420 idcirco
1306 2383 1387 2419 for-

378 2458 475 2494 sitan
510 2453 613 2504 quod
635 2453 831 2500 hucusque
860 2448 986 2498 egisti,
1007 2446 1290 2483 excusationem
1321 2444 1389 2480 ha-

378 2518 455 2555 1101.
494 2520 680 2554 Caeterum
716 2512 746 2548 si
779 2511 1037 2547 flammantem
1071 2507 1272 2557 spiritum,
1311 2517 1389 2554 quo

378 2592 481 2617 nunc
503 2575 660 2614 recaluit
685 2574 763 2610 sine
790 2571 908 2608 (lubio
929 2583 995 2606 cor
1016 2578 1122 2605 tuum
1145 2568 1246 2604 intra
1265 2575 1299 2602 te
1315 2594 1324 2611 ,
1354 2572 1391 2601 et

1453 1902 1544 1939 dum
1580 1901 1776 1939 scientiam
1807 1908 1870 1937 tua
1910 1899 1992 1936 talis
2024 1898 2201 1934 voluntas
2234 1896 2462 1946 impleatur,

1453 1963 1612 2000 omnino
1644 1975 1723 1998 non
1750 1960 1876 1997 video.
1909 1961 2007 2005 Cur,
2037 1957 2187 2007 inquis?
2218 1969 2297 1993 non
2327 1964 2383 1993 est
2402 1969 2464 1993 sa-

1453 2037 1562 2074 pere,
1581 2031 1623 2060 ut
1650 2021 1886 2072 opulentiam
1903 2049 1912 2066 ,
1935 2028 1979 2056 ut
1996 2018 2102 2056 urbis
2123 2017 2377 2067 frequentiam
2391 2046 2401 2063 ,
2421 2024 2465 2054 ut

1453 2084 1609 2134 pinguia
1630 2083 1769 2132 fugiam
1790 2090 1828 2118 et
1860 2080 2036 2117 delicias?
2068 2092 2115 2115 an
2142 2091 2221 2114 non
2255 2090 2339 2114 mea
2372 2075 2464 2114 mihi

1453 2143 1636 2194 pudicitia
1660 2143 1779 2179 tutior
1798 2141 1870 2178 erit
1890 2141 1928 2177 in
1950 2152 2100 2184 eremo,
2122 2137 2188 2175 ubi
2205 2138 2243 2175 in
2264 2149 2359 2188 pace
2378 2149 2465 2174 cum

1453 2204 1604 2255 paucis,
1626 2212 1691 2240 aut
1722 2203 1802 2240 sola
1823 2213 2054 2239 conversans
2071 2228 2081 2245 ‚
2113 2199 2184 2236 soli
2213 2198 2382 2249 placeam
2405 2198 2465 2236 cui

1455 2278 1515 2301 me
1533 2263 1724 2314 probavi?
1749 2266 2011 2312 Nequaquam.
2037 2263 2132 2297 Nam
2154 2259 2299 2296 volenti
2325 2271 2465 2309 perpe-

1456 2339 1537 2362 ram
1555 2338 1664 2374 agere
1679 2353 1688 2370 ‚
1710 2332 1748 2360 01
1770 2323 1963 2359 desertum
1984 2320 2258 2357 abundantiam
2280 2319 2412 2366 habet,
2429 2327 2466 2356 et

2518 2150 2530 2168 ⁴2
2506 1969 2533 2111 ὸδυω
2502 1911 2527 1931 ζ.
2526 1866 2529 1869 .

1456 2398 1591 2421 nemus
1610 2383 1786 2420 umbram
1802 2410 1811 2427 ,
1843 2390 1881 2418 et
1907 2381 2100 2418 silentium
2122 2379 2303 2416 solitudo.
2322 2379 2465 2416 Malum
2501 2392 2504 2397 ·

1456 2445 1600 2494 quippe
1617 2443 1720 2493 quod
1738 2455 1853 2479 nemo
1869 2441 1973 2478 videt
1989 2469 1998 2486 ,
2022 2454 2136 2477 nemo
2154 2440 2289 2490 arguit.
2306 2439 2382 2478 L‘bi
2403 2454 2466 2477 au-

1458 2514 1532 2542 tem
1555 2519 1633 2542 non
1662 2505 1818 2541 timetur
1839 2503 2113 2553 reprehensor,
2132 2502 2302 2538 securius
2322 2501 2466 2538 accedit

1458 2574 1624 2602 tentator
1636 2594 1646 2611 ,
1666 2564 1840 2600 licentius
1856 2570 2100 2613 perpetratur
2110 2561 2302 2611 iniquitas.
2318 2565 2363 2598 In
2378 2573 2467 2597 con-

378 2641 416 2676 111
456 2633 768 2674 meditationibus
811 2631 884 2668 tuis
919 2629 1228 2666 exardescentem
1263 2627 1389 2676 ignem
1408 2630 1441 2663 D
1459 2635 1575 2663 ventu
1594 2638 1688 2661 vero
1710 2624 1809 2660 bona
1833 2624 1863 2660 si
1883 2636 1959 2673 qua
1979 2622 2069 2659 facis
2086 2651 2095 2668 ,
2126 2635 2241 2659 nemo
2260 2621 2465 2672 prohibet:

382 2696 642 2745 divinumjam
664 2691 853 2741 exstingui
879 2688 1119 2740 permiseris;
1141 2686 1233 2737 quid
1254 2694 1390 2732 restat,

385 2761 455 2797 nisi
481 2767 523 2795 ut
540 2767 575 2794 te
594 2756 647 2792 illi
667 2752 890 2791 servandam
913 2750 1066 2787 noveris
1087 2749 1188 2798 igni,
1218 2748 1284 2797 qui
1313 2760 1392 2784 non

383 2820 505 2871 possit
535 2815 751 2864 exstingui?
782 2811 854 2850 Sed
885 2811 1099 2859 exstinguat
1132 2808 1260 2858 potius
1290 2807 1390 2844 idem

385 2881 547 2932 Spiritus
564 2878 601 2914 in
623 2885 657 2912 te
674 2871 1001 2922 concupiscentias
1018 2869 1187 2906 carnales
1202 2897 1211 2914 ,
1229 2881 1276 2905 ne
1295 2868 1392 2904 sorte

384 2941 431 2977 ab
459 2939 516 2975 his
536 2936 741 2987 praesocato
761 2930 891 2982 (quod
913 2929 1009 2966 absit
1026 2929 1035 2966 1
1061 2941 1184 2978 nuper
1205 2934 1392 2976 concepto

1023 2967 1031 2979 l

384 3007 516 3036 sancto
538 2993 726 3033 desiderio
739 3022 748 3039 ,
767 2993 804 3028 iu
827 2992 996 3027 flammas
1013 2989 1209 3038 contingat
1226 2987 1394 3025 incidere

386 3057 626 3111 gehennales.

435 3206 450 3222 ὃ
477 3199 566 3230 Alias
579 3222 586 3235 ‚
608 3203 716 3227 elnon
735 3192 885 3225 reddunt.

1460 2687 1600 2723 malum
1618 2693 1743 2721 autem
1766 2684 1887 2720 facere
1906 2683 1936 2720 si
1964 2683 2022 2719 vis
2037 2711 2046 2729 ,
2070 2682 2267 2719 nonlicet.
2292 2685 2386 2719 Mox
2408 2689 2466 2718 et-

1461 2747 1563 2784 enim
1586 2760 1606 2783 a
1631 2744 1806 2796 pluribus
1839 2743 2094 2794 comperitur,
2125 2743 2321 2792 arguitur,
2341 2754 2467 2779 0111011-

1459 2807 1572 2843 datur
1595 2821 1602 2842 :
1637 2805 1733 2842 sicut
1762 2818 1782 2840 e
1809 2803 2003 2840 contrario
2032 2802 2178 2840 bonum
2205 2816 2291 2840 cum
2313 2802 2466 2849 vident,

1459 2880 1592 2904 omnes
1609 2866 1818 2911 mirantur,
1840 2872 2093 2910 venerantur,
2117 2863 2329 2901 imitantur.
2355 2863 2467 2902 Vides
2501 2876 2503 2882 ⁴
2523 2867 2526 2877 ¹

1460 2941 1570 2977 ergo,
1598 2927 1692 2974 filia,
1727 2925 1832 2976 quod
1867 2934 1905 2962 et
1931 2933 1996 2962 tua
2028 2925 2163 2962 merita
2197 2924 2403 2962 immanior
2426 2924 2466 2961 in

1461 2996 1653 3025 conventu
1684 2988 1804 3037 gloria
1834 2986 2023 3036 sequitur,
2056 2993 2094 3022 et
2124 2985 2236 3021 citior
2270 2985 2467 3035 culparum

1463 3049 1648 3087 correctio
1673 3064 1680 3086 :
1702 3047 1856 3098 quando
1880 3047 1933 3084 ibi
1954 3055 2058 3094 sunt,
2077 3054 2114 3083 et
2133 3040 2272 3096 quibus
2292 3045 2339 3084 de
2355 3045 2467 3084 bonis

434 3246 450 3269 b
474 3254 546 3282 Vox
563 3261 600 3281 ex
620 3249 740 3290 Regula
756 3250 787 3279 S.
810 3246 967 3278 Benedicti
983 3244 1101 3282 efficta,
1129 3245 1161 3276 111
1190 3255 1250 3286 qua
1264 3244 1404 3288 juniores
1428 3244 1550 3276 Priores
1574 3254 1664 3282 suos,
1689 3245 1844 3279 Νοηιιοε,
1870 3241 2028 3285 appellare
2037 3241 2190 3284 jubentur
2205 3241 2238 3273 in
2253 3240 2355 3283 eapite
2371 3243 2426 3273 63.

432 3311 445 3325 ⁶
471 3308 630 3335 Hactenus
652 3307 804 3344 superstat
828 3300 912 3342 apud
929 3303 1042 3331 ’111-0115
1061 3298 1141 3330 istud
1166 3298 1388 3330 monasterium
1414 3298 1472 3330 sub
1496 3299 1614 3341 Regula
1640 3300 1671 3329 S.
1696 3296 1853 3329 Benedicti
1876 3307 1882 3327 :
1902 3295 1955 3327 ubi
1978 3295 2086 3337 religio
2119 3301 2186 3326 tum
2207 3295 2354 3326 innovata
2378 3299 2464 3332 erat,

387 3365 462 3390 teste
478 3356 650 3390 Bernardo.
