2517 3920
258 188 350 225 1571

256 266 323 297 Cap.

258 326 290 346 lv

262 655 294 676 VI

265 820 310 841 x11

268 930 329 951 VIII

269 1040 301 1061 lx

262 1433 293 1453 xl

263 1541 309 1562 xl}

262 1652 322 1673 XIII

262 1763 315 1784 XIV

264 1873 303 1893 M*

266 1982 318 2002 XVI

266 2092 334 2115 xtss

269 2205 350 2225 xvut

269 2316 323 2337 ΧΓ(

268 2429 309 2449 XX

270 2540 322 2561 xx}

272 2651 341 2671 xxu

1017 181 1051 216 S.
1082 178 1334 215 BERNARDI
1362 175 1564 212 ABBATIS

428 309 569 344 Primus
582 305 735 342 veritatis
744 304 871 351 gradus
887 311 949 346 est,
965 304 1120 351 primum

475 376 511 399 se
523 365 638 410 ipsum
654 362 849 401 attendere,
866 373 926 396 seu
944 359 1122 407 propriam

477 420 653 454 miseriam
663 427 866 463 agnoscere.

427 475 610 510 Secundus
636 473 763 519 gradus
796 471 947 506 veritatis
981 475 1050 508 est,
1085 480 1123 503 ex

479 530 655 575 agnitione
694 528 848 574 propriae
883 524 1096 559 infirmitatis
1112 550 1119 563 ‚

479 586 635 633 compati
652 584 802 619 miseriae
820 581 982 629 proximi.

431 642 572 676 Tertius
598 641 724 687 gradus
755 638 926 676 veritatis,
954 635 1125 670 mundare

478 697 622 732 oculum
649 694 766 729 cordis
784 692 827 727 ad
853 689 1124 737 contemplanda

481 751 634 786 coelestia
651 755 684 783 et
702 749 831 783 dixina.

437 805 629 849 Quomodo
653 809 772 839 sancta
794 803 949 837 Trinitas
971 801 1035 836 hos
1059 806 1125 834 tres

478 863 630 896 veritatis
638 860 768 906 gradus
781 861 817 893 in
830 858 933 892 nobis
945 863 1120 903 operetur.

439 917 578 951 Gradus
597 916 702 949 iidem
723 916 757 948 in
772 919 874 959 raptu
893 913 1004 948 sancti
1027 913 1125 946 Pauli

480 972 715 1005 declarantur.

437 1028 594 1061 Gemitus
608 1032 641 1060 et
659 1025 806 1072 suspiria
823 1024 933 1059 sancti
953 1023 1103 1058 Benardi
1115 1051 1122 1061 ,

479 1082 522 1116 ad
536 1083 723 1117 Veritatem
742 1081 951 1115 anhelantis.

396 1200 462 1224 Pars
475 1200 596 1224 secunda
605 1217 615 1229 ,
627 1200 661 1223 de
679 1198 831 1224 duodecim
845 1197 979 1231 gradibus
992 1197 1143 1229 superbiae.

430 1311 482 1343 De
509 1309 626 1355 primo
645 1309 818 1356 superbiae
837 1309 946 1354 gradu
962 1335 971 1348 ,
994 1308 1055 1354 qui
1073 1313 1124 1342 est

479 1364 671 1399 curiositas.

426 1422 478 1454 De
508 1420 666 1454 secundo
691 1419 801 1465 gradu
831 1419 1004 1466 superbiae
1017 1445 1025 1459 ‚
1062 1419 1122 1463 qui

478 1480 528 1508 est
550 1475 668 1509 levitas
687 1475 807 1508 animi.

435 1531 487 1562 De
515 1529 618 1563 tertio
641 1528 753 1574 gradu
780 1527 969 1575 superbiae,
990 1528 1051 1573 qui
1075 1534 1124 1562 est

483 1585 600 1630 inepta
620 1584 752 1618 laetitia.

432 1642 483 1673 De
501 1645 626 1685 quarto
646 1641 756 1686 gradu
775 1639 950 1686 superbiae
963 1667 970 1679 ,
995 1640 1055 1686 qui
1073 1646 1125 1674 est

476 1696 657 1739 jactantia.

433 1753 484 1784 De
501 1751 629 1796 quinto
647 1751 758 1797 gradu
776 1751 964 1798 superbiae,
989 1752 1050 1796 qui
1066 1751 1124 1785 di-
1141 1768 1145 1772 ⁴

482 1807 574 1840 citur
597 1808 828 1853 singularitas.

430 1863 482 1894 De
500 1867 594 1896 sexto
615 1863 725 1907 gradu
750 1861 935 1908 superbiae,
953 1862 988 1895 id
1006 1867 1055 1896 est
1073 1872 1125 1895 ar-

481 1917 655 1962 rogantia.

432 1973 484 2004 Dc
501 1972 651 2016 septimo
668 1971 778 2017 gradu
793 1970 980 2017 superbiae,
1002 1971 1062 2015 qui
1081 1975 1129 2004 est

486 2028 725 2073 praesumptio.

435 2083 487 2114 De
503 2088 625 2117 octavo
641 2083 751 2128 gradu
770 2082 943 2128 superbiae
957 2110 965 2122 ‚
994 2082 1054 2127 qui
1080 2087 1129 2116 est

482 2137 640 2172 defensio
653 2143 891 2184 peccatorum.

439 2195 491 2226 De
508 2204 606 2227 nono
636 2194 745 2239 gradu
769 2193 963 2240 superbiae,
997 2192 1058 2238 qui
1077 2198 1126 2227 est

480 2248 639 2282 simulata
659 2248 845 2282 confessio.

432 2306 484 2337 De
504 2304 645 2338 decimo
661 2304 773 2350 gradu
789 2303 982 2350 superhiae,
999 2303 1060 2348 qui
1077 2308 1127 2337 est

486 2359 643 2394 rebellio.

440 2419 492 2450 De
510 2414 703 2449 undecimo
720 2415 832 2460 gradu
855 2413 1046 2459 superbiae,
1069 2413 1129 2457 qui

482 2476 531 2506 est
547 2471 690 2505 libertas
702 2471 888 2517 peccandi.

436 2530 488 2561 De
502 2526 716 2561 duodecimo
731 2525 841 2571 gradu
861 2524 1050 2571 superbiae,
1068 2524 1129 2569 qui

485 2587 534 2615 est
555 2581 774 2616 consuetudo
797 2580 979 2627 peccandi.

441 2640 495 2671 An
514 2642 547 2670 et
564 2637 748 2682 quomodo
783 2636 961 2670 orandum
984 2645 1049 2681 pro
1071 2634 1130 2668 de-

485 2692 629 2737 speratis
676 2697 709 2725 et
739 2692 888 2726 mortuis
926 2689 1125 2724 secundum

489 2746 654 2779 animam.

584 2869 669 2898 VIII
701 2868 971 2897 TRACTATUS.

501 2967 572 3004 DE
602 2966 899 3006 DILIGENDO
928 2965 1053 3004 DEO.

445 3080 665 3116 Admonitio.

443 3136 619 3170 Praefatio.
649 3134 870 3174 Haimerico‚
891 3135 1046 3169 ecclesiae
1072 3136 1134 3167 Ilo-

494 3202 609 3226 manae
629 3191 782 3225 diacono
800 3190 989 3229 cardinali,
1009 3195 1044 3224 et
1058 3199 1136 3223 can-

491 3245 644 3281 cellario.

448 3303 585 3342 Quare,
608 3306 642 3335 et
660 3300 842 3346 quomodo
871 3298 1070 3345 diligendus
1096 3299 1138 3333 sit

491 3359 600 3391 Deus.

1201 253 1265 285 Peg

1173 416 1263 447 1291

1174 583 1263 613 1293

1177 749 1267 778 1295

1177 860 1266 891 1296

1177 971 1267 1000 1298

1179 1082 1270 1112 1300

1176 1367 1267 1396 1303

1174 1478 1266 1507 1310

1176 1588 1267 1618 1310

1177 1701 1267 1730 1311

1177 1810 1266 1840 1312

1176 1920 1269 1950 1313

1180 2029 1271 2060 1311

1178 2140 1269 2174 1314

1178 2251 1271 2281 1315

1181 2362 1271 2391 1316

1180 2472 1271 2502 1317

1183 2583 1274 2612 1317

1186 2746 1276 2775 1318

1189 3083 1279 3112 1325

1190 3246 1282 3277 1329

1189 3359 1279 3388 1330

1330 251 1398 283 Cap.

1333 318 1358 339 11
1497 307 1593 340 Deus
1622 307 1841 349 quantopere
1869 301 1913 337 ab
1946 302 2093 337 homine
2123 313 2191 337 me-

1549 365 1667 395 reatur
1685 360 1813 400 amari,
1841 358 1889 393 ob
1906 359 2001 393 bona
2020 365 2098 393 tum
2115 370 2194 393 cor-

1547 416 1644 462 poris
1659 443 1667 453 ,
1684 420 1760 449 tum
1785 414 1924 449 animae.
1946 413 2139 456 Quomodo
2157 425 2196 448 ea

1550 470 1771 516 agnoscenda
1785 497 1794 510 ,
1831 475 1865 503 et
1905 470 2068 504 habenda
2113 469 2198 502 citra

1549 525 1715 560 donantis
1732 525 1780 569 inj
1790 525 1913 559 uriam.

1335 594 1375 616 ιιι
1509 581 1697 616 Christiani
1711 585 1862 626 quantos
1873 580 2027 615 habeant
2038 580 2197 615 stimulos

1552 637 1697 671 amandi
1715 639 1831 671 Deum
1849 648 1922 683 prae
1939 635 2155 670 infidelibus.

1337 706 1367 727 u·
1492 694 1648 736 Quinam
1678 704 1721 727 ex
1750 694 1817 728 Dei
1841 694 2086 727 recordatione
2112 703 2197 726 con-

1554 749 1764 785 solationem
1780 749 1921 795 capiant
1938 764 1945 783 :
1967 749 2070 794 quive
2088 747 2201 793 magis

1553 805 1597 839 ad
1615 806 1691 849 ejus
1709 815 1864 838 amorem
1877 805 2008 839 idonei.

1337 871 1352 892 v
1516 861 1716 894 Christiano
1737 865 1911 905 quantum
1928 858 2116 894 incumbat
2136 858 2194 892 de-

1553 915 1667 949 bitum
1690 916 1829 949 amoris.

1337 981 1367 1003 vr
1494 971 1610 1004 Brevis
1649 969 1944 1016 anacephalaeosis
1988 975 2022 1004 et
2061 980 2198 1004 summa

1550 1024 1813 1070 praedictorum.

1508 1081 1585 1113 Non
1617 1080 1691 1114 sine
1719 1080 1837 1113 fructu
1863 1084 1897 1113 et
1921 1078 2071 1126 praemio
2100 1079 2200 1124 diligi

1555 1137 1693 1176 Deum3
1731 1140 1764 1168 et
1795 1135 1940 1168 terrenis
1976 1145 2051 1169 non
2086 1134 2203 1169 satiari

1554 1190 1704 1224 humani
1724 1190 1842 1225 cordis
1867 1191 2074 1237 appetitum.

1507 1247 1559 1280 De
1577 1247 1692 1292 primo
1711 1246 1823 1291 gradu
1845 1247 1988 1286 amoris,
2003 1257 2074 1292 quo
2088 1245 2201 1290 diligit

1548 1301 1659 1335 homo
1677 1312 1712 1335 se
1729 1307 1874 1347 propter
1891 1313 1938 1336 se.

1336 1369 1368 1390 ix
1509 1357 1561 1389 De
1591 1357 1746 1391 secundo
1770 1362 1805 1390 et
1833 1357 1940 1391 tertio
1967 1356 2079 1402 gradu
2105 1366 2199 1390 amo·

1525 1422 1582 1445 ris.

1334 1479 1352 1500 x
1512 1468 1565 1501 De
1583 1471 1709 1510 quarto
1730 1465 1843 1511 gradu
1866 1465 2012 1507 amoris,
2034 1476 2116 1500 cum
2133 1476 2201 1500 nec

1548 1532 1582 1555 se
1607 1521 1722 1567 ipsum
1754 1521 1870 1567 diligit
1893 1522 2003 1556 homo
2027 1522 2094 1556 nisi
2121 1532 2201 1568 pro·-

1552 1582 1628 1622 pter
1646 1580 1773 1612 Deum.

1334 1645 1366 1666 xi
1505 1636 1586 1668 llaec
1607 1635 1737 1668 amoris
1755 1635 1928 1679 perfectio
1945 1645 2019 1669 non
2034 1634 2203 1681 competit

1552 1690 1657 1724 etiam
1667 1691 1789 1723 solutis
1798 1689 1985 1724 animabus
1994 1689 2195 1729 beatorum,

1551 1751 1631 1779 ante
1646 1745 1952 1779 resurrectionem.

1505 1801 1557 1833 De
1572 1799 1742 1834 charitate
1760 1811 1799 1833 ex
1815 1800 1959 1845 epistola
1973 1799 2017 1834 ad
2036 1799 2202 1834 Cartusia-

1555 1865 1619 1889 nos
1637 1855 1775 1901 scripta.

1512 1912 1566 1944 De
1584 1911 1659 1955 lege
1677 1910 1830 1957 propriae
1856 1909 2044 1944 voluntatis
2062 1915 2096 1944 et
2112 1909 2205 1956 cupi-

1558 1965 1695 2006 ditatis,
1714 1976 1894 2000 servorum
1916 1970 1950 2000 et
1962 1965 2203 1999 mercenario—

1556 2032 1649 2055 rum.

1509 2077 1561 2110 De
1580 2077 1656 2122 lege
1674 2076 1854 2111 charitatis
1872 2076 2040 2113 filiorum.

1338 1091 1384 1112 vu

1337 1256 1398 1278 vm

1339 1810 1385 1831 ΧΠ

1340 1921 1401 1943 x111

1340 2086 1392 2107 xlv

1339 2141 1378 2163 xv
1512 2132 1563 2164 De
1578 2137 1730 2176 quatuor
1748 2131 1914 2177 gradibus
1933 2132 2074 2172 amoris,
2091 2136 2125 2165 et
2138 2131 2231 2166 felici

1554 2193 1643 2222 statu
1654 2188 1776 2234 patriae
1789 2188 1952 2222 coelestis.

1667 2323 1714 2350 IX
1746 2320 2016 2350 TRACTATUS.

2240 171 2338 207 1572

2274 248 2337 281 Pag.

2248 528 2339 558 1331

2247 638 2340 672 1334

2249 806 2340 836 1337

2249 917 2340 948 13ΛΟ

2244 1027 2334 1059 1312

2250 1194 2341 1227 1343

2249 1304 2340 1336 1317

2251 1413 2345 1448 1349

2253 1582 2344 1612 1350

2251 1748 2342 1778 1352

2254 1859 2345 1888 1355

2252 2025 2344 2055 1357

2252 2081 2345 2110 1359

2254 2189 2346 2221 1360

1377 2416 1447 2454 DE
1480 2398 1683 2459 GRATIA
1717 2421 1786 2458 ET
1815 2418 2012 2458 LIBERO
2041 2418 2314 2457 ARBITRIO.

1486 2529 1708 2565 Admonitio.

1485 2586 1663 2620 Praefatio.
1700 2587 1846 2619 Domno
1873 2582 2063 2617 Guillelmo
2090 2581 2207 2616 abbati

1534 2641 1653 2676 Sancti
1670 2638 1909 2673 -Theoderici.

1345 2711 1366 2733 1.
1487 2698 1540 2732 Ad
1564 2696 1651 2730 boni
1677 2695 1792 2741 operis
1816 2694 1996 2732 meritum,
2027 2704 2098 2727 una
2124 2703 2207 2727 cum

1538 2751 1649 2797 gratia
1666 2750 1745 2788 Dei,
1766 2759 1978 2784 concurrere
1996 2746 2100 2781 liberi
2118 2746 2208 2781 arbi-

1538 2807 1595 2840 trii
1611 2816 1834 2840 consensum.

1348 2875 1384 2897 11.
1491 2862 1589 2903 Quid
1610 2861 1760 2895 liberum
1776 2859 1980 2898 arbitrium,
2001 2868 2061 2892 seu
2078 2858 2116 2892 in
2137 2868 2209 2902 quo

1539 2916 1707 2952 consistat
1725 2915 1877 2949 libertas.

1350 2985 1398 3007 ιιι.
1492 2971 1685 3017 Triplicem
1711 2980 1783 3004 esse
1809 2968 2004 3002 libertatem
2019 2994 2027 3007 ‚
2049 2968 2207 3006 Naturae,

1543 3024 1671 3059 Gratiae
1683 3051 1693 3064 ,
1711 3022 1854 3057 Gloriae.

1352 3092 1394 3114 iv.
1499 3079 1621 3122 Qualis
1652 3078 1796 3113 libertas
1825 3081 2002 3122 competat
2024 3074 2210 3110 animabus

1543 3134 1671 3169 sanctis
1689 3143 1796 3167 carne
1813 3133 1934 3166 solutis
1951 3147 1958 3165 ι
1980 3142 2024 3176 qu
2032 3142 2102 3165 aeve
2118 3132 2206 3170 Deo,

1544 3195 1579 3223 et
1603 3188 1702 3223 omni
1729 3192 1898 3222 creaturae
1921 3185 2087 3220 rationali
2115 3195 2210 3219 com-

1540 3245 1669 3278 munis.

1351 3313 1380 3334 v.
1495 3303 1550 3335 An
1577 3299 1718 3334 libertas
1745 3309 1763 3332 a
1793 3297 1943 3336 miseria,
1973 3307 2032 3331 seu
2058 3295 2212 3342 compla-

1547 3354 1620 3395 citi,
1640 3345 1742 3389 detur
1757 3353 1795 3386 in
1812 3352 1880 3387 hoc
1898 3352 2041 3387 saeculo.

2256 2530 2348 2562 1363

2257 2641 2349 2672 1365

2259 2803 2350 2836 1365

2260 2914 2351 2945 1367

2260 3023 2352 3053 1370

2262 3242 2352 3272 1372

2264 3351 2353 3382 1375
