2517 3920
348 292 420 327 907

347 371 508 402 damnant.
535 370 595 401 Alii
620 376 743 400 censent
768 368 945 410 hujusmodi
974 368 1053 398 bella
1078 367 1110 398 111
1130 365 1300 407 Religionis
1324 370 1354 394 et

349 426 492 457 Ecclesiae
516 425 662 462 damnum
683 424 766 465 geri,
793 422 891 453 foveri
913 422 1060 458 licereses,
1084 421 1152 450 loca
1171 422 1236 450 Deo
1253 418 1353 448 dicata

354 478 530 520 profanari,
557 477 731 509 conculcari
758 487 865 513 sacra,
896 475 1023 505 miseros
1048 472 1204 515 opprimi,
1234 471 1352 512 Reipu-

349 532 437 563 blica¹
467 538 578 563 statum
605 531 814 574 pessumdari,
846 528 986 560 Ecclesiae
1003 528 1138 568 vigorem
1157 525 1353 566 dignitatem-

352 598 412 628 que
429 586 618 618 labefactari.
638 586 723 616 Alios
739 591 841 615 tamen
867 582 1004 612 inx‘enics
1018 605 1025 617 ,
1041 580 1092 621 qui
1109 579 1174 609 lucc
1194 579 1273 608 mala
1291 577 1351 607 dis-

352 643 495 674 simulent
510 666 517 680 ‚
540 648 593 672 aut
609 641 736 683 palliare
754 639 880 674 norint,
898 647 1030 678 eosque,
1055 644 1187 676 quorum
1211 642 1303 674 opera
1323 636 1353 661 et

353 696 496 738 auspiciis
519 695 586 727 hmo
610 701 769 736 geruntur,
801 691 926 723 summis
949 690 981 720 111
1003 689 1114 720 0111111111
1136 685 1280 717 laudibus
1304 695 1354 714 ve-

351 750 438 782 hant.
466 753 525 781 Per
548 750 613 781 hacc
632 756 735 780 tamen
757 746 893 778 debitam
910 742 1067 775 Ludovico
1080 766 1087 779 ,
1115 741 1139 771 si
1156 750 1248 780 quam
1266 738 1353 768 dein-

353 815 424 845 ceps
437 804 581 834 adultiori
597 809 684 833 :mate
702 801 821 832 laudem
842 798 975 834 meruit,
995 796 1167 827 detractum
1183 804 1247 823 non
1261 793 1351 823 imus.

351 860 442 888 Forte
456 857 536 888 enim
559 857 647 887 annis
667 855 834 889 maturior,
856 851 948 883 rebus
971 849 1117 892 przcclare
1135 846 1225 888 gestis
1241 844 1354 887 prioris

351 911 447 942 :statis
473 911 608 941 maculas
630 910 715 940 eluit.
748 911 827 939 Nam
851 904 992 947 pluribus
1014 902 1103 933 anuis
1123 899 1282 931 Bcrnardo
1302 910 1353 929 su-

350 971 465 1005 perstes
482 964 539 994 fuit
554 975 561 994 :
582 969 722 993 mortuus
735 961 880 991 nimirum
899 968 980 989 anno
999 960 1009 987 1
1023 960 1097 987 180.
1114 953 1264 994 Quamvis
1282 952 1354 983 resi·

350 1018 504 1064 pise-cutia*
530 1017 639 1047 indicia
664 1016 720 1058 ipsi
750 1025 873 1056 quoque
904 1011 1063 1045 Beruardo
1089 1009 1209 1040 dedisse
1240 1008 1351 1048 legam.

350 1074 427 1101 Nam
444 1071 484 1101 ita
498 1071 536 1100 de
549 1081 585 1100 eo
600 1069 737 1100 AEmilius
751 1068 782 1098 in
795 1067 954 1098 Ludovico
968 1068 1032 1096 VII
1051 1076 1058 1096 :
1078 1080 1091 1091 κ
1109 1067 1177 1094 Rex
1195 1078 1206 1089 n
1234 1061 1352 1104 (Ludo-

351 1125 445 1163 xicns)
461 1139 473 1149 a
493 1135 602 1165 magna
618 1130 645 1154 et
666 1123 710 1153 ira
724 1147 731 1161 ,
755 1129 784 1153 et
807 1132 900 1152 manu
917 1121 1019 1151 illatus
1035 1134 1047 1146 »
1065 1118 1191 1159 (nempe
1208 1116 1239 1147 in
1252 1115 1354 1146 Theo-

347 1178 474 1208 baldum
492 1177 634 1208 comitem
656 1175 844 1215 Blesensem)
869 1190 881 1201 α
910 1174 1138 1209 Victoriacum,
1161 1170 1243 1213 quod
1265 1170 1354 1212 oppi-

350 1248 361 1257 ›·
383 1231 456 1261 ‹luin
490 1230 546 1261 sub
575 1236 726 1273 potestate
752 1228 903 1260 Blesensis
935 1234 1018 1264 erat,
1051 1232 1175 1268 captum
1208 1223 1349 1266 diripuit.

350 1302 363 1311 »ν
381 1285 514 1316 Profana
533 1296 682 1326 sacraque
700 1285 768 1315 loca
784 1283 849 1314 siue
872 1281 1048 1313 discrimine
1068 1279 1202 1311 incendit
1215 1303 1222 1316 ,
1239 1278 1271 1308 111
1288 1277 1354 1308 aede

351 1355 363 1366 ι»
381 1340 520 1381 principe
554 1339 593 1370 ad
628 1339 711 1370 mille
737 1338 920 1379 quingentos
950 1335 1082 1378 puberes
1114 1332 1353 1375 impuberesque

350 1409 363 1419 υ
381 1393 554 1435 promiscue
576 1392 749 1430 combusti,
769 1391 820 1432 qui
841 1390 1000 1421 sanctitate
1026 1387 1132 1430 templi
1158 1387 1287 1418 salutem
1307 1392 1353 1417 te-

352 1464 366 1472 2,
386 1447 482 1483 cluri,
505 1447 543 1478 ad
564 1458 687 1478 ararum
708 1446 836 1477 tutelam
863 1444 1016 1486 supplices
1041 1441 1254 1483 confugerant.
1272 1442 1353 1471 Mox

351 1516 366 1525 υ
385 1511 416 1531 se
433 1501 578 1543 colligens
592 1504 672 1538 Rex,
689 1499 804 1541 ingenti
823 1498 929 1529 dolore
943 1504 1035 1539 atque
1049 1496 1120 1526 inde
1139 1506 1272 1525 moerore
1285 1504 1355 1525 cor-

351 1570 363 1580 »
385 1560 510 1596 reptus,
547 1566 578 1585 se
605 1554 780 1590 aflictabat,
816 1563 917 1593 neque
945 1551 1061 1582 solatiis
1091 1550 1160 1581 ullis
1200 1549 1356 1580 sublevari

352 1623 364 1633 n
385 1614 505 1649 poterat
524 1618 531 1639 ς
547 1619 616 1638 011111
630 1607 718 1638 (111-115
734 1606 910 1638 Bernardus
932 1605 971 1636 ad
984 1606 1070 1635 illum
1087 1604 1171 1635 venit
1185 1609 1331 1634 evocatus
1345 1627 1352 1641 ,

351 1676 363 1687 κ
382 1660 465 1702 quod
493 1661 523 1691 in
549 1672 586 1692 eo
614 1661 745 1691 multum
778 1659 947 1690 divinitatis
969 1660 1126 1690 eluceret:
1144 1669 1180 1689 ac.
1192 1659 1243 1700 jac
1265 1663 1356 1688 antea

350 1730 364 1740 ιι
384 1725 453 1755 rege
476 1716 586 1745 Crasso
602 1739 610 1752 ,
629 1725 800 1755 quercuum
818 1714 829 1755 (
848 1720 879 1744 ut
896 1713 1149 1754 praedicabatur)
1170 1723 1359 1744 secessuum-

352 1782 362 1792 »
381 1778 440 1808 que
453 1767 620 1809 discipulus
637 1792 644 1805 ,
664 1774 694 1802 et
717 1767 803 1798 nullo
829 1773 979 1809 pi-zeterea
1000 1772 1194 1808 praeceptore
1217 1765 1358 1797 doctissi-

351 1836 364 1846 υ
382 1831 465 1855 mus,
486 1832 503 1851 e
525 1821 691 1852 solitudine
709 1821 741 1851 in
761 1820 989 1859 celebritatem,
1009 1831 1045 1851 ex
1063 1820 1173 1851 umbra
1191 1820 1223 1850 in
1239 1820 1336 1851 solem
1348 1844 1356 1857 ,

353 1889 363 1899 υ
385 1874 576 1906 sanctitatem
597 1874 866 1916 eruditionemque
890 1875 1085 1917 importarat.
1116 1877 1144 1905 [s
1172 1880 1247 1905 tunc
1264 1874 1359 1904 intro-

354 1942 365 1952 ν»
383 1928 491 1958 missus
505 1952 512 1966 ,
540 1938 575 1959 ac
604 1929 860 1960 reverendissime
876 1940 893 1960 a
907 1932 992 1970 Rege
1009 1935 1155 1971 exceptus
1170 1953 1177 1966 ,
1205 1939 1275 1959 cum
1294 1928 1360 1969 ejus

354 1995 366 2006 n
384 1979 489 2011 ssetum
507 1982 718 2024 conspiceret,
743 1993 930 2025 causamque
947 1982 1103 2014 didicisset
1121 1986 1218 2022 :Hae‚
1236 1982 1357 2024 inquit,

353 2050 365 2061 n
384 2035 538 2077 lacyrmae,
551 2036 608 2067 nisi
621 2037 682 2068 cito
696 2043 887 2075 exarescant,
903 2037 1098 2079 exstinguere
1112 2043 1242 2080 possunt
1250 2037 1357 2068 Victo-

353 2106 365 2113 ..
384 2089 527 2121 riaceusis
541 2090 674 2122 incendii
691 2092 884 2123 memoriam.
899 2094 1035 2122 Tantum
1049 2091 1129 2123 adde
1144 2092 1202 2122 illis
1216 2097 1358 2122 constan-

354 2158 365 2169 »
386 2143 460 2173 tiam
486 2144 659 2186 roburque,
691 2151 720 2177 et
752 2156 792 2176 ne
829 2145 865 2177 sit
895 2146 978 2177 velut
1007 2146 1169 2177 muliebris
1200 2145 1358 2187 ploratus,

353 2212 365 2222 ›·
388 2196 490 2227 viriles
515 2208 550 2228 ac
577 2209 649 2229 vere
674 2199 773 2241 regios
794 2200 913 2230 animos
932 2211 1013 2241 gere.
1039 2215 1051 2227 υ
1073 2202 1226 2232 Caeierum
1241 2210 1309 2240 quae
1323 2198 1363 2229 de

354 2250 498 2282 frustrata
530 2263 546 2282 a
581 2252 737 2283 Ludovico
764 2253 980 2296 episcoporum
1010 2253 1161 2285 electione
1183 2252 1233 2283 hic
1255 2251 1362 2283 dicun-

355 2310 405 2334 tur
421 2329 428 2342 ,
450 2305 612 2336 manifesta
625 2311 696 2336 sunt
711 2317 748 2336 ex
763 2307 843 2337 notis
865 2306 904 2337 ad
921 2305 1083 2348 epistolam
1103 2308 1181 2336 219.

405 2361 470 2389 45ss
490 2362 531 2390 D.
551 2359 604 2390 sed
618 2360 670 2401 qui
684 2360 799 2392 electus
812 2366 867 2391 est.
882 2379 927 2383 —
944 2359 1114 2392 Gaufridus
1128 2358 1362 2391 Catalaunensis

355 2412 518 2454 episcopus
529 2437 537 2450 ‚
560 2413 598 2443 de
620 2424 682 2454 quo
699 2414 730 2444 in
747 2414 875 2456 epistola
904 2419 945 2445 1ῑῦ
961 2439 968 2452 ,
991 2420 1131 2445 mortuus
1145 2424 1227 2444 anuo
1249 2416 1260 2444 1
1274 2416 1337 2444 1512
1352 2424 1359 2451 ;

354 2465 384 2495 111
410 2467 496 2508 cujus
521 2467 622 2498 locum
651 2467 766 2499 electus
789 2468 913 2506 Guido,
936 2468 975 2499 de
998 2479 1059 2510 quo
1083 2467 1147 2499 hic.
1180 2470 1363 2498 Samsonem

354 2522 539 2551 Renlenscm
567 2520 851 2563 archiepiscopum,
881 2522 965 2564 quod
1004 2521 1189 2553 Theobaldo
1223 2521 1359 2559 faveret,

351 2574 533 2616 expulerant
550 2575 625 2616 regii
642 2575 792 2612 ministri,
812 2576 865 2618 qui
886 2576 970 2607 urbis
989 2576 1133 2607 ecclesias
1154 2577 1363 2607 Sanctae-Ma-

352 2626 426 2664 riae,
457 2628 728 2670 Sancti-Remigii,
757 2630 994 2661 Sancti-Nicasii
1027 2629 1310 2672 depraedabantur,
1333 2634 1364 2659 et

358 2680 571 2712 suburbanum
601 2682 902 2715 Sancti-'theoderici
929 2683 1162 2714 monasterium.
1194 2683 1286 2714 Nulla
1313 2681 1363 2713 hic

357 2734 469 2764 mentio
484 2735 531 2776 (ut
552 2736 583 2766 in
600 2735 730 2778 epistola
749 2740 827 2775 222,
845 2748 876 2768 11.
894 2736 979 2778 [Ode
992 2736 1156 2768 Parisicnsi
1167 2736 1360 2778 episcopatu,

356 2788 389 2816 in
408 2799 468 2828 quo
481 2789 546 2829 jam
560 2789 716 2831 Stephano
734 2797 857 2821 mortuo
875 2791 1059 2832 subrogatus
1073 2797 1139 2821 crat
1149 2789 1362 2821 Tbeobaldus.

415 2850 478 2878 [158
499 2850 537 2878 A.
557 2849 646 2879 tertio
662 2849 758 2881 ferme
774 2851 1046 2892 consanguinitatis
1064 2851 1160 2892 gradu
1179 2860 1364 2893 permanens

357 2899 552 2930 consobrina.
563 2919 607 2922 —
625 2906 761 2933 Joannes
781 2904 869 2945 Resly
884 2904 915 2934 in
932 2904 1067 2935 Historia
1081 2904 1190 2944 gallica
1208 2904 1363 2936 Comitum

363 2952 596 2984 t'ictaviensium
612 2979 619 2992 ,
641 2966 711 2997 pag.
734 2959 795 2988 145
810 2981 817 2994 ,
835 2957 877 2988 sic
893 2958 1028 2999 explicat
1044 2958 1128 2989 1111110
1148 2958 1279 3000 gradum
1294 2969 1365 2989 con-

358 3005 573 3046 sanguinitatis
594 3007 673 3038 111101
686 3009 877 3041 Ludox-icum
892 3014 953 3042 VII
970 3018 999 3042 et
1014 3012 1201 3043 Eleonoram
1216 3013 1281 3054 ejus
1294 3023 1367 3043 cou-

354 3058 459 3098 jngem
471 3081 477 3093 ‚
496 3058 656 3089 Guillclmi
676 3061 796 3092 comitis
816 3063 998 3103 Aquitanici
1015 3064 1109 3095 filiam
1121 3089 1128 3101 ,
1147 3072 1181 3096 ut
1201 3065 1366 3096 Aldeardis

358 3111 520 3142 Eleonorae
536 3113 662 3153 proavia
681 3124 768 3144 soror
782 3114 873 3146 fuerit
893 3117 998 3147 uxoris
1015 3117 1182 3148 Humberti
1202 3129 1228 3148 11
1244 3118 1366 3149 comitis

358 3166 607 3203 Maurianensis‚
621 3167 815 3208 proindeque
829 3174 991 3200 matertera
1008 3170 1115 3201 Adelze
1126 3196 1133 3208 ,
1151 3182 1220 3212 quae
1237 3171 1294 3202 suit
1308 3174 1367 3202 Lu-

359 3218 460 3249 dovici
480 3220 558 3260 regis
576 3225 685 3252 mater.

407 3274 471 3303 459
489 3275 526 3302 Α.
547 3276 581 3303 111
598 3273 712 3304 indicta
726 3273 904 3305 celebritate
918 3276 1002 3316 apud
1017 3278 1366 3320 Sanctuin-Dionysium

356 3335 517 3366 speramus
538 3325 643 3357 videre
671 3336 736 3357 vos.
762 3345 806 3348 ——
828 3330 880 3358 An
909 3328 1042 3359 indictus
1071 3331 1155 3371 regni
1182 3332 1366 3373 optimatum

355 3382 548 3409 conventus?
566 3389 606 3409 an
638 3378 748 3410 Iudicti
774 3380 957 3419 celebritas,
987 3393 1055 3423 qua}
1086 3394 1190 3414 mense
1210 3384 1365 3416 februario

357 3429 388 3459 in
409 3430 485 3461 sesto
511 3431 711 3463 dedicationis
741 3433 825 3474 apud
855 3435 1199 3478 Sanctum-lHom-sium
1230 3439 1341 3469 colitur
1356 3463 1362 3476 ‚

356 3482 424 3523 ipso
440 3484 489 3514 die
508 3485 604 3515 sancti
622 3485 749 3517 Mathia=
764 3490 776 3518 2'*

848 293 896 326 le<
927 291 1106 325 TOMUM
1136 287 1331 323 PRIMUM
1364 288 1568 322 OPERUM
1598 288 1632 321 S.

1666 285 1919 320 BERNARDI
2349 282 2424 319 908

1470 367 1536 396 400
1551 367 1583 395 C.
1604 364 1760 395 Andream
1777 363 1816 393 de
1832 362 2046 393 BaldementO.
2060 380 2104 384 ——
2119 362 2262 393 Andreas
2275 363 2331 394 iste
2347 364 2426 395 cele-

1420 419 1483 449 bris
1494 418 1551 448 fuit
1564 442 1570 455 ,
1588 417 1744 458 variisque
1757 416 1887 458 negotiis
1900 415 2068 447 adhibitus.
2086 416 2259 449 Subscribit
2274 418 2428 459 primariis

1419 471 1528 502 litteris
1544 470 1678 502 abbatiae
1694 470 1868 512 Caricampi
1882 471 1913 500 in
1930 469 2084 512 Spicilegii
2101 476 2185 501 tomo
2201 474 2233 508 2,
2249 481 2321 512 pag.
2339 470 2423 510 3293

1420 534 1448 559 et
1466 538 1535 558 cum
1562 525 1722 557 Bernardo
1742 525 1826 556 testis
1845 524 1982 556 babetur
2003 524 2178 556 concordiae
2193 524 2275 555 inter
2293 523 2427 555 Ludovi-

1419 592 1491 612 cum
1513 580 1676 612 Juniorem
1702 585 1733 610 et
1758 579 1935 621 Algrimum
1960 579 2221 610 Aurelianensem
2241 577 2428 610 archidiaco-

1419 646 1494 665 num
1515 634 1599 664 initae
1617 632 1743 664 Cbesnii
1758 638 1843 663 tomo
1860 635 1891 670 fi,
1917 643 1986 675 pag.
2002 635 2081 663 764.
2097 637 2134 664 In
2150 632 2315 663 traditione
2330 632 2426 664 eccle·

1419 688 1471 718 site
1507 687 1546 718 de
1576 687 1825 719 Veteri-Creceio
1837 711 1844 724 ,
1880 698 1937 729 per
1978 685 2194 718 Burchardum
2234 685 2427 718 Meldensem

1419 742 1600 783 episcopum
1628 752 1711 772 anno
1741 744 1828 772 1122
1859 741 1943 772 facta
1961 740 2152 772 monasterio
2178 740 2428 772 Sancti-Martini

1420 796 1458 827 de
1478 795 1619 837 Campis,
1635 795 1667 825 fii
1690 795 1819 826 aliarum
1840 795 1935 826 etiam
1961 806 2065 826 rerum
2085 795 2212 826 donatio
2228 805 2285 837 per
2301 794 2429 837 Stepha-

1420 861 1494 881 num
1512 849 1619 881 Rorici
1633 849 1730 880 filium
1743 875 1750 889 ,
1767 865 1781 876 κ
1798 849 1985 881 Theobaldo
1998 849 2111 880 comite
2124 855 2277 892 111-10501110
2288 874 2295 887 ,
2315 849 2430 881 domno

1422 919 1434 930 n
1452 903 1580 935 Andrea
1594 903 1632 934 de
1649 903 1858 934 Baudimento
1879 903 2028 935 laudante
2043 912 2080 934 ea
2099 914 2168 945 quse
2186 903 2226 934 ad
2242 914 2313 948 eum
2335 904 2430 945 perti-

1422 974 1434 986 »
1449 958 1578 989 nebant.
1597 973 1610 985 n
1625 958 1712 990 Idem
1727 958 1870 990 Andreas
1888 959 2027 991 interfuit
2040 959 2173 991 concilio
2186 958 2333 990 Trecensi
2349 970 2431 991 anno

1426 1016 1435 1043 1
1450 1016 1526 1050 128,
1549 1024 1587 1044 ex
1604 1013 1734 1055 prologo
1754 1013 1882 1055 Regula:
1899 1014 2164 1056 Templariorum.
2183 1012 2299 1045 Confer
2315 1013 2429 1055 episto-

1420 1066 1481 1096 lam
1502 1067 1580 1097 284.

1471 1121 1532 1150 461
1552 1120 1586 1150 C.
1605 1130 1646 1149 An
1667 1131 1803 1150 ramum
1824 1131 2079 1151 monacensem
2100 1131 2270 1158 annnam,
2290 1131 2432 1157 conona-

1422 1184 1559 1203 Rm'TEM
1586 1184 1676 1210 Qcon
1702 1185 1732 1203 Et
1765 1185 1833 1204 NON
1860 1185 2109 1205 scamann'r.—
2128 1172 2290 1205 Mauricus
2309 1172 2340 1202 111
2364 1175 2430 1205 An-

1421 1227 1544 1258 nalibus
1566 1227 1606 1258 ad
1629 1237 1747 1259 annum
1765 1231 1776 1259 1
1791 1231 1851 1260 135
1865 1253 1872 1266 ,
1889 1239 1962 1270 cap.
1982 1231 2014 1266 3,
2031 1227 2202 1263 existimat,
2222 1226 2305 1258 hanc
2317 1227 2431 1269 episto-

1420 1281 1484 1312 lam
1512 1281 1657 1323 scriptam
1689 1292 1755 1312 esse
1783 1293 1865 1313 anno
1898 1284 1908 1312 1
1923 1285 1983 1314 135
1999 1293 2007 1320 ;
2041 1281 2096 1313 sed
2125 1281 2203 1312 ordo
2232 1281 2433 1323 epistolarum

1420 1336 1654 1378 qualiscumque
1681 1347 1855 1378 repugnare
1879 1336 2015 1367 videtur.
2034 1339 2072 1367 Et
2098 1342 2182 1367 certe
2206 1335 2231 1366 si
2256 1334 2434 1366 conferatur

1421 1401 1491 1421 cum
1510 1390 1639 1433 epistola
1661 1391 1802 1432 sequenti
1820 1401 1836 1422 a
1862 1394 1954 1422 Petro
1970 1389 2153 1421 Venerabili
2171 1389 2259 1421 istius
2272 1387 2434 1419 occasione

1421 1443 1570 1486 rescripta
1584 1469 1591 1482 ,
1614 1444 1813 1475 manifestum
1830 1444 1881 1475 fiet
1897 1444 1981 1475 hanc
1997 1443 2090 1475 fuisse
2115 1443 2263 1485 scriptam
2279 1448 2347 1485 post
2362 1441 2433 1473 Lin-

1422 1497 1565 1539 goncusis
1588 1498 1747 1529 electionis
1769 1498 1895 1536 turbas,
1917 1509 1986 1539 quae
2007 1509 2090 1529 anno
2111 1501 2194 1529 1138
2210 1497 2383 1539 contigere,
2400 1503 2435 1527 ut

1422 1562 1515 1593 supra
1537 1551 1575 1581 ad
1601 1551 1765 1594 epistolam
1789 1554 1850 1583 164
1879 1552 1997 1583 dictum
2013 1558 2071 1583 est.
2094 1553 2144 1584 Sic
2163 1552 2247 1583 enim
2266 1550 2434 1594 respondet

1424 1604 1621 1636 Venerabilis
1638 1609 1748 1637 Petrus
1767 1616 1774 1636 ε
1794 1621 1808 1632 «
1827 1606 1964 1647 Quando
1981 1606 2134 1648 exstingui
2151 1605 2199 1637 vel
2216 1604 2307 1636 obrui
2323 1603 2437 1646 poterit

1426 1675 1440 1685 υ
1460 1659 1597 1690 sincerus
1624 1671 1696 1701 erga
1714 1671 1769 1691 vos
1789 1666 1819 1691 et
1842 1660 1955 1701 ignitus
1977 1660 2037 1691 mei
2064 1659 2198 1702 pectoris
2222 1658 2352 1690 affectus
2368 1657 2435 1700 qui-

1426 1727 1439 1740 n
1455 1713 1590 1744 buslibet
1614 1714 1729 1745 sinistri
1753 1714 1886 1746 rumoris
1906 1714 2030 1753 rivulis,
2048 1725 2119 1745 cum
2136 1710 2199 1744 ‘nec
2224 1723 2313 1755 aquae
2332 1712 2436 1743 multae

1426 1782 1439 1794 1»
1458 1766 1648 1798 decimarum
1677 1767 1835 1810 potuerint
1864 1779 1934 1799 eum
1967 1769 2180 1810 exstinguere,
2215 1778 2272 1798 nec
2301 1767 2436 1809 impetus

1426 1820 1696 1862 »Lingonensium
1721 1821 1885 1853 fluminum
1908 1821 2064 1852 obruere?
2081 1837 2094 1848 ›-
2121 1825 2189 1852 Imo
2217 1821 2248 1851 in
2274 1826 2432 1858 extrema,

1425 1885 1518 1916 qnam
1550 1875 1730 1914 omisimus,
1754 1876 1911 1918 praedictae
1935 1876 2074 1918 epistolae
2103 1881 2192 1920 parte
2216 1874 2300 1906 idem
2325 1878 2435 1906 Petrus

1428 1928 1569 1960 meminit
1601 1929 1809 1960 translationis
1840 1930 2008 1967 Alcorani,
2035 1936 2144 1972 postea
2170 1932 2201 1961 S.
2231 1928 2390 1960 Bernardo
2417 1938 2436 1959 a

1427 1994 1460 2013 se
1495 1989 1682 2025 nuncupata·
1695 2008 1702 2020 ‚
1741 1995 1810 2025 quae
1847 1990 1979 2015 testante
2012 1983 2207 2016 Bibliotheca
2241 1983 2435 2016 Cluniacensi

1426 2035 1507 2067 sacta
1532 2043 1577 2068 est
1602 2048 1684 2068 anno
1709 2040 1815 2076 1143,
1841 2037 1881 2069 ad
1909 2049 2003 2080 quem
2028 2038 2109 2070 hanc
2132 2039 2295 2081 epistolam
2321 2037 2437 2069 referre

1427 2090 1526 2121 visum
1541 2097 1597 2121 est.

1476 2147 1491 2175 li
1501 2148 1543 2175 62
1559 2148 1594 2176 B.
1614 2146 1780 2177 Nullarum
1792 2147 1857 2188 jam
1877 2157 1997 2177 memor
2012 2158 2081 2177 sum
2095 2145 2289 2188 injuriarum.
2307 2163 2351 2167 -—
2366 2147 2437 2176 Non

1427 2205 1472 2230 est
1487 2210 1676 2242 magnopere
1692 2200 1901 2231 laborandum
1918 2201 1950 2231 in
1969 2200 2149 2243 detegendis
2162 2200 2282 2243 injuriis
2293 2224 2300 2238 ,
2317 2199 2356 2230 de
2370 2199 2437 2240 qui-

1427 2253 1486 2285 bus
1502 2253 1553 2284 1110
1573 2254 1701 2285 mentio.
1722 2257 1802 2286 Nam
1818 2255 1900 2286 istud
1922 2266 1959 2286 ex
1976 2255 2040 2286 sale
2060 2261 2090 2286 et
2110 2255 2216 2297 lepore
2233 2254 2369 2296 quodam
2387 2264 2437 2284 ur-

1428 2307 1511 2339 bano
1528 2320 1563 2339 ac
1583 2309 1726 2340 familiari
1740 2309 1800 2340 dici
1820 2298 1982 2340 contextus
1995 2309 2158 2350 utriusque
2170 2308 2309 2351 epistola}
2321 2332 2328 2346 ,
2346 2307 2438 2349 hujus

1427 2362 1576 2394 nimirum
1599 2369 1628 2394 et
1654 2363 1830 2405 sequentis,
1849 2364 1922 2394 satis
1938 2374 2094 2406 superque
2109 2362 2256 2394 declarat.
2280 2360 2350 2394 Scio
2370 2360 2438 2402 qui-

1428 2415 1499 2447 dem
1527 2417 1694 2447 nonnullas
1719 2417 2002 2448 controversiarum
2025 2426 2134 2447 causas
2165 2416 2246 2448 inter
2275 2420 2440 2455 utrumque

1428 2477 1568 2502 sanctum
1585 2472 1765 2509 emersisse,
1783 2471 2010 2513 Lingonensem
2025 2470 2169 2501 videlieet
2181 2469 2364 2500 electionem
2377 2492 2385 2506 ,
2402 2466 2440 2498 de

1429 2536 1490 2568 qua
1507 2526 1546 2556 ad
1564 2526 1726 2568 epistolam
1748 2528 1825 2564 164,
1842 2525 2136 2567 exemptionemque
2149 2523 2341 2554 decimarum
2360 2532 2368 2553 ;
2386 2520 2439 2552 se‘d

1429 2590 1527 2621 usque
1547 2579 1586 2610 ad
1602 2580 1721 2621 injuriae
1735 2591 1851 2611 nomen
1866 2579 2027 2611 devenisse
2042 2588 2203 2619 nunquam
2217 2575 2437 2608 consenserim.

1428 2635 1522 2675 Quod
1539 2640 1655 2676 spectat
1676 2634 1715 2664 ad
1732 2634 1885 2672 decimas,
1910 2632 2112 2664 Innocentius
2134 2632 2167 2663 in
2189 2630 2297 2662 Galliis
2319 2639 2437 2660 moram

1428 2686 1544 2718 faciens
1569 2697 1652 2718 anno
1674 2689 1781 2725 1132,
1799 2686 1922 2728 cognita
1944 2684 2193 2718 cisterciensium
2219 2683 2341 2725 inopia,
2366 2680 2440 2724 ipsis

1429 2739 1469 2771 ab
1496 2740 1642 2772 omnibus
1667 2740 1803 2771 decimas
1821 2740 1952 2771 relaxari
1974 2739 2134 2782 praecepit.
2152 2742 2222 2769 Hoc
2246 2735 2438 2780 privilegium

1432 2795 1653 2827 Cluniaceuses
1667 2794 1750 2825 inter
1764 2794 1842 2825 alios
1856 2805 1935 2836 {egre
1951 2793 2122 2825 admodum
2135 2792 2245 2824 tulere.
2259 2790 2342 2822 Hinc
2355 2790 2439 2820 locus

1431 2849 1520 2880 datus
1537 2849 1670 2890 querelis
1683 2873 1690 2887 ‚
1710 2859 1785 2890 quas
1806 2851 1915 2879 Petrus
1934 2847 2032 2878 abbas
2048 2846 2131 2889 apud
2147 2849 2363 2876 Innocentium
2378 2841 2439 2884 pri-

1431 2914 1483 2933 mo
1498 2927 1505 2941 ,
1523 2903 1635 2935 deinde
1651 2903 1735 2945 apud
1755 2903 1968 2934 Haimericum
1990 2901 2131 2932 modeste
2153 2898 2316 2942 exposuit.
2333 2897 2395 2928 11110
2411 2901 2441 2926 et

1432 2957 1516 2998 apud
1538 2960 1645 2989 Patres
1671 2957 1889 2990 Cistercienses
1908 2956 1941 2987 in
1958 2955 2096 2997 capitulo
2122 2953 2257 2995 generali
2277 2960 2440 2994 congrega-

1432 3017 1479 3042 tos
1505 3021 1513 3042 ε
1538 3022 1617 3052 quos
1645 3022 1716 3042 cum
1745 3010 1889 3041 nonnihil
1914 3009 2027 3041 exinde
2055 3007 2197 3040 turbatos
2225 3005 2440 3048 comperisset,

1433 3065 1516 3096 idem
1534 3076 1617 3096 anno
1631 3065 1773 3107 sequenti
1789 3064 1828 3095 ad
1844 3064 1970 3095 eosdem
1986 3064 2104 3095 litteras
2120 3061 2205 3093 dedit
2218 3058 2436 3094 excusatorias,

1432 3119 1544 3160 quibus
1568 3119 1702 3150 charitas
1727 3125 1808 3150 sarta
1835 3124 1916 3149 tecta
1937 3117 2156 3149 custodiretur.
2175 3115 2260 3157 Quid
2281 3120 2382 3146 tamen
2408 3111 2439 3142 in

1433 3173 1695 3214 consequentilnis
1723 3173 1872 3204 adversus
1895 3171 2115 3203 Cistercienses
2139 3181 2157 3201 a
2187 3166 2440 3210 Gigniacensibus

1433 3226 1594 3257 monachis
1607 3233 1765 3268 patratum
1782 3227 1837 3264 sit,
1854 3226 1974 3258 dicetur
1987 3225 2017 3256 in
2037 3225 2119 3256 notis
2132 3224 2170 3255 ad
2183 3223 2346 3266 epistolam
2360 3222 2437 3258 283.

1434 3285 1531 3312 Porro
1548 3292 1618 3321 evum
1636 3279 1806 3311 desiderari
1822 3280 1965 3310 videatur
1980 3280 2032 3310 illa
2051 3278 2135 3310 Petri
2151 3275 2362 3309 cluniacensis
2380 3272 2444 3315 epi-

1433 3335 1510 3365 stola
1525 3359 1532 3371 ,
1552 3346 1622 3376 quse
1639 3334 1713 3365 hnic
1730 3333 1904 3365 scribendae
1924 3333 2119 3364 occasionem
2137 3331 2240 3367 dedit;
2258 3340 2323 3360 non
2347 3327 2386 3359 ab
2409 3335 2442 3357 re

1434 3387 1526 3418 fucrit
1557 3388 1649 3418 aliam
1674 3387 1713 3418 ab
1746 3387 1813 3429 ipso
1842 3386 1974 3417 subinde
2003 3386 2184 3427 rescriptam
2212 3383 2244 3414 in
2272 3382 2440 3413 litterarum

1434 3444 1464 3471 S.
1483 3430 1635 3471 Bet-nardi
1661 3441 1738 3472 serie
1760 3440 1932 3482 subjicere,
1954 3450 2017 3480 quo
2042 3438 2188 3469 omnibus
2212 3446 2291 3467 verte
2315 3440 2345 3465 et
2362 3431 2441 3464 chri-

1436 3493 1541 3524 suamc
1556 3493 1696 3524 amicitia:
1711 3493 1883 3525 cultoribus
1899 3518 1906 3532 ,
1928 3493 2061 3524 maxime
2090 3490 2258 3533 religiosizi,
2275 3486 2439 3521 absolutiss
