2517 3920
327 232 423 269 1287

1098 230 1132 264 S.
1163 228 1416 263 BERNARDI
1445 226 1649 262 ABBATIS

2309 222 2405 260 1288

327 313 399 349 hoc
419 310 523 361 quod
558 309 700 347 dictum
733 316 809 355 est,
842 309 995 352 didicit,
1021 320 1099 343 non
1128 305 1176 343 ad
1206 306 1330 355 ipsum
1341 304 1534 354 562Ραςειιε
1552 312 1604 340 est
1625 307 1705 351 ipse
1728 309 1762 336 et
1780 309 1965 344 tentatus,
1984 309 2117 348 potens
2137 309 2190 336 est
2208 309 2244 337 et
2267 306 2321 337 eis
2341 309 2407 351 qui

329 381 445 423 caput
467 372 655 408 referatur
685 370 723 407 in
745 370 802 407 sui
822 381 1009 420 persona,
1037 367 1102 405 sed
1124 367 1169 406 ad
1200 378 1340 416 corpus
1358 388 1384 421 Α
1408 374 1597 402 tentantur
1611 360 1833 399 mazilini-[⁵.
1852 364 1895 397 In
1913 359 2053 409 quibus
2069 359 2195 397 verbis
2212 361 2305 410 quid
2326 375 2407 399 me-

326 433 432 482 ejus,
467 432 572 483 quod
599 440 655 469 est
679 432 868 477 Ecclesia,
900 438 937 466 et
957 430 1007 465 ita
1028 429 1074 465 sit
1097 440 1251 473 sensus,
1285 427 1335 461 Et

328 496 465 530 didicit
483 508 531 529 ea?
559 498 607 529 iis
627 507 715 541 qnae
731 506 865 541 passus
891 499 942 526 est
967 489 1238 532 obedientiam,
1261 487 1333 522 hoc

327 562 407 599 est,
434 553 689 590 obedientiam
718 552 851 589 didicit
879 552 917 587 in
947 563 1016 586 suo
1036 562 1199 599 corpore
1224 561 1270 584 ex
1289 546 1333 583 iis

329 628 414 664 quae
440 628 573 665 passus
594 622 650 651 est
678 614 717 650 in
750 613 885 663 capite.
910 614 1004 648 “Nam
1036 609 1100 646 illa
1122 621 1243 654 mors,
1270 607 1334 644 illa

328 688 442 722 crux,
477 673 707 725 opprobria,
738 680 867 722 sputa,
899 670 1064 720 flagella,
1088 682 1173 719 quae
1205 667 1334 705 onmia

328 744 443 786 caput
465 744 639 772 nostrum
661 734 831 772 Christus
854 730 1093 782 pertransiit,
1116 728 1209 779 quid
1231 727 1334 764 aliud

328 796 484 846 corpori
504 795 586 845 ejus
599 823 608 841 ,
632 794 671 831 id
690 802 746 831 est
762 792 892 838 nobis,
911 804 1025 841 quam
1046 789 1230 840 praeclara
1245 787 1335 824 obe-

328 856 480 893 dientiae
501 855 732 892 documenta
752 854 932 890 fuerunt?
957 852 1119 887 Clu-istas
1138 849 1259 894 enim,
1285 847 1336 884 ait

325 918 464 954 Paulus
477 945 486 962 ,
500 914 631 963 sactus
648 924 702 951 est
714 914 889 950 obediens
907 914 1016 948 Patri
1035 924 1149 959 usque
1165 912 1218 945 acl
1233 922 1333 944 mor-

325 986 418 1021 tem,
441 985 593 1012 mortem
624 984 747 1011 antem
775 978 895 1009 crucis
912 979 936 1009 ¹.
969 975 1053 1020 Qua
1080 969 1333 1007 necessitate?

325 1035 570 1086 Respondeat
590 1035 787 1085 apostolus
810 1036 943 1070 Petrus
971 1047 978 1069 ε
1013 1032 1178 1068 Christus
1198 1042 1332 1078 passus

1400 425 1473 462 lius
1490 423 1653 472 intelligi
1678 421 1800 472 possit
1822 433 1900 457 non
1927 419 2064 467 vide05
2091 420 2160 456 nisi
2188 421 2294 470 quod
2318 421 2405 460 ideo

1401 485 1480 536 pati
1507 498 1550 521 ac
1576 481 1734 527 tentari,
1753 479 2031 529 omnibusque,
2061 479 2204 530 absque
2231 489 2406 530 peccato,

1401 545 1576 584 humanis
1596 543 1718 580 voluit
1735 541 2018 578 communicare
2035 540 2194 577 miseriis
2209 540 2336 591 (quod
2352 550 2407 579 est

1399 620 1469 657 per
1486 606 1614 643 omnia
1631 602 1811 641 fratribus
1828 600 2026 652 similari),
2045 609 2087 638 ut
2103 600 2277 637 similiter
2290 601 2407 651 passis

1401 681 1443 704 ac
1477 666 1629 703 tentatis
1658 662 1828 701 misereri
1860 675 1904 698 ac
1935 661 2103 712 compati
2131 661 2216 711 ipso
2247 660 2408 698 disceret

1401 727 1679 778 experimento.

1455 791 1491 826 9.
1513 792 1598 837 Quo
1617 785 1771 836 quidem
1790 783 2055 834 experimento
2075 794 2153 818 non
2179 780 2265 817 dico
2284 788 2328 816 ut
2346 793 2406 817 sa-

1402 849 1569 899 pientior
1588 847 1816 890 efficeretur,
1832 843 1896 880 sed
1914 841 2172 893 propinquior
2184 839 2380 877 videretur
2397 855 2405 877 :

1400 918 1587 959 quatenus
1613 905 1755 943 infirmi
1779 904 1845 941 filii
1874 904 1994 941 Adam
2009 932 2020 949 ,
2042 915 2140 952 quos
2160 913 2248 938 suos
2267 900 2350 937 fieri
2370 909 2407 937 et

1400 968 1586 1019 appellari
1613 967 1746 1003 fratres
1773 978 1850 1001 non
1872 964 2097 1013 dedignatus
2122 970 2179 999 est
2190 960 2219 1008 ⁶,
2248 974 2335 998 suas
2353 961 2407 998 illi

1400 1029 1638 1066 infirmitates
1655 1026 1893 1064 committere
1914 1037 1991 1061 non
2009 1022 2251 1070 dubitarent,
2268 1022 2335 1072 qui
2348 1035 2406 1060 sa-

326 1106 379 1132 est
395 1110 468 1144 pro
498 1095 622 1141 nobis,
653 1094 758 1130 vobis
781 1096 993 1141 relinquens
1022 1093 1235 1139 exemplum
1250 1119 1260 1134 ,
1295 1097 1336 1124 ut
1351 1097 1378 1131 Β
1401 1104 1491 1128 nare
1519 1089 1601 1126 illas
1626 1096 1664 1125 et
1686 1095 1815 1137 posset
1839 1093 1881 1122 ut
1901 1088 2027 1129 Deus,
2058 1091 2096 1120 et
2121 1082 2235 1120 vellet
2254 1090 2297 1119 ut
2315 1095 2408 1132 pro-

321 1160 557 1205 sequamini,
592 1155 733 1204 inquit,
767 1155 925 1203 vestigia
954 1154 1080 1199 ejus2,
1112 1151 1151 1187 id
1176 1157 1251 1195 est,
1288 1157 1330 1185 ut

322 1218 524 1254 imitemini
552 1216 808 1254 obedientiam
838 1213 932 1264 ejus.
960 1217 1018 1251 Ex
1044 1213 1102 1250 his
1122 1225 1213 1262 ergo
1243 1223 1329 1260 quae

320 1292 454 1329 passus
473 1287 548 1326 est,
579 1278 758 1315 discimus
784 1285 924 1326 quanta
949 1288 1039 1321 nos,
1062 1274 1127 1324 qui
1149 1272 1237 1324 puri
1256 1271 1329 1307 ho-

321 1341 442 1377 mines
461 1353 612 1386 sumus,
632 1347 809 1389 oporteat
827 1351 897 1388 pro
922 1335 1138 1373 obedientia
1156 1332 1326 1384 perpeti,

322 1414 394 1450 pro
415 1414 490 1450 qua
507 1401 557 1446 is,
589 1400 656 1450 qui
677 1408 714 1436 et
740 1402 843 1436 Deus
863 1406 941 1434 erat
956 1426 965 1443 ,
988 1410 1064 1433 non
1095 1392 1327 1432 dubitaverit

321 1461 431 1497 mori.
451 1464 498 1497 Et
519 1461 591 1497 hoc
615 1459 752 1505 modo,
782 1459 929 1508 inquis,
953 1471 1028 1494 non
1051 1455 1328 1493 inconveniens

321 1521 413 1566 erit,
437 1521 468 1557 si
495 1520 645 1557 dicatur
673 1519 843 1557 Christus
873 1519 932 1555 vel
954 1517 1237 1561 obedientiam,
1266 1514 1325 1550 vel

319 1580 638 1627 misericordiam,
656 1592 720 1616 seu
737 1578 881 1628 aliquid
902 1577 1003 1614 aliud
1020 1578 1058 1614 in
1077 1590 1146 1613 suo
1164 1587 1327 1624 corpore

320 1641 496 1678 didicisse
520 1656 528 1677 z
555 1640 644 1677 dum
670 1648 793 1676 tamen
813 1638 884 1676 sibi
909 1638 947 1674 in
978 1650 1045 1674 sua
1071 1648 1235 1686 persona
1255 1634 1327 1680 nil,

320 1701 426 1752 quod
457 1715 496 1738 se
527 1709 615 1738 ante
649 1700 830 1745 latuerit,
865 1699 1043 1735 credatur
1074 1710 1121 1734 ex
1154 1706 1328 1746 tempore

317 1762 488 1812 potuisse
513 1760 706 1798 accedere.
737 1760 873 1809 Sicque
894 1760 974 1809 ipse
995 1759 1043 1795 sit
1070 1757 1135 1807 qui
1158 1755 1328 1793 misereri

320 1822 454 1859 doceat
470 1830 535 1858 aut
553 1820 728 1866 obedire,
753 1820 833 1870 ipse
857 1820 922 1869 qui
943 1819 1064 1856 discat
1081 1833 1088 1855 ;
1108 1818 1196 1868 quia
1214 1823 1328 1866 caput

319 1892 357 1919 et
373 1895 514 1932 corpus
534 1894 632 1918 unus
649 1889 705 1916 est
725 1880 907 1917 Christus.

375 1943 410 1979 8.
433 1945 519 1979 Non
548 1954 645 1989 nego
674 1940 776 1976 hunc
803 1940 1059 1985 intellectum,
1089 1939 1182 1989 quin
1204 1946 1329 1975 rectus

325 2003 397 2039 sit:
418 2001 482 2038 sed
506 2015 554 2038 ex
571 2001 644 2037 alio
671 2000 756 2037 loco
780 1999 898 2050 ipsius
920 2000 1101 2049 Epistolae
1116 2029 1125 2046 ,
1151 1999 1328 2049 superior

319 2062 584 2113 interpretatio
616 2060 768 2098 videtur
798 2059 1023 2110 approbari,
1054 2059 1121 2096 ubi
1151 2059 1290 2095 dicitur
1318 2073 1326 2095 ε

319 2126 513 2171 Nusquam
532 2126 628 2157 enim
651 2123 814 2170 Angelos
831 2121 1102 2168 apprehendit,
1121 2121 1189 2156 sed
1202 2132 1327 2155 semen

320 2182 490 2219 Abrahoe
516 2182 769 2230 apprehendit
793 2195 805 2216 .·
828 2183 928 2216 unde
953 2179 1079 2215 debuit
1100 2194 1175 2228 per
1199 2184 1328 2214 omnia

309 2242 494 2291 frutribus
522 2244 743 2285 assimilari,
774 2250 814 2277 ut
830 2245 1039 2276 misericors
1052 2241 1166 2287 fieret
1181 2239 1207 2277 3.
1230 2243 1329 2277 Puto

319 2302 424 2353 quod
441 2302 520 2339 haec
540 2300 659 2338 verba
676 2301 728 2338 sic
745 2300 791 2338 ad
808 2310 923 2351 caput
943 2300 1143 2338 referenda
1159 2308 1268 2346 sunt,
1288 2307 1331 2336 ut

320 2362 474 2413 corpori
502 2362 656 2412 penitus
681 2362 803 2411 aptari
832 2375 909 2398 non
937 2361 1097 2411 possint.
1126 2364 1182 2398 De
1205 2359 1329 2398 Verbo

319 2424 451 2473 utique
468 2423 537 2460 Dei
559 2423 702 2460 dictum
720 2431 777 2459 est
793 2422 898 2472 quod
915 2437 989 2457 mm
1015 2425 1180 2471 Angelos
1197 2435 1331 2470 appre-

320 2485 469 2527 hendit,
498 2483 570 2520 hoc
600 2492 675 2528 est,
707 2496 784 2519 non
814 2483 852 2519 in
882 2496 994 2519 unam
1025 2481 1095 2519 sibi
1126 2495 1330 2532 personam

322 2544 547 2594 assumpsit,
568 2546 636 2580 secl
649 2559 775 2580 semen
799 2544 979 2579 Abrahae.
998 2543 1136 2592 ”Neque
1154 2543 1255 2579 enim
1277 2543 1331 2579 le—

322 2605 442 2653 gitur,
458 2603 626 2641 Verbum
646 2604 800 2653 angelus
817 2604 956 2640 sactum
972 2612 1046 2648 est,
1066 2602 1151 2648 sed,
1172 2602 1329 2638 ferham

1396 1152 1544 1196 ximus,
1563 1159 1601 1187 et
1623 1154 1870 1199 cognosceret
1895 1153 1936 1182 ut
1964 1144 2097 1182 eadem
2127 1155 2273 1195 passus.
2294 1143 2407 1181 Unde

1396 1213 1511 1251 Isaias
1531 1212 1655 1248 virum
1677 1221 1765 1246 eum
1785 1206 1953 1257 appellat
1973 1207 2162 1250 dolorum,
2181 1213 2218 1240 ec
2229 1208 2405 1240 scientem

1396 1274 1655 1321 infirmitatem
1672 1277 1684 1300 7
1704 1284 1711 1306 :
1734 1276 1772 1305 et
1796 1266 2027 1318 Apostolus,
2050 1267 2135 1301 Non
2162 1278 2262 1300 emm
2293 1263 2406 1300 liabe-

1397 1349 1496 1379 mns,
1514 1332 1662 1382 inquit,
1687 1330 1929 1378 Pontificem,
1961 1332 2027 1376 qni
2058 1340 2130 1362 non
2155 1330 2280 1375 possit
2308 1339 2406 1361 com—

1388 1400 1476 1445 pati
1496 1390 1774 1442 infirmitatibus
1800 1394 1947 1425 nostris.
1970 1387 2082 1426 Unde
2114 1395 2241 1424 autem
2262 1387 2401 1436 possit,

1394 1456 1566 1493 indicans
1592 1451 1792 1502 adjungit:
1821 1452 2014 1486 Tentntntn
2042 1457 2166 1484 nutem
2181 1461 2254 1497 per
2279 1454 2405 1485 omnia

1391 1532 1461 1566 pro
1481 1516 1750 1558 similitudine,
1770 1510 1909 1559 absque
1923 1507 2118 1558 pecc-(110⁸.
2137 1511 2273 1546 Beatus
2292 1509 2406 1560 quip-

1395 1591 1442 1628 pe
1468 1581 1594 1623 Deus,
1624 1575 1756 1612 beatus
1777 1572 1847 1610 Dei
1873 1571 2009 1615 Filius,
2033 1570 2072 1606 in
2102 1583 2146 1606 ea
2168 1569 2308 1616 forma,
2329 1584 2404 1620 qua

1394 1652 1471 1675 non
1505 1637 1676 1688 rapinam
1704 1633 1909 1670 arbitratus
1944 1639 2001 1667 est
2033 1644 2114 1667 esse
2147 1643 2187 1667 se
2219 1631 2404 1681 aequalem

1394 1697 1519 1743 Patri,
1543 1695 1677 1746 procul
1696 1693 1814 1730 dubio
1838 1690 2102 1741 impassibilis,
2124 1690 2346 1740 priusquam
2365 1704 2404 1728 se

1394 1758 1625 1795 exinanisset
1647 1756 1807 1792 formam
1831 1752 1930 1789 servi
1950 1751 2141 1802 accipiens
2155 1758 2183 1799 9,
2210 1751 2307 1788 sicut
2331 1752 2404 1788 mi-

1395 1819 1530 1855 seriam
1549 1817 1607 1853 vel
1629 1814 1907 1864 subjectionem
1931 1820 2112 1862 expertus
2132 1825 2211 1848 non
2232 1820 2334 1859 erat,
2351 1811 2403 1849 sic

1349 1888 1375 1923 C
1397 1877 1694 1916 misericordiam
1715 1875 1776 1912 vel
1795 1873 2051 1911 obedientiam
2074 1886 2151 1909 non
2168 1881 2327 1910 noverat
2343 1886 2406 1910 ex-

1398 1939 1625 1990 perimento.
1653 1935 1802 1974 Sciebat
1825 1933 1981 1985 quidem
2007 1947 2077 1984 per
2104 1942 2300 1981 naturam,
2326 1946 2402 1970 non

1395 2008 1522 2036 autem
1547 1997 1690 2035 sciebat
1713 2010 1782 2047 per
1805 1995 2096 2046 experientiam.
2112 1998 2163 2032 At
2187 1993 2254 2031 ubi
2280 1994 2405 2031 mino—

1395 2068 1499 2097 ratus
1520 2067 1576 2096 est
1601 2072 1679 2095 non
1701 2057 1824 2094 solum
1845 2069 1864 2092 a
1887 2068 1925 2092 se
1946 2055 2050 2106 ipso,
2073 2054 2139 2092 sed
2158 2054 2271 2091 etiam
2289 2054 2404 2104 paulo

1395 2120 1522 2157 minus
1543 2118 1590 2156 ab
1612 2118 1766 2169 Angelis
1781 2146 1791 2164 ,
1812 2116 1878 2166 qui
1898 2124 1933 2153 et
1955 2115 2025 2166 ipsi
2050 2113 2300 2165 impassibiles
2319 2122 2406 2151 sunt

1395 2193 1465 2230 per
1483 2181 1640 2230 gratiam
1655 2208 1664 2226 ,
1682 2192 1760 2216 non
1783 2191 1852 2229 per
1874 2185 2047 2214 naturam
2062 2207 2071 2225 ‚
2088 2189 2208 2226 usque
2233 2175 2281 2213 ad
2302 2176 2405 2212 illam

1397 2241 1582 2287 formam,
1609 2241 1646 2277 in
1675 2254 1750 2290 qua
1782 2238 1861 2289 pati
1891 2246 1930 2275 et
1958 2236 2096 2287 subjici
2122 2244 2275 2288 posset,
2300 2235 2404 2286 quod

1398 2302 1530 2351 utique
1551 2301 1670 2352 (sicut
1695 2301 1836 2337 dictum
1860 2298 1934 2350 est)
1955 2299 1994 2335 in
2015 2312 2082 2336 sua
2102 2311 2180 2335 non
2201 2306 2351 2349 posset3
2368 2304 2406 2334 et

1398 2361 1437 2397 in
1467 2362 1642 2411 passione
1669 2369 1851 2410 expertus
1878 2368 1934 2396 est
1954 2358 2276 2405 misericordiam,
2302 2365 2340 2394 et
2366 2356 2405 2393 in

1397 2421 1635 2471 subjectione
1661 2420 1932 2457 obedientiam.
1952 2423 2024 2457 Per
2043 2432 2157 2469 quam
2183 2427 2310 2455 tamen
2336 2431 2403 2454 ex-

1396 2482 1642 2533 perientiam,
1660 2494 1739 2517 non
1761 2481 1816 2517 illi
1835 2479 1901 2530 (ut
1922 2479 2000 2516 dixi
2022 2478 2227 2530 )scientia,
2249 2477 2314 2515 sed
2335 2491 2405 2515 no-

1396 2544 1456 2581 bis
1483 2542 1621 2579 fiducia
1641 2542 1781 2588 crevit,
1810 2541 1900 2578 dum
1923 2554 1970 2577 ex
1995 2540 2068 2576 hoc
2100 2539 2239 2576 misero
2268 2551 2404 2588 genere

1398 2603 1644 2654 cognitionis,
1661 2603 1692 2639 is
1709 2616 1730 2638 a
1749 2615 1827 2651 quo
1847 2602 1960 2651 longe
1980 2612 2243 2637 erraveramus
2257 2628 2268 2646 ,
2288 2599 2404 2635 factus

322 2663 565 2712 carosanum
597 2664 698 2709 θεῖά,
733 2672 771 2701 et
805 2677 893 2700 cal‘O
922 2663 969 2700 de
1000 2676 1113 2699 carne
1141 2662 1326 2709 Abrahae,
1348 2671 1379 2704 D
1398 2661 1930 2715 estpropiornobis.Quando
1944 2659 2406 2711 enimilliappropinqua-

319 2723 429 2772 juxta
449 2725 763 2774 promissionem,
781 2738 866 2774 quae
886 2725 938 2760 illi
955 2724 1123 2773 primum
1146 2725 1243 2760 facta
1260 2733 1327 2761 est.

328 2786 453 2830 Unde,
468 2785 505 2820 id
520 2794 631 2821 estex
649 2799 723 2835 qua
742 2786 895 2822 seminis
906 2786 1167 2834 assumptione
1179 2815 1188 2831 ,
1204 2785 1331 2821 debuit

316 2857 391 2891 per
405 2843 729 2890 oniniaji·(ili·ibiis
750 2848 981 2890 cissiimlni·i;
999 2845 1036 2881 id
1061 2854 1136 2890 est,
1157 2846 1330 2895 oportuit

323 2916 366 2939 ac
387 2916 537 2939 necesse
558 2905 648 2950 suit,
669 2913 710 2941 ut
732 2905 862 2942 similis
886 2904 997 2942 nobis
1013 2904 1226 2956 passibilis,
1256 2918 1328 2942 no-

323 2972 487 3000 strarum
507 2964 658 3009 omnia,
679 2974 841 3015 excepto
861 2974 1036 3015 peccato,
1057 2979 1197 3015 genera
1217 2966 1329 3003 mise-

323 3024 465 3059 riarum
485 3033 737 3072 percurreret.
758 3026 793 3062 Si
810 3027 968 3074 quaeris,
985 3040 1060 3076 qua
1080 3027 1329 3063 necessitate?

327 3085 373 3119 Ut
401 3087 632 3126 misericors,
664 3083 943 3132 inquit,fieret.
967 3090 1014 3123 Et
1040 3086 1131 3133 hoc,
1156 3087 1229 3133 ais,
1260 3101 1330 3124 cur

322 3155 400 3179 non
427 3150 531 3179 recte
555 3141 603 3178 ad
632 3155 771 3192 corpus
800 3145 929 3181 referri
957 3148 1111 3195 potest?
1138 3147 1210 3184 Sed
1239 3148 1329 3185 audi

319 3201 423 3252 quod
441 3200 557 3252 paulo
578 3211 666 3252 post
684 3203 856 3252 sequitur
882 3219 889 3240 :
919 3209 964 3240 In
987 3220 1029 3241 eo
1047 3212 1167 3253 enini,
1194 3210 1231 3244 in
1253 3223 1324 3257 quo

1399 2739 1438 2762 re
1460 2724 1688 2761 auderemus
1702 2753 1710 2769 ‚
1730 2723 1767 2759 in
1790 2736 1856 2759 sua
1882 2720 2183 2772 impassibilitate
2210 2719 2404 2757 manenti?

1397 2789 1506 2823 Nunc
1521 2793 1666 2828 autem,
1683 2783 1869 2834 Apostolo
1887 2781 2088 2827 suadente,
2106 2793 2308 2817 monemur
2323 2792 2402 2815 cum

1385 2848 1538 2893 fiducia
1562 2845 1665 2881 adire
1683 2845 1852 2880 ίΙινωηιιιη
1872 2847 2012 2893 gratioe
2033 2843 2200 2890 ipsiusw,
2216 2853 2328 2890 quem
2351 2838 2405 2875 ni-

1398 2906 1558 2951 mirum,
1581 2905 1679 2942 sicut
1698 2903 1787 2941 alibi
1815 2904 1997 2953 scriptum
2025 2910 2099 2947 est,
2123 2904 2321 2950 languores
2337 2913 2404 2935 no—

1396 2977 1490 3003 stros
1513 2966 1659 3012 tulisse,
1682 2975 1717 3001 et
1740 2967 1884 3001 dolores
1904 2973 2045 3000 nostros
2073 2970 2244 3012 portasse
2263 2972 2403 3009 cogno-

1397 3028 1535 3064 scimus
1553 3034 1596 3073 ¹¹,
1623 3035 1661 3063 et
1687 3026 1725 3062 in
1757 3039 1802 3062 eo
1831 3038 1908 3074 quo
1930 3036 2062 3075 passus
2091 3031 2146 3059 est
2177 3022 2275 3072 ipse,
2295 3018 2402 3057 nobis

1397 3088 1563 3138 compati
1581 3100 1690 3137 posse
1710 3100 1786 3122 non
1809 3084 2041 3121 dubitamus.

1454 3149 1510 3185 10.
1528 3152 1613 3185 Non
1642 3161 1732 3197 ergo
1760 3145 1874 3183 debet
1902 3143 2109 3182 absurdum
2137 3140 2320 3188 videri,si
2345 3138 2402 3176 di-

1395 3209 1506 3255 citur,
1529 3208 1721 3246 Christum
1751 3220 1829 3243 non
1855 3205 2010 3256 quidem
2040 3203 2183 3255 aliquid
2215 3202 2310 3240 scire
2329 3213 2402 3236 οω-

356 3343 365 3357 ³
386 3337 522 3379 Philipp·
552 3348 599 3375 Π,
631 3340 662 3368 8·
680 3355 724 3359 -—
741 3342 752 3357 ²
773 3341 785 3368 1
804 3341 889 3369 Petr.
910 3349 955 3376 ιι,
979 3342 1037 3370 21.
1054 3359 1097 3362 —
1116 3339 1394 3381 3nel›r.11,1‹·‚‚
1421 3347 1473 3375 17.
1491 3363 1532 3367 „-
1555 3332 1674 3375 4Joan.
1692 3354 1725 3380 1,
1759 3344 1810 3374 14.
1827 3360 1869 3364 —
1895 3338 1908 3362 5
1929 3339 2031 3371 Hebr.
2053 3350 2099 3377 11,
2135 3341 2186 3370 18.
2207 3355 2252 3360 —
2275 3333 2291 3358 ⁶
2318 3332 2398 3366 Ibid.

309 3394 359 3422 11.
385 3409 420 3412 --
436 3398 448 3420 7
468 3391 537 3424 lsai.
560 3402 642 3429 Lm,
663 3394 694 3423 3.
710 3409 752 3413 ——
769 3389 783 3412 8
800 3391 898 3423 Hebr.
921 3404 970 3429 lv,
993 3396 1045 3424 15.
1063 3413 1105 3416 —
1120 3401 1135 3424 9
1154 3395 1291 3438 Phi'ipp.
1315 3408 1335 3427 n
1352 3421 1359 3435 ,
1379 3402 1411 3435 ὓ,
1433 3400 1464 3428 7.
1483 3415 1524 3419 -
1543 3396 1750 3433 ¹⁰11ebr.1v,
1772 3399 1823 3426 16.
1842 3413 1883 3417 —-
1901 3400 1927 3415 ¹¹
1948 3393 2019 3425 lsai.
2035 3403 2092 3423 Lm
2108 3416 2115 3430 ‚
2140 3394 2169 3423 4.
