2517 3920
351 230 449 267 1419

1114 221 1149 256 S.
1180 218 1434 254 BERNARDI
1462 215 1665 251 ABBATIS

2326 209 2425 247 1420

345 322 475 348 nonne
495 314 626 358 aperte
651 310 851 356 peccatum
872 299 1097 351 ignorantiae
1112 327 1121 344 ,
1151 306 1189 334 et
1215 292 1402 346 pecca-⁰⁵³
1417 290 1552 331 Deoss?
1573 290 1645 329 Sed
1664 296 1702 326 et
1726 288 1865 325 frustra
1881 287 1920 323 in
1943 298 2054 323 cruce
2071 285 2244 323 Salvator
2262 298 2334 335 pro
2350 287 2427 323 suis

348 379 429 408 tum
446 366 664 405 damnabile
685 363 916 401 confitetur?
944 360 1023 398 Nisi
1044 359 1142 396 forte
1162 366 1236 394 tam
1264 368 1356 405 pro-
1374 354 1404 387 A
1423 351 1558 389 orabat
1574 347 1879 394 crucifixoribus,
1898 346 2042 398 quippe
2058 344 2328 391 nescientibus,
2342 345 2427 395 ipso

348 439 477 467 tervus
488 428 548 474 sit,
564 435 607 464 ut
623 430 745 464 Deum
762 422 936 460 homines
953 421 1033 457 sine
1047 419 1160 468 culpa
1177 417 1356 454 damnare

348 488 549 526 existimet.
571 484 791 524 Verendum
814 491 958 527 tamen,
981 494 1028 517 ne
1055 479 1084 516 si
1104 479 1164 515 vel
1189 476 1358 514 breviter

348 562 427 586 non
450 546 705 597 respondetur
733 544 849 581 stulto
870 541 981 591 juxta
1001 539 1196 577 stultitiam
1224 549 1355 583 suam3

348 615 488 658 putans
506 607 603 643 forte
624 603 846 655 sapientiam
859 629 868 647 ,
888 600 1056 641 securius
1073 605 1225 648 spargat
1241 596 1356 633 semi-

350 666 553 704 minarium
572 663 762 702 vecordiae
779 663 816 699 in
839 660 996 698 auribus
1012 657 1272 708 insipientium
1285 685 1294 702 ‚
1322 664 1359 692 et

349 728 402 764 ita
417 726 497 776 jam
517 723 745 775 insipientiae
766 721 848 771 ejus
870 733 947 757 non
969 719 1017 755 sit
1039 729 1233 754 numerus.
1254 715 1359 753 Veri-

351 788 435 825 tatis
462 786 624 837 proinde
646 781 884 826 testimoniis,
916 778 1046 830 paucis
1073 786 1110 814 et
1131 775 1355 820 manifestis,

349 849 592 886 manifestum
617 843 857 884 mendacium
881 841 1115 878 confutetur.
1142 841 1178 874 Is
1199 836 1357 873 forsitan

350 909 415 960 qui
434 908 566 946 asserit
588 919 664 943 non
696 916 807 954 posse
829 900 979 952 peccari
998 912 1068 949 per
1089 896 1357 947 ignorantiam,

350 980 546 1018 nunquam
575 979 646 1016 pro
667 964 743 1001 suis
767 960 991 1012 ignorantiis
1020 958 1262 1008 deprecatur,
1292 955 1358 993 sed

349 1029 477 1079 potius
491 1027 717 1078 proplietam
730 1023 885 1061 irrideat
898 1020 1167 1071 deprecantem
1182 1026 1219 1054 et
1232 1017 1359 1054 dicen-

350 1098 425 1126 tem
443 1103 451 1125 :
473 1090 621 1124 Delicta
626 1087 829 1133 juventutis·
844 1095 954 1127 meoe,
967 1089 1001 1117 et
1017 1082 1250 1129 ignorantias
1264 1090 1367 1113 meas
1389 1077 1414 1110 B

350 1162 397 1185 ne
424 1151 674 1184 memineri51.
704 1143 878 1184 Forsitan
900 1150 938 1178 et
958 1138 1216 1191 reprehendet
1240 1142 1363 1176 Deum

349 1209 564 1258 exigentem
593 1219 664 1258 pro
695 1212 854 1256 peccato
883 1201 1109 1252 ignorantiae
1139 1199 1364 1237 satisfactio-

349 1282 449 1306 nem.
466 1268 656 1319 Loquitur
680 1267 780 1303 enim
801 1266 839 1302 in
859 1263 1030 1302 Levitico
1054 1262 1101 1298 ad
1123 1265 1282 1310 Moysen
1304 1260 1363 1297 di—

350 1343 439 1367 cens
469 1344 477 1366 :
508 1332 651 1365 Anima
682 1331 715 1363 st
739 1330 949 1376 peccaverit
976 1337 1047 1373 per
1078 1326 1361 1372 ignoranticmt,

341 1388 554 1438 feceritque
571 1401 682 1426 unum
703 1400 754 1423 ex
777 1387 836 1422 Iu's
852 1399 940 1434 quoe
967 1387 1046 1433 lege
1062 1385 1215 1419 Domini
1231 1382 1364 1431 prohi-

350 1450 501 1495 bentur,
542 1457 576 1484 et
601 1451 748 1497 peccati
779 1458 844 1482 rea
877 1446 1103 1480 intellexerit
1130 1444 1360 1492 iniquitatem

349 1523 457 1546 suam
470 1537 481 1553 ,
505 1507 641 1557 offeret
656 1508 808 1543 arietem
826 1506 1108 1542 immaculatum
1127 1505 1173 1538 (le
1190 1501 1362 1552 gregibus

348 1572 536 1606 sacerdoti
553 1598 562 1615 ,
597 1574 716 1616 μαῖα
752 1578 967 1603 mensuram
1006 1565 1364 1612 cestimationemque

346 1635 494 1680 peccati
511 1645 522 1666 :
548 1638 585 1666 et
603 1641 776 1674 rursum,
801 1629 875 1673 Qui
893 1624 1011 1662 orabit
1023 1638 1094 1674 pro
1114 1637 1155 1659 eo
1176 1625 1276 1672 quod
1295 1637 1362 1659 ne-

349 1695 470 1727 sciens
483 1689 641 1739 fecerit,
662 1698 697 1725 et
713 1690 917 1724 dimittetur
932 1690 966 1721 ei
977 1715 987 1731 ,
1015 1689 1104 1734 quio
1113 1697 1186 1733 per
1204 1697 1364 1720 errorem

353 1753 514 1800 deliquit
529 1755 566 1787 in
582 1754 781 1786 Dominum
793 1755 818 1784 ³.

408 1813 466 1850 17.
490 1811 526 1850 Si
546 1809 761 1861 ignorantia
776 1820 972 1857 nunquam
991 1813 1187 1856 peccatum
1206 1812 1279 1850 est,
1298 1818 1366 1840 cur

1425 420 1537 458 teste,
1567 410 1659 460 quid
1691 410 1858 446 facerent
1870 414 1898 454 7,
1925 414 1962 442 et
1989 406 2042 442 ita
2070 418 2311 455 nequaquam
2339 418 2429 455 pec-

1424 471 1610 510 cantibus.
1630 473 1761 519 Ncque
1778 468 1879 506 enim
1896 467 1948 504 fas
1963 474 2018 503 est
2036 465 2227 502 ullatenus
2247 465 2428 515 suspicari

1423 533 1622 571 mentitum
1641 531 1753 568 fuisse
1767 528 1974 567 Dominum
1998 530 2017 565 J
2022 539 2142 571 esum,
2165 533 2295 575 aperte
2307 524 2432 575 perhi-

1423 594 1576 632 bentem
1595 605 1659 629 eos
1674 591 1849 640 ignorare
1869 587 1962 638 quid
1981 587 2165 632 facerent3
2187 585 2256 622 etsi
2276 585 2372 621 forte
2386 583 2432 621 de

1424 654 1612 705 Apostolo
1629 650 1778 688 dubitet
1793 649 1891 700 quis,
1910 647 2016 698 quod
2031 659 2183 683 carnem
2195 658 2300 682 suam
2314 657 2434 681 aemu-

1425 717 1527 761 lans,
1551 714 1648 751 sicut
1668 712 1784 749 homo
1809 709 1960 747 mentiri
1986 706 2178 758 potuerit,
2205 705 2272 742 ubi
2295 704 2347 742 ait
2366 718 2375 741 ι
2396 706 2435 741 Si

1425 781 1525 813 enim
1555 777 1827 824 cognovissent,
1857 781 2051 818 nunquam
2073 769 2276 803 Dominam
2303 766 2436 815 glorioe

1425 831 1730 883 crucifixissent&
1752 829 1945 881 Numquid
1967 842 2045 866 non
2064 840 2112 864 ex
2131 827 2188 863 his
2207 826 2297 864 satis
2318 838 2435 876 appa-

1425 905 1506 943 ret,
1528 897 1566 932 in
1593 893 1746 944 quantis
1765 891 1890 941 jaceat
1916 888 2141 940 ignorantiae
2164 885 2350 931 tenebris,
2372 886 2437 935 qui

1424 957 1574 1007 ignorat
1610 953 1759 1004 peccari
1789 965 1901 1002 posse
1937 949 2130 987 interdum
2161 961 2230 999 per
2257 946 2438 997 ignoran-

1426 1019 1542 1056 tiam?
1562 1016 1634 1056 Sed
1658 1016 1704 1052 de
1731 1015 1788 1051 his
1805 1014 2000 1050 hactenus.

1811 1139 1989 1179 CAPUT
2013 1139 2064 1179 V.

1431 1267 1625 1300 Sententiam
1653 1265 1824 1309 quamdam
1848 1275 1936 1296 suam
1960 1263 2041 1294 male
2063 1266 2222 1303 acceptam
2247 1270 2265 1291 a
2288 1259 2440 1292 calumnia

1479 1322 1640 1361 vindicat,
1674 1331 1805 1363 nempe,
1838 1317 1934 1360 Quod
1963 1316 2099 1359 Angelos
2126 1314 2251 1347 latuerit
2278 1314 2442 1345 consilium

1479 1376 1708 1409 Incarnationis
1725 1374 1910 1406 Dominicae.

1487 1499 1545 1536 18.
1562 1501 1605 1535 In
1623 1498 1698 1534 fine
1711 1495 1802 1534 mihi
1815 1493 1998 1541 insinuas,
2013 1491 2259 1530 amicabiliter
2274 1490 2441 1542 quidem,

1431 1558 1578 1596 moveri
1612 1558 1758 1607 aliquos
1785 1569 1900 1606 super
1925 1554 2089 1605 quadam
2121 1566 2204 1590 mea
2228 1552 2414 1589 sententia
2430 1580 2439 1596 ,

1432 1633 1508 1669 qua
1528 1618 1607 1655 dixi
1628 1631 1714 1655 cum
1735 1615 1985 1665 Evangelium
2014 1625 2248 1664 exponerem
2265 1618 2292 1658 ²,
2313 1610 2442 1648 consi-

1434 1680 1526 1716 lium
1558 1679 1628 1715 Dei
1655 1677 1774 1722 nulli,
1810 1676 1921 1713 etiam
1952 1673 2153 1711 beatorum
2189 1672 2442 1722 Angelorum,

1432 1748 1636 1789 antequam
1675 1737 1821 1786 Virgini
1859 1735 2082 1772 revelatum.
2124 1733 2252 1771 Primo
2288 1731 2443 1782 quidem

1432 1799 1535 1845 inde,
1552 1808 1593 1835 ut
1610 1798 1788 1843 arbitror,
1808 1796 1896 1846 quia
1911 1808 1988 1832 non
2005 1794 2094 1832 satis
2104 1792 2207 1843 juste
2222 1800 2440 1838 moventur,

352 1871 495 1909 dictum
513 1879 569 1908 est
587 1870 626 1907 in
650 1868 819 1919 Epistola
836 1867 884 1904 ad
901 1866 1106 1911 Hebraeos,
1131 1864 1220 1914 quia
1239 1864 1278 1900 in
1299 1878 1361 1901 se·
1383 1860 1411 1895 C
1430 1860 1627 1897 advertere
1669 1865 1831 1908 possunt
1865 1855 1969 1905 quod
2005 1854 2179 1892 eamdem
2217 1852 2442 1890 sententiam

354 1931 480 1970 cundo
497 1930 744 1969 tabernaculo
762 1928 877 1965 semel
895 1927 933 1963 in
953 1939 1053 1963 anno
1070 1926 1172 1963 solus
1189 1925 1362 1976 pontifex

352 1992 536 2037 intraret,
561 2002 639 2027 non
660 1989 739 2026 sine
755 1987 957 2037 sanguine,
976 1998 1089 2037 quem
1116 1985 1271 2021 offerret
1292 1997 1363 2034 pro

354 2053 411 2089 sui
425 2061 462 2089 et
478 2051 613 2102 populi
629 2049 843 2100 ignorantia
856 2046 896 2083 3?
915 2047 952 2085 Si
968 2054 1165 2096 peccatum
1182 2045 1365 2094 ignoran-

354 2112 486 2150 rantiae
512 2111 659 2148 nullum
686 2118 765 2156 est,
792 2122 870 2145 non
894 2120 984 2157 crgo
1011 2106 1184 2156 peccavit
1204 2105 1364 2151 Saulus,

355 2171 459 2221 quod
492 2179 712 2221 persecutus
745 2177 800 2206 est
831 2168 1037 2205 Ecclesiam
1064 2166 1159 2211 Dei,
1184 2166 1365 2216 quoniam

354 2231 508 2281 quidem
537 2232 716 2281 ignorans
748 2230 820 2266 hoc
852 2228 965 2274 fecit,
997 2240 1154 2264 manens
1183 2227 1222 2263 in
1244 2226 1368 2263 incre-

353 2291 524 2328 dulitate.
552 2294 651 2327 Bene
679 2291 806 2340 itaque
833 2287 1011 2333 faciebat,
1034 2287 1136 2338 quod
1161 2295 1243 2324 erat
1264 2286 1368 2324 blas-

352 2351 514 2402 phemus
529 2380 538 2397 ,
558 2359 597 2388 et
621 2358 857 2401 persecutor,
882 2357 919 2385 et
931 2348 1248 2394 contumeliosu53
1266 2347 1371 2397 quod

356 2419 438 2448 erat
473 2411 620 2461 spirans
650 2410 840 2446 minarum
874 2418 912 2446 et
943 2408 1055 2445 caedis
1092 2408 1131 2445 in
1165 2407 1372 2458 discipulos

357 2475 468 2517 Jesu,
497 2480 534 2508 et
554 2472 593 2508 in
613 2471 687 2508 hoc
708 2471 791 2520 ipso
815 2471 960 2520 quippe
986 2468 1228 2506 abundanter
1253 2481 1371 2504 aemu-

357 2532 457 2569 lator
470 2531 635 2568 existens
649 2540 893 2581 paternarum
910 2543 1064 2567 suarum
1084 2528 1332 2566 traditionum
1345 2528 1371 2565 4.

357 2596 442 2629 'Non
466 2606 556 2642 ergo
579 2591 713 2629 debuit
733 2591 881 2638 dicere,
913 2592 1212 2627 Misericordiam
1242 2603 1373 2626 conse—

1430 1934 1507 1957 non
1525 1926 1743 1956 constanter
1757 1917 1920 1963 affirmo,
1940 1915 2006 1952 sed
2024 1928 2110 1955 cum
2127 1921 2442 1964 temperamento,

1431 1978 1668 2029 suspendens
1699 1976 1770 2014 sub
1807 1975 2036 2025 disjunctiva
2071 1973 2259 2025 particula
2287 1987 2295 2010 ε
2329 1990 2344 2005 «
2376 1973 2443 2011 Vel

1432 2059 1446 2074 »
1467 2040 1554 2076 ideo
1570 2068 1580 2086 ,
1609 2056 1624 2071 »
1649 2038 1804 2087 inquam
1821 2065 1830 2082 ‚
1860 2053 1874 2069 «
1905 2036 2049 2073 dictum
2072 2044 2146 2080 est,
2176 2048 2198 2071 a
2224 2037 2318 2071 Deo.
2343 2051 2358 2068 »
2387 2034 2444 2072 Si-

1433 2100 1586 2151 quidem
1610 2098 1804 2150 praemissa
1824 2111 1899 2139 una
1919 2110 2032 2134 causa
2063 2109 2149 2146 quae
2174 2094 2266 2132 mihi
2285 2093 2445 2131 videba-

1435 2170 1509 2207 tur,
1536 2173 1604 2197 cur
1632 2158 1891 2208 Evangelista,
1917 2171 2003 2194 cum
2033 2156 2195 2201 diceret,
2227 2157 2367 2191 Missus
2393 2162 2448 2191 est

1435 2224 1589 2270 angelus
1611 2220 1778 2264 Gabriel,
1798 2218 2024 2256 nominatim
2039 2215 2257 2267 subjecerit,
2277 2229 2301 2251 a
2315 2217 2395 2251 Deo
2411 2221 2441 2261 ⁹3

1437 2284 1593 2320 alteram
1615 2293 1770 2331 quoque
1797 2287 2005 2330 temperate
2033 2277 2186 2328 quidem
2214 2284 2251 2313 et
2279 2274 2350 2312 sub
2370 2274 2445 2312 dis-

1431 2342 1633 2393 junctione
1663 2339 1870 2389 subjunxi,
1901 2352 1978 2389 quo
2006 2346 2044 2375 et
2069 2337 2163 2374 mihi
2188 2349 2267 2373 non
2297 2336 2444 2373 incum-

1438 2403 1545 2439 beret
1565 2399 1794 2438 defendendi
1817 2399 2037 2444 necessitas,
2065 2405 2104 2434 et
2130 2396 2264 2433 lectori
2292 2395 2445 2432 daretur

1439 2463 1602 2513 eligendi
1623 2462 1777 2499 facultas
1804 2473 1919 2510 quam
1940 2472 1960 2496 e
1989 2457 2138 2495 duabus
2159 2456 2340 2493 voluisset
2351 2453 2381 2492 b.
2408 2454 2444 2492 Si

1439 2524 1556 2574 igitur
1568 2537 1644 2560 una
1661 2520 1841 2572 quaelibet
1856 2520 2008 2556 illarum
2026 2526 2125 2555 stare
2140 2525 2280 2568 potest,
2295 2515 2342 2552 de
2358 2515 2446 2552 alte-

1441 2598 1480 2622 ra
1502 2584 1594 2634 quid
1615 2583 1809 2632 suggillor,
1821 2581 1964 2631 quippe
1976 2579 2040 2629 qui
2055 2586 2230 2616 neutram
2242 2577 2445 2622 affirmans,

359 2662 460 2689 cutus
472 2667 550 2689 sum
563 2650 575 2673 5
589 2667 599 2699 3
615 2652 695 2698 sed,
714 2651 928 2689 Mercedem
943 2650 1069 2701 recepi
1083 2665 1090 2687 :
1104 2650 1247 2700 quippe
1261 2662 1374 2699 quem
1392 2648 1424 2682 D
1443 2645 1594 2683 lectoris
1626 2653 1827 2692 utramque
1865 2640 1982 2690 magis
2010 2639 2158 2690 judicio
2192 2636 2446 2686 derelinquo?

363 2711 578 2760 ignorantia
598 2725 619 2748 a
639 2719 796 2761 peccato
814 2709 999 2748 reddebat
1015 2711 1242 2754 immunem,
1266 2709 1374 2745 insu-

358 2785 428 2821 per
455 2781 493 2809 et
519 2773 714 2810 aemulatio
738 2771 1058 2809 remunerabilem
1088 2769 1291 2820 judicabat.
1314 2771 1373 2821 Si,

358 2832 528 2881 inquam,
546 2833 760 2882 ignorantia
778 2846 973 2882 nunquam
996 2839 1196 2882 peccatum
1212 2830 1304 2880 quid
1319 2844 1375 2867 er-

359 2903 406 2940 go
428 2904 628 2928 causamur
654 2892 835 2929 adversus
858 2893 1047 2929 occisores
1073 2891 1371 2941 Apostolorum,

361 2949 675 2999 quandoquidem
702 2965 779 2988 non
808 2952 933 2988 solum
952 2952 1094 2988 malum
1114 2963 1194 2987 esse
1226 2951 1371 2987 nescie-

361 3018 452 3047 runt
479 3010 692 3047 interficere
712 3012 826 3058 illos,
856 3013 921 3049 sed
954 3012 1112 3062 insuper
1143 3024 1298 3061 quoque
1332 3011 1372 3047 id

362 3070 536 3108 faciendo
565 3070 736 3107 arbitrati
764 3081 851 3108 sunt
884 3072 1109 3122 obsequium
1133 3085 1171 3108 se
1193 3080 1373 3122 praestare

1441 2710 1666 2755 Quanquam
1690 2704 1760 2740 etsi
1786 2716 1831 2739 ex
1864 2701 2051 2739 sententia
2068 2698 2227 2736 dixerim
2244 2726 2254 2744 ,
2274 2697 2445 2746 ignotum

1442 2780 1562 2817 usque
1575 2772 1685 2803 tunc0
1703 2764 1841 2801 sanctis
1853 2761 2006 2812 Angelis
2021 2760 2133 2797 fuisse
2147 2758 2218 2796 Dei
2232 2757 2443 2800 consilium,

1442 2841 1518 2864 non
1544 2826 1698 2877 quidem
1721 2824 1807 2874 quia
1830 2836 1900 2873 per
1920 2819 2144 2858 incarnandi
2168 2816 2285 2856 Verbi
2304 2824 2446 2866 myste-

1443 2889 1540 2925 rium
1567 2886 1637 2924 Dei
1665 2884 1908 2936 propositum
1937 2890 2018 2919 erat
2039 2878 2272 2930 quandoque
2296 2876 2445 2927 operari

1439 2950 1597 2987 salutem
1628 2947 1666 2983 in
1693 2944 1818 2982 medio
1847 2952 1957 2980 terrae
1988 2941 2090 2993 (hoc
2118 2939 2219 2976 enim
2250 2945 2289 2974 et
2320 2935 2445 2973 multis

1441 3008 1657 3046 mortalium
1676 3014 1714 3042 et
1734 3003 1912 3055 praescire
1935 3002 2121 3039 donatum
2144 3006 2202 3036 est
2215 3027 2225 3045 ,
2245 3005 2283 3035 et
2308 2994 2444 3046 praedi—

1442 3084 1525 3106 cere
1543 3069 1572 3115 l,
1603 3067 1669 3104 sed
1698 3065 1802 3116 quod
1824 3062 2063 3114 potissimum
2091 3068 2260 3109 tempus,
2282 3066 2444 3107 quemve

412 3223 421 3238 ¹
438 3216 520 3248 Psal.
539 3226 635 3253 μιν,
656 3218 688 3246 7.
716 3233 759 3237 ——
777 3215 949 3253 ²Levit.v‚
971 3219 1084 3248 17-19.
1102 3235 1144 3239 -
1164 3215 1274 3249 3Heb.
1291 3229 1345 3254 ix,
1366 3220 1396 3249 7.
1412 3214 1484 3241 ——⁴'
1501 3214 1879 3250 Galat.1‚13,14.—
1897 3207 1910 3230 5
1926 3207 2086 3245 1Tim.1‚
2108 3209 2159 3238 13.
2181 3201 2249 3228 -5
2265 3207 2441 3241 Joan.xv1,

362 3274 394 3303 2.
414 3277 487 3301 ——7
510 3273 703 3305 Luc.xx111,
721 3271 777 3300 32.
800 3286 837 3290 —
862 3268 876 3289 ὅ
898 3270 998 3300 ICor.
1014 3280 1058 3305 11,
1085 3273 1116 3301 8.
1135 3289 1177 3292 ——
1196 3275 1345 3309 9Luc,1,
1367 3274 1422 3301 26,

409 3334 421 3347 ³
436 3333 558 3374 Nempe
572 3329 775 3372 Evangelium
795 3332 905 3364 Lucoe,
929 3332 937 3359 1
957 3352 964 3364 ,
985 3328 1100 3359 Missus
1123 3337 1182 3365 est,
1208 3337 1237 3362 et
1258 3330 1383 3372 quidem
1405 3331 1436 3361 in
1453 3328 1580 3360 homilia
1604 3330 1632 3364 l,
1654 3324 1754 3362 infra,
1775 3329 1858 3355 tomo
1874 3325 1905 3352 3.

410 3378 424 3400 ι’
442 3385 528 3416 Alias
543 3409 549 3423 ,
571 3382 742 3415 maluisset.
762 3403 800 3406 —
821 3389 834 3402 ⁰
848 3382 935 3414 Alias
950 3406 956 3419 ,
978 3394 1074 3426 usque
1088 3380 1202 3414 adhuc.
