2565 3952
50 170 53 178 ,
72 126 146 166 509

71 214 108 244 et
124 201 299 241 delectati
319 213 449 238 sumus
470 201 509 237 in
536 200 595 237 his
623 213 709 250 quae
738 200 839 237 dicta
862 209 953 238 sunt
970 199 1126 238 nobis²³

70 265 116 304 ab
134 264 199 301 illo
220 261 268 298 de
289 260 504 298 constiutia
529 269 567 296 et
583 261 804 298 sinceritate
834 261 923 297 fidei
947 270 1084 298 erStlae
1106 266 1138 299 A
1156 262 1333 310 gelorum
1349 264 1532 314 suscipite
1552 266 1589 302 in
1610 270 1846 318 peicgiiuis,
1868 285 1907 322 p.
1898 274 2011 311 ascite
2031 276 2069 311 in
2091 290 2110 312 ε

69 324 105 363 ii]
124 327 268 369 Deum,
291 320 338 358 de
366 333 503 371 persev
507 333 548 357 ei
551 329 654 357 antia
670 320 891 358 dilectionis
911 330 948 358 et
965 321 1038 358 dev
1042 335 1084 359 o·

70 385 179 425 tionis
194 383 233 420 in
253 395 348 428 ιιο5,
372 381 419 418 de
445 381 528 418 zelo
549 389 586 418 et
607 381 698 418 odio
720 381 793 419 adv
797 396 905 420 ersus
926 382 1083 420 liaereti-

68 459 148 494 cos,
178 444 229 482 ita
247 451 291 480 ut
312 442 476 493 quisque
498 450 670 479 vestrum
689 443 827 480 merito
849 443 977 481 dicere
995 457 1084 495 pos-

69 507 138 547 sit:
153 506 286 542 Nonne
305 508 372 552 qui
389 505 547 539 oderunt
563 512 599 540 te
611 533 623 550 ,
644 507 830 549 Domine,
849 506 1024 551 oderam,
1048 514 1087 541 et

73 580 181 619 super
198 569 375 602 inimicos
401 573 486 600 tuos
504 563 773 601 tabescebam?
801 563 976 613 Perfecto
997 568 1084 602 odio

71 631 220 668 oderam
239 629 339 672 illos,
355 634 394 661 et
407 627 554 661 inimici
561 623 664 673 sacti
678 635 765 662 sunt
781 627 877 662 milei
890 633 914 664 ¹.
934 628 1084 666 Gratias

72 682 213 742 agimus
227 690 309 725 Deo
321 715 332 733 ,
349 685 439 735 quia
459 699 539 722 non
556 685 628 722 fuit
644 686 790 723 otiosus
805 686 995 725 adventus
1012 701 1085 724 nom

68 759 141 790 ster
159 747 207 786 ad
226 759 308 784 vos.
328 749 376 783 Et
394 759 502 783 mora
524 745 681 796 quidem
710 745 840 784 brevis
862 747 967 798 apud
986 762 1056 785 vos
1069 778 1079 795 ,

66 809 220 850 sednon
235 806 488 844 infructuosa.
515 806 685 845 Veritate
709 807 893 844 nimirum
916 822 986 858 per
1008 822 1081 846 nos

66 870 321 914 manifestata,
356 868 599 906 manifestata
625 877 754 906 autem
784 883 864 906 non
888 871 1014 907 solum
1040 871 1080 907 in

66 944 252 978 sermone,
269 929 335 968 sed
350 930 465 967 etiam
482 930 521 967 in
539 930 684 967 virtute
698 931 730 977 *,
745 930 977 981 deprehensi
992 940 1081 969 sunt

1000 125 1029 159 E
1034 125 1268 160 PISTOLAE.

2102 140 2180 177 510

1132 200 1273 237 8simili
1299 202 1424 239 sonna
1460 217 1539 241 non
1561 208 1748 256 Angelos,
1771 210 1838 247 sed
1863 214 2074 251 Dominum
2098 224 2180 254 xn—

2114 291 2179 326 g(-

1153 322 1235 367 nis,
1258 323 1409 372 opeiite
1429 323 1467 360 in
1489 325 1625 372 nudis,
1647 328 1798 366 xisitate
1820 331 1859 367 in
1881 332 2174 383 languentibus,

1152 350 1360 420 ledimite'
1351 397 1391 421 ln
1409 398 1440 421 cz
1442 394 1535 436 iptu
1540 400 1582 423 ι5
1605 388 1760 426 Talibus
1778 390 1914 429 hostiis
1930 405 2179 443 promeretur

1152 445 1271 490 Deus,
1295 444 1360 494 qui
1383 444 1422 482 in
1439 444 1589 495 judicio
1610 447 1738 486 dictui
1743 463 1786 487 us
1804 460 1889 488 est:
1918 454 2032 499 Quod
2048 461 2115 492 uni
2129 470 2179 492 ιιε

1151 505 1208 539 liis
1226 509 1395 541 minimis
1416 505 1670 555 meisfi¹‹·lstls
1683 539 1692 556 ‚
1715 510 1972 559 mileisecistis
1987 520 2013 550 7.

1207 566 1244 602 3.
1261 568 1347 602 Hoc
1370 566 1485 603 etiam
1517 581 1660 606 moneo
1686 583 1778 617 vos,
1808 570 2044 620 charissimi,
2071 575 2177 624 quod

1151 634 1189 662 et
1209 625 1383 664 dicebam
1414 627 1526 665 vobis
1549 643 1637 666 cum
1662 644 1832 680 praesens
1859 645 1979 670 essem
1995 663 2005 681 ,
2032 643 2074 671 ut
2095 637 2178 673 nul-

1153 687 1231 723 lum
1246 696 1473 725 extraneum
1492 689 1571 726 sive
1586 690 1759 740 ignotum
1775 693 2069 742 praedicatorem
2086 698 2180 735 reci—

1150 748 1283 798 piatis,
1305 748 1378 786 nisi
1405 749 1471 799 qui
1494 750 1630 788 missus
1658 765 1679 788 a
1707 766 1883 800 summo,
1914 768 1981 792 seu
2003 770 2023 793 a
2049 767 2178 796 vestro

1148 809 1363 859 permissus
1402 811 1588 861 pontifice
1624 814 1906 863 praedicaverit.
1955 819 2174 866 Quomodo,

1147 871 1295 920 inquit,
1307 873 1596 921 proedlcalnmt,
1621 880 1697 911 nisi
1715 877 1958 915 mittunturss?
1972 881 2050 930 Ipsi
2067 890 2177 930 sunt,

1149 932 1216 982 qui
1236 932 1442 970 induentes
1459 934 1529 971 sibi
1552 935 1714 973 formam
1731 938 1885 988 pietatis
1900 969 1909 986 ,
1934 949 1971 977 et
1990 942 2175 981 virtutem

48 1013 50 1015 -
66 993 159 1046 lupi,
172 992 239 1043 qui
254 992 454 1029 venientes
472 991 520 1029 ad
536 1005 605 1030 vos
623 992 661 1029 in
678 993 916 1030 vestimentis
931 994 1078 1040 ovium,
1102 996 1129 1031 B
1150 991 1232 1042 ejus
1247 994 1402 1044 penitus
1424 994 1683 1046 abnegantes,
1704 1000 1886 1048 profanas
1905 1002 2096 1040 novitates
2110 1018 2176 1041 vo-

65 1053 296 1095 devorabant
323 1052 478 1104 plebem
498 1062 665 1090 vestram
684 1054 783 1091 sicut
800 1068 923 1091 escam
947 1055 1079 1105 panis,

65 1116 154 1156 sicut
171 1128 263 1153 oves
283 1115 488 1152 occisionis
511 1130 519 1152 :
543 1115 795 1166 deprehensae
810 1116 971 1166 vulpes,
993 1130 1080 1167 quae

65 1175 366 1216 demoliebantur
384 1177 705 1227 pretiosissimam
726 1177 879 1214 vineam
902 1178 1076 1224 Domini,

64 1237 244 1277 civitatem
266 1246 456 1285 vestram,
478 1237 749 1288 deprehensae,
785 1239 851 1276 sed
874 1252 952 1275 non
975 1253 1079 1276 com-

63 1299 266 1352 prehensae.
306 1303 537 1349 Propterea,
578 1299 839 1346 dilectissimi,
875 1300 1078 1350 persequi-

64 1359 150 1398 mini
165 1368 202 1397 et
219 1359 540 1410 comprehendite
561 1373 628 1397 eos
641 1389 651 1407 ,
672 1369 710 1397 et
728 1360 849 1397 nolite
867 1360 1051 1398 desistere
1068 1391 1078 1409 ‚

63 1419 177 1519 Ἐς
191 1420 345 1470 penitus
360 1420 585 1471 depereant,
601 1429 639 1457 et
652 1421 856 1471 diffugiant
870 1421 916 1458 de
931 1423 1079 1459 cunctis

154 1493 198 1518 us
227 1481 364 1518 vestris
383 1510 393 1528 ,
428 1481 519 1532 quia
543 1495 623 1519 non
654 1490 711 1519 est
746 1490 871 1519 tutum
906 1482 1079 1520 dormire

62 1541 188 1579 vicinis
228 1541 490 1592 serpentibus.
537 1543 681 1580 Sedent
723 1543 760 1580 in
803 1543 952 1581 insidiis
991 1558 1079 1582 cum

62 1601 234 1642 divitibus
250 1603 290 1640 in
307 1605 469 1642 occultis
482 1634 492 1652 ,
516 1613 560 1642 ut
577 1605 812 1642 interficiant
838 1605 1077 1645 innocentes.

62 1666 173 1702 Fures
187 1674 275 1702 sunt
297 1675 334 1702 et
349 1668 515 1703 latrones
529 1695 539 1711 ,
557 1667 690 1717 quales
712 1667 751 1703 in
769 1668 980 1717 Evangelio
994 1672 1080 1706 Do-

63 1720 180 1763 minus
201 1733 350 1764 notat2.
375 1726 481 1764 Subv
485 1727 561 1764 elsi
581 1736 689 1774 sunt,
710 1736 748 1764 et
768 1741 807 1778 p.
798 1728 894 1764 {uati
915 1728 961 1765 ad
984 1728 1080 1766 sul)—

1149 1067 1236 1090 cum
1266 1063 1303 1091 et
1335 1068 1517 1093 sensuum
1536 1086 1546 1104 ,
1583 1066 1765 1108 tanquam
1809 1061 1913 1098 melli
1948 1076 2143 1102 venenum
2164 1095 2174 1113 ,

1148 1114 1277 1153 verbis
1303 1116 1523 1155 coelestibus
1549 1119 1828 1159 intermiscent.
1851 1126 1990 1161 Cavete
2008 1127 2174 1176 proinde

1147 1184 1214 1213 eos
1227 1205 1238 1223 ,
1263 1185 1447 1228 tanquam
1468 1181 1688 1228 venetico53
1711 1191 1748 1219 et
1765 1185 1986 1233 cognoscite
2002 1187 2040 1223 in
2059 1189 2173 1225 vesti-

1148 1238 1286 1274 mentis
1305 1238 1438 1275 ovium
1457 1239 1570 1289 lupos
1588 1254 1756 1290 rapaces.
1775 1244 1830 1281 Sit
1846 1244 1957 1282 vobis
1976 1260 2172 1286 commen-

1147 1297 1258 1334 datus
1281 1298 1380 1335 lator
1403 1299 1576 1349 epistolae
1598 1301 1830 1340 venerabilis
1851 1304 1969 1343 abbas
1986 1309 2173 1346 Grandis-

1145 1359 1259 1396 Silvae
1279 1365 1315 1406 ³,
1354 1368 1392 1396 et
1423 1359 1563 1397 domus
1595 1360 1695 1411 ejus,
1732 1377 1818 1413 quae
1848 1374 1886 1402 et
1924 1376 2055 1405 nostra
2088 1379 2168 1416 est,

1148 1434 1273 1471 nuper
1288 1420 1402 1458 nobis
1414 1451 1423 1469 ,
1440 1430 1477 1458 et
1492 1431 1627 1459 nostro
1643 1424 1780 1462 Ordini
1795 1425 1842 1462 ab
1859 1427 1942 1477 ipso
1960 1430 2117 1478 tradita,
2135 1441 2173 1469 et

1149 1482 1319 1519 ecclesiae
1346 1483 1607 1521 Clarae—Vallis
1630 1486 1848 1535 specialiter
1868 1491 2064 1529 associata.
2102 1497 2174 1531 Os-

1150 1544 1296 1581 tendite
1320 1544 1433 1581 nobis
1453 1545 1492 1581 in
1513 1546 1621 1596 ipso,
1647 1556 1683 1583 et
1704 1549 1742 1584 in
1764 1551 1904 1588 sanctis
1927 1553 1992 1601 qui
2015 1567 2102 1591 cum
2125 1569 2172 1593 eo

1148 1613 1258 1651 sunt,
1284 1614 1472 1656 quantum
1494 1608 1739 1657 profeceritis
1760 1624 1808 1647 ex
1829 1621 1962 1650 nostra
1990 1615 2170 1654 admoni-

1149 1666 1253 1704 tione
1273 1667 1312 1703 in
1337 1666 1522 1717 opelibus
1553 1669 1849 1719 1niseiitoidiae3
1877 1683 1914 1710 et
1943 1675 2030 1713 date
2057 1678 2094 1714 in
2117 1680 2171 1717 eis

1147 1728 1459 1779 expeiimentum
1490 1738 1628 1767 xesuae
1655 1732 1773 1769 charit
1779 1734 1849 1771 atis
1871 1744 1908 1772 et
1930 1735 2002 1773 dex
2006 1739 2168 1788 otionis,

62 1786 302 1834 vertendum,
338 1788 454 1838 plane
484 1789 738 1826 maculatores
778 1788 887 1826 famae
913 1798 1072 1838 xcstiae,
1095 1796 1121 1832 C
1146 1803 1260 1840 quam
1285 1789 1434 1828 habetis
1455 1804 1545 1841 οι·ςί
1563 1805 1646 1829 nos.
1669 1793 1869 1844 Quidquid
1888 1796 1961 1833 illis
1983 1798 2166 1848 fecexstis,

60 1855 297 1898 corruptores
332 1848 421 1885 fidei
462 1858 612 1886 xestiae
660 1850 914 1900 Corrumpunt
960 1851 1074 1888 bonos

61 1920 170 1945 mores
211 1911 403 1959 colloquia
420 1958 423 1959 ⁷
439 1913 542 1947 mula
570 1910 584 1934 3
632 1926 639 1947 :
681 1911 897 1962 praesertim
938 1913 1072 1949 talium

61 1981 194 2014 vermo,
223 1971 324 2009 sicut
347 1971 441 2010 dicit
465 1972 600 2010 beatus
622 1973 854 2023 Apostolus,
889 1978 1006 2023 serpit
1035 1983 1074 2011 ut

60 2031 224 2069 canceri.

105 2089 140 2129 2.
161 2091 253 2142 Quis
274 2092 381 2132 dabit
404 2095 498 2132 mihi
512 2125 522 2143 ,
543 2104 586 2132 ut
607 2095 769 2133 habeam
791 2098 1068 2148 opportunita-

60 2159 128 2201 tem
142 2155 257 2192 semel
277 2155 403 2193 adhuc
424 2157 607 2194 veniendi
629 2157 677 2195 ad
697 2160 794 2196 vos?
814 2163 907 2196 Nam
923 2161 1069 2197 volun-

61 2221 163 2252 tatem
183 2215 328 2266 habeo,
353 2218 384 2255 si
407 2232 487 2269 quo
506 2219 624 2256 modo
641 2221 786 2270 possim
806 2221 845 2257 in
866 2222 1068 2259 voluntate

52 2275 200 2332 *Domini
221 2279 392 2316 secundo
418 2280 553 2318 videre
574 2294 666 2327 vos,
700 2281 874 2319 laborem
896 2296 976 2319 non
1010 2296 1068 2320 rc-

61 2343 268 2387 putaturus,
283 2341 460 2390 quamvis
481 2354 647 2392 corpore
662 2342 841 2379 infirmus
859 2351 898 2379 et
915 2342 1066 2389 debilis,

61 2408 125 2446 pro
139 2408 264 2436 vestra
295 2401 564 2439 exhortatione
586 2411 624 2439 et
653 2404 787 2441 salute.
811 2404 971 2441 Interim
1000 2418 1070 2441 au—

61 2463 127 2494 tem
147 2458 199 2496 sic
220 2469 315 2498 state
335 2461 376 2498 in
393 2463 563 2499 Domino
577 2492 587 2509 ,
611 2463 842 2512 charissimi,
866 2466 964 2502 sicut
988 2479 1067 2502 coe—

61 2515 158 2567 pistis
175 2528 213 2557 et
240 2523 440 2573 accepistis
464 2537 486 2560 a
512 2523 637 2562 nobis.
669 2525 832 2564 Obedite
860 2526 1064 2593 episcopo,

61 2580 269 2632 caetensque
289 2585 508 2635 praepositis
534 2587 697 2633 vestris,
719 2596 909 2637 magistus
930 2589 1066 2626 Eccle—
1085 2592 1118 2627 D

61 2638 128 2678 δίε.
152 2642 298 2681 Habete
318 2645 556 2695 diligentiam
586 2616 858 2698 hospitalitati,
880 2650 970 2699 quia
996 2663 1066 2700 per

62 2699 149 2739 hanc
185 2705 294 2742 multi
325 2707 558 2757 placueiunt
590 2712 688 2746 Deo.
730 2709 813 2748 Ab1
816 2710 925 2748 aliam
956 2721 1066 2763 pater

54 2770 176 2801 *vester
191 2778 263 2816 pro
289 2767 415 2806 studio
434 2777 590 2816 sancte,
617 2771 759 2820 quod
751 2785 789 2808 in
811 2774 1066 2824 suscipiendis

62 2826 260 2876 peregrinis
273 2828 414 2868 habere
435 2832 571 2869 solitus
588 2841 690 2880 erat,
714 2834 872 2884 angelos
893 2835 1066 2886 hospites

54 2887 242 2950 'suscipere
255 2893 394 2930 meruit
409 2892 435 2930 ⁵.
458 2894 641 2933 Similiter
660 2904 698 2932 et
717 2896 818 2933 Loth
844 2910 967 2948 nepos
985 2897 1067 2948 ejus

64 2958 130 2996 pro
157 2949 268 2990 simili
306 2953 514 2993 devotione
550 2965 588 2994 et
620 2957 684 3007 pia
717 2959 1000 2997 consuetudine
1022 2959 1069 2996 de

54 3019 187 3049 ¹eorum
217 3015 460 3066 susceptione
493 3018 700 3056 exsultavit
714 3016 741 3056 6.
766 3022 814 3056 Et
845 3033 914 3057 vos
940 3021 1069 3072 itaque

1135 2264 1181 2285 AD
1211 2264 1389 2288 ROMANOS
1402 2281 1411 2298 ,

1141 1853 1235 1889 mihi
1258 1853 1399 1889 factum
1425 1862 1614 1904 reputate.
1637 1857 1691 1894 G1
1695 1856 1769 1893 atia
1792 1858 1861 1894 Dei
1882 1867 1919 1895 et
1936 1872 2012 1909 pax
2033 1861 2079 1898 sit
2096 1876 2168 1899 xo-

1138 1913 1307 1962 biscum,
1337 1928 1462 1953 amen.

1139 2034 2168 2054 ====================================================================

1253 2130 1633 2188 EPISTOLA
1701 2127 2049 2194 CCXLIII.b

1452 2266 1603 2295 meno
1646 2267 1912 2293 RECESSERL‘NT
1951 2273 1973 2294 A
2009 2273 2163 2299 Domxo

1489 2328 1579 2349 PAPA
1600 2328 1770 2352 nconxm
1782 2317 1810 2353 ’ἵ

1137 2420 1292 2458 Romani,
1316 2421 1459 2452 Arnaldo
1476 2420 1623 2453 hteretico
1643 2422 1810 2455 factionem
1831 2425 2063 2468 inflammante,
2088 2433 2166 2463 anti-

1182 2485 1253 2516 quae
1279 2475 1478 2518 Reipublicze
1502 2487 1537 2507 ac
1569 2476 1721 2508 libertatis
1747 2477 1881 2510 formam
1901 2483 2064 2516 restituere
2088 2488 2166 2519 nite-

1181 2529 1317 2569 bantur,
1347 2531 1414 2562 sola
1442 2542 1604 2562 sacrorum
1629 2544 1704 2563 cura
1732 2535 1876 2567 Pontifici
1898 2538 2018 2570 relicta.
2053 2544 2164 2584 Itaque

1181 2585 1347 2627 vectigalia
1374 2586 1564 2618 Pontificum
1587 2587 1646 2618 sibi
1669 2588 1847 2628 vindicant,
1867 2591 2015 2633 jubentes
2036 2598 2165 2629 Pontifi-

1181 2650 1250 2670 cem
1273 2639 1420 2679 decimis,
1444 2648 1473 2672 et
1491 2641 1705 2674 oblationibus
1726 2650 1846 2675 tantum
1866 2657 1953 2678 more
1971 2649 2073 2690 prisco
2092 2663 2166 2683 con-

1181 2701 1304 2726 tentum
1334 2696 1450 2728 vivere.
1475 2697 1558 2728 Hinc
1590 2704 1663 2729 nata
1689 2698 1836 2736 rebellio„
1867 2707 1896 2732 et
1921 2702 1955 2733 in
1986 2707 2161 2747 Eugenium

1183 2750 1285 2782 acrius
1312 2752 1479 2784 concitata.
1508 2753 1604 2795 Cujus
1631 2754 1794 2786 occasione
1822 2757 2001 2789 Bernardus
2029 2770 2159 2803 aspere,

1181 2804 1235 2835 sed
1245 2805 1330 2847 juste
1345 2806 1487 2850 increpat
1506 2810 1670 2839 Romanos
1689 2814 1753 2839 tam
1773 2809 1897 2852 iniquos
1913 2812 1945 2843 in
1962 2815 2158 2857 Pontificem,

1181 2860 1270 2902 cujus
1283 2860 1399 2903 injuria
1417 2861 1450 2892 in
1463 2868 1587 2894 sanctos
1601 2869 1631 2894 et
1652 2874 1761 2895 omnes
1781 2864 1960 2898 Catholicos
1982 2869 2158 2911 redundet,

1182 2925 1246 2946 non
1264 2926 1396 2947 evasura
1410 2916 1469 2948 Dei
1486 2917 1656 2949 vindictam
1674 2942 1681 2955 ‚
1704 2919 1763 2950 nisi
1778 2930 1853 2951 mox
1867 2921 2060 2965 resipiscam.

1136 3021 1342 3061 Nobilibus
1355 3052 1365 3071 ‚
1395 3032 1433 3061 et
1449 3025 1702 3076 optimatibus
1715 3055 1725 3073 ,
1750 3036 1865 3078 atque
1883 3030 2065 3070 universo
2081 3048 2158 3085 po-

105 3154 402 3198 ¹Psa1.cxxxvm,
421 3162 485 3198 21,
513 3163 633 3192 22.—
650 3164 834 3201 ²Joan.x‚
853 3166 885 3195 ὃ.
903 3161 978 3186 -3
997 3166 1013 3194 Ι
1030 3164 1102 3196 Cor.
1125 3175 1181 3203 xv,
1204 3168 1260 3198 33.
1277 3165 1356 3192 —4
1374 3169 1407 3198 Π
1431 3166 1514 3198 Tim.
1540 3171 1662 3206 11,17.
1688 3168 1761 3192 —5
1783 3173 1865 3203 Gen.
1885 3183 1988 3204 xvxxi.
2012 3173 2153 3207 ——61d.

64 3210 354 3244 x1x.—7Matth.
377 3215 530 3252 xxv‚40
550 3213 793 3255 -8Rom.x‚
821 3220 875 3249 15.

56 3286 57 3294 ι
104 3268 119 3284 “
134 3269 310 3303 Bernardus
325 3283 438 3316 supra,
455 3275 522 3306 sola
537 3274 642 3307 littera
661 3276 775 3309 initiali
796 3281 821 3310 B
839 3278 978 3320 signatus
996 3279 1028 3310 in
1045 3281 1266 3324 manuscriptis
1286 3282 1340 3323 qui
1353 3282 1513 3316 abbatiam
1528 3285 1681 3317 Grandis-
1686 3286 1749 3318 Silx
1753 3298 1777 3318 {e
1792 3288 1921 3320 Ordinis
1944 3291 1974 3320 S.
1992 3289 2154 3322 Benedicti

55 3319 93 3354 in
106 3331 183 3369 pago
194 3325 353 3371 Tolosano
369 3329 628 3380 Cisterciensibus
645 3331 772 3374 adjecit.
794 3352 839 3356 ——
857 3334 872 3355 b
882 3337 920 3365 se
923 3334 1004 3376 ripta
1017 3346 1100 3367 anno
1118 3335 1234 3368 Christi
1255 3340 1266 3368 1
1280 3338 1355 3369 146.
