2517 3920
344 238 495 271 dinationi
511 236 670 274 resistere,
695 235 794 277 utqui
807 241 969 278 promotus
990 245 1007 265 a
1022 237 1089 265 Deo
1100 257 1108 271 ‚
1128 244 1194 264 sese
1207 233 1344 274 dejiciat,

345 293 466 334 aliaque
479 292 567 334 plura
584 290 616 321 in
629 289 768 321 eamdem
783 289 976 320 sententiam.
992 288 1073 319 Hinc
1087 298 1158 328 ergo
1173 287 1270 317 oritur
1284 297 1349 327 gra-

345 346 390 376 vis
407 345 535 386 quzestio
555 355 562 375 :
581 346 632 375 An
646 354 709 374 non
728 343 818 374 liceat
832 342 1012 373 renuntiare
1026 351 1107 371 curte
1122 340 1269 381 pastorali
1287 363 1294 376 ,
1317 345 1347 369 et

344 409 410 429 sese
423 397 596 428 subducere
619 396 717 427 turbis
734 402 763 426 et
783 395 912 437 negotiis
927 419 934 432 ,
955 394 995 424 ad
1017 393 1149 434 quietius
1170 392 1348 423 vacandum

344 456 412 484 Deo
435 458 464 483 et
498 451 588 482 saluti
607 450 764 493 propriae?
783 453 907 490 Augent
929 446 1107 488 quzestionis
1132 445 1347 476 difficultatem

343 512 406 537 tam
432 506 528 536 multa
550 510 726 535 sanctoruni
750 503 886 533 virorum
904 501 1067 543 exempla,
1088 509 1165 540 quos
1183 497 1214 528 id
1240 497 1347 527 fecisse

344 560 497 591 novimus.
515 563 601 590 Inter
618 558 751 588 minores
765 555 889 598 quidem
906 554 1051 596 praelatos
1068 551 1191 594 plurimi
1210 550 1344 586 fuerunt,

344 613 397 644 sed
420 624 477 644 nec
503 613 592 655 pauci
612 612 850 653 episcoporum,
871 607 1093 644 cardinalium,
1116 607 1178 636 imo
1198 611 1227 635 et
1246 602 1346 645 ponti-

344 667 435 697 ficum
451 666 602 697 nonnulli.
620 668 724 697 Bruno
743 667 788 695 ΙΙΙ
809 673 912 693 comes
934 661 973 692 de
992 661 1105 692 Altena
1123 684 1130 697 ,
1153 657 1345 691 Coloniensis

342 721 473 764 praesul,
505 720 647 751 abdicato
672 717 876 760 pontificatu,
902 716 943 747 ad
966 713 1187 745 monasterium
1210 711 1346 742 Veteris-

341 775 460 806 Montis
484 773 610 804 Ordinis
627 772 836 803 Cisterciensis
852 769 974 801 secessit
993 779 1075 799 anno
1098 771 1107 797 l
1124 769 1198 797 119.
1222 765 1343 796 Eskilus

341 828 512 858 Lundensis
528 828 559 857 in
576 826 677 856 Dania
689 824 949 865 archiepiscopus,
966 822 998 851 in
1013 819 1211 852 Clara-Valle
1228 817 1297 848 vita:
1311 826 1344 847 se

340 882 467 924 privatae
490 880 584 911 dedit.
605 883 713 910 Petrus
735 877 878 908 Damiani
902 886 941 906 ex
966 873 1118 904 monacho
1141 870 1343 903 Benedictino

340 934 504 965 cardinalis
525 940 555 964 et
580 932 743 974 episcopus
768 929 936 966 Ostiensis,
958 934 1122 970 postquam
1144 936 1201 968 pro
1222 925 1343 956 ratione

339 987 430 1018 officii
451 993 479 1017 ct
494 986 648 1027 dignitatis
665 994 791 1015 causam
808 982 949 1014 Ecclesiae
968 981 1058 1011 annis
1078 980 1196 1021 aliquot
1217 985 1342 1010 strenue

338 1047 367 1071 et
387 1040 463 1070 mira
489 1038 661 1069 constantia
681 1037 841 1079 gessisset,
863 1046 969 1066 amore
986 1033 1161 1065 solitudinis
1181 1039 1211 1063 et
1230 1032 1342 1073 quietis

337 1092 369 1122 in
391 1092 500 1123 cellam
515 1101 654 1121 reversus
668 1114 675 1128 ,
693 1090 786 1120 vitam
807 1099 877 1120 cum
894 1087 1045 1118 fratribus
1064 1086 1096 1116 in
1118 1085 1343 1126 tranquillitate

337 1146 481 1187 deinceps
507 1145 606 1185 exegit
625 1155 632 1175 ε
651 1144 705 1174 sed
720 1143 902 1184 redargutus
916 1152 934 1172 a
959 1151 1081 1172 summo
1101 1140 1250 1171 Pontifice
1264 1164 1271 1177 ,
1288 1150 1344 1170 cur

336 1200 495 1241 publicam
524 1209 629 1229 curam
657 1197 749 1228 saluti
778 1197 928 1239 privatae,
961 1196 1008 1226 xii·
1037 1194 1119 1225 utilis
1150 1200 1180 1225 et
1212 1193 1343 1224 idoneus

335 1254 548 1297 posthaberet.
571 1257 619 1284 De
641 1263 703 1295 quo
721 1251 797 1282 illud
821 1250 1041 1287 memorabile,
1065 1248 1149 1290 quod
1171 1248 1344 1289 injunctam

336 1308 377 1339 ob
393 1307 590 1350 repudiatum
607 1307 820 1349 episcopatum
838 1317 855 1336 a
872 1304 1021 1335 Pontifice
1040 1308 1164 1334 centum
1188 1312 1343 1332 annorum

338 1361 551 1404 poenitentiam
575 1360 586 1402 (
601 1372 661 1402 qua
679 1370 791 1401 nempe
803 1359 975 1401 jubebatur
992 1358 1022 1388 in
1041 1357 1105 1388 dies
1122 1356 1161 1387 ad
1188 1356 1303 1387 Psalmi
1325 1368 1343 1385 L

337 1415 548 1445 recitationem
568 1414 762 1456 disciplinam
780 1413 880 1444 facere
893 1437 900 1450 ,
921 1412 1015 1454 idque
1040 1417 1165 1442 centum
1185 1410 1275 1441 annis
1288 1434 1295 1448 ‚
1319 1410 1344 1441 si

336 1473 383 1498 tot
399 1468 538 1509 viveret)
557 1468 647 1498 unius
664 1468 735 1499 anni
757 1467 857 1509 spatio
871 1491 878 1504 ,
902 1467 1052 1508 integram
1070 1465 1281 1507 compleverit.
1297 1468 1344 1496 Ita

335 1520 410 1551 alias
425 1521 532 1562 legisse
545 1521 683 1552 memini.
699 1520 780 1551 Vide
803 1524 944 1562 Operum
967 1521 1032 1561 ejus
1055 1526 1174 1550 tomum
1200 1522 1227 1556 Ι,
1250 1519 1340 1561 epist.

341 1577 380 1604 lO
395 1585 402 1611 3
423 1584 476 1604 seu
492 1598 499 1611 ‚
517 1576 604 1616 juxta
619 1585 735 1605 novam
756 1574 939 1610 editionem,
962 1580 1081 1605 tomum
1099 1577 1132 1611 3,
1149 1576 1267 1615 Opusc.
1285 1577 1341 1612 20,

334 1627 374 1658 ad
396 1628 609 1658 Alexandrum
632 1628 810 1670 pontificem
833 1635 861 1659 et
888 1627 1138 1659 Hildebrandum
1155 1627 1345 1658 cardinalem

335 1682 387 1723 qui
410 1689 517 1723 postea
546 1682 643 1713 factus
662 1682 803 1724 pontifex
822 1682 948 1713 nomine
974 1684 1106 1723 Gregor.
1138 1684 1218 1717 VII,
1239 1680 1294 1711 ubi
1313 1692 1344 1712 se

336 1743 446 1778 purgat
468 1737 509 1767 ob
533 1737 693 1767 dimissum
711 1737 925 1779 episcopatum
939 1760 945 1772 ,
967 1742 997 1767 et
1017 1735 1133 1766 factum
1159 1746 1266 1772 suum,
1290 1734 1346 1765 ini-

335 1790 504 1832 probatnm
537 1801 555 1822 a
583 1790 732 1822 Pontifice
757 1797 787 1821 et
820 1790 1000 1828 cardinali,
1033 1790 1176 1832 plurimis
1202 1789 1344 1821 adductis

335 1845 485 1886 exemplis
499 1851 614 1875 tuetur.
634 1844 695 1876 Sed
710 1844 735 1875 si
752 1844 870 1886 legibus
892 1844 995 1886 potius
1020 1854 1117 1885 quam
1134 1842 1283 1884 exemplis
1297 1843 1345 1884 ju-

336 1898 504 1929 dicandum
529 1905 574 1930 est
588 1923 595 1937 ,
618 1899 662 1929 uti
681 1898 919 1940 jurisconsultus
935 1899 977 1929 ait
991 1923 998 1936 ,
1020 1898 1091 1929 vide
1108 1898 1318 1940 Augustinum
1333 1922 1340 1936 ,

336 1952 427 1994 epist.
456 1956 519 1990 84,
550 1953 590 1984 ad
613 1953 810 1989 Eudoxium3
838 1952 997 1983 Liberium
1027 1963 1160 1994 papam,
1188 1951 1279 1994 epist.
1304 1951 1344 1982 ad

337 2017 443 2037 omnes
466 2007 647 2049 episcopos3
676 2010 812 2038 Leonem
836 2010 869 2044 I,
901 2006 992 2049 epist.
1023 2010 1086 2044 32,
1114 2006 1155 2037 ad
1178 2005 1343 2037 Rusticum

337 2060 618 2099 Narl>onnense1n3
642 2061 860 2092 Innocentium
883 2064 929 2092 III
943 2085 950 2098 ,
968 2061 1007 2092 ad
1032 2060 1213 2102 episcopum
1237 2060 1345 2091 Arela-

335 2119 472 2152 tensem,
504 2121 533 2145 et
565 2114 603 2145 de
632 2115 779 2156 Regular.
805 2126 875 2157 cap.
907 2116 1014 2150 Licet‚·
1036 2115 1281 2153 Bellarminum,
1304 2113 1344 2145 ad

335 2168 506 2198 Henricum
535 2179 553 2199 a
580 2169 777 2210 Lothariugia
812 2169 993 2211 episcopum
1024 2169 1275 2207 Virdunensem3
1310 2172 1341 2201 S.

336 2222 533 2263 Gregoriuin,
554 2223 593 2254 de
606 2225 686 2255 Cura
701 2227 781 2254 Past.
800 2223 856 2254 lib.
880 2227 910 2259 1.
925 2235 991 2266 cap.
1009 2228 1025 2255 5
1045 2234 1112 2265 sqq.
1133 2227 1260 2255 Petrum
1275 2224 1343 2254 Ble-

335 2286 473 2315 sensem,
493 2277 595 2319 epistt.
624 2279 664 2308 44
690 2283 719 2308 et
753 2280 810 2308 101
830 2288 837 2315 ς
865 2280 894 2309 S.
913 2277 1079 2316 Tliomani,
1106 2281 1136 2313 2,
1160 2281 1192 2315 2,
1216 2288 1246 2319 q.
1275 2280 1338 2316 853

336 2329 541 2361 Gillebertum
555 2331 593 2361 de
610 2330 786 2372 Hoylandia
800 2355 807 2368 ‚
825 2331 1052 2372 elegantissima
1067 2331 1197 2373 epistola
1211 2330 1249 2362 ad
1263 2334 1344 2372 Oge-

334 2382 415 2414 rium
434 2384 446 2425 (
459 2395 498 2415 an
524 2384 602 2415 forte
616 2384 778 2423 eumdem,
800 2385 838 2415 ad
856 2396 950 2426 quem
968 2391 1013 2417 est
1035 2396 1171 2427 praesens
1191 2384 1343 2416 Bernardi

334 2437 463 2478 epistola
484 2441 497 2469 Ρ
527 2445 609 2470 certe
640 2439 800 2480 utriusque
833 2439 972 2481 epistolae
1003 2445 1035 2470 et
1068 2439 1271 2482 inscriptione
1311 2444 1343 2469 et

335 2498 518 2532 argumento
543 2493 759 2535 conveniunt)
786 2504 878 2534 quam
903 2492 1002 2523 habes
1021 2492 1071 2523 hic
1097 2499 1182 2523 tomo
1208 2497 1237 2523 5.
1263 2495 1342 2523 Item

333 2545 405 2576 vide.
419 2545 522 2577 Tubas
536 2553 659 2577 nostras
672 2546 840 2589 disciplinie
860 2547 969 2578 eccles.
985 2558 1055 2589 pag.
1073 2550 1133 2577 521
1151 2558 1158 2585 ;
1176 2546 1342 2577 Claudium

334 2602 548 2641 Espencaeum,
573 2600 627 2631 lib.
651 2604 668 2632 3
689 2601 822 2643 Digress.
841 2601 874 2632 in
897 2601 1036 2644 Epistola
1062 2600 1164 2642 prima
1181 2600 1221 2631 ad
1239 2600 1343 2630 Timo-

337 2652 453 2683 tlicum.

387 2711 451 2737 256
476 2710 517 2738 A.
538 2708 591 2749 qui
608 2719 640 2739 se
657 2708 716 2739 sibi
735 2709 915 2750 magistrum
933 2707 1093 2739 constituit
1110 2731 1117 2746 ,
1138 2707 1232 2738 stulto
1250 2718 1282 2738 se
1299 2707 1344 2737 di-

338 2760 490 2803 scipulum
513 2762 629 2793 subdit.
649 2781 694 2784 —
708 2766 862 2804 Argutum
887 2769 917 2793 et
935 2763 1058 2806 sapiens
1075 2761 1173 2792 sancti
1191 2761 1343 2793 Bernardi

338 2813 466 2844 dictum.
495 2817 575 2845 Nam
596 2815 745 2857 φιλαυτία.
769 2828 823 2847 seu
840 2828 928 2848 amor
944 2816 990 2846 sui
1011 2815 1107 2858 ipsius
1121 2839 1128 2853 ‚
1147 2826 1277 2857 magnus
1293 2826 1342 2845 er-

337 2876 443 2896 10111111
465 2867 575 2897 artifex
588 2892 595 2905 ,
615 2869 647 2899 in
669 2869 767 2899 causis
791 2870 924 2912 propriis
948 2869 1012 2900 fere
1032 2875 1169 2900 mentem
1187 2875 1217 2899 et
1236 2869 1342 2899 oculos

338 2918 457 2949 homini
477 2921 603 2962 surripit
623 2932 630 2952 ε
652 2921 785 2963 facitque
805 2924 883 2954 adeo
903 2924 990 2954 illum
1015 2924 1213 2960 stultescere,
1234 2929 1264 2954 et
1290 2933 1341 2954 re-

338 2983 407 3003 rum
428 2972 466 3003 de
480 2973 572 3004 rebus
585 2974 737 3015 judicium
755 2977 911 3014 amittere,
929 2977 970 3008 ita
984 2983 1018 3008 ut
1035 2977 1089 3019 qui
1105 2977 1173 3008 aliis
1189 2988 1253 3008 non
1270 2988 1341 3008 raro

337 3034 421 3058 recte
440 3033 552 3057 norunt
573 3029 732 3059 consulere
745 3053 752 3067 ,
770 3029 801 3060 in
821 3030 954 3072 propriis
980 3030 1061 3061 foede
1078 3031 1260 3068 orciniam,
1278 3030 1341 3062 imo

337 3081 509 3123 desipiant,
534 3092 661 3123 seseque
687 3083 797 3114 misere
819 3083 985 3125 decipiant.
1016 3088 1114 3115 Porro
1140 3085 1173 3116 in
1195 3085 1245 3116 via
1270 3085 1341 3116 vitae

337 3135 505 3177 spiritualis
529 3146 582 3166 seu
604 3136 753 3177 religiosae
776 3136 842 3167 sine
870 3137 947 3168 duce
972 3138 1051 3168 velle
1078 3138 1266 3180 procedere,
1292 3150 1342 3170 res

336 3191 429 3232 plena
444 3190 630 3221 discriminis
649 3197 713 3228 est,
735 3197 769 3222 ut
788 3192 901 3233 passim
918 3192 1014 3222 sancti
1039 3196 1145 3223 Patres
1169 3200 1199 3224 et
1216 3195 1340 3225 ascetici

336 3245 502 3286 scriptores
517 3244 695 3277 ostendunt.
718 3245 779 3275 Adi
799 3249 930 3286 August.
947 3247 1029 3276 Prol.
1054 3246 1109 3277 lib.
1130 3247 1168 3277 de
1189 3249 1339 3279 Doctrina

337 3297 449 3329 Christ.
473 3298 565 3329 ltasil.
588 3299 720 3331 Constit.
739 3301 830 3329 Mon.
857 3309 926 3340 cap.
959 3302 999 3330 23
1014 3322 1020 3335 ,
1038 3305 1067 3329 ct
1089 3302 1222 3339 Qtiaestt.
1243 3304 1335 3333 Brev.

336 3362 367 3385 11.
390 3354 448 3383 301
469 3364 476 3390 ;
499 3355 629 3394 Grcgor.
647 3355 782 3395 Nyssen.
801 3352 855 3384 lib.
877 3352 916 3384 de
929 3352 1018 3393 vii-g.
1036 3352 1167 3384 Hieron.
1190 3355 1278 3396 epist.
1302 3358 1334 3394 4,

848 160 897 194 IN
927 158 1107 194 TOMUM
1136 156 1334 192 PRIMUM
1363 154 1567 191 OPERUM
1597 154 1631 188 S.
1663 150 1916 185 BERNARDI

2343 150 2416 186 864

1414 231 1454 262 ad
1468 230 1651 266 Rusticum;
1673 230 1768 268 Greg.
1788 229 1898 268 Magn.
1915 225 1972 256 lib.
1993 228 2004 256 1
2027 225 2111 257 Dial.
2133 236 2203 268 cap.
2224 230 2252 265 1,
2268 227 2366 259 01111).
2383 231 2418 270 2,

1413 284 1445 315 in
1466 284 1579 315 librum
1598 287 1611 313 I
1631 285 1710 322 Reg.
1737 280 1936 315 Cassianum,
1958 279 2070 310 collat.
2090 282 2122 317 2,
2141 290 2234 322 capp.
2262 284 2296 311 ll
2314 305 2321 318 ‚
2354 284 2415 320 15;

1413 341 1445 369 S.
1462 335 1597 368 Doroth.
1618 338 1716 366 Semi.
1737 337 1753 363 5
1767 344 1774 370 3
1791 332 1939 363 Vincent.
1955 335 2077 363 Ferrer.
2094 338 2184 364 tract.
2201 333 2239 364 de
2250 334 2324 364 Vita
2340 335 2417 376 spir.

1413 400 1482 431 cap.
1515 393 1533 421 4
1555 401 1562 426 ;
1595 391 1793 418 Turrecrem.
1827 390 1918 415 tract.
1949 388 1968 416 9
2001 385 2034 415 in
2059 388 2137 427 Reg.
2171 389 2202 417 S.
2228 387 2388 418 Benedicti
2407 399 2416 425 ;

1412 446 1442 474 S.
1465 446 1583 473 Bonav.
1601 441 1655 471 lib.
1675 439 1713 470 de
1730 441 1790 470 Sex
1808 439 1894 476 Alis;
1918 438 2074 480 Alphons.
2094 439 2225 481 Rodrig.
2243 443 2261 471 3
2276 451 2310 482 p.
2326 443 2421 472 Exer-

1412 495 1465 527 cit.
1487 502 1576 526 tract.
1598 498 1629 532 7,
1655 504 1725 534 cap.
1753 494 1828 530 2-43
1861 492 1982 524 Ludov.
2004 493 2043 524 de
2066 497 2183 531 Ponte,
2214 505 2248 536 p.
2278 497 2309 525 2.
2337 490 2418 526 Duc.

1411 550 1486 591 spir.
1509 556 1599 581 tract.
1625 551 1661 584 4,
1681 559 1749 590 cap.
1771 552 1788 579 2
1802 572 1809 586 ,
1829 555 1857 579 01
1876 559 1910 590 p.
1946 551 1973 582 1.
1998 547 2037 578 de
2054 547 2138 579 Perf.
2163 547 2230 579 chr.
2259 555 2351 580 tract.
2376 553 2393 580 2
2408 571 2417 585 ,

1411 615 1481 646 cap.
1502 607 1540 641 9;
1567 602 1754 643 Rossignol,
1785 602 1824 632 de
1851 602 1983 644 Discipl.
2019 601 2102 633 Perf.
2136 601 2192 633 lib.
2225 605 2254 640 l,
2286 613 2355 645 cap.
2381 607 2416 640 l:

1410 658 1499 689 Hier.
1520 657 1600 688 Plat.
1631 656 1670 687 de
1692 658 1772 687 Bon.
1799 659 1878 688 Stat.
1896 657 1954 688 rel.
1977 656 2035 687 lib.
2065 660 2071 688 Ι
2093 681 2101 695 ,
2124 668 2194 700 cap.
2219 660 2280 696 24;
2303 657 2417 690 Jacob.

1409 711 1481 741 Alv.
1498 710 1537 740 de
1560 712 1634 740 Paz.
1655 708 1693 739 de
1716 709 1792 739 Vita
1817 709 1894 751 spir.
1920 715 2005 740 tomo
2036 712 2071 746 1,
2093 709 2149 741 lib.
2177 714 2194 741 5
2209 735 2216 749 ‚
2239 704 2331 753 capp'.
2358 715 2419 749 12,

1413 767 1451 795 13
1466 776 1473 802 ;
1496 763 1631 805 denique
1650 766 1669 795 J
1673 762 1769 793 ulium
1786 762 1917 804 Nigron.
1938 762 1971 793 in
1987 766 2093 794 Tract.
2108 770 2203 795 ascet.
2220 770 2311 796 tract.
2333 768 2360 796 Ι.

1456 821 1524 849 260
1538 820 1572 849 C.
1595 827 1651 858 ego
1668 816 1795 858 quidem
1808 827 1873 847 non
1886 817 2050 859 jusseram.
2065 837 2107 840 —
2127 819 2323 860 Opusculum
2335 818 2420 850 istud

1406 871 1516 914 procul
1536 870 1633 901 dubio
1655 881 1719 901 non
1741 870 1828 901 aliud
1853 877 1918 907 est,
1939 881 2036 912 quam
2051 872 2206 914 Apologia
2228 872 2267 903 ad
2293 872 2422 904 61111101-

1406 936 1492 956 11111111
1523 924 1687 962 abbatem,
1715 935 1809 966 quam
1841 924 1973 965 Ogerius
1999 925 2202 967 exspectabat
2230 925 2421 968 urgebatque

1408 979 1495 1021 apud
1508 978 1785 1016 Claram-Vallem,
1802 978 1877 1008 dum
1890 989 1959 1009 eam
1973 979 2153 1010 Bernardus
2162 979 2366 1021 perficiebat,
2387 986 2422 1012 ut

1407 1038 1496 1074 patet
1515 1043 1553 1063 ex
1570 1032 1686 1063 ultimis
1709 1031 1849 1073 ejusdem
1870 1031 2032 1074 Apologiae
2054 1032 2169 1064 verbis.
2188 1033 2249 1065 Sed
2262 1044 2333 1065 cnm
2349 1045 2422 1066 eam

1407 1086 1543 1117 necdum
1557 1092 1702 1117 accurate
1719 1085 1908 1128 descriptam
1923 1092 1994 1117 ante
2018 1085 2188 1117 discessum
2212 1087 2355 1118 obtinere
2367 1098 2423 1131 po-

1408 1140 1516 1171 tuisset
1539 1139 1671 1181 Ogerius
1685 1164 1693 1177 ,
1716 1150 1786 1170 eam
1804 1146 1911 1182 postea
1931 1150 1948 1170 a
1971 1139 2134 1171 Bernardo
2155 1140 2281 1172 missam
2302 1141 2422 1184 accepit

1408 1193 1667 1231 examinandam,
1692 1199 1787 1234 atque
1814 1204 1852 1224 eo
1875 1193 2052 1224 inconsulto
2074 1195 2315 1226 communicavit
2335 1195 2423 1227 Guil-

1407 1247 1501 1278 lelmo
1518 1247 1646 1286 abbati,
1666 1246 1716 1277 cui
1737 1246 1883 1289 inscripta
1909 1253 1975 1286 est,
2003 1258 2098 1289 qnam
2113 1249 2291 1280 Bernardus
2319 1260 2423 1281 emen-

1409 1301 1513 1332 datam
1537 1301 1602 1344 ipse
1618 1301 1854 1332 transmissurus
1868 1307 1945 1333 erat.

1458 1358 1519 1387 261
1543 1358 1583 1387 Α.
1601 1355 1654 1386 1113
1682 1366 1809 1398 quoque
1832 1355 2084 1398 praefatiuncula.
2114 1374 2160 1378 —
2177 1356 2422 1389 Praefatiuncula

1407 1409 1475 1441 haec
1500 1410 1633 1452 epistola
1659 1416 1707 1440 est
1732 1409 1771 1441 ad
1800 1409 1949 1441 eumdem
1983 1409 2210 1449 GuiHelmum,
2237 1421 2308 1453 quae
2339 1412 2422 1442 iuter

1407 1464 1622 1495 Bernardinas
1641 1464 1765 1495 censeri
1781 1464 1876 1502 solet,
1894 1464 2007 1496 ordine
2027 1465 2219 1507 octogesima
2237 1465 2347 1506 quinta
2360 1489 2369 1504 ,
2388 1465 2423 1497 in

1409 1518 1511 1560 capite
1525 1518 1689 1560 Apologiae
1704 1518 1817 1549 relata.

1460 1576 1526 1604 262
1544 1575 1585 1604 A.
1608 1572 1724 1603 silentii
1749 1572 1851 1613 quies.
1865 1590 1910 1594 ——
1939 1574 2010 1603 Hac
2030 1572 2165 1615 epistola
2183 1571 2331 1615 gravibus
2356 1583 2423 1603 ver-

1409 1626 1458 1658 bis
1472 1626 1629 1668 significat
1647 1627 1707 1657 Vir
1724 1631 1854 1657 sanctus
1867 1650 1875 1665 ,
1898 1637 1994 1668 quam
2010 1626 2050 1658 sit
2074 1626 2199 1657 alienus
2217 1637 2235 1657 a
2251 1626 2366 1657 litteris
2382 1626 2422 1658 ad

1411 1681 1528 1712 amicos
1547 1681 1651 1711 minus
1670 1679 1799 1711 utilibus
1820 1685 1852 1711 et
1865 1679 2052 1711 necessariis
2069 1678 2231 1711 scribendi
2258 1703 2266 1717 ,
2289 1679 2370 1721 quod
2390 1679 2423 1710 id

1410 1735 1466 1766 fiat
1483 1746 1553 1766 cum
1574 1736 1697 1777 jactura
1718 1734 1871 1777 temporis
1895 1741 1926 1766 et
1947 1734 2022 1773 otii,
2048 1734 2248 1777 gravioribus
2260 1737 2422 1777 magisque

1411 1789 1528 1820 sanctis
1545 1789 1680 1831 negotiis
1702 1788 1887 1827 tribuendi3
1906 1788 1983 1820 item
2000 1787 2137 1827 silentii,
2154 1788 2240 1831 quod
2255 1788 2422 1830 Religiosis

1411 1842 1588 1881 incumbit3
1622 1842 1760 1884 denique
1786 1843 1902 1884 quietis
1933 1848 1965 1873 ct
1997 1842 2234 1884 tranquillitatis
2265 1842 2419 1881 internae,

1410 1897 1501 1938 cujus
1515 1896 1720 1938 dispendium
1734 1896 1836 1927 adfert
1850 1896 1904 1928 illa
1919 1896 2080 1928 scribendi
2096 1907 2174 1928 cura
2193 1901 2224 1927 et
2241 1895 2420 1939 occupatio.

1410 1949 1566 1991 Loquitur
1591 1949 1772 1981 Bernardus
1787 1950 1826 1981 dc
1843 1950 1947 1982 officio
1969 1956 2000 1981 et
2022 1950 2187 1982 vocatione
2209 1950 2357 1982 monachi
2376 1961 2423 1982 se-

1409 2004 1551 2036 cundum
1569 2015 1613 2035 se.
1633 2007 1716 2036 Nam
1735 2004 1908 2037 monachus
1922 2029 1930 2043 ,
1957 2010 2114 2047 quatenus
2131 2003 2204 2035 talis
2216 2028 2224 2043 ,
2245 2015 2311 2035 non
2333 2015 2422 2036 voca-

1410 2064 1464 2089 tur
1484 2059 1523 2090 ad
1542 2058 1780 2101 praedicandum
1798 2065 1828 2090 et
1851 2059 2048 2098 docendum3
2065 2058 2122 2090 sed
2139 2058 2178 2089 ad
2192 2058 2368 2090 vacandum
2388 2058 2421 2089 iu

1412 2113 1584 2145 solitudine
1611 2117 1679 2145 Deo
1707 2120 1738 2145 et
1763 2113 1858 2146 saluti
1885 2114 2041 2157 propriae,
2073 2123 2130 2156 per
2154 2113 2374 2144 meditationes
2390 2119 2422 2144 et

1410 2168 1562 2199 virtutum
1585 2167 1748 2200 exercitia.
1775 2168 1868 2199 Unde
1894 2168 2028 2210 epistola
2053 2170 2097 2199 42
2115 2167 2128 2210 (
2147 2167 2286 2199 habetur
2302 2174 2385 2199 tomo
2401 2171 2419 2200 2

1408 2222 1492 2253 inter
1505 2222 1695 2263 Tractatus)
1711 2221 1755 2252 ait
1774 2224 1806 2253 S.
1835 2221 2013 2252 Bernardus
2030 2236 2043 2248 «
2059 2221 2163 2252 Labor
2185 2227 2217 2252 et
2239 2220 2367 2252 latebrae
2389 2227 2422 2252 et

1410 2291 1422 2303 n
1439 2276 1616 2307 voluntaria
1632 2281 1803 2318 paupertas
1815 2298 1823 2314 ,
1839 2275 1906 2306 haec
1919 2281 1994 2306 sunt
2010 2274 2241 2307 monachorum
2256 2274 2390 2317 insignia
2409 2287 2417 2314 ;

1411 2344 1422 2356 u
1440 2329 1507 2361 11ωο
1522 2330 1617 2361 vitam
1635 2330 1738 2361 solent
1757 2329 1925 2360 nobilitare
1944 2328 2162 2360 monasticam.
2184 2343 2198 2356 ι»
2216 2331 2422 2371 Quapropter

1410 2395 1451 2415 ne
1472 2384 1616 2415 fortassis
1631 2390 1751 2415 temere
1770 2389 1801 2415 et
1824 2383 2047 2426 imprudenter
2063 2383 2183 2414 inertes
2196 2406 2204 2419 ,
2226 2382 2251 2413 si
2274 2382 2329 2424 qui
2343 2382 2421 2414 tales

1409 2437 1527 2469 alicubi
1551 2438 1676 2469 latitant
1701 2436 1866 2475 monachi,
1892 2436 2080 2468 auctoritate
2100 2435 2200 2467 sancti
2222 2435 2323 2467 Patris
2345 2435 2422 2467 abu-

1409 2497 1516 2522 tantur
1526 2491 1566 2522 ad
1580 2491 1756 2522 fomentum
1771 2491 1901 2533 ignariae
1917 2501 2000 2528 51110,
2017 2490 2107 2532 quasi
2121 2489 2225 2521 studia
2240 2489 2421 2521 litterarum

1408 2551 1438 2576 et
1462 2538 1630 2577 scientiam
1654 2545 1814 2588 improbet
1835 2545 1868 2576 in
1888 2544 2051 2579 monachis
2065 2568 2074 2582 ,
2103 2543 2234 2576 audiant
2260 2543 2294 2575 hi
2316 2541 2422 2586 ipsum

1407 2599 1483 2631 alibi
1499 2600 1576 2631 tales
1597 2599 1764 2631 manifeste
1787 2599 2046 2641 redarguentem.
2067 2613 2080 2625 «
2099 2598 2220 2630 videar
2233 2598 2386 2637 forsitan,
2406 2613 2419 2626 n

1407 2652 1532 2695 inquit,
1554 2669 1566 2681 «
1584 2653 1700 2684 nimius
1722 2653 1755 2684 in
1778 2653 1998 2695 suggillatione
2024 2652 2167 2684 scientiae
2182 2676 2190 2691 ,
2218 2658 2250 2684 et
2269 2655 2357 2694 quasi
2374 2663 2421 2684 re—

1409 2722 1421 2734 »
1440 2707 1641 2750 prehendere
1667 2707 1795 2745 doctos,
1824 2718 1860 2738 ac
1893 2707 2065 2750 prohibere
2091 2706 2198 2739 studia
2226 2707 2417 2739 litterarum.

1409 2775 1422 2788 »
1441 2761 1547 2793 Absit.
1574 2763 1649 2793 Non
1675 2761 1787 2803 ignoro
1813 2768 1968 2803 quantum
1993 2761 2145 2793 Ecclesiae
2176 2760 2355 2804 profuerint
2389 2766 2420 2792 et

1409 2829 1421 2840 n
1440 2815 1563 2856 prosint
1591 2814 1723 2845 litterati
1747 2814 1814 2853 sui,
1843 2815 1911 2846 sive
1935 2815 1975 2846 ad
2000 2815 2193 2846 refellendos
2219 2826 2273 2846 eos
2300 2815 2355 2857 qui
2379 2826 2418 2846 ex

1409 2883 1421 2894 n
1444 2868 1579 2899 adverso
1609 2875 1701 2907 sunt,
1735 2869 1800 2900 sive
1828 2869 1867 2901 ad
1893 2870 2054 2913 simplices
2077 2869 2283 2901 instruendos
2297 2893 2305 2908 ,
2326 2885 2340 2897 »
2354 2876 2416 2902 etc.

1407 2923 1550 2964 ejusdcm
1583 2923 1757 2962 sci-monis,
1791 2934 1862 2966 quae
1894 2923 2006 2966 legisse
2031 2923 2156 2966 juvabit
2187 2933 2282 2955 serm.
2315 2926 2358 2955 36
2386 2923 2419 2954 111

1407 2977 1562 3016 Cantica,
1582 2989 1613 3009 n.
1638 2982 1670 3009 2.

1456 3035 1520 3063 263
1542 3035 1582 3064 Α.
1602 3032 1793 3063 Guerricum
1811 3038 1968 3063 nostrum.
1990 3050 2037 3055 --
2059 3030 2234 3064 Guerricus
2253 3029 2314 3061 iste
2334 3040 2419 3062 anno

1412 3090 1497 3118 1138
1524 3086 1624 3118 factus
1650 3093 1698 3118 est
1729 3087 1827 3119 abbas
1851 3086 2065 3129 Igniacensis,
2090 3084 2182 3128 cu‘jus
2201 3087 2372 3117 Sermones
2386 3085 2418 3116 in

1407 3146 1491 3172 tomo
1506 3147 1606 3172 sexto.
1627 3144 1674 3172 De
1691 3141 1803 3173 eodem
1819 3152 1927 3172 rursus
1943 3141 1975 3171 in
1992 3140 2128 3183 epistola
2145 3145 2311 3182 sequente.

1456 3197 1520 3225 264
1539 3198 1580 3226 A.
1605 3206 1623 3226 a
1642 3195 1851 3227 discurrendo
1875 3194 1992 3226 nuntii.
2018 3213 2062 3218 —
2085 3193 2277 3237 Hujusmodi
2297 3192 2419 3236 scripti-

1407 3247 1542 3279 tationes
1576 3248 1738 3280 dex-ottoni
1763 3255 1794 3280 et
1827 3248 1964 3281 orationi
1990 3248 2223 3292 impedimento
2248 3258 2318 3279 esse
2342 3247 2420 3279 dicit

1406 3303 1437 3332 in
1459 3302 1591 3344 epistola
1610 3302 1741 3344 111-101113
1764 3301 1928 3344 Apologiae
1959 3301 2000 3334 ad
2018 3301 2226 3334 Guillelmum
2243 3299 2391 3332 abbatem
2404 3322 2413 3338 ‚

1405 3362 1436 3387 ct
1453 3367 1549 3399 supra
1562 3355 1595 3387 in
1611 3356 1748 3399 epistola
1765 3359 1840 3389 895

2504 2578 2508 2590 l

2512 1685 2515 1697 1
