2533 3920
365 195 437 232 147

1130 194 1166 230 S.
1197 192 1452 229 BERNARDI
1482 192 1684 233 ABBATIS

358 272 495 319 officii,
517 280 597 309 tum
619 270 707 321 quia
729 278 767 308 et
787 269 997 320 apostolica
1016 267 1179 320 injungit
1198 269 1367 307 auctori·
1384 270 1397 288 ²

2371 190 2444 227 148

1403 270 1415 287 ⁸
1434 269 1521 305 culo
1534 296 1544 314 ‚
1568 268 1780 306 susurrium
1799 281 1886 305 cum
1902 271 1984 305 Deo
1998 296 2008 314 ,
2028 267 2089 304 vel
2104 266 2152 305 ad
2172 267 2366 305 modicum
2386 269 2446 306 in-

360 342 415 370 tas
436 348 444 370 :
466 340 562 382 puto
595 340 720 369 tamen
751 330 856 380 quod
888 344 966 367 non
993 344 1231 380 supervacua
1258 331 1295 366 in
1326 343 1366 366 re
1388 337 1416 369 A
1438 337 1696 378 terrumpere,
1714 336 1922 377 nostraque
1938 328 2110 377 ingerere
2124 327 2278 365 auribus
2294 328 2448 366 secretis

358 402 464 431 tanta
483 394 594 430 etiam
617 392 726 429 amici
744 392 994 428 commonitio
1016 391 1172 428 accedit.
1196 394 1278 427 Hoc
1299 404 1367 427 au-

361 463 435 491 tem
457 463 514 491 est
539 454 642 504 quod
672 453 836 490 amicum
858 460 894 488 et
922 461 1070 502 patrem
1093 452 1269 501 cupimus
1289 463 1369 488 esse

360 514 599 551 admonitum
611 542 620 559 ,
641 521 682 550 ut
699 513 778 549 haec
796 513 875 562 ipsa
893 512 987 548 ultio
1004 525 1089 561 quae
1107 510 1277 547 facienda
1292 519 1368 556 est,

359 589 405 612 eo
426 588 579 625 quoque
597 575 681 611 zelo
698 587 775 623 quo
791 572 961 609 facienda
982 580 1058 618 est,
1078 573 1141 608 fiat
1157 586 1164 608 :
1183 580 1370 621 quatenus

358 649 437 672 non
455 636 579 672 solum
606 648 774 684 praesens
797 633 941 670 facinus
971 633 1194 670 mulctatum
1216 645 1297 669 csse
1317 632 1371 668 vi-

357 696 516 742 deatur,
547 696 613 733 sed
645 696 757 732 etiam
785 709 806 732 a
836 694 949 731 simili
975 694 1186 731 temeritate
1213 692 1370 730 audiens

357 757 482 793 omnis
502 756 715 806 malignitas
741 763 1016 806 compescatur.

370 889 380 897 ι
386 888 409 897 ι·
414 888 672 897 ωιιιιιιιιννῑι-Λνι
678 889 743 897 νιιιι
749 887 1106 897 =xa==w====mwuuv==nwu
1112 886 1165 895 ι-Λι
1171 886 1370 895 ιιιιιιιινινιικ

583 1003 956 1058 EPISTOLA
1018 998 1143 1058 XI.a

360 1145 405 1165 AD
438 1144 634 1167 GUIGONEM
667 1131 889 1177 1²R10REM*,
916 1144 962 1166 ET
991 1144 1157 1167 CAETEROS
1186 1142 1370 1166 CARTUSLE

655 1203 811 1227 MAJORIS
846 1203 1077 1227 RELIGIOSOS.

355 1315 404 1343 De
422 1323 502 1343 verae
524 1319 553 1344 et
567 1313 694 1344 sincerae
713 1313 872 1344 charitalis
894 1313 961 1355 lege
977 1337 985 1351 ‚
1005 1313 1099 1355 signis
1111 1337 1119 1351 ‚
1141 1313 1277 1351 effectis,
1303 1324 1372 1355 gra-

380 1366 474 1398 dibus
484 1392 492 1405 ,
507 1366 699 1409 perfectione
713 1367 824 1398 Patriae
837 1373 1012 1405 reservata,
1031 1367 1129 1398 multa
1145 1367 1196 1410 pie
1212 1367 1346 1398 disserit.

358 1485 466 1518 Inter
491 1490 619 1531 patres
649 1480 1016 1528 reverendissimisb,
1041 1490 1078 1518 et
1103 1482 1203 1519 inter
1230 1483 1373 1520 amicos

413 1542 661 1588 charissimis,
685 1546 856 1581 Gumom
878 1542 1000 1579 l³riori
1020 1543 1271 1590 Cartusiensi,
1294 1557 1372 1580 cae-

412 1601 579 1650 terisque
619 1603 760 1639 sanctis
796 1603 862 1652 qui
903 1617 989 1639 cum
1029 1616 1075 1640 eo
1115 1613 1221 1651 sunt,
1258 1605 1373 1641 frater

412 1666 636 1700 Bssnmnnns
657 1663 703 1699 de
724 1663 976 1708 Clara-Valle,
996 1664 1154 1701 salutem
1177 1673 1371 1702 aeternam.

419 1780 450 1814 1.
469 1777 684 1815 Sanctitatis
699 1785 834 1814 vestrae
851 1777 994 1814 litteras
1012 1786 1086 1814 tam
1104 1779 1212 1815 laetus
1225 1779 1373 1830 accepi,

1436 389 1590 439 penitus
1620 389 1815 439 occupatis
1845 388 2098 438 supernisque
2127 389 2296 438 eulogiis.
2322 389 2449 426 Time-

1436 448 1523 485 bam
1543 449 1702 486 omnino
1722 449 1905 485 molestus
1921 448 2002 484 lieri
2017 449 2074 484 vel
2095 449 2219 497 Moysi
2238 449 2276 484 in
2295 457 2448 496 monte,

1439 509 1495 545 vel
1517 509 1608 545 Eliae
1625 509 1662 545 in
1685 509 1836 545 deserto
1851 536 1860 552 ,
1884 515 1949 544 aut
1967 515 2068 544 certe
2084 506 2337 544 excubantiin
2357 516 2448 544 tem-

1437 569 1502 618 plo
1520 569 1684 607 Samueli
1700 598 1708 615 ,
1728 569 1758 605 si
1776 568 1916 605 divinis
1934 567 2206 605 intentissimos
2225 567 2448 605 confabula-

1438 628 1605 665 tionibus
1623 629 1864 678 aliquatenus
1885 641 2047 665 avocare
2069 636 2284 665 tentassem.
2305 628 2449 666 Clamat

1437 689 1608 735 Samuel,
1636 692 1824 738 Loquere,
1853 693 2037 733 Domine,
2067 693 2159 737 qula
2195 690 2302 724 audit
2327 702 2450 724 servus

1438 759 1520 786 tuus
1538 756 1550 771 ²·
1575 765 1583 786 ε
1609 758 1648 787 ct
1674 764 1744 800 ego
1770 764 1830 787 me
1855 749 1978 787 audiri
2000 762 2271 799 praesumerem
2287 750 2302 785 Ρ
2321 748 2449 786 Time-

1436 809 1547 857 bam,
1569 810 1747 861 inquam,
1777 824 1824 847 ne
1854 811 1886 847 si
1913 819 1951 847 et
1981 809 2106 847 David
2132 809 2326 859 elonganti
2347 821 2386 845 se
2413 816 2451 845 et

1437 871 1614 919 fugienti,
1633 872 1879 921 manentique
1900 871 1938 907 in
1956 870 2160 907 solitudine
2173 899 2182 916 ,
2203 869 2449 919 importunus

1437 930 1649 967 insisterem
1663 960 1672 977 ,
1688 930 1889 980 indignans
1904 939 2105 968 excusaret
2121 938 2158 967 et
2173 929 2315 966 diceret
2332 943 2340 965 :
2360 929 2449 967 Sine

1437 1002 1519 1034 me,
1543 1003 1620 1025 non
1639 990 1753 1026 audio
1779 999 1814 1026 te
1836 990 1974 1037 mod03
2005 991 2155 1027 audiam
2183 990 2314 1040 potius
2344 988 2450 1039 quod

1387 1055 1415 1089 B
1437 1049 1585 1086 dulcius
1606 1050 1790 1086 ausculto.
1819 1052 1991 1085 Audiam
2017 1053 2112 1098 quid
2137 1053 2314 1099 loquatur
2331 1055 2370 1085 in
2392 1062 2451 1085 me

1439 1113 1624 1145 Dominus
1647 1113 1747 1145 Deus
1762 1125 1774 1154 ,·
1793 1115 1971 1158 quoniam
1988 1113 2157 1158 loquetur
2165 1124 2302 1159 pacem
2322 1114 2360 1146 1'11
2368 1112 2453 1158 plc-

1437 1169 1518 1205 bem
1538 1183 1667 1211 suam,
1691 1179 1853 1218 eta-uper
1878 1179 2027 1206 sanctos
2047 1184 2154 1221 suos,
2179 1179 2215 1206 et
2238 1175 2277 1206 (ἠ
2301 1183 2361 1206 eos
2387 1174 2452 1218 qui

1438 1239 1696 1266 convertuntur
1707 1232 1762 1266 ml
1778 1229 1878 1267 cor3.
1895 1235 1973 1268 Aut
1988 1239 2090 1268 certe
2108 1230 2204 1267 illud
2221 1245 2230 1268 2
2250 1233 2452 1267 Declinate

1439 1305 1462 1326 ιι
1485 1305 1556 1335 me,
1578 1294 1737 1340 maligni
1747 1320 1757 1336 ,
1780 1300 1816 1327 et
1837 1291 2030 1328 scr-ulahor
2047 1293 2230 1328 mandata
2247 1294 2320 1327 Det·
2336 1291 2449 1328 mei&

1439 1351 1539 1399 Quid
1561 1352 1692 1388 enim?
1712 1365 1833 1401 egone
1870 1361 1944 1389 tam
1977 1352 2200 1389 temerarius
2231 1365 2377 1397 essem,
2408 1359 2452 1388 ut

1440 1412 1540 1448 inter
1565 1412 1696 1462 sponsi
1726 1411 1878 1449 brachia
1903 1413 2070 1449 suaviter
2097 1413 2358 1462 quiescentem
2381 1426 2452 1448 au—

1439 1472 1568 1509 derem
1584 1475 1766 1509 susc-“tare
1782 1473 1956 1510 dilectam
1968 1502 1977 1518 ,
1995 1485 2196 1523 quousque
2216 1473 2331 1510 vellet
2347 1473 2453 1522 ipsa?

1439 1538 1617 1571 Putarem
1638 1534 1738 1570 illico
1758 1534 1981 1571 auditurum
1999 1547 2058 1570 me
2079 1534 2126 1570 ab
2146 1534 2209 1571 illa
2231 1549 2239 1571 z
2257 1534 2343 1571 Noli
2361 1533 2452 1570 mihi

1439 1595 1622 1631 molestus
1655 1608 1757 1641 esse3
1791 1597 1875 1644 Ego
1911 1597 2046 1630 dilecto
2079 1608 2160 1630 meo
2176 1623 2188 1639 ,
2224 1604 2261 1630 et
2297 1596 2453 1631 dilectus

1440 1670 1543 1692 meus
1560 1657 1669 1700 mihi,
1695 1660 1760 1704 qui
1776 1660 1951 1705 pascitur
1969 1660 2069 1691 inter
2097 1658 2181 1692 lilia
2195 1654 2222 1692 ⁵.

1494 1716 1529 1753 2.
1551 1720 1693 1754 Verum
1721 1716 1826 1766 quod
1859 1729 1937 1753 non
1963 1716 2087 1753 audeo
2114 1716 2339 1766 ego,audet
2364 1716 2453 1753 cha—

1441 1776 1550 1821 ritas,
1585 1786 1622 1813 et
1652 1791 1739 1814 cum
1772 1777 1877 1814 omni
1911 1776 2046 1814 fiducia
2078 1777 2205 1827 pulsat
2235 1776 2283 1813 ad
2312 1777 2453 1814 ostium

359 1850 472 1886 quam
494 1837 628 1874 avidus
653 1845 690 1873 et
715 1837 804 1873 olim
835 1836 1152 1875 desideraveram.
1174 1839 1265 1888 Legi
1285 1852 1371 1886 eas,
1393 1836 1420 1872 C
1441 1838 1571 1884 amici,
1592 1851 1833 1888 nequaquam
1865 1847 2004 1888 putans
2032 1838 2111 1888 pati
2143 1851 2182 1875 se
2214 1829 2355 1875 debere
2394 1852 2454 1875 re-

359 1907 396 1935 et
416 1912 510 1948 quas
530 1897 731 1934 volvebam
753 1898 791 1934 in
812 1912 878 1935 ore
899 1899 1063 1944 litteras,
1087 1900 1269 1937 scintillas
1285 1913 1374 1937 sen-

359 1959 498 1996 tiebam
538 1959 576 1995 in
617 1968 770 2009 pectore
806 1975 813 1996 :
845 1959 984 2009 quibus
1019 1968 1057 1997 et
1088 1962 1279 1998 concaluit
1307 1975 1373 1998 cor

358 2034 483 2057 meum
517 2020 617 2056 intra
644 2034 725 2067 me,
748 2029 928 2070 tanquam
960 2035 1006 2058 ex
1039 2022 1105 2058 illo
1130 2023 1235 2071 igne,
1257 2036 1371 2072 quem

359 2080 548 2117 Dominus
575 2081 675 2117 misit
703 2081 741 2117 in
775 2090 912 2118 terram
936 2088 959 2118 ¹.
987 2085 1018 2119 O
1039 2091 1204 2132 quantus
1231 2083 1269 2119 in
1299 2083 1373 2120 illis

359 2141 671 2178 meditationi-bus
689 2142 900 2179 exardescit
915 2143 1031 2192 ignis,
1051 2156 1070 2179 e
1085 2142 1225 2192 quibus
1241 2142 1374 2192 hujus-

362 2201 465 2237 modi
494 2202 648 2238 evolant
675 2203 865 2239 scintillzel
888 2207 1020 2241 Vestra
1042 2203 1104 2240 illa
1132 2217 1312 2240 succensa
1337 2212 1373 2241 et

359 2262 597 2299 succendens
617 2263 792 2299 salutatio
816 2263 866 2299 sic
888 2263 998 2310 mihi,
1022 2272 1062 2300 ut
1081 2277 1216 2301 verum
1240 2264 1372 2310 fatear,

360 2331 514 2371 accepta
536 2323 627 2369 fuit,
649 2331 686 2360 ct
706 2332 761 2360 cst
781 2353 789 2370 ,
811 2324 915 2373 quasi
938 2338 1015 2360 non
1040 2324 1087 2361 ab
1107 2325 1262 2361 homine
1277 2355 1285 2371 ‚
1307 2325 1372 2362 sed

362 2383 570 2419 certissime
596 2383 644 2420 ab
678 2384 742 2420 illo
769 2385 834 2434 qui
864 2385 1021 2422 mandat
1050 2387 1190 2423 salutes
1221 2386 1341 2424 Jacob
1360 2415 1369 2432 ‚

363 2442 596 2481 descendere
628 2445 834 2482 videretur.
871 2450 955 2483 Non
989 2460 1049 2483 me
1083 2460 1173 2484 sane
1207 2447 1374 2484 arbitror

365 2504 566 2541 salutatum
595 2505 632 2541 in
654 2506 734 2551 via,
766 2519 843 2542 non
868 2507 905 2542 in
937 2508 1119 2553 transitu,
1148 2521 1226 2544 non
1256 2507 1374 2544 veluti

364 2578 410 2601 ex
437 2565 661 2612 occasione,
692 2574 734 2602 ut
766 2567 922 2613 assolet,
957 2567 1270 2614 consuetudinis;
1308 2567 1373 2604 sed

1439 1898 1608 1948 pulsam,
1648 1912 1732 1948 quae
1767 1899 2021 1936 amicitiarum
2051 1907 2209 1936 matrem
2245 1911 2285 1935 se
2317 1899 2452 1936 novit:

1439 1973 1509 1996 nec.
1533 1968 1689 1996 veretur
1716 1968 1908 2006 vestrum,
1929 1960 1997 1996 etsi
2022 1960 2300 2009 gratissimum,
2329 1960 2453 2010 pauli-

1440 2034 1529 2071 sper
1543 2021 1757 2071 inquietare
1776 2021 1895 2057 otium
1910 2050 1918 2067 ,
1937 2029 2098 2070 propter
2115 2033 2226 2057 suum
2244 2021 2451 2070 negotium.

1438 2086 1526 2132 Ipsa
1552 2082 1749 2132 profecto,
1769 2082 1851 2132 ipsa
1879 2095 1966 2118 cum
1997 2081 2101 2127 vult,
2126 2081 2215 2118 facit
2244 2094 2314 2118 vos
2342 2094 2456 2119 exce-

1441 2143 1530 2180 dere
1563 2146 1667 2189 Deo;
1700 2143 1782 2192 ipsa
1815 2151 1853 2179 et
1886 2156 1972 2179 cum
2003 2142 2148 2188 voluit,
2187 2142 2275 2179 fecit
2306 2141 2455 2179 sobrios

1440 2203 1550 2240 nobis
1580 2219 1587 2241 ε
1620 2203 1716 2240 adeo
1747 2211 1790 2240 ut
1819 2202 1976 2239 minime
2005 2201 2196 2239 duceretis
2227 2201 2454 2252 indignum,

1440 2277 1518 2300 non
1542 2264 1658 2301 modo
1686 2263 1874 2301 sustinere
1904 2263 2150 2313 loquentem,
2171 2262 2237 2300 sed
2269 2271 2454 2300 tacentem

1439 2325 1598 2375 insuper
1614 2324 1778 2374 benigne
1796 2337 2022 2374 provocare.
2046 2323 2270 2374 Amplector
2283 2323 2456 2374 benigni-

1441 2394 1556 2422 tatem
1570 2415 1579 2431 ,
1602 2384 1863 2435 dignationem
1889 2383 2074 2428 admiror,
2096 2383 2211 2420 laudo
2235 2392 2274 2421 et
2294 2396 2456 2421 veneror

1439 2454 1645 2497 puritatem
1661 2475 1670 2492 ,
1687 2458 1761 2495 qua
1779 2444 1826 2481 de
1845 2444 1984 2481 nostris
2001 2443 2236 2494 profectibus
2248 2474 2257 2492 ,
2275 2458 2374 2494 quos
2386 2458 2456 2495 pu-

1441 2506 1545 2551 tatis,
1570 2514 1670 2542 tanta
1691 2506 1729 2541 in
1753 2504 1919 2542 Domino
1945 2504 2198 2541 exsultatione
2227 2504 2455 2554 gloriamini.

1440 2565 1596 2603 Glorior
1621 2573 1658 2601 et
1682 2578 1751 2614 ego
1780 2565 1990 2615 plurimum
2020 2573 2125 2601 tanto
2152 2564 2390 2611 testimonio,
2419 2573 2457 2602 et

362 2625 475 2674 plane
492 2639 538 2661 ex
555 2625 784 2672 visceribus,
802 2635 845 2663 ut
859 2627 1000 2672 sentio,
1022 2628 1215 2664 charitatis
1229 2628 1373 2678 prodiit
1391 2628 1423 2661 D
1442 2640 1640 2663 servorum
1664 2626 1732 2662 Dei
1755 2634 1828 2662 tam
1854 2634 1980 2676 grata,
2006 2639 2119 2675 quam
2144 2625 2308 2676 gratuita
2323 2625 2458 2662 admo-

363 2685 442 2721 liaec
464 2694 537 2721 tam
560 2695 665 2735 grata
685 2695 721 2723 et
742 2687 939 2736 inopinata
959 2686 1189 2724 benedictio.
1213 2688 1373 2724 Benedi-

364 2744 411 2779 cti
436 2757 504 2779 vos
527 2758 547 2780 a
570 2745 758 2790 Domino,
778 2746 843 2794 qui
877 2759 936 2782 mc
972 2745 1009 2781 in
1039 2745 1374 2783 benedictionibus

363 2802 575 2840 dulcedinis
593 2813 710 2840 tantae>
726 2805 937 2853 praevenire
958 2806 1117 2842 curastis
1130 2835 1139 2852 ‚
1162 2815 1204 2842 ut
1222 2806 1377 2844 daretur

364 2876 486 2912 puero
513 2871 661 2909 vestro,
691 2864 801 2901 vobis
829 2865 995 2914 primum
1031 2865 1309 2912 scribentibus,
1334 2868 1378 2903 li-

365 2921 475 2958 ducia
504 2923 759 2970 reseribcndi;
782 2924 947 2961 scribere
968 2926 1120 2974 quidem
1141 2927 1186 2963 ad
1207 2941 1275 2964 vos
1295 2927 1373 2976 jam

366 2982 514 3031 pridem
535 2984 729 3032 gestienti,
750 2984 815 3020 sed
834 2998 909 3021 non
928 2988 1187 3035 praesumenti.
1207 2987 1375 3025 Verebar

368 3042 547 3079 nimirum
578 3053 767 3090 sanctam,
793 3059 907 3094 quam
938 3046 975 3082 in
1011 3048 1176 3085 Domino
1207 3048 1374 3096 habetis,

359 3101 593 3152 importunis
613 3105 956 3154 scriptitationibus
978 3107 1158 3145 infestare
1181 3109 1348 3158 quietem
1366 3138 1376 3156 ,

362 3161 454 3213 juge
481 3163 574 3200 illud
602 3173 771 3202 vestrum
798 3179 1024 3216 sacrumque
1050 3168 1241 3205 silentium
1264 3183 1285 3205 a
1305 3183 1376 3206 sae—

1441 2686 1531 2722 dnm
1573 2685 1827 2722 familiaritate
1868 2684 2049 2721 delector.
2088 2687 2179 2722 Haec
2214 2683 2294 2733 jam
2334 2684 2456 2734 gloria

1442 2758 1544 2791 nica,
1580 2745 1652 2781 hoc
1680 2744 1860 2794 gaudium
1895 2758 2043 2791 meum,
2067 2744 2126 2781 hae
2154 2744 2298 2781 deliciae
2329 2742 2456 2780 cordis

1445 2808 1540 2851 mci,
1565 2805 1669 2855 quod
1695 2818 1773 2841 non
1796 2804 1934 2841 frustra
1956 2804 2111 2842 levarim
2139 2804 2271 2842 oeulos
2293 2816 2398 2840 meos
2418 2803 2458 2840 in

1446 2875 1615 2913 montes,
1634 2866 1735 2903 unde
1762 2866 1906 2916 quippe
1932 2865 2011 2915 jam
2038 2879 2117 2902 non
2141 2864 2332 2902 mediocre
2353 2864 2460 2901 venit

1442 2927 1624 2965 auxilium
1651 2927 1754 2964 mihi.
1784 2928 1831 2964 Hi
1851 2926 1930 2976 jam
1959 2926 2069 2964 nobis
2087 2926 2279 2963 stillarunt
2309 2933 2458 2962 montes

1443 2988 1708 3034 dulcedinem3
1748 2996 1785 3023 et
1819 2987 1943 3024 adhuc
1972 3000 2086 3037 spero
2117 2986 2207 3036 quia
2239 2984 2456 3032 stillabunt,

1441 3061 1642 3098 quousque
1669 3048 1786 3084 valles
1811 3056 1950 3084 nostra}
1975 3047 2229 3084 abundabunt
2249 3047 2454 3084 frumento.

1442 3109 1617 3148 Festivus
1641 3109 1741 3145 cnim
1767 3109 1840 3145 erit
1869 3108 1960 3144 mihi
1982 3107 2061 3144 dics
2090 3108 2151 3144 ille
2180 3107 2397 3153 (lucendus,
2419 3114 2457 3143 et

1444 3170 1664 3207 memoriale
1695 3170 1996 3220 sempiternum,
2023 3169 2060 3205 in
2090 3182 2168 3218 quo
2194 3169 2319 3206 virum
2348 3167 2454 3204 illum

421 3303 428 3317 ¹
454 3300 526 3329 Luc.
545 3309 596 3328 xri
610 3323 616 3335 ‚
641 3300 696 3330 49.
714 3318 755 3322 —
773 3305 784 3321 ²
803 3303 816 3330 1
836 3303 912 3341 ch.
929 3312 986 3335 ιιι,
1010 3304 1062 3332 10.
1080 3322 1122 3325 —
1140 3299 1153 3322 3
1175 3303 1254 3334 Psal.
1278 3307 1469 3342 1.XXX1V‚9.
1488 3323 1532 3327 ψ-
1548 3303 1560 3330 ·ἱ
1584 3304 1806 3341 l‘sal.cxv115‚
1836 3306 1910 3335 115».
1929 3323 1972 3327 ——
1993 3301 2006 3325 5
2025 3302 2144 3335 Cantic.
2169 3315 2214 3341 11,
2242 3306 2291 3335 16.

414 3363 426 3377 ”·
444 3357 564 3400 Sciipla
584 3358 666 3390 circa
688 3370 804 3390 annum
828 3363 926 3391 1125».
966 3380 988 3382 --

1014 3354 1028 3377 ¹¹
1054 3362 1133 3393 &lias
1148 3387 1155 3401 ‚
1180 3364 1438 3394 rever-culisiitnis.
