2533 3920
363 209 438 246 343
1135 208 1168 241 S.
1201 205 1452 241 BERNARDI
1481 204 1682 240 ABBA'l'lS
2361 193 2432 231 344

363 286 538 324 manibus
554 285 725 336 gloriosae
752 284 912 322 civitatis
933 283 1176 320 devotionem
1201 279 1476 319 devotus¹⁴²ad
1491 282 1562 317 hoc
1578 281 1702 329 ipsum
1723 275 1911 313 direxistis
1924 303 1933 319 ‚
1953 274 2196 310 decreveram
2218 273 2330 310 simul
2350 287 2433 311 cum

363 347 512 397 excipio
534 361 541 382 :
563 345 774 396 praesertim
795 343 865 380 hoc
888 352 1057 392 tempore
1071 370 1080 387 ,
1113 355 1189 391 quo
1218 341 1366 389 abjecto
1383 345 1414 377 A
1430 342 1520 391 ipsis
1537 341 1665 377 venire
1681 338 1727 375 ad
1742 350 1822 373 vos.
1845 338 2032 372 Caeterum
2048 335 2181 371 melius
2196 335 2435 382 existimans,

363 420 493 444 errore
514 405 838 443 schismaticorum
854 432 863 448 ,
882 402 929 439 ad
947 403 1071 438 sinum
1091 402 1218 437 matris
1236 401 1365 437 Eccle-

364 467 427 504 siae
450 480 536 503 cum
564 465 701 514 gaudio
725 464 838 500 totius
868 462 972 499 orbis
993 474 1142 498 reversa
1164 468 1231 496 est.
1252 458 1366 496 Arbi-

367 535 447 564 tror
474 535 599 563 tamen
617 539 693 562 non
716 525 837 561 solum
858 523 948 559 mihi
971 520 1210 571 gloriandum
1228 547 1237 563 ,
1263 517 1367 567 quod

366 586 510 623 invitor
529 585 577 623 ad
595 597 725 635 pacem
747 581 1010 633 quaercndam3
1035 588 1071 615 et
1087 593 1106 615 a
1122 578 1368 614 famosissima

366 646 484 692 urbe,
508 659 593 682 cum
623 647 693 682 sim
726 655 872 693 pauper
902 640 1156 690 ignobilisque
1184 649 1367 687 persona,

369 707 462 743 tanti
490 706 581 742 boni
609 704 794 740 mediator
821 711 933 751 atque
961 700 1132 736 minister
1156 709 1328 733 assumor
1360 709 1367 730 :

368 766 434 803 scd
455 765 562 803 vobis
587 778 739 814 quoque
757 776 826 813 per
848 762 959 798 talem
981 758 1226 796 nihilominus
1245 757 1370 792 honor

1432 414 1508 437 non
1525 402 1562 436 in
1585 399 1744 436 articulo
1766 397 1946 446 temporis
1962 424 1971 441 ,
1991 409 2114 444 neque
2130 395 2168 431 in
2190 396 2347 432 transitu
2373 409 2438 434 vos

1432 460 1561 496 videre
1575 488 1584 504 ,
1607 458 1734 494 distuli
1752 470 1872 506 usque
1889 456 1935 492 ad
1955 455 2118 492 reditum
2141 464 2327 492 nostrum.
2350 458 2438 493 Pro-

1434 531 1610 569 pcramus
1634 518 1778 567 quippe
1807 516 1854 552 ad
1885 516 2114 562 concilium,
2149 528 2218 566 per
2252 529 2320 552 vos
2357 520 2438 554 Deo

1434 580 1638 615 auxiliante
1674 577 1890 623 reversuri,
1926 577 2123 613 consilium
2161 585 2199 612 et
2231 577 2411 614 auxilium
2426 605 2436 623 ,

1436 639 1538 689 quod
1572 638 1783 676 secundum
1816 638 2003 674 rationem
2039 636 2275 686 poterimus,
2314 646 2440 674 vestro

1436 709 1566 736 sancto
1591 699 1792 750 proposito
1815 697 2027 748 praebituri.

368 835 424 863 est
454 825 553 862 flecti
584 824 628 861 ad
662 837 791 874 pacem
823 831 859 858 et
894 818 1133 857 concordiam
1156 816 1368 853 vicinorum
1392 817 1956 846 0mu-mmmmmmum-amu}
1960 834 2445 846 ===============================

367 894 604 929 vestrorum,
626 896 723 932 quos
751 895 818 918 nec
847 881 1050 916 multarum
1082 877 1277 913 civitatum
1306 877 1375 913 ho-

368 946 462 983 stilis
487 945 670 993 impetus,
689 952 731 979 ut
755 941 851 977 bene
874 948 1008 976 notum
1039 946 1095 973 est
1125 937 1288 983 mundo,
1315 950 1373 973 ce-

368 1006 457 1042 dere
489 1003 694 1052 aliquando
725 1000 923 1050 compulit.
948 1003 1080 1047 ltaque
1110 997 1292 1033 festinans
1326 996 1372 1032 ad

368 1065 592 1108 concilium,
626 1076 738 1112 spero
777 1075 834 1097 me
868 1060 1078 1096 rediturum
1118 1071 1187 1108 per
1220 1071 1306 1104 vos,
1337 1060 1421 1093 etB

367 1123 618 1173 probaturum
649 1122 695 1158 de
729 1120 848 1170 gratia
880 1133 993 1168 quam
1027 1117 1260 1169 promittitis.
1296 1118 1370 1165 Qui

368 1191 492 1219 autem
510 1181 667 1231 gratiam
685 1180 788 1216 dedit
804 1209 813 1226 ,
837 1179 944 1215 saciat
962 1192 1008 1215 ne
1028 1179 1067 1215 in
1089 1192 1148 1214 me
1169 1191 1290 1214 vacua
1309 1178 1367 1214 sit.

368 1316 1371 1329 =====================================================================

484 1440 864 1498 EPISTOLA
918 1436 1264 1496 CXXXIV?

395 1597 442 1618 AD
472 1594 649 1618 NOVITIOS
678 1595 772 1616 APUD
801 1594 1054 1617 MEDIOLANUM
1084 1593 1297 1617 CONVERSOS
1316 1581 1345 1615 *.

368 1711 502 1743 Novitiis
516 1710 806 1743 Mediolanensibus
817 1710 990 1752 gratulatur
1000 1710 1039 1741 de
1047 1709 1265 1748 conversione,
1281 1719 1375 1751 seque

518 1772 642 1808 peracto
659 1765 790 1797 concilio
804 1765 872 1796 illos
887 1764 1059 1796 invisurum
1074 1764 1218 1808 spondet.

371 1886 604 1923 Charissimis
622 1885 800 1923 fratribus
817 1886 862 1923 de
879 1886 1095 1922 Mediolano
1111 1915 1120 1932 ‚
1138 1898 1262 1936 nuper
1282 1898 1375 1921 con—

425 1947 540 1984 versis
563 1947 609 1983 ad
630 1951 751 1984 Deum
766 1976 774 1992 ‚
796 1950 1021 1983 Bnaxxmus
1046 1945 1162 1982 abbas
1188 1945 1311 1982 dictus
1329 1945 1374 1981 de

421 2007 671 2053 Clara-Valle,
691 2008 728 2043 in
746 2007 881 2057 spiritu
899 2007 1048 2043 consilii
1066 2014 1102 2042 et
1124 2005 1374 2052 fortitudinis,

423 2067 525 2116 quod
557 2067 654 2104 bene
688 2076 854 2118 coeptum
886 2075 943 2104 est
958 2096 967 2113 ,
1000 2066 1114 2116 digno
1143 2066 1246 2102 exitu
1278 2079 1374 2102 con-

426 2141 628 2164 summare.

426 2254 649 2290 Benedictus
679 2258 808 2299 Deus,
845 2255 911 2305 qui
941 2255 1027 2291 fecit
1056 2254 1165 2291 vobis
1194 2254 1375 2291 vilescere

374 2313 504 2349 mundi
522 2314 676 2362 gloriam
694 2343 702 2358 ‚
724 2315 927 2363 largiturus
950 2328 1071 2351 suam.
1098 2317 1128 2351 Ο
1151 2328 1265 2363 quam
1287 2313 1376 2350 vani

373 2372 438 2407 filii
463 2372 658 2409 hominum
676 2403 684 2419 ,
711 2388 824 2423 quam
851 2374 1052 2410 mendaces
1087 2373 1151 2410 [ilii
1179 2373 1375 2409 hominum

374 2431 413 2467 in
430 2432 597 2478 stateris,
618 2433 682 2481 qui
703 2433 912 2470 secundum
933 2433 1027 2469 illud
1048 2433 1266 2482 Evangelii,
1295 2433 1378 2481 glo—

376 2491 468 2526 riam
483 2490 529 2527 ab
546 2492 706 2528 invicem
725 2501 914 2542 quaerunt,
931 2502 967 2529 et
985 2493 1143 2542 gloriam
1160 2505 1245 2541 quae
1260 2505 1279 2527 a
1297 2492 1378 2528 solo

375 2554 457 2587 Deo
473 2560 529 2588 est
544 2581 553 2597 ,
572 2553 707 2588 nolunt
724 2559 731 2573 ¹
748 2568 757 2598 3
777 2553 888 2602 plane
913 2553 949 2588 in
971 2553 1042 2588 hoc
1060 2552 1131 2601 ipsi
1149 2551 1379 2602 decipientes

1564 958 1942 1014 EPISTOLA
2001 947 2326 1014 CXXXV.¹‘

1568 1122 1615 1144 AD
1646 1122 1794 1143 PETRUM
1824 1120 2030 1144 PAPlENSI-:M
2059 1120 2266 1144 EPISCOPUM
2282 1107 2309 1143 *-

1437 1237 1567 1268 Delatas
1583 1236 1642 1268 sibi
1658 1236 1766 1268 laudes
1780 1236 1812 1267 in
1828 1239 1933 1267 Deum
1946 1235 2094 1267 refundit.
2110 1235 2300 1279 Episcopum
2317 1235 2356 1267 ab
2371 1247 2444 1278 ope-

1720 1290 1808 1322 ribus
1821 1289 2041 1321 misericordiae
2055 1289 2172 1321 laudat.

1494 1413 1531 1450 Si
1552 1426 1679 1450 semen
1698 1412 1843 1449 bonum
1859 1442 1869 1459 ,
1893 1411 2037 1461 jactum
2058 1411 2097 1448 in
2118 1420 2259 1449 terram
2278 1410 2419 1448 bonam
2435 1441 2445 1459 ,

1442 1473 1605 1511 fructum
1627 1474 1797 1510 attulisse
1826 1472 2001 1518 videtur,
2023 1472 2144 1523 ipsius
2163 1480 2220 1509 est
2243 1472 2362 1521 gloria
2382 1471 2447 1521 qui

1443 1533 1548 1570 dedit
1576 1546 1705 1570 semen
1737 1533 1902 1579 serenti,
1924 1532 2196 1569 fecunditatem
2220 1541 2352 1578 terrae,
2384 1545 2446 1569 se-

1442 1594 1536 1630 mini
1570 1594 1863 1630 incrementum.
1897 1592 1998 1641 Quid
2025 1592 2065 1629 in
2084 1592 2142 1629 his
2160 1605 2229 1629 nos
2251 1592 2448 1642 capimus?

1440 1658 1519 1704 Ego
1536 1667 1624 1691 sane
1642 1654 1801 1703 gloriam
1818 1653 1957 1691 Christi
1974 1652 2082 1689 alteri
2098 1666 2175 1689 non
2193 1651 2312 1698 dabo,
2329 1652 2448 1689 multo

1441 1728 1534 1751 vero
1561 1714 1821 1764 scrupulosius
1855 1712 2048 1764 usurpabo
2069 1713 2173 1750 mihi.
2194 1713 2370 1750 Profecto
2389 1712 2449 1748 lex

1442 1774 1599 1812 Domini
1626 1774 1817 1810 convertit
1847 1774 2019 1819 animas,
2048 1781 2085 1809 et
2114 1785 2192 1809 non
2217 1785 2288 1822 ego
2311 1785 2320 1808 :
2346 1772 2449 1809 testi-

1394 1845 1421 1880 C
1443 1834 1616 1870 monium
1635 1834 1791 1870 Domini
1812 1833 1922 1870 fidele
1940 1833 2163 1883 sapientiam
2186 1840 2340 1883 praestat
2361 1845 2450 1882 par-

1441 1895 1588 1940 vulis2,
1616 1902 1653 1930 et
1673 1907 1751 1930 non
1781 1906 1863 1943 ego.
1896 1893 2092 1931 Laudatur
2119 1893 2165 1930 de
2191 1892 2292 1929 bona
2317 1892 2450 1929 litterae

1443 1963 1642 1990 tornatura
1660 1967 1813 2000 manus,
1830 1967 1906 1990 non
1925 1953 2102 1990 calamus.
2121 1956 2271 1998 Fateor,
2290 1959 2330 1988 ut
2351 1951 2450 1988 mul-

1444 2024 1523 2051 tum
1554 2014 1717 2051 tribuam
1742 2014 1831 2050 mihi
1845 2043 1854 2060 ,
1872 2013 2002 2063 lingua
2022 2026 2105 2050 mea
2124 2013 2291 2050 calamus
2318 2011 2450 2050 scribae

1442 2075 1624 2110 velociter
1652 2073 1894 2110 scribentis3.
1927 2072 2006 2110 Sibi
2031 2086 2146 2122 ergo,
2180 2072 2331 2122 inquis,
2361 2071 2451 2122 quid

1445 2135 1611 2171 afferunt
1641 2134 1732 2171 boni
1763 2133 1926 2184 speciosi
1960 2133 2078 2184 pedes
2111 2134 2451 2183 evangelizantium

1445 2194 1568 2231 bona?
1601 2195 1764 2231 Multum
1795 2207 1864 2244 per
1894 2207 2047 2230 omnem
2078 2193 2248 2230 modum.
2282 2193 2450 2231 Primum

1442 2254 1616 2304 quidem,
1637 2254 1727 2304 quia
1755 2254 1821 2290 filii
1849 2262 1938 2291 sunt
1964 2254 2085 2291 Patris
2112 2254 2170 2291 sui
2201 2253 2267 2303 qui
2293 2254 2331 2290 in
2353 2253 2452 2291 coelis

1443 2323 1520 2361 cst3
1549 2323 1586 2350 et
1612 2314 1794 2363 gloriam,
1818 2326 1930 2362 quam
1962 2313 2139 2350 deferunt
2159 2313 2285 2358 Patri,
2310 2326 2452 2362 nequa-

1444 2388 1558 2424 quam
1577 2388 1596 2410 a
1614 2387 1652 2411 se
1676 2373 1821 2410 ducunt
1846 2373 2022 2410 alienam.
2044 2376 2138 2410 Nam
2156 2372 2187 2409 si
2206 2373 2269 2409 [ilii
2285 2401 2295 2419 ,
2316 2381 2353 2409 et
2372 2372 2450 2409 hae-
2507 2414 2510 2418 Δ

1446 2434 1566 2471 redes.
1585 2433 1732 2470 Deinde
1750 2447 1842 2469 vero
1861 2433 1965 2482 quod
1982 2433 2248 2483 proximorum
2269 2433 2427 2469 salutem
2441 2460 2452 2479 ,
2506 2451 2508 2467 ι

1446 2508 1551 2531 suam
1571 2494 1818 2530 nihilominus
1836 2492 2084 2539 arbitrantur,
2102 2493 2247 2543 quippe
2262 2506 2360 2542 quos
2378 2501 2454 2529 tan-
2505 2496 2512 2517 ·'

1447 2567 1558 2602 quam
1587 2566 1626 2590 sc
1658 2553 1761 2602 ipsos
1791 2552 1965 2602 diligunt.
2001 2553 2128 2589 Tertio
2151 2566 2324 2603 quoque,
2352 2551 2455 2603 quod

376 2610 421 2647 de
436 2612 600 2648 vanitate
621 2612 658 2648 in
680 2612 866 2662 idipsum!
888 2616 964 2649 Vos
984 2620 1109 2647 autem
1132 2624 1209 2646 non
1230 2611 1294 2647 sic.
1319 2610 1376 2647 Ab
1398 2615 1429 2648 D
1448 2612 1554 2648 labor
1572 2612 1758 2649 labiorum
1779 2613 1948 2662 ipsorum
1971 2612 2041 2649 sibi
2062 2613 2215 2663 penitus
2235 2613 2360 2663 perire
2377 2610 2459 2650 non'

375 2670 446 2705 hoc
466 2684 533 2707 vos
561 2671 771 2720 opprobrio
800 2671 973 2707 liberavit
993 2684 1095 2706 nunc
1116 2670 1242 2706 divina
1265 2670 1379 2706 mise—

379 2731 541 2767 ricordia
559 2760 568 2776 ,
592 2740 634 2767 ut
660 2732 790 2767 essetiS
819 2731 957 2768 Christi
978 2730 1100 2767 bonus
1121 2730 1216 2766 odor
1237 2734 1316 2767 Deo
1341 2731 1379 2766 in

380 2791 483 2825 omni
503 2791 606 2836 loco,
622 2791 692 2840 ipsi
708 2791 753 2827 ad
770 2791 946 2839 gloriam,
963 2791 1116 2839 Angelis
1134 2791 1179 2827 ad
1196 2791 1380 2837 laetitiam,

380 2847 595 2886 hominibus
619 2850 662 2886 ad
691 2851 905 2900 exemplum
936 2866 942 2886 :
968 2851 995 2887 si
1024 2850 1176 2899 quidem
1203 2851 1380 2900 gaudium

381 2908 492 2944 estin
513 2909 608 2944 coelo
641 2923 756 2959 super
787 2924 864 2946 uno
894 2919 1093 2960 peccatore
1122 2911 1383 2960 poenitentiam

380 2978 535 3017 agentc;
553 2979 696 3018 quanto
714 2971 830 3019 magis
847 2984 961 3020 snper
983 2980 1037 3007 tot
1058 2981 1093 3007 ct
1116 2971 1251 3008 talibus
1273 2972 1362 3009 viris
1375 3001 1384 3018 ,

381 3035 418 3062 ct
437 3026 482 3062 dc
501 3028 561 3063 tali
581 3028 673 3065 urbe
691 3042 780 3065 cont
793 3030 910 3065 ersis?
930 3034 974 3066 lit
993 3043 1083 3079 ego,
1108 3031 1240 3067 fratres
1254 3061 1262 3077 ,
1285 3040 1386 3068 tanta

382 3085 509 3121 lzetitia
531 3096 783 3136 provocatus,
806 3088 870 3124 sed
892 3097 924 3124 et
948 3098 1103 3126 vocatus
1125 3104 1143 3125 a
1162 3090 1268 3125 vobis
1286 3119 1294 3135 ,
1318 3104 1386 3141 per

383 3144 621 3183 charissimos
634 3147 765 3183 fratres
779 3150 955 3184 Ottonem
971 3156 1007 3184 et
1019 3148 1276 3195 Ambrosium,
1292 3164 1386 3198 qnos

1446 2672 1596 2722 poterit.
1624 2674 1898 2722 [nusquisque
1928 2673 2029 2710 enim
2057 2673 2271 2710 mercedem
2298 2673 2455 2723 accipiet

1448 2732 1656 2769 secundum
1681 2733 1881 2783 proprium
1908 2732 2119 2770 laboi·cm⁴.
2142 2736 2220 2783 Ego
2249 2732 2347 2770 labia
2374 2745 2455 2770 mea
2504 2750 2529 2765 ’-

1449 2806 1525 2828 non
1561 2792 1739 2842 prohibui
1775 2807 1782 2829 :
1816 2802 1855 2830 tu
1887 2794 2070 2843 aperuisti
2103 2802 2142 2830 et
2173 2794 2340 2841 viscera,
2370 2787 2466 2831 ideo⁴

1450 2854 1584 2904 procul
1615 2854 1732 2890 dubio
1766 2856 1850 2904 plus
1884 2864 2135 2906 recepturus,
2157 2856 2338 2905 quoniam
2370 2856 2455 2906 plus

1453 2913 1644 2950 laborasti.
1664 2918 1797 2952 Certus
1819 2929 1901 2952 sum
1919 2915 2019 2952 enim
2038 2915 2126 2965 quia
2143 2928 2220 2952 non
2240 2923 2349 2952 vacat
2367 2914 2454 2962 tibi,

1453 2974 1557 3023 quod
1592 2974 1732 3011 sitienti
1767 2976 1882 3012 tulisti
1916 2989 2051 3025 aquarn
2073 3005 2082 3022 ,
2111 2984 2148 3012 et
2178 2989 2262 3013 cum
2295 2974 2455 3026 panibus

1454 3034 1650 3070 occurristi
1668 3034 1911 3084 fngientibus.
1931 3038 2035 3080 Non,
2056 3035 2209 3085 inquam
2224 3063 2233 3081 ,
2246 3043 2387 3072 -vacant
2403 3033 2456 3071 of-

1454 3094 1535 3130 ficia
1560 3093 1828 3141 humanitatis,
1848 3108 1925 3131 non
1952 3095 2191 3132 hortamenta
2209 3096 2358 3141 salutis,
2378 3093 2456 3144 qni·

1455 3152 1524 3189 bns
1546 3155 1683 3191 Christi
1708 3169 1797 3191 vere
1820 3156 1964 3192 viscera
1990 3156 2028 3192 in
2054 3156 2126 3193 illis
2146 3155 2378 3207 pauperibus
2397 3166 2455 3192 re-

433 3289 441 3304 ¹
461 3286 555 3314 Joan.
574 3295 607 3322 v,
628 3286 683 3316 44.
697 3303 741 3307 ——
764 3291 775 3306 ²
792 3287 870 3317 Psal.
890 3298 972 3316 xviii
986 3311 992 3322 ,
1012 3290 1041 3318 8.
1059 3305 1101 3309 ——
1118 3286 1225 3318 3115511.
1241 3300 1331 3326 xciv,
1356 3294 1385 3320 2.
1403 3310 1445 3313 -—
1464 3294 1476 3316 Δἱ
1494 3295 1505 3322 l
1520 3294 1592 3324 Cor.
1612 3304 1653 3323 111
1668 3317 1675 3329 ‚
1698 3295 1728 3324 8.

431 3344 442 3358 ·”
459 3343 576 3385 Scripta
597 3354 680 3375 anno
700 3347 708 3375 1
724 3347 797 3377 131⁴.
814 3364 856 3369 Η
871 3346 884 3366 ¹³
900 3346 1020 3388 Scripta
1032 3347 1113 3377 eirca
1130 3357 1245 3378 annum
1266 3353 1273 3379 l
1290 3352 1363 3379 135.
