2517 3936
115 218 210 255 1497
761 219 906 253 LIBER
938 219 1001 253 DE
1031 219 1141 253 VITA
1173 220 1209 253 S.
1245 220 1525 255 MALACHIAE.
2083 226 2178 262 taus·

111 295 224 340 ditio,
251 306 328 330 non
353 292 539 343 professio
567 301 776 342 reputatur.
803 295 956 345 [bique
985 293 1172 332 senien⁰⁷³
1183 308 1265 331 rum
1289 296 1592 340 saeculariumve,
1609 297 1667 332 vel
1687 298 1720 333 iu
1741 298 1822 347 ipso
1840 299 1966 336 habuit
1984 302 2180 352 episcopa-

109 355 299 404 spa¹.gjtur
314 354 497 398 salutare,
516 351 656 401 ubique
671 353 819 390 intonat
837 355 928 392 tuba
944 356 1117 392 coelestis.
1136 355 1168 388 A
1187 362 1238 390 tu.
1255 357 1393 390 Mcnsze
1411 355 1615 403 episcopali
1633 356 1722 391 nihil
1743 370 1895 405 prorsus
1911 361 2153 398 constitutum
2168 391 2177 407 ‚

110 414 262 464 Ubique
294 413 493 458 discurrit,
521 411 663 461 ubique
691 412 888 464 irrumpit,
921 416 1120 464 evaginato

110 475 235 525 gladio
254 474 392 522 linguae
409 472 456 509 ad
478 471 687 508 faciendam
708 472 913 510 vindictam
932 475 968 510 in
995 475 1120 510 natio-

111 533 243 580 nibus,
262 533 541 584 increpationes
559 532 597 575 in
614 532 780 582 populis.
803 536 942 570 Terror
959 533 1041 582 ejus
1058 547 1119 570 su—

111 607 182 645 per
198 594 374 631 facientes
393 593 500 629 mala.
519 592 662 629 Clamat
679 596 837 639 iniquis,
856 595 982 628 Nolite
993 597 1120 640 inique

113 669 240 704 agere;
257 664 294 690 et
304 652 601 702 delinquentibus
613 681 622 695 ‚
640 653 763 687 Nolite
781 655 952 688 exaltare
970 666 1081 688 corma
1095 659 1118 688 ¹.

112 715 259 765 Religio
277 714 419 765 ubique
438 714 632 764 plantatur
647 741 656 758 ‚
679 722 933 763 propagatur,
957 709 1119 750 fovetur.

112 776 221 814 Oculi
240 774 321 825 ejus
332 788 448 825 super
466 787 531 811 eos
542 802 551 819 ,
567 782 604 810 et
619 786 708 810 cura
722 772 803 822 ejus
817 773 863 809 ad
881 773 1123 810 necessitates

113 849 262 876 eorum.
291 838 336 872 In
366 834 557 880 conciliis,
584 847 668 883 quae
696 833 834 883 passim
860 832 1122 879 celebrantur,

114 904 341 948 repetuntur
357 895 522 945 antiquae
540 894 779 940 traditiones,
800 907 892 944 quas
913 902 1038 930 tamen
1054 893 1124 930 bo—

115 969 182 993 nas
208 956 322 993 fuisse
343 955 576 1001 constiterit,
598 953 758 991 abolitas
779 968 870 991 vero
898 954 1125 1004 negligentia

115 1015 370 1053 sacerdotum.
391 1019 467 1053 Nec
486 1014 601 1052 modo
618 1023 746 1051 vetera
762 1015 1022 1052 instaurantur
1034 1044 1043 1061 ,
1062 1028 1128 1050 cu-

1186 413 1245 448 vel
1273 414 1527 461 assignatum,
1559 414 1658 449 unde
1691 417 1896 466 Episcopus
1926 422 2079 456 viveret.
2110 425 2185 458 Nec

1189 472 1289 508 enini
1311 473 1369 508 vel
1394 473 1549 509 domum
1575 475 1766 522 propriam
1789 475 1929 513 habuit.
1953 481 2039 514 Erat
2057 489 2180 517 autem

1185 545 1283 581 pene
1325 533 1555 569 incessanter
1599 533 1783 570 circuiens
1816 537 2008 584 parochias
2034 553 2184 585 omnes,

1188 593 1393 641 Evangelio
1409 593 1574 629 serviens
1586 622 1594 637 ,
1612 593 1707 629 etde
1724 596 1925 644 Evangelio
1937 598 2078 644 vivens,
2094 601 2187 636 sicut

1188 652 1384 688 constituit
1412 653 1446 689 ei
1476 653 1663 690 Dominus
1686 668 1694 689 :
1721 656 1862 702 Dignus
1893 665 1964 698 est,
1995 657 2189 705 inquiens,

1189 714 1376 758 operarius
1406 715 1571 748 mercede
1593 727 1660 748 sua
1681 712 1711 749 3.
1738 714 1814 750 >isi
1836 714 1939 762 quod
1962 716 2192 764 frequentius

1189 770 1312 820 ipsum
1336 773 1579 822 Evangelium
1602 774 1681 809 sine
1699 782 1852 823 sumptu
1874 787 2019 824 ponens
2035 804 2043 820 ,
2067 775 2112 812 de
2135 777 2188 813 la-

1189 830 1348 868 boribus
1365 833 1440 869 suis
1458 847 1691 883 suorumque
1711 833 1870 880 serebat,
1894 835 1993 871 unde
2016 849 2054 872 se
2075 845 2109 872 et
2126 851 2192 873 eos

1191 891 1255 940 qui
1277 905 1402 929 secum
1425 892 1674 938 laborabant,
1698 895 1734 930 in
1755 907 1869 943 opere
1891 895 2085 932 ministerii
2108 910 2190 933 sus-

1193 959 1366 990 tentaret.
1384 957 1502 990 Porro
1519 954 1547 990 si
1566 953 1754 990 interdum
1773 953 1965 1001 quiescere
1981 964 2190 1004 oporteret,

1194 1015 1232 1051 in
1251 1014 1387 1051 sanctis
1402 1013 1473 1049 hoc
1489 1012 1645 1050 faciebat
1665 1014 1769 1059 locis,
1788 1027 1870 1062 quse
1888 1015 2045 1064 ipseper
2064 1015 2196 1051 llibcr·

117 1075 261 1114 duntur
281 1084 319 1113 et
336 1090 458 1122 nova3
482 1085 518 1112 et
534 1089 785 1125 quaecumque
805 1075 1124 1125 promulgaverit,
1144 1073 1172 1108 Β
1192 1076 1292 1112 niam
1313 1082 1498 1124 sparserat
1516 1074 1727 1109 universam
1751 1088 1758 1109 z
1778 1074 1876 1123 apud
1892 1087 1986 1122 quos
2003 1088 2092 1110 vero
2110 1088 2195 1111 nio-

117 1144 297 1186 tanquam
326 1135 473 1172 coelitus
499 1135 600 1172 edita
625 1144 890 1185 acceptantur,
925 1143 1125 1181 tenentur,

116 1197 258 1247 scripto
285 1196 517 1234 mandantur
549 1196 598 1233 ad
625 1190 847 1233 memoriam
871 1205 1127 1246 posterorum.

116 1256 260 1305 Quidni
276 1257 424 1293 coelitus
445 1257 557 1293 missa
573 1256 844 1303 crederentur,
869 1270 954 1306 quae
979 1265 1035 1293 tot
1053 1270 1131 1293 εοε-

119 1317 226 1354 lestia
252 1317 481 1354 confirmant
507 1317 718 1354 miracula?
743 1321 790 1355 Et
813 1326 855 1354 ut
885 1317 997 1354 fidem
1026 1316 1134 1354 dictis

119 1378 251 1415 faciam
262 1407 272 1425 ‚
289 1378 542 1429 perstringam
558 1379 744 1415 nonnulla
759 1379 901 1428 paucis.
923 1378 1016 1426 Quis
1033 1378 1133 1415 enim

120 1447 255 1476 cuncta
279 1441 502 1476 enumeret?
517 1442 745 1489 Quanquam
768 1438 970 1484 libentius,
992 1438 1133 1486 fateor,

118 1499 312 1538 imitandis
333 1500 534 1545 immorer,
555 1513 670 1550 quam
690 1498 934 1537 admirandis.

466 1632 644 1672 CAPUT
673 1631 789 1672 XIX.

147 1749 307 1780 Virtutum
323 1748 390 1790 ejus
405 1746 560 1789 insignia,
584 1753 614 1779 et
631 1757 734 1778 mores
759 1757 834 1778 vero
856 1747 988 1789 praesule
1011 1746 1108 1789 digni.

1195 1148 1274 1172 ram
1311 1135 1431 1171 facere
1465 1133 1656 1179 libuisset,
1688 1134 1838 1169 illorum
1875 1147 1912 1169 se
1947 1134 2198 1171 conformavit

1196 1193 1367 1230 moribus
1399 1202 1434 1229 et
1469 1192 1740 1238 observantiis,
1775 1193 1967 1228 communi
2000 1201 2198 1229 contentus

1200 1255 1275 1291 vita
1296 1263 1332 1290 et
1352 1266 1490 1290 mensa.
1509 1257 1592 1290 Non
1612 1253 1679 1289 fuit
1706 1254 1742 1288 in
1763 1253 1879 1298 victu,
1908 1266 1982 1288 non
2002 1254 2067 1290 fuit
2086 1254 2120 1289 in
2136 1268 2203 1290 ve-

1201 1315 1304 1360 stitu,
1324 1314 1362 1350 in
1383 1327 1459 1363 quo
1480 1313 1666 1363 potuisset
1689 1312 1890 1348 Malachias
1911 1312 2078 1362 dignosci
2101 1314 2199 1350 inter

1202 1384 1357 1412 caeteros
1384 1366 1516 1412 fratres
1542 1388 1549 1410 ε
1586 1373 1623 1409 in
1644 1381 1808 1419 tantum,
1835 1386 1920 1409 cum
1943 1373 2064 1422 major
2084 1383 2198 1420 esset,

1201 1435 1413 1472 humiliavit
1439 1447 1476 1470 se
1496 1434 1534 1469 in
1554 1432 1742 1469 omnibus.

1254 1495 1316 1532 44.
1357 1494 1529 1543 Denique
1558 1506 1642 1529 cum
1671 1493 1788 1529 exiret
1819 1492 1866 1529 ad
1901 1492 2205 1542 praedicandum,

1201 1568 1284 1592 cum
1308 1553 1500 1604 peditibus
1529 1553 1646 1603 pedes
1672 1561 1707 1589 et
1728 1553 1806 1603 ipse
1834 1552 1929 1598 ibat,
1953 1553 2152 1603 episcopus
2170 1562 2206 1589 et

1200 1616 1355 1665 legatus.
1383 1618 1520 1652 Forma
1545 1613 1750 1662 apostolica
1779 1613 1857 1649 haec
1882 1627 1888 1648 ε
1914 1621 1950 1649 et
1976 1613 2063 1649 inde
2091 1613 2207 1662 magis

1200 1676 1296 1712 mira
1312 1676 1350 1712 in
1366 1674 1548 1712 Malachia
1562 1703 1570 1719 ,
1597 1686 1672 1722 quo
1694 1686 1777 1709 rara
1795 1673 1904 1709 nimis
1921 1675 1956 1708 in
1980 1673 2070 1709 aliis.
2087 1676 2208 1709 Verus

1201 1737 1374 1787 profecto
1400 1734 1672 1785 Apostolorum
1699 1733 1818 1769 haeres
1840 1742 1893 1769 est
1919 1733 2006 1779 iste,
2037 1733 2100 1782 qui
2122 1733 2204 1769 talia

1201 1798 1288 1847 agit.
1307 1796 1378 1834 Sed
1395 1795 1589 1832 advertere
1615 1802 1670 1830 est
1683 1822 1692 1838 ‚
1718 1792 1910 1842 quomodo
1929 1792 2069 1829 dividat
2091 1793 2208 1830 liaere-

177 1860 241 1898 43.
262 1864 309 1898 Et
329 1873 415 1897 meo
433 1859 589 1910 quidem
603 1859 751 1909 judicio
770 1860 938 1910 primum
960 1869 997 1897 et
1014 1861 1136 1897 maxi-
1158 1860 1184 1896 C
1203 1858 1357 1894 (litatem
1374 1868 1460 1893 cum
1479 1853 1658 1891 fratribus
1675 1853 1763 1898 suiS,
1777 1866 1880 1902 aeque
1900 1852 2100 1902 nepotibus
2111 1858 2213 1902 Apo-

124 1933 230 1957 mum
251 1920 491 1966 miraculum,
510 1918 614 1969 quod
632 1919 732 1966 feeit,
753 1919 834 1969 ipse
856 1928 948 1956 erat.
970 1923 1023 1958 L‘t
1039 1921 1140 1957 enirn

127 1988 271 2017 taceam
287 1979 509 2016 interiorem
526 1979 710 2016 hominen
731 1978 825 2028 ejus,
844 1979 953 2028 cujus
973 1980 1143 2030 pulchri-

131 2039 305 2077 tudinem
320 2068 329 2085 ,
356 2037 640 2085 fortitudinem,
656 2038 862 2088 puritatem
888 2039 976 2075 satis
997 2039 1144 2076 indica-

126 2098 223 2137 bant
242 2112 371 2136 mores
391 2098 510 2149 ipsius
527 2107 565 2135 et
584 2099 680 2145 vita5
701 2099 828 2148 ipsum
847 2099 1075 2136 exteriorem
1094 2100 1145 2136 ita

130 2171 209 2195 uno
227 2171 380 2208 semper
395 2157 528 2204 modo,
548 2158 710 2209 ipsoque
731 2157 1010 2195 modestissimo
1028 2167 1065 2195 et
1083 2158 1146 2196 de-

127 2219 347 2256 centissimo
379 2218 510 2268 gessit,
539 2227 582 2255 ut
611 2219 664 2255 nil
692 2232 849 2269 prorsus
875 2228 1078 2269 appareret
1105 2220 1146 2256 in

127 2292 195 2326 eo,
216 2278 322 2329 quod
339 2287 469 2329 posset
488 2279 685 2316 offendere
702 2279 906 2316 intuentes.
925 2283 972 2316 Et
991 2279 1145 2329 quidem

128 2339 195 2389 qui
211 2352 290 2376 non
303 2338 465 2375 offendit
480 2339 518 2375 in
533 2338 652 2376 verbo
664 2368 673 2385 ,
692 2339 756 2375 ille
771 2339 964 2388 perfectus
985 2347 1042 2376 est
1060 2339 1146 2376 vir2.

129 2404 180 2438 At
193 2412 286 2436 vero
304 2399 341 2436 in
356 2399 539 2437 Malachia
557 2400 640 2449 quis
656 2412 826 2449 unquam
841 2429 849 2445 ‚
868 2399 1013 2436 etiamsi
1028 2400 1147 2436 curio-

130 2460 209 2496 sius
232 2458 465 2505 observarit,
488 2458 743 2510 deprehendit
759 2458 925 2495 otiosum
938 2487 947 2503 ,
965 2472 1044 2495 non
1062 2459 1148 2495 dico

130 2518 316 2565 verbum,
349 2518 417 2556 sed
442 2521 608 2556 nutum?
633 2520 725 2568 Quis
751 2531 930 2565 manum,
958 2518 1144 2569 pedemve

131 2588 351 2617 moventem
383 2579 544 2616 frustra?
572 2582 655 2617 Imo
686 2579 779 2629 quid
796 2592 874 2615 non
891 2579 1082 2616 aedificans
1108 2580 1147 2616 in

1209 1918 1407 1955 stolorum.
1430 1915 1489 1952 Illi
1516 1914 1761 1951 dominantur
1793 1913 1830 1948 in
1861 1913 1961 1948 clero
1993 1927 2000 1948 :
2031 1912 2099 1948 iste
2122 1912 2210 1948 dum

1209 1986 1306 2015 esset
1323 1976 1420 2014 liber
1447 1989 1493 2012 ex
1519 1973 1709 2018 omnibus,
1728 1972 1897 2009 omnium
1925 1985 1962 2008 se
1983 1985 2131 2008 servum
2156 1972 2212 2008 fe-

1211 2039 1275 2075 cit.
1297 2038 1355 2075 Illi
1376 2045 1441 2074 aut
1466 2049 1544 2072 non
1568 2034 1868 2083 evangelizantes
1892 2032 2134 2077 manducant,
2153 2041 2215 2068 aut

1211 2097 1473 2147 evangelizant
1500 2103 1542 2132 ut
1561 2093 1791 2131 manducent
1809 2108 1816 2129 :
1838 2092 2037 2129 Malachias
2063 2092 2211 2128 imitans

1211 2159 1385 2203 Paulum,
1409 2155 1626 2201 manducat,
1657 2162 1697 2190 ut
1727 2153 1965 2202 evangelizet.
1994 2152 2051 2188 Illi
2079 2152 2213 2188 fastum

1213 2227 1250 2255 et
1265 2226 1452 2268 quaestum
1481 2216 1665 2253 aestimant
1684 2214 1859 2263 pietatem
1883 2227 1889 2248 :
1915 2211 2112 2249 Malachias
2138 2211 2216 2247 hae-

1215 2278 1376 2316 reditate
1393 2276 1561 2313 vindicat
1581 2274 1651 2312 sibi
1668 2286 1763 2323 opus
1785 2281 1821 2309 et
1842 2285 1949 2308 onus.
1963 2272 2021 2308 Illi
2035 2272 2159 2308 felices
2178 2284 2216 2307 se

1217 2339 1400 2383 credunt,
1427 2338 1458 2374 si
1485 2334 1725 2373 dilataverint
1755 2332 1934 2369 terminos
1954 2344 2041 2367 suos
2063 2346 2070 2367 :
2099 2331 2217 2368 Mala-

1218 2400 1319 2437 chias
1332 2400 1371 2436 in
1388 2396 1579 2434 dilatanda
1594 2394 1774 2432 charitate
1785 2392 1976 2442 gloriatur.
1988 2391 2045 2427 Illi
2060 2403 2217 2439 congre-

1215 2468 1304 2510 gant
1327 2459 1367 2495 in
1386 2458 1525 2494 horrea
1540 2485 1549 2501 ,
1573 2463 1607 2492 et
1629 2454 1726 2491 dolia
1752 2451 1916 2501 replent,
1938 2449 2039 2486 unde
2060 2458 2218 2485 onerent

1213 2532 1362 2558 mensas
1384 2534 1392 2556 :
1410 2516 1608 2556 Malachias
1632 2513 1771 2563 colligit
1805 2512 1841 2548 in
1872 2511 2016 2547 deserta
2037 2517 2072 2545 et
2089 2509 2220 2545 solitu-

1215 2582 1343 2626 dines,
1363 2578 1466 2616 unde
1490 2577 1646 2626 impleat
1667 2575 1793 2611 coelos.
1815 2572 1895 2616 Illi,
1919 2583 2002 2607 cum
2033 2570 2218 2618 accipiant

131 2639 214 2689 ejus
239 2641 410 2687 incessu,
435 2649 611 2690 aspectu,
635 2640 790 2687 habitu,
816 2641 950 2677 vultu?
981 2640 1154 2690 Denique
1171 2645 1204 2680 D
1223 2641 1406 2685 decimas,
1422 2635 1678 2687 etprimitias,
1698 2641 1734 2669 et
1760 2630 1981 2674 oblationes,
2004 2629 2159 2678 insuper
2176 2637 2211 2665 et

131 2701 260 2738 vultus
279 2700 507 2737 hilaritatem
527 2714 597 2738 nec
613 2701 772 2738 fuscavit
789 2714 953 2746 moeror,
973 2714 1043 2737 nec
1059 2701 1152 2737 levi-

133 2761 236 2811 gavit
256 2761 366 2798 risus.
393 2764 532 2798 Totum
553 2762 591 2798 in
617 2775 663 2798 eo
694 2761 1000 2812 disciplinatum,
1030 2769 1152 2798 totum

133 2822 283 2871 insigne
301 2822 476 2869 virtutis,
500 2822 745 2872 perfectionis
772 2823 906 2859 forma.
929 2826 1001 2859 Per
1023 2822 1151 2858 onmia

138 2882 272 2929 serius,
283 2882 350 2919 sed
363 2896 442 2919 non
454 2892 639 2920 austerus.
655 2883 850 2921 Remissus
863 2882 1068 2928 interdum,
1081 2881 1153 2918 dis-

139 2942 287 2979 solutus
304 2955 514 2993 nunquam.
532 2943 733 2993 Negligens
753 2944 860 2990 nihil,
880 2943 947 2980 etsi
967 2956 1039 2992 pro
1058 2950 1155 2978 tem-

138 3015 234 3052 pore
250 3003 371 3039 multa
385 3002 639 3040 dissimulans.
657 3004 816 3051 Quietus
833 3016 947 3053 saepe,
968 3002 1034 3039 sed
1051 3002 1159 3038 mini-

140 3076 201 3100 me
220 3063 427 3113 aliquando
447 3064 605 3101 otiosus.
621 3068 654 3102 A
672 3064 732 3105 die
752 3065 878 3114 primo
899 3063 1160 3100 conversionis

141 3135 218 3159 suae
234 3135 356 3173 usque
369 3123 417 3160 ad
433 3131 646 3160 extremum
664 3126 766 3170 vitae,
785 3124 866 3160 sine
879 3123 1039 3173 proprio
1056 3123 1161 3163 vixit,

141 3185 228 3220 Non
242 3196 388 3229 servos,
405 3196 484 3220 non
497 3183 665 3226 ancillas,
682 3197 758 3220 non
772 3184 893 3229 villas,
907 3196 985 3219 non
1004 3182 1161 3224 viculos,

144 3254 223 3278 non
246 3242 412 3292 denique
437 3242 646 3293 quidquam
670 3243 863 3281 redituum
888 3242 1161 3279 ecclesiastico—

199 3386 207 3400 ¹
224 3380 304 3412 Psal.
320 3392 442 3419 Lxxiv,
468 3385 499 3411 5.
523 3399 564 3403 ———
583 3388 596 3403 ²
610 3380 721 3413 Jacohi
739 3392 798 3417 111,
817 3384 848 3412 2.
864 3399 900 3402 —
928 3377 1028 3409 3Luc.
1046 3388 1064 3408 x
1080 3401 1088 3414 ,
1113 3380 1144 3407 7.

1219 2701 1265 2737 de
1282 2699 1437 2737 Caesaris
1457 2695 1642 2733 beneficio
1663 2692 1820 2737 telonia,
1837 2699 1874 2727 et
1898 2688 2052 2734 tributa,
2073 2697 2109 2725 et
2129 2689 2220 2725 alios

1220 2761 1363 2798 reditus
1382 2757 1548 2794 infinitos
1560 2785 1568 2801 ‚
1584 2753 1729 2792 solliciti
1745 2759 1832 2789 sunt
1849 2749 2091 2787 nihilominus
2105 2777 2114 2795 ,
2128 2747 2218 2797 quid

1219 2820 1473 2862 manducent,
1501 2825 1537 2853 et
1572 2815 1663 2865 quid
1701 2812 1831 2849 bibant
1863 2826 1869 2847 :
1896 2808 2096 2847 Malachias
2131 2808 2222 2844 nihil

1221 2881 1359 2917 horum
1401 2876 1541 2914 habens
1560 2904 1568 2920 ,
1593 2874 1731 2910 multos
1769 2880 1893 2907 tamen
1928 2868 2133 2917 locupletat
2173 2867 2219 2902 de

1222 2937 1487 2991 promptuario
1508 2935 1605 2971 fidei.
1620 2933 1696 2970 Illis
1710 2945 1777 2968 nec
1791 2929 2006 2980 cupiditatis
2018 2957 2027 2973 ,
2043 2940 2111 2963 nec
2124 2926 2223 2963 solli-

1227 2998 1403 3037 citudinis
1416 2997 1514 3033 ullus
1532 3003 1586 3031 est
1602 2993 1685 3030 finis
1703 3007 1710 3028 ε
1725 2989 1926 3028 Malachias
1943 2988 2096 3037 cupiens
2111 2986 2217 3029 nihil,

1230 3072 1307 3097 non
1340 3057 1447 3094 novit
1475 3063 1599 3091 tamen
1636 3052 1801 3101 cogitare
1834 3049 1879 3085 de
1911 3047 2083 3084 crastino.
2116 3045 2174 3081 Illi
2201 3056 2221 3079 a

1231 3116 1464 3169 pauperibus
1484 3114 1660 3163 exigunt,
1685 3109 1788 3160 quod
1809 3109 1898 3144 dent
1924 3103 2101 3141 divitibus
2123 3117 2130 3138 :
2152 3102 2220 3138 iste

1230 3178 1405 3217 sollicitat
1433 3175 1567 3212 divites
1596 3185 1667 3222 pro
1699 3166 1927 3220 pauperibus
1958 3160 2219 3199 sustentandis.

1228 3239 1287 3276 Illi
1304 3235 1493 3285 marsupia
1509 3240 1672 3270 vacuant
1687 3227 1921 3266 subditorum
1939 3238 1946 3259 :
1965 3223 2034 3258 iste
2050 3233 2120 3269 pro
2137 3231 2221 3269 pec-
