2533 3920
397 145 471 180 (383

450 234 522 258 nus
547 218 804 259 Clarae-Vallis
832 216 949 255 abbas
971 247 979 264 ,
1007 218 1166 255 salutem
1192 228 1229 256 et
1257 218 1401 256 oratio·
1412 212 1462 232 ⁵⁵⁹

1417 275 1451 309 A
1466 294 2146 308 mmmm.........2..mmm.„.............

452 294 530 318 nes.

450 405 600 439 Fratres
616 400 737 437 nostri
754 400 800 436 de
815 400 854 437 Bi
861 399 1040 436 turicensi
1054 400 1403 450 archiepiscopatu,

398 461 445 498 de
465 461 701 506 Domo-Dei,
727 468 838 510 egent
858 473 956 509 pane
978 475 985 496 z
1008 468 1045 496 et
1064 459 1279 497 audivimus
1300 460 1404 510 quod

398 521 566 559 abundat
598 520 650 557 ibi
681 534 835 558 annona
865 520 1009 557 domini
1039 521 1172 570 Regis,
1203 530 1240 557 et
1266 534 1402 570 parum

397 582 541 619 venalis
570 581 662 618 inibi
686 581 849 617 videtur.
874 584 1008 630 Itaque
1038 595 1216 631 rogamus
1242 595 1334 627 vos,
1361 589 1405 618 ut

398 642 629 692 praecipiatis
659 641 712 677 eis
743 640 822 677 dari
846 640 893 677 de
921 654 1074 678 annona
1102 642 1190 687 illa,
1219 650 1403 691 quantum

396 703 520 739 visum
537 702 649 738 fuerit
664 702 879 752 prudentiae
897 711 1042 739 vestrae.
1058 707 1152 740 Nam
1171 712 1208 739 et
1227 703 1405 739 dominus

396 767 504 808 Rex,
525 763 615 799 dum
643 763 682 799 in
714 763 784 800 hac
814 772 913 800 terra
941 772 1062 811 esset,
1097 765 1151 801 eis
1181 763 1405 801 benefacere

397 822 554 860 solebat.

395 969 478 979 ᾳιιιιι
484 968 566 978 ππυςςι
572 968 987 977 ικηιιιικικιαιυικκικκιιννιιικι
993 968 1362 978 ι·πιν-ιςαιινικηηκς-ιινιιιι-
1369 970 1407 979 xm

472 1097 845 1154 EPISTOLA
889 1095 1327 1154 CCCLXXIX.a

783 1269 828 1290 AD
857 1269 1031 1291 EUMDEM.

559 1392 680 1423 Abbati
707 1392 830 1422 cuidam
854 1391 941 1434 inopi
960 1391 1121 1423 subveniri
1142 1398 1240 1434 rogat.

393 1518 561 1555 Domino
579 1528 615 1555 et
631 1518 730 1568 patri
756 1518 1000 1555 dilectissimo
1022 1522 1211 1565 Srossmo,
1230 1521 1299 1558 Dei
1319 1535 1407 1571 gra-

447 1578 497 1614 tia
527 1578 739 1615 reverendo
765 1578 893 1615 abbati
917 1580 1261 1630 Sancti—Dionysii,
1290 1582 1407 1620 frater

447 1642 673 1676 BERNARnus
691 1640 942 1677 Clarae-Vallis
963 1649 1122 1678 vocatus
1143 1641 1281 1691 abbas,
1299 1644 1403 1681 salu-

448 1707 524 1736 tem
544 1708 581 1736 et
602 1700 760 1737 devotas
779 1701 974 1738 orationes
994 1702 1033 1738 in
1053 1702 1214 1740 Christo.

446 1833 635 1872 Abbatem
661 1848 872 1886 pauperem
904 1834 1032 1872 abbati
1061 1836 1169 1873 diviti
1194 1837 1402 1886 mittimus,

394 1904 439 1932 ut
478 1895 525 1932 de
569 1897 724 1933 alterius
769 1895 1004 1934 abundantia
1019 1926 1029 1944 ‚
1071 1897 1226 1934 alterius
1272 1899 1403 1950 inopia

392 1956 632 2005 aliquatenus
656 1957 858 1994 relevetur.
884 1957 1001 1995 Vobis
1029 1971 1118 1994 sane
1145 1958 1401 1997 honestiorem

393 2016 565 2054 cedimus
579 2017 848 2068 partemjuxta
863 2019 1089 2056 sententiam
1106 2020 1300 2066 Veritatis,
1316 2034 1403 2070 quae

392 2077 540 2115 beatius
563 2091 644 2116 esse
671 2078 806 2115 definit
828 2078 937 2126 dare,
955 2093 1067 2129 quam
1092 2081 1301 2131 accipere¹.
1325 2086 1402 2119 Nec

393 2137 547 2183 dubito,
573 2139 666 2189 quin
691 2138 872 2176 libentius
889 2149 926 2177 et
943 2140 1136 2178 liberalius
1156 2154 1311 2178 manum
1335 2156 1401 2180 ve-

393 2206 509 2234 stram
534 2198 790 2236 extenderetis
813 2199 859 2236 ad
888 2200 991 2237 hunc
1015 2214 1225 2251 pauperem
1247 2202 1399 2249 Christi,

392 2258 422 2294 si
445 2257 554 2295 vobis
580 2272 710 2309 aeque,
738 2268 780 2296 ut
807 2259 918 2297 nobis
934 2291 943 2307 ‚
967 2261 1196 2298 innotuisset
1227 2261 1308 2312 ejus
1341 2277 1402 2300 re-

393 2317 574 2367 ligiositas
609 2328 647 2356 et
677 2319 855 2357 honestas
875 2349 884 2366 ‚
916 2321 981 2358 sed
1015 2330 1052 2358 et
1085 2323 1287 2360 necessitas
1321 2324 1403 2374 ipsa

390 2391 505 2427 quam
525 2380 681 2429 patitur.
699 2384 792 2418 7Nam
812 2390 849 2418 et
870 2381 1007 2419 debitis
1024 2383 1225 2432 premitur,
1241 2392 1279 2420 et
1292 2384 1403 2434 panis

389 2438 521 2488 inopia
542 2439 714 2487 laborat,
737 2441 841 2491 quod
861 2442 940 2491 agri
958 2441 1040 2491 ejus
1064 2456 1136 2492 pro
1163 2443 1288 2480 tritico
1309 2444 1399 2481 her-

389 2496 457 2534 bas
479 2499 513 2535 ei
532 2500 765 2549 perniciosas
791 2501 1041 2539 reddiderint.
1064 2503 1160 2551 Quia
1178 2517 1269 2553 ergo
1290 2505 1401 2541 steri-

389 2557 475 2594 litas
504 2559 573 2595 ista
595 2568 743 2597 vestros
775 2574 852 2597 non
881 2563 1004 2612 attigit
1026 2563 1171 2599 loculos
1188 2591 1197 2608 ‚
1221 2577 1400 2613 rogamus

389 2627 427 2654 et
452 2619 618 2668 petimus
642 2633 712 2670 per
733 2630 899 2659 vestram
927 2623 1227 2660 misericordiam
1249 2625 1282 2661 ei
1306 2624 1400 2661 sub—
1417 2636 1450 2669 D
1467 2626 1696 2664 Reverendo
1730 2627 1828 2677 patri
1868 2635 1906 2664 et
1938 2626 2061 2664 amico
2092 2635 2225 2664 nostro
2258 2626 2472 2664 charissimo
2511 2630 2517 2649 ·'

389 2679 512 2715 veniri
537 2694 544 2715 :
574 2693 645 2717 nec
671 2681 864 2719 ullatenus
893 2682 1075 2720 dubitetis
1092 2712 1101 2728 ‚
1130 2684 1224 2732 quin
1251 2685 1398 2722 utiliter

389 2739 556 2787 positum
578 2740 626 2776 sit
645 2749 682 2778 et
700 2742 910 2792 repositum
925 2772 935 2789 ‚
955 2743 1141 2793 quidquid
1163 2745 1196 2781 ei
1216 2754 1398 2795 praestare

388 2798 587 2846 placuerit.

438 3124 445 3138 ¹
468 3120 540 3149 Act.
556 3128 616 3152 xx.
637 3120 690 3149 35.

1156 143 1190 178 S.
1222 138 1477 177 BER‘NARDI
1505 135 1706 171 ABBATIS

2148 296 2159 304 ι
2164 295 2217 305 ικνι
2221 295 2302 306 §xum
2307 298 2316 307 ι
2320 298 2466 313 ιιι-νικιᾞι

1548 417 1920 476 EPISTOLA
1977 415 2390 476 CCCLXXX.¹'

1850 566 1895 589 AD
1925 566 2096 589 EUMDEM.

1621 671 1670 700 De
1689 667 1865 711 periculoso
1883 672 1963 698 statu
1980 667 2126 698 Ecclesiae
2143 666 2325 699 Orientalis.

1472 796 1744 835 Amantissimo
1781 796 1879 846 patri
1911 804 1949 832 et
1985 795 2143 832 domino
2183 797 2351 834 Suntne
2371 826 2382 844 ,
2406 801 2471 839 Dei

1526 858 1646 907 gratia
1695 857 1800 894 Beati
1816 878 1835 885 -
1847 856 2022 905 Dionysii
2063 854 2191 893 abbati
2209 885 2220 903 ,
2257 859 2471 900 Bnanumus
2505 880 2507 896 ι

1527 917 1784 956 Clarae-Vallis
1799 924 1957 952 vocatus
1974 915 2109 962 abbas,
2126 917 2307 963 salutem,
2330 925 2368 954 et
2384 931 2472 970 quas
2506 911 2507 953 ζ

1526 985 1653 1028 potest
1674 977 1868 1014 orationes
1883 976 1921 1012 in
1942 976 2123 1013 Domino.

1527 1111 1696 1151 Verbum
1713 1112 1818 1162 quod
1835 1112 2047 1149 attulerunt
2066 1111 2244 1162 magister
2261 1114 2420 1164 Templi,
2435 1125 2471 1154 et

1476 1175 1592 1210 frater
1621 1176 1788 1209 Joannes
1809 1201 1819 1219 ,
1850 1180 1926 1208 tam
1961 1172 2072 1209 laetus
2102 1171 2260 1222 accepi,
2295 1185 2404 1222 quam
2436 1175 2472 1213 id
2506 1175 2508 1180 ’

1474 1233 1579 1284 quod
1607 1247 1627 1270 a
1654 1237 1736 1270 Deo
1765 1232 1960 1269 crederem
1988 1232 2230 1282 processisse.
2259 1236 2347 1282 Ipsa
2377 1235 2471 1273 enim

1470 1295 1550 1345 jam
1577 1295 1783 1333 Orientalis
1809 1294 1977 1332 Ecclesia
2002 1302 2077 1331 tam
2109 1292 2376 1331 miserabiliter
2400 1295 2472 1334 cla-

1473 1364 1572 1401 mat,
1594 1364 1636 1392 ut
1656 1355 1827 1405 quisquis
1850 1367 1928 1391 non
1957 1362 2038 1390 toto
2066 1353 2300 1404 compatitur
2317 1354 2472 1404 affectu,

1473 1417 1649 1453 Ecclesiae
1670 1416 1769 1452 silius
1786 1428 1869 1452 esse
1889 1428 1967 1451 non
1984 1413 2184 1465 probetur.
2206 1418 2346 1452 Verum
2365 1428 2473 1466 quam

1473 1477 1581 1513 laetus
1602 1476 1649 1513 de
1664 1476 1814 1522 nuntio,
1835 1484 1909 1512 tam
1932 1475 2048 1512 tristis
2063 1474 2110 1511 de
2127 1483 2289 1524 angusto
2302 1476 2473 1525 termino,

1475 1537 1520 1574 ad
1538 1550 1652 1587 quem
1668 1545 1803 1573 vestrae
1822 1535 2028 1572 Dilectioni
2045 1548 2248 1573 occurrere
2265 1548 2341 1572 non
2357 1537 2472 1586 potui.

1473 1598 1668 1648 Siquidem
1683 1597 1934 1648 promiseram
1951 1595 2185 1645 Lingonensi
2201 1595 2382 1647 episcopo
2398 1597 2473 1648 ipsa
2508 1622 2510 1625 -

1472 1659 1532 1696 die
1558 1671 1763 1696 occurrere
1787 1658 1835 1695 ad
1857 1657 2115 1707 colloquium,
2135 1656 2242 1706 quod
2262 1655 2308 1693 d'e
2337 1658 2474 1707 magnis
2508 1685 2511 1692 .

1471 1728 1508 1756 et
1537 1719 1717 1769 gravibus
1751 1719 1912 1769 negotiis
1946 1717 2086 1754 fiducia
2117 1717 2239 1754 nostri
2269 1725 2472 1768 acceperat.
2509 1714 2511 1717 ⁵

1470 1780 1641 1818 Iudicavi
1676 1788 1801 1817 autem
1845 1779 1970 1829 ipsum
2014 1787 2165 1829 tempus
2186 1807 2196 1824 ,
2229 1777 2412 1828 quando,
2445 1778 2473 1817 si
2509 1772 2516 1822 ἶ,

1423 1844 1450 1880 C
1470 1840 1595 1890 placet
1613 1869 1622 1887 ,
1644 1841 1752 1877 laetus
1781 1851 1979 1876 occurram
2003 1852 2089 1875 cum
2109 1837 2246 1875 eodem
2273 1838 2471 1890 episcopo,
2509 1840 2511 1852 ³

1470 1901 1535 1951 qui
1555 1901 1717 1937 multum
1739 1899 1882 1950 poterit
1901 1899 2004 1936 utilis
2029 1912 2111 1936 esse
2129 1898 2336 1950 colloquio.

1599 2041 1607 2049 ι
1614 2041 1622 2049 ι
1628 2040 1724 2049 ιιιυιια
1730 2039 1899 2049 νει-ικυκικιι
1906 2038 2472 2050 καις-ιιιινινινινιιιιινινινινκιιιιωεκ

1544 2152 1918 2211 EPISTOLA
1963 2153 2381 2211 CCCLXXXI.
2396 2152 2410 2169 ⁶

1850 2303 1869 2325 A
1875 2303 1898 2324 D
1927 2302 2099 2326 EUMDEM.

1468 2414 1580 2444 Monet
1602 2422 1634 2442 se
1657 2410 1696 2442 de
1712 2410 1780 2453 ipso
1806 2416 1890 2442 recte
1917 2410 2118 2447 sentientem,
2143 2410 2251 2443 dolere
2272 2417 2377 2443 tamen
2394 2410 2472 2454 quod

1514 2467 1596 2497 mala
1612 2466 1698 2508 regni
1715 2465 1820 2508 palam
1833 2465 1891 2507 ipsi
1908 2465 2111 2507 imputentur.
2126 2468 2283 2497 Hortatur
2298 2472 2332 2498 ut
2350 2471 2470 2505 caveat,

1514 2531 1554 2552 ne
1570 2531 1691 2557 eorum,
1712 2531 1770 2563 per
1785 2531 1863 2562 quos
1877 2520 1935 2551 ista
1954 2520 2048 2558 fiunt,
2067 2520 2225 2552 consortio
2240 2520 2417 2553 infametur.

1518 2690 1706 2732 Summo,
1733 2688 1802 2724 Dei
1831 2688 1951 2737 gratia
1976 2686 2104 2725 abbati
2132 2686 2470 2737 Sancti-Dionysii,

1518 2748 1635 2784 frater
1667 2751 1892 2785 Bam-Annus
1930 2747 2284 2786 Clarae-vallensis
2317 2755 2470 2785 vocatus

1517 2807 1634 2844 abbas
1662 2837 1671 2854 ‚
1711 2809 1870 2846 salutem
1914 2817 1952 2846 et
1986 2809 2285 2860 qualescumque
2327 2816 2471 2846 nostras

1519 2868 1725 2905 orationes.

1518 2988 1576 3026 Ad
1616 2989 1759 3026 litteras
1794 2989 2036 3028 Paternitatis
2069 2998 2205 3027 vestrae
2238 2988 2467 3040 respondere

435 3179 446 3192 ’Ἰ
466 3176 552 3207 Alias
572 3176 704 3218 epistola
722 3180 782 3208 301
809 3189 814 3208 :
837 3190 906 3220 qua·
922 3190 994 3210 xero
1008 3187 1098 3212 antea
1114 3185 1179 3213 :579
1197 3190 1261 3214 crat
1277 3209 1284 3221 ,
1302 3196 1384 3216 nunc
1400 3189 1477 3217 353.
1491 3189 1544 3218 Est
1559 3191 1601 3220 93
1623 3188 1704 3219 inter
1717 3189 1914 3231 Sugerianas.
1933 3189 2053 3233 Scripta
2067 3201 2151 3222 anno
2163 3190 2277 3224 Christi
2295 3192 2392 3223 1149.

435 3230 449 3250 b
474 3229 559 3261 Alias
578 3230 708 3271 epistola
725 3234 789 3262 362
810 3242 817 3262 :
835 3243 902 3273 qure
924 3243 997 3263 vero
1014 3240 1104 3265 antea
1120 3238 1187 3266 380
1206 3244 1291 3275 erat,
1308 3248 1391 3268 nunc
1414 3242 1493 3271 360.
1512 3240 1633 3283 Scripta
1646 3251 1730 3272 anno
1747 3241 1861 3274 Christi
1886 3245 1986 3274 1149.

432 3287 445 3302 Γ
466 3283 551 3313 Alia<
563 3283 694 3324 epistola
715 3286 780 3315 364
800 3295 806 3315 ;
827 3295 895 3326 qum
913 3296 986 3316 xero
1004 3292 1095 3318 antea
1114 3291 1174 3319 381
1201 3295 1284 3326 erat,
1302 3302 1384 3322 nunc
1408 3295 1486 3324 320.
1507 3293 1628 3336 Scripta
1644 3294 1724 3325 eirca
1741 3305 1857 3326 annum
1884 3297 1981 3327 1150.
