2565 3952
108 197 156 233 93
793 200 1155 236 CHRONoLoGIA
1183 201 1525 238 BERNARDINA.
2163 213 2210 251 94

149 275 360 306 Fundantur
371 276 706 315 Fons—Moriniacus,
725 276 760 307 in
775 277 916 309 dioeeesi
931 277 1131 308 Bituricen-

107 324 154 362 si;
172 324 397 356 Albae-Petrae
411 349 418 363 ,
450 325 485 355 in
510 325 743 356 Lemovicensi
763 336 770 361 ;
796 326 1106 366 Longum-vadum
1124 350 1132 365 ‚

107 373 143 404 in
161 373 372 414 Lingonensi
390 387 397 414 ;
416 374 810 414 Laus-Beatae-Virginis
824 398 832 413 ‚
851 375 887 405 in
906 376 1132 406 Tornacensi.

105 422 305 462 Adoptatur
325 424 566 462 Bullencuria,
586 422 841 454 canonicorum
859 424 1079 464 regularium
1098 424 1133 454 in

107 470 248 502 dioecesi
277 473 451 504 Trecensi.

152 522 242 551 1150.
268 521 426 563 Eugenio
450 524 565 552 Romae
594 520 636 551 ad
658 522 692 551 S.
720 522 862 551 Petrum
892 524 971 560 post
1001 521 1132 552 multos

106 569 292 600 conflictus
308 570 474 601 restituto
489 594 496 609 ,
510 569 710 601 Bernardus
726 570 858 600 librum
876 569 1071 601 secundum
1089 569 1132 601 de

106 618 392 651 Consideratione
417 619 684 657 transmittens,
711 619 910 660 apologiam
933 619 976 650 de
997 621 1131 650 Jeroso-

103 665 282 705 lymitanae
299 667 530 708 expeditionis
548 667 696 698 comino
724 668 904 707 praetexit‚
935 668 1132 707 recipitque

104 714 287 753 epistolam
305 717 575 747 consolatoriam
594 725 612 746 a
633 717 768 748 ,Ioanne
784 717 995 747 Casae-Marii
1015 717 1051 747 in
1075 717 1124 747 ci-

105 763 212 795 vitate
228 765 399 796 Verulana
418 765 546 796 abbate
562 789 570 805 ,
589 774 667 805 quae
689 769 741 796 est
772 765 877 796 modo
901 766 1048 806 epistola
1067 768 1126 797 386

105 812 198 844 inter
215 814 461 845 Bernardinas.

149 864 240 893 1151.
265 863 434 894 Rainaldo
461 862 581 893 abbati
605 863 672 894 sub
692 863 795 893 finem
823 862 907 893 anni
933 863 1126 903 superioris

105 910 294 947 defuncto,
314 911 483 942 nimirum
501 911 636 942 decimo
651 911 802 951 septimo
819 912 988 943 kalendas
1002 913 1127 952 janua-

104 959 167 997 rii,
187 961 364 992 suffectus
381 964 434 991 est
459 960 653 991 Gosevinus
670 969 711 991 ex
736 960 865 991 abbate
890 961 1124 992 Bonae-Vallis

104 1007 319 1041 Viennensis.
343 1009 425 1041 Vide
443 1009 629 1050 epistolam
653 1013 725 1042 270.

147 1059 231 1088 item
242 1059 394 1090 moritur
407 1061 509 1101 Hugo
518 1059 835 1090 Autissiodorensis
850 1059 1052 1099 episeopus,
1069 1059 1122 1090 vir

103 1107 206 1138 bonae
222 1109 399 1140 memoriae
415 1109 534 1140 dictus
550 1108 585 1139 in
604 1109 780 1140 Chronico
799 1111 831 1139 S.
852 1108 1053 1140 Petri-Viri.
1074 1111 1120 1139 De

104 1157 318 1189 successoris
347 1158 517 1189 electione
544 1157 621 1188 vide
640 1159 808 1198 epistolas
827 1161 899 1197 261,
919 1160 979 1190 274
1006 1162 1040 1189 et
1066 1167 1119 1189 se-

105 1211 266 1247 quentes.
286 1207 381 1239 Obiit
399 1207 483 1239 item
501 1208 672 1249 Sugcrius
694 1208 803 1239 abbas
820 1210 853 1239 S.
874 1208 1048 1248 Dionysii,
1068 1208 1121 1239 vir

104 1256 374 1298 integerrimus,
412 1258 470 1289 cui
500 1258 537 1289 in
570 1258 735 1289 extremis
765 1258 881 1297 posito
920 1257 1122 1288 Bernardus

104 1306 247 1346 scripsit
264 1306 448 1346 epistolam
466 1310 539 1338 266.
558 1308 629 1337 Hoc
655 1315 762 1345 anno,
774 1306 972 1336 Ludovicus
987 1310 1021 1336 et
1039 1305 1123 1336 Alie-

102 1363 210 1393 nora,
225 1355 343 1395 inquit
360 1355 535 1387 Robertus
555 1356 598 1386 de
616 1358 732 1387 Monte
745 1379 754 1394 ‚
785 1355 821 1386 in
842 1355 1123 1396 Quadragesima

104 1403 198 1443 apud
221 1404 470 1444 Balgenceium
483 1428 492 1444 ,
519 1404 603 1435 dato
621 1408 843 1435 sacramento
862 1413 983 1435 coram
1004 1404 1121 1435 archi-

103 1452 276 1493 episcopis
290 1457 325 1484 et
347 1453 519 1494 episcopis
536 1453 633 1493 quod
651 1453 909 1495 consanguinei
923 1457 1058 1493 essent,
1075 1462 1124 1485 se-

103 1502 218 1542 parati
232 1507 318 1534 sunt
331 1503 546 1534 auctoritate
562 1503 854 1534 Christianitatis.

142 1551 328 1583 Fundatur
344 1552 599 1584 monasterium
619 1555 833 1591 Esronense‚
854 1552 891 1583 in
908 1551 1019 1583 Dania
1033 1576 1041 1592 ,
1063 1551 1119 1583 di-

103 1601 208 1632 oecesi
227 1601 466 1633 Roskildensi.

150 1654 240 1683 1152.
257 1652 404 1693 Eugenii
424 1654 461 1683 111
478 1655 514 1692 8,
528 1651 694 1683 Ludovici
714 1653 767 1682 Vll
785 1651 940 1683 Franciae
958 1650 1052 1693 regis
1070 1653 1123 1690 15,

104 1700 287 1732 conradus
319 1701 457 1742 imperii
490 1710 584 1732 anno
621 1704 656 1733 13
686 1711 885 1741 purpuram
917 1705 1032 1732 morte
1064 1711 1120 1733 re-

104 1750 223 1790 signat
251 1750 428 1782 Friderieo
458 1756 696 1792 cognomento
726 1751 934 1782 AEnobarbae
954 1774 962 1789 ‚
989 1751 1125 1782 Sueviae

104 1798 208 1840 duci,
226 1800 376 1832 Conradi
394 1809 435 1832 ex
461 1801 572 1832 fratre
591 1800 724 1841 nepoti.
753 1800 818 1831 Sed
841 1804 876 1831 et
899 1799 1124 1831 Theobaldus

1200 279 1396 318 Campaniae
1414 289 1547 318 comes,
1568 280 1618 312 vir
1646 281 1795 322 insignis
1822 283 1983 325 pietatis,
2012 294 2110 320 sexto
2140 289 2221 323 idus

1196 327 1352 365 januarii
1371 326 1582 366 defunctus,
1602 329 1637 359 in
1662 332 1875 362 monasterio
1904 334 2135 367 Latiniacensi
2153 361 2160 376 ,
2180 339 2223 369 ad

1202 377 1418 414 Matronam,
1447 378 1550 415 cujus
1576 378 1693 408 fuerat
1720 378 1931 418 advocatus,
1960 385 2150 423 sepelitur,
2177 388 2220 417 ad

1202 433 1305 463 quem
1335 434 1407 454 non
1442 426 1547 466 longe
1575 430 1657 457 ante
1683 426 1821 458 obitum
1850 431 2050 462 Bernardus
2079 434 2224 474 scripsit

1200 474 1385 513 epistolam
1402 477 1473 506 271.

1240 522 1440 562 Adoptatur
1467 523 1609 554 abbatia
1634 523 1676 553 cle
1704 525 1877 563 Illoroliis‚
1906 527 1941 557 in
1965 528 2108 560 dioecesi
2135 532 2219 561 Mal-

1198 571 1360 601 leacensi.
1378 572 1564 602 Fundatur
1585 572 1728 604 abbatia
1746 574 2007 615 Clari—Montis,
2025 578 2058 607 in
2075 578 2217 610 dioecesi

1199 619 1490 651 Cenomannensi.
1510 621 1606 652 Circa
1625 622 1691 653 hoc
1707 627 1847 662 tempus
1862 624 2054 664 adoptatur
2073 630 2217 658 Armen-

1201 669 1289 699 taria
1304 692 1311 705 ‚
1332 669 1367 699 in
1394 670 1571 709 Callaeeia,
1593 670 1735 702 dioecesi
1760 673 2060 712 Compostellana‘.

1240 719 1330 748 1153.
1346 718 1513 749 Friderici
1538 721 1546 749 1
1570 718 1793 759 imperatoris
1811 726 1846 758 2,
1866 722 2029 754 Luam-ici
2046 726 2095 754 Vll
2114 724 2221 756 Fran·

1194 766 1255 797 cIae
1274 767 1366 807 regis
1388 770 1441 805 16,
1460 768 1639 808 Eugenius
1657 768 1748 799 diem
1763 770 1892 801 clausit
1912 776 2009 802 sexto
2031 772 2109 803 idus
2125 775 2218 813 junii,

1195 824 1274 846 cum
1297 815 1442 847 sedisset
1460 826 1573 847 annos
1591 821 1670 847 octo
1690 827 1825 849 menses
1841 824 1998 858 quatuor
2016 820 2089 852 dies
2108 824 2220 854 trede-

1196 864 1283 903 cim;
1309 865 1366 895 cui
1391 866 1563 896 successit
1581 866 1783 906 conradus,
1802 877 1843 898 ex
1862 869 2033 900 canonico
2060 873 2216 912 regulari

1195 914 1381 955 episcopus
1416 915 1617 946 §abinensis
1630 940 1638 954 ‚
1670 916 1787 947 dietus
1828 920 2034 951 Anastasius
2063 923 2115 952 lv.
2152 925 2219 954 Nee

1191 963 1299 1003 longe
1323 968 1401 1003 post
1424 965 1669 996 sanctissimus
1692 965 1818 996 doctor
1845 968 2045 999 Bernartius
2060 993 2069 1007 ,
2097 971 2219 1003 multis

1191 1021 1255 1051 pro
1285 1015 1352 1043 Deo
1380 1017 1414 1044 et
1443 1014 1593 1044 Ecclesia
1626 1014 1820 1046 defunctus
1842 1016 2046 1055 laboribus,
2085 1028 2166 1049 cum
2197 1029 2216 1051 a

1189 1061 1302 1092 media
1334 1062 1458 1093 hiemis
1492 1067 1700 1103 tempestate
1728 1065 1826 1104 gravi
1854 1066 1978 1096 morbo
2004 1073 2216 1109 correptus,

1189 1113 1229 1140 ut
1247 1110 1372 1141 scribit
1389 1111 1546 1150 epistolis
1561 1115 1632 1151 288,
1649 1116 1721 1151 307,
1738 1116 1815 1151 308,
1833 1123 1952 1153 pacem
1985 1116 2217 1150 nihilominus

1188 1159 1280 1190 inter
1298 1163 1466 1192 Metenses
1493 1164 1771 1203 composuisset,
1798 1165 1833 1195 in
1861 1175 1947 1204 pace
1971 1167 2116 1198 tandem
2143 1169 2217 1209 ipse

1189 1209 1321 1248 quievit
1347 1210 1482 1241 decimo
1512 1212 1617 1242 tertio
1648 1213 1815 1245 kalendas
1841 1215 2067 1254 septembris,
2099 1218 2216 1250 tribus

1190 1262 1272 1288 ante
1286 1259 1466 1290 meridiem
1481 1261 1578 1291 horis
1593 1285 1600 1299 ‚
1618 1271 1712 1292 anno
1727 1264 1841 1294 aetatis
1859 1265 2075 1304 sexagesimo
2093 1267 2213 1307 tertio,

1190 1308 1393 1338 monasticae
1422 1309 1651 1347 professionis
1677 1312 1967 1352 quadragesimo,
1995 1316 2215 1353 praefecturae

1191 1355 1373 1396 trigesimo
1397 1361 1534 1387 octavo,
1559 1360 1633 1397 Qua
1663 1360 1767 1390 etiam
1795 1361 2016 1392 hebdomada
2047 1365 2214 1405 Ascalon,

1190 1404 1427 1436 munitissima
1446 1406 1568 1437 civitas
1588 1417 1623 1437 in
1643 1409 1843 1448 Palaestina‚
1868 1411 1971 1448 juxta
1992 1413 2109 1443 Sancti
2131 1423 2215 1453 pro-

1191 1454 1393 1486 missionem
1405 1456 1628 1496 frequentius
1643 1459 1846 1498 repetitam,
1860 1468 1878 1490 a
1893 1460 2101 1493 Christianis
2112 1468 2215 1504 capta

1191 1508 1245 1535 est
1258 1528 1266 1543 ‚
1291 1509 1331 1535 ut
1348 1509 1502 1537 testatur
1519 1507 1710 1539 Gaufridus
1726 1509 1812 1539 Vitae
1830 1511 1861 1540 S.
1879 1511 2046 1541 Bernardi
2065 1512 2156 1544 libro
2174 1518 2191 1546 3
2206 1538 2214 1554 ,

1189 1562 1266 1593 cap.
1286 1556 1316 1585 4.
1336 1555 1536 1587 Bernardus
1555 1556 1648 1596 apud
1664 1558 1953 1589 Claram-Vallem
1969 1569 2213 1594 successorem

1189 1601 1315 1633 habuit
1334 1603 1526 1635 Robertum
1546 1614 1587 1635 ex
1605 1606 1734 1637 abbate
1753 1607 1925 1638 Dunensi.

1230 1652 1441 1684 Fundantur
1469 1656 1682 1686 monasteria
1715 1659 1886 1694 Petrosae,
1913 1657 2074 1690 dioecesis
2100 1662 2216 1692 Petra-

1191 1701 1404 1742 goriCensis3
1423 1705 1471 1735 De
1488 1704 1610 1739 Moris,
1630 1705 1790 1738 dioecesis
1809 1707 2057 1747 Lingonensis3
2076 1713 2109 1739 et
2128 1712 2211 1741 ado-

1192 1755 1316 1791 ptatur
1333 1751 1475 1783 abbatia
1494 1754 1760 1795 Montis-Bauli,
1779 1755 1938 1787 dioecesis
1965 1756 2144 1789 Auriensis
2176 1759 2212 1790 in

1193 1799 1363 1831 Callaecia.
