2517 3920
335 223 430 259 1327
965 221 1244 258 ADMOMTIO
1274 221 1322 254 IN
1353 218 1653 254 OPUSCL‘LEM
1683 219 1781 253 VIII.
2312 217 2407 254 1328

331 300 540 350 provenire
558 329 567 347 ,
599 312 679 337 non
707 312 752 337 ex
783 298 923 336 affectu
944 298 1104 344 innato;
1126 298 1179 334 sic
1203 297 1309 334 enim
1330 295 1522 334 exclamat
1544 308 1630 345 cap.
1652 296 1701 342 6,
1724 309 1765 332 n.
1804 296 1850 333 16
1878 311 1887 331 :
1912 312 1926 327 «
1950 293 2056 332 Deus
2086 307 2222 340 meus,
2253 293 2410 344 adjutor

335 384 348 398 υ
369 379 482 403 1116113
496 395 505 413 ,
535 364 698 418 diligam
722 374 758 403 te
787 378 859 416 pro
875 363 979 402 dono
998 372 1092 410 tuo,
1111 371 1149 400 et
1168 360 1288 399 modo
1303 374 1394 398 meo
1412 390 1421 407 ,
1449 360 1583 397 minus
1604 358 1768 410 quidem
1789 360 1895 410 justo
1913 389 1922 406 ,
1950 358 2017 397 sed
2042 357 2159 410 plane
2178 371 2258 396 non
2279 359 2410 410 minus

334 449 348 464 υ
369 444 481 482 posse
501 445 605 469 meo.
626 430 703 480 Qui
724 431 794 468 etsi
821 439 1020 482 quantum
1038 428 1166 466 debeo
1191 441 1272 465 non
1298 439 1483 478 possum,
1508 439 1587 463 non
1609 438 1772 475 possum
1792 433 1925 463 tamen
1951 423 2059 462 ultra
2082 437 2205 475 quam
2230 437 2406 474 possum.

336 515 349 529 υ
368 496 512 535 Potero
540 510 633 535 vero
652 495 742 547 plus
759 526 768 543 ,
804 509 897 533 cum
928 494 1019 545 plus
1046 493 1193 532 donare
1224 491 1469 544 dignaberiS,
1495 504 1706 542 nunquam
1734 499 1867 529 tamen
1891 499 2013 541 prout
2031 490 2174 542 dignus
2200 488 2372 529 haberis.
2397 509 2412 525 »

336 562 426 601 Haec
453 571 532 602 tota
551 561 717 613 hujusce
737 561 860 600 libelli
880 560 1057 599 doctrina
1083 569 1123 598 et
1143 559 1373 604 oeconomia.

390 655 428 693 3.
449 653 644 692 Eamdem
661 653 882 692 doctrinam
907 650 1133 690 Bel-nardus
1150 651 1297 702 passim
1319 649 1405 687 aliis
1428 650 1470 687 in
1492 648 1585 688 locis
1604 647 1774 687 inculcat
1789 678 1798 695 ,
1827 657 1872 687 ut
1891 649 1931 686 in
1951 662 2133 687 sermone
2153 648 2202 687 de
2221 649 2412 700 Quadru-

335 720 425 770 plici
444 720 588 758 Debito
600 751 609 768 ,
637 721 706 771 qui
729 728 786 758 est
806 719 1016 771 vigesimus
1034 716 1228 756 secundus
1247 717 1348 754 inter
1367 715 1549 754 Diversos
1568 731 1577 752 ε
1599 728 1671 753 1166
1687 713 1806 752 aliam
1823 713 1942 753 tradit
1958 715 1998 751 in
2013 728 2194 753 sermone
2207 716 2414 768 quinqua-

337 786 486 837 gesimo
506 799 623 836 super
649 784 831 831 Cantica,
856 783 927 821 ubi
956 783 1158 834 duplicem
1187 781 1394 833 distinguit
1422 780 1679 828 charitatem,
1708 794 1833 818 unam
1859 798 1872 812 «
1900 780 1942 817 in
1968 788 2082 827 actu,
2106 779 2305 819 »alteram
2330 799 2344 815 α
2372 783 2411 820 111

340 870 353 883 >2
374 851 532 889 effectu.
558 871 571 884 υ
593 851 643 889 Ε1
661 869 675 883 «
695 850 744 888 de
765 850 832 888 illa
849 849 1014 900 quidem
1030 880 1039 897 ,
1062 863 1150 900 quae
1166 848 1295 899 operis
1310 856 1367 885 est
1383 878 1392 895 ,
1413 846 1547 885 datam
1568 860 1648 885 esse
1675 845 1802 899 legem
1820 845 2073 894 hominibus,
2098 846 2413 899 mandatumque

339 937 354 951 υ
376 918 609 955 formatum.
630 916 734 954 Nam
751 917 791 953 in
807 916 966 962 affectu,
987 934 1001 949 >2
1018 915 1151 966 inquit
1164 944 1173 961 ,
1199 932 1212 946 v
1234 914 1324 964 quis
1349 914 1405 951 ita
1423 912 1569 951 habeat
1593 921 1639 950 ut
1659 911 1902 950 mandatur?
1922 912 2026 964 Ergo
2047 911 2116 950 illa
2133 912 2349 952 mandatur
2363 913 2414 953 ad

340 1003 354 1018 »
372 984 585 1029 meritum,
616 983 689 1020 ista
708 981 757 1019 ad
788 982 1013 1032 praemium.
1044 998 1058 1013 υ
1087 979 1293 1018 Nimirum
1319 978 1547 1029 praecipitur
1566 977 1734 1015 charitas
1754 990 1824 1015 seu
1852 991 1964 1016 amor
1991 977 2065 1015 Dei
2085 992 2132 1016 ex
2158 987 2241 1017 toto
2270 978 2386 1017 corde
2402 1012 2412 1029 ‚

338 1057 419 1086 tota
436 1049 568 1086 anima
587 1078 596 1095 ,
619 1056 701 1086 tota
720 1048 866 1085 virtute
885 1064 893 1093 ;
916 1048 970 1085 ita
995 1055 1042 1085 ut
1061 1059 1173 1084 amor
1198 1045 1247 1083 sit
1272 1045 1453 1096 perennis
1468 1075 1477 1092 ,
1508 1043 1732 1081 indeficiens
1747 1073 1756 1091 ,
1787 1043 1986 1094 perfectus
2000 1058 2055 1092 ,-a
2077 1043 2190 1082 nulla
2215 1059 2257 1083 re
2286 1055 2415 1086 creata

337 1114 559 1154 retardatus
575 1124 614 1152 61
634 1115 871 1151 1111111111111113
891 1130 900 1151 :
920 1113 1029 1165 quod
1045 1127 1124 1151 non
1143 1113 1344 1163 continget
1365 1111 1438 1149 nisi
1459 1110 1499 1147 in
1515 1109 1638 1148 altera
1657 1110 1751 1148 vita.
1773 1108 1860 1148 Alia
1876 1118 2011 1148 autem
2032 1109 2202 1149 charitas
2219 1111 2261 1148 in
2277 1111 2415 1150 effectu

336 1194 383 1218 eo
405 1188 552 1230 spectat
566 1210 575 1228 ,
594 1189 640 1218 ut
655 1193 793 1218 omnes
812 1179 982 1217 actiones
1000 1186 1153 1217 nostras
1168 1176 1219 1215 ad
1241 1175 1375 1214 Deum
1402 1176 1630 1214 referamus.
1650 1174 1755 1213 Nam
1778 1184 1937 1214 tantum
1963 1175 2093 1224 abest,
2115 1184 2161 1214 ut
2183 1175 2352 1215 charitas
2374 1178 2415 1216 in

336 1246 479 1284 effectu
494 1259 540 1284 ex
557 1244 744 1283 Bernardi
767 1254 900 1283 mente
920 1259 1097 1283 amorem
1123 1243 1286 1282 affectus
1316 1241 1500 1280 excludat
1515 1270 1524 1288 ,
1549 1249 1595 1278 ut
1614 1249 1751 1279 contra
1767 1241 1900 1292 ipsum
1928 1240 2119 1280 includat.
2141 1241 2282 1293 Neque
2309 1244 2415 1283 enim

334 1312 559 1351 effectivum
579 1317 591 1360 (
606 1321 652 1350 ut
672 1315 839 1359 vocant)
861 1325 1038 1349 amorem
1059 1311 1226 1358 siccum,
1251 1310 1409 1358 inanem
1427 1337 1436 1354 ,
1454 1320 1554 1357 pure
1570 1315 1778 1344 externum
1793 1315 1832 1344 et
1850 1305 2064 1345 Judaicum
2084 1307 2228 1359 probat
2247 1307 2417 1348 Bernar-

334 1377 410 1416 dus
427 1409 436 1425 ,
465 1377 531 1416 sed
554 1379 758 1415 internum
778 1378 895 1429 exigit
915 1390 1007 1414 cum
1027 1389 1144 1426 opere
1163 1376 1421 1426 conjunctum
1446 1389 1455 1410 :
1479 1372 1685 1410 internum
1710 1371 1875 1423 quidem
1891 1403 1901 1421 ,
1925 1386 2018 1410 cum
2044 1372 2215 1411 charitas
2240 1382 2280 1412 et
2305 1388 2416 1414 amor

334 1445 404 1491 sit;
429 1458 521 1482 cum
545 1458 662 1495 opere
679 1457 772 1482 vero
789 1473 798 1490 ,
817 1457 910 1481 cum
930 1443 979 1481 sit
1000 1443 1040 1480 in
1063 1441 1219 1480 effectu.
1244 1441 1354 1478 Hanc
1375 1448 1512 1478 autem
1527 1452 1608 1476 esse
1637 1437 1827 1477 Bernardi
1849 1451 1896 1477 eo
1911 1439 1953 1477 in
1969 1437 2055 1477 loco
2072 1441 2310 1479 sententiam
2329 1455 2416 1480 nia·-

333 1509 472 1548 nifeste
499 1509 771 1548 demonstrant
786 1523 874 1560 quae
891 1508 945 1546 ibi
969 1516 1209 1559 sequuntur.
1237 1525 1250 1540 α
1281 1504 1374 1544 Non
1393 1504 1469 1543 hoc
1490 1504 1577 1543 dico
1591 1535 1600 1553 ,
1623 1522 1638 1538 υ
1659 1505 1735 1552 ait,
1758 1521 1772 1537 «
1801 1512 1848 1542 ut
1867 1505 1950 1543 sine
1970 1504 2173 1544 affectione
2201 1506 2349 1553 simus,
2378 1515 2417 1546 et

333 1596 350 1611 ,ι
363 1575 463 1613 solas
482 1589 715 1613 moveamus
734 1589 877 1613 manus
894 1573 945 1612 ad
959 1588 1093 1625 opera.
1112 1574 1202 1626 Legi
1223 1574 1324 1611 inter
1339 1572 1439 1620 alia,
1469 1585 1557 1623 quae
1577 1570 1710 1609 scribit
1733 1570 1945 1622 Apostolus
1962 1601 1971 1619 ,
1993 1570 2100 1609 mala
2120 1581 2160 1611 et
2185 1573 2318 1624 gravia
2335 1572 2417 1611 ho-

332 1660 346 1673 »
368 1642 525 1679 minum
542 1640 646 1678 mala
664 1672 673 1688 ,
698 1641 773 1679 hoc
790 1654 952 1692 quoque
974 1648 1304 1687 annumeratum,
1333 1638 1477 1676 scilicet
1505 1638 1587 1675 sine
1606 1636 1824 1675 affectione.
1856 1654 1870 1669 »
1891 1635 2061 1686 Qualem
2082 1650 2202 1688 porro
2224 1637 2275 1676 ad
2299 1652 2418 1690 opera

331 1706 531 1745 charitatis
548 1707 793 1745 affectionem
813 1707 1008 1758 requirat,
1032 1706 1165 1745 statim
1186 1704 1299 1743 docet
1312 1704 1349 1744 V
1352 1705 1386 1742 ir
1409 1713 1566 1755 sanctus
1582 1733 1591 1751 ,
1613 1703 1814 1755 praemisso
1840 1702 2035 1754 triplicem
2052 1716 2131 1741 esse
2150 1703 2412 1753 affectionem,

329 1775 501 1824 primam
517 1804 526 1821 ,
553 1793 566 1806 «
587 1788 711 1824 quam
733 1787 823 1811 caro
845 1774 968 1825 gignit
987 1791 995 1819 3
1018 1792 1031 1806 υ
1050 1771 1264 1811 secundam
1279 1802 1288 1819 ,
1312 1789 1326 1804 «
1343 1784 1466 1823 quam
1495 1771 1595 1809 ratio
1622 1771 1740 1822 regit;
1759 1770 1948 1808 »tertiam
1962 1801 1971 1817 ,
2004 1788 2019 1803 «
2051 1784 2176 1821 quam
2195 1770 2329 1809 condit
2349 1786 2418 1810 sa-

332 1858 346 1871 »
366 1840 513 1889 pientia
539 1856 548 1876 2
574 1859 587 1872 »
610 1848 699 1876 tum
716 1838 850 1877 subdit
867 1869 876 1886 ,
897 1857 910 1871 «
932 1839 1060 1891 Igitur
1080 1851 1153 1890 per
1173 1836 1387 1875 secundam
1414 1851 1535 1889 opera
1554 1837 1657 1875 fiunt
1673 1867 1682 1883 ,
1712 1845 1752 1874 et
1772 1836 1811 1874 111
1833 1836 1918 1887 ipsa
1944 1835 2114 1874 charitas
2133 1866 2142 1884 ,
2164 1835 2232 1874 sed
2250 1851 2330 1875 non
2349 1837 2417 1876 illa

330 1924 343 1937 »
364 1905 582 1944 'affectualis
600 1936 609 1952 ,
638 1919 726 1955 quae
749 1904 829 1943 sale
846 1905 1044 1956 sapientiae
1061 1903 1219 1942 condita
1237 1905 1509 1956 pinguescens,
1539 1916 1726 1955 magnam
1749 1902 1874 1940 menti
1896 1902 2087 1953 importat
2114 1902 2417 1943 multitudinem

332 1990 346 2005 υ
363 1971 584 2009 dulcedinis
600 1971 763 2009 Domini
793 1989 801 2010 :
830 1971 898 2010 sed
915 1971 1097 2023 quaedam
1118 1972 1251 2023 potius
1271 1968 1457 2017 actualis,
1486 1982 1574 2019 quae
1599 1968 1669 2006 etsi
1690 1966 1872 2005 nondum
1891 1966 1999 2005 dulci
2018 1967 2088 2006 illo
2103 1983 2240 2007 amore
2268 1970 2390 2009 reficit
2404 2001 2415 2019 ,

332 2056 346 2070 υ
369 2051 504 2075 amore
523 2047 657 2076 tamen
674 2039 797 2088 ipsius
813 2039 961 2076 amoris
988 2037 1246 2076 veliementer
1265 2034 1453 2074 accendit.
1471 2054 1484 2068 »
1509 2035 1600 2073 Haec
1617 2042 1675 2073 est
1705 2033 1773 2071 illa
1803 2033 1973 2072 charitas
1997 2034 2039 2072 111
2059 2034 2200 2074 effectu
2214 2066 2223 2084 ,
2253 2050 2376 2087 quam
2395 2050 2418 2075 a

332 2102 417 2140 Deo
437 2112 670 2153 praeceptam
692 2102 786 2141 dicit
802 2102 1026 2141 Bernardus
1042 2134 1051 2151 ,
1074 2102 1239 2141 inferior
1257 2101 1423 2154 quidem
1439 2101 1556 2139 tertia
1573 2114 1645 2139 seu
1664 2100 1866 2148 beatifica,
1889 2114 1977 2152 quae
1994 2119 2008 2134 «
2029 2102 2204 2153 primam
2220 2101 2414 2151 eliminat,

332 2188 345 2201 «
362 2168 576 2206 secundam
596 2179 844 2218 remunerat,
876 2188 890 2203 υ
907 2178 953 2207 111
974 2168 1124 2207 ibidem
1141 2170 1196 2207 ait
1211 2199 1220 2217 ,
1248 2186 1262 2202 c<
1285 2167 1348 2206 Sic
1364 2182 1456 2220 ergo
1472 2166 1628 2205 dilectio
1649 2166 1728 2204 alia
1747 2167 1895 2218 quaevis
1918 2166 2052 2206 debita
2067 2181 2257 2219 superans
2273 2199 2282 2217 ,
2304 2169 2415 2221 quasi

333 2253 347 2267 »
365 2233 446 2272 sola
468 2249 629 2287 regnare
643 2234 761 2274 debet
780 2236 820 2273 in
838 2236 973 2283 nobis3
992 2244 1038 2274 ut
1053 2234 1252 2287 quidquid
1268 2234 1436 2274 debetur
1451 2232 1597 2271 caeteris
1610 2263 1619 2281 ,
1637 2232 1710 2270 sibi
1732 2231 1923 2281 vindicet,
1940 2241 1979 2271 et
1991 2246 2038 2271 ex
2057 2232 2266 2272 dilectione
2285 2236 2417 2273 omnia

335 2318 349 2333 u
369 2299 559 2337 faciainus
577 2330 586 2347 ,
622 2318 635 2333 υ
662 2300 794 2351 inquit
820 2300 894 2339 Vir
926 2310 1085 2339 sanctus
1117 2313 1299 2339 sermone
1319 2298 1559 2338 duodecimo
1593 2300 1635 2337 in
1661 2298 1869 2337 Psalmum
1889 2313 1949 2348 xc,
1973 2313 2014 2338 n.
2046 2301 2086 2339 7.
2114 2300 2205 2339 Haec
2224 2300 2272 2340 de
2293 2315 2416 2354 argu—

332 2374 468 2403 mento
488 2367 688 2416 sequentis
707 2365 846 2405 libelli.

386 2446 423 2483 4.
451 2446 646 2484 Caeterum
670 2446 841 2486 djrectus
866 2462 889 2485 a
909 2446 1110 2486 Bel-nardo
1130 2456 1188 2486 est
1210 2446 1432 2485 Haimerico
1451 2460 1520 2485 3611
1537 2445 1731 2485 Aimerico
1751 2444 1793 2484 S.
1812 2445 1862 2484 R.
1882 2446 1929 2484 E.
1949 2445 2138 2484 cardinali
2163 2454 2202 2484 et
2220 2445 2416 2485 cancella-

333 2512 391 2549 110
408 2543 416 2559 ,
438 2521 484 2549 111
503 2513 720 2563 praeferunt
740 2514 997 2565 manuscripti
1017 2512 1168 2551 codices
1189 2526 1342 2559 omnes,
1369 2520 1512 2562 praeter
1529 2524 1660 2548 unum
1684 2509 1959 2551 colbertinum
1974 2541 1984 2558 ,
2001 2511 2072 2562 qui
2097 2528 2114 2544 «
2143 2510 2372 2550 Ascelinum
2395 2529 2411 2544 υ

333 2576 470 2625 habet,
494 2578 562 2616 sed
588 2578 793 2626 mendose,
816 2588 914 2619 teste
934 2579 999 2618 vel
1016 2580 1099 2630 ipso
1117 2579 1353 2631 Berengario
1367 2608 1375 2623 ‚
1399 2574 1608 2615 Abaelardi
1626 2575 1842 2627 apologista
1858 2606 1867 2623 ,
1891 2576 1961 2627 qui
1983 2575 2227 2614 Aimericum
2242 2576 2411 2628 praefert.

336 2641 512 2693 Scriptus
533 2654 590 2682 est
604 2654 741 2683 autem
761 2644 862 2684 liber
884 2645 959 2684 sub
974 2646 1208 2696 pontificatu
1231 2644 1396 2682 Honorii
1416 2643 1476 2689 II,
1495 2656 1516 2679 a
1533 2655 1614 2692 quo
1633 2641 1880 2679 Haimericus
1895 2650 2050 2680 creatus
2071 2651 2130 2680 est
2145 2641 2412 2680 cancellarius.

335 2707 554 2747 Gauii-idus
576 2711 616 2747 in
638 2710 740 2749 libro
760 2712 877 2750 tertio
897 2711 946 2750 de
977 2711 1069 2751 Vita
1090 2710 1305 2759 Bernardi,
1331 2710 1455 2760 capite
1471 2717 1609 2747 octavo
1635 2724 1643 2745 ε
1666 2725 1679 2741 «
1703 2706 1741 2745 Si
1764 2708 1956 2758 quaeritur
1974 2708 2046 2759 piae
2070 2709 2214 2746 mentis
2239 2707 2416 2761 religiosa

335 2791 348 2805 υ
370 2772 547 2821 devotio,
575 2776 865 2815 transeundum
895 2776 946 2815 ad
979 2775 1165 2815 homilias
1184 2777 1223 2813 in
1250 2774 1452 2813 Laudibus
1482 2773 1656 2825 Virginis
1687 2774 1848 2824 matris,
1882 2782 1922 2811 et
1952 2772 2069 2811 illum
2086 2787 2216 2824 quem
2235 2773 2286 2812 (16
2309 2772 2414 2811 Dili-

337 2856 350 2869 υ
374 2838 501 2889 gendo
523 2840 606 2878 Deo
629 2841 753 2880 edidit
769 2841 934 2881 librum.
956 2862 970 2876 υ
992 2843 1088 2880 Erat
1104 2851 1239 2880 autem
1257 2840 1504 2879 Haimericus
1519 2838 1658 2877 Gallus
1680 2853 1727 2877 cx
1746 2838 1893 2890 oppido
1913 2838 2050 2877 Castra
2069 2838 2178 2890 apud
2198 2839 2412 2892 Biturigas,

334 2916 438 2940 anno
461 2906 555 2942 1121
580 2919 602 2943 a
633 2905 790 2946 Callisto
814 2908 853 2946 II
875 2917 1028 2947 creatus
1047 2907 1257 2946 cardinalis
1273 2938 1282 2956 ,
1304 2907 1355 2946 ab
1377 2907 1552 2945 Honorio
1571 2907 1610 2944 II
1628 2905 1883 2945 cancellarius
1902 2905 1977 2944 sub
1998 2920 2152 2945 annum
2171 2908 2286 2955 1126,
2307 2919 2415 2944 mor-

334 2976 428 3006 tuus
444 2982 549 3007 anno
574 2971 667 3009 1141
690 3002 699 3020 ,
723 2973 930 3025 singularis
948 2973 1139 3012 Bernardi
1154 2974 1306 3013 amicus
1319 3004 1328 3021 ,
1351 2987 1397 3011 ex
1414 2972 1501 3012 aliis
1521 2967 1710 3024 epistolis.
