2517 3936
637 175 923 213 TRACTATUS
952 177 1017 212 DE
1047 178 1327 214 ERRORIBUS
1358 181 1648 218 ABAELARDI.

2083 195 2179 231 1440

1115 250 1255 289 ⁶⁴⁶nict
1282 261 1393 290 tantae
1426 257 1651 304 aequalitati,
1678 268 1713 295 ct
1746 269 1857 299 tanta:
1887 265 2106 317 disparitati.
2133 276 2177 309 lit

493 314 671 352 CAPIT
701 316 753 353 II.

106 441 143 469 In
159 436 313 470 Trinitate
329 448 393 467 non
419 447 484 468 esse
505 437 731 469 admittendam
756 439 851 470 ullam
878 439 1089 482 disparitatem
1105 465 1112 477 ,

342 490 395 521 sed
419 490 630 522 omnimodam
656 492 877 533 aequalitatem.

161 613 196 650 4.
215 612 328 651 Videt
348 613 534 652 Sanctitas
550 621 675 649 vestra
691 641 701 658 ‚
724 613 921 663 quomodo
944 614 1016 650 isto
1037 628 1115 651 non

107 671 343 722 disputante,
373 671 439 708 sed
473 671 736 715 dementante,
771 679 808 707 et
842 672 1007 708 Trinitas
1037 685 1116 708 non

107 733 292 779 cohaeret,
314 740 352 768 et
369 731 505 770 Unitas
524 729 687 781 pendet3
707 744 776 767 nec
802 731 903 767 istud
925 744 1014 768 sane
1034 731 1117 768 abs—

107 805 184 843 que
201 791 342 841 injuria
371 790 592 840 majestatis.
617 789 813 839 Quidquid
833 804 998 840 namque
1021 783 1113 827 illud

108 859 166 889 est
190 850 297 901 quod
318 853 422 887 Deus
441 849 506 896 sit,
524 849 563 886 id
593 850 673 886 sine
697 849 815 887 dubio
840 859 913 897 est,
932 864 1009 900 quo
1038 864 1117 887 non

107 911 229 962 possit
259 909 382 960 majus
408 909 552 960 aliquid
583 910 778 960 cogitari*.
802 910 839 948 Si
864 923 955 960 ergo
980 910 1020 946 in
1048 910 1118 947 hae

107 971 222 1008 unica
246 979 284 1008 et
315 983 463 1008 summa
491 969 687 1020 majestate
709 969 821 1020 juxta
843 970 1115 1007 consideratio-

1133 312 1161 345 A
1182 327 1333 351 rursum
1370 314 1416 351 de
1452 329 1544 362 aere,
1579 326 1615 353 et
1650 320 1815 367 quodam
1851 337 1945 372 aere,
1985 331 2088 377 qnod
2123 342 2178 369 cst

1182 386 1323 411 aereum
1357 374 1538 424 sigillum,
1557 378 1736 425 qnoniam
1765 383 1866 430 quod
1898 385 1986 423 inde
2012 390 2048 425 in
2079 404 2179 428 cam-

1183 433 1267 470 dem
1304 443 1512 484 usurpatur
1538 436 1793 476 similitudinis
1830 445 2031 493 rationem,
2061 451 2181 489 simile

1183 502 1237 530 est
1257 494 1345 530 huic
1359 524 1367 540 ,
1382 494 1481 531 idem
1497 494 1697 544 judicium.
1722 502 1813 535 (Iuni
1839 503 1938 539 enini
1959 510 2118 556 species,
2140 522 2181 549 ut

1184 553 1260 589 (lixi
1276 583 1284 598 ,
1303 554 1429 591 minor
1446 555 1492 591 sit
1509 564 1546 592 ct
1566 556 1722 594 inferior
1741 572 1878 608 genere
1891 592 1899 608 ‚
1919 564 2013 601 absit
2030 577 2069 604 ut
2087 570 2182 607 lianc.

1182 612 1220 648 in
1243 616 1352 649 Patre
1380 622 1417 650 et
1436 615 1532 652 Filio
1557 616 1811 656 diversitatem
1840 623 2066 672 cogitemus;
2088 629 2182 666 absit

1183 680 1225 708 ut
1245 672 1332 709 huic
1355 676 1638 723 aequiescamus
1664 677 1826 726 dicenti,
1847 681 1918 718 hoc
1941 697 2020 721 esse
2047 688 2180 725 Filium

1185 731 1231 768 ad
1252 735 1419 779 Patrem,
1443 735 1546 783 quod
1571 737 1733 786 speeiem
1761 739 1805 775 ad
1829 754 1965 790 genus,
1988 746 2090 793 quod
2115 747 2185 783 lio-

1185 792 1326 829 minem
1347 793 1394 830 ad
1412 795 1567 839 animal,
1584 798 1688 847 quod
1709 813 1846 837 zerenm
1867 803 2029 852 sigillum
2050 807 2095 843 ad
2118 822 2185 854 as,

1184 853 1288 902 quod
1319 854 1482 904 aliquam
1516 859 1726 906 potentiam
1759 861 1804 898 ad
1834 865 2055 912 potentiam.
2092 872 2186 905 Sunt

1185 913 1328 963 quippe
1346 924 1481 952 cuncta
1497 916 1595 962 haec,
1615 927 1746 956 mutua
1767 934 1843 958 suze
1866 925 2105 964 connexione
2123 942 2187 965 na-

1186 981 1299 1019 turae,
1319 974 1365 1011 ad
1395 989 1433 1012 se
1459 977 1621 1025 invicem
1647 981 1844 1029 superiora
1872 991 1908 1020 et
1929 984 2107 1023 inferiora
2125 1003 2132 1024 z
2149 998 2184 1025 ct

109 1044 197 1069 nem
215 1044 468 1082 personarum
489 1031 548 1068 vel
570 1044 705 1081 parum
733 1030 877 1081 aliquid
908 1030 1120 1068 claudicare
1142 1030 1170 1064 B
1187 1031 1237 1068 ob
1260 1033 1332 1070 hoc
1358 1036 1460 1072 nulla
1480 1049 1635 1086 prorsus
1658 1040 1890 1080 admittenda
1911 1044 2118 1085 similitudo
2139 1062 2183 1085 ex

110 1092 336 1142 recipimus,
374 1091 466 1129 dum
499 1091 605 1141 quod
638 1092 705 1128 uni
736 1092 824 1142 plus
856 1091 989 1138 datur,
1011 1091 1121 1128 alteri

109 1153 314 1200 minuitur;
328 1152 454 1189 minus
474 1152 648 1202 profecto
668 1161 724 1189 est
745 1160 868 1189 totum
886 1152 933 1189 ab
953 1165 1022 1197 eo,
1041 1164 1119 1201 quo

109 1213 203 1250 nihil
222 1211 343 1262 majus
359 1212 483 1249 valeat
502 1212 673 1261 cogitari.
691 1211 815 1261 Majus
831 1212 932 1249 enim
951 1211 1032 1248 sine
1052 1211 1124 1248 du-

108 1272 174 1310 bio
194 1280 252 1310 est
277 1271 384 1323 quod
405 1279 529 1308 totum
548 1272 758 1309 maximum
778 1280 856 1318 est,
880 1285 994 1322 quam
1016 1271 1122 1321 quod

109 1345 156 1369 ex
183 1340 305 1383 parte.
326 1332 395 1370 Ille
419 1344 512 1368 vero
543 1330 656 1381 digne
680 1345 753 1382 pro
781 1345 847 1369 sua
870 1332 1120 1382 possibilitate

108 1391 276 1429 divinam
302 1392 463 1430 aestimat
482 1393 822 1442 magnificentiam,
847 1394 914 1443 qui
938 1393 991 1430 nil
1017 1393 1056 1429 in
1077 1406 1121 1430 ea

109 1453 251 1503 cogitat
270 1453 413 1504 dispar,
436 1452 504 1490 ubi
524 1461 581 1490 est
605 1462 728 1490 totum
753 1467 970 1500 summum3
994 1454 1046 1491 nil
1063 1454 1122 1490 di-

109 1521 236 1560 stans,
258 1513 324 1550 ubi
350 1522 472 1550 totum
503 1521 559 1550 est
578 1527 720 1560 unum;
741 1514 794 1551 nil
817 1514 945 1560 hians,
966 1513 1033 1551 ubi
1059 1522 1120 1551 to—

111 1580 193 1609 tum
213 1581 270 1610 est
286 1573 497 1623 integrum3
518 1573 572 1610 nil
592 1572 757 1624 denique
777 1574 1043 1624 imperfectum
1061 1575 1121 1611 vel

111 1646 248 1683 egens,
265 1632 332 1671 ubi
355 1642 480 1670 totum
502 1642 559 1671 est
587 1642 723 1671 totum.
747 1638 885 1671 Totum
908 1648 1046 1685 nempe
1066 1643 1123 1672 est

110 1698 243 1741 Pater,
263 1694 369 1744 quod
387 1698 499 1732 Pater
515 1702 552 1731 et
577 1694 692 1732 Filius
712 1702 749 1730 et
769 1694 932 1744 Spiritus
949 1704 1120 1742 sanctus;

112 1763 236 1792 totum
268 1755 403 1802 Filius,
429 1754 535 1805 quod
564 1755 646 1805 ipse
679 1764 716 1792 et
751 1759 862 1792 Pater
892 1764 929 1792 et
961 1756 1123 1806 Spiritus

1187 1092 1243 1129 his
1264 1094 1309 1130 ad
1332 1095 1442 1142 illud,
1463 1096 1527 1133 ubi
1550 1098 1640 1135 nihil
1661 1109 1716 1137 est
1733 1102 1936 1152 inaequale,
1959 1106 2049 1143 nihil
2072 1108 2183 1145 dissi-

1187 1153 1285 1190 mile.
1315 1155 1458 1193 Videtis
1481 1157 1527 1194 de
1553 1168 1695 1208 quanta
1717 1163 1777 1198 vel
1803 1163 2009 1213 imperitia,
2030 1168 2090 1203 vel
2112 1168 2185 1204 im-

1190 1214 1329 1263 pietate
1349 1215 1551 1254 descendat
1575 1218 1710 1256 harum
1736 1221 1954 1261 adinventio
1975 1226 2186 1264 similitudi-

1190 1287 1294 1310 num.

1564 1404 1740 1445 CAPUT
1771 1409 1842 1446 III.

1190 1525 1373 1557 Absurdum
1390 1526 1502 1568 dogma
1522 1527 1703 1568 Abaelardi‚
1722 1532 1847 1563 nomina
1870 1532 2012 1565 absoluta
2034 1542 2063 1567 et
2091 1547 2192 1568 essen-

1238 1580 1320 1612 tialia
1336 1580 1388 1611 nni
1413 1591 1554 1622 personae
1574 1583 1699 1625 proprie
1721 1590 1751 1615 et
1773 1586 1946 1627 specialiter
1972 1589 2165 1621 attribuentis
2182 1615 2189 1628 ,

1236 1642 1408 1678 oppugnat.

1243 1760 1279 1795 5.
1302 1757 1436 1795 Adime
1461 1758 1647 1797 advertite
1675 1761 1812 1798 clarius
1832 1762 1922 1811 quid
1943 1764 2097 1810 sentiat,
2127 1764 2192 1801 do-

112 1824 290 1862 sanctus;
314 1824 436 1853 totum
462 1815 625 1865 Spiritus
655 1825 826 1862 sanctus,
849 1817 955 1866 quod
978 1826 1015 1854 et
1043 1818 1124 1868 ipse
1143 1819 1169 1854 C
1190 1827 1292 1864 ceat‚
1329 1817 1478 1855 scribat.
1510 1820 1611 1856 Dicit
1644 1821 1800 1870 proprie
1837 1830 1873 1857 et
1905 1824 2114 1872 specialiter
2148 1825 2193 1861 ad

114 1885 153 1913 et
172 1880 284 1914 Pater
303 1885 341 1914 et
361 1876 490 1914 Filius.
513 1879 561 1913 Et
578 1884 724 1922 toturn,
748 1890 867 1914 unum
894 1886 950 1914 est
981 1886 1122 1925 totum,

114 1949 186 1974 nec
213 1935 530 1987 superabundans
552 1937 592 1974 in
613 1936 754 1983 tribus,
782 1951 853 1974 nec
878 1939 1124 1976 imminutum

114 1996 155 2033 in
178 1996 348 2046 singulis.
369 1999 447 2033 Nec
468 1997 571 2033 enim
599 2009 732 2034 verum
763 2010 1031 2048 summumque
1052 1998 1125 2035 bo—

114 2070 226 2104 num,
253 2056 358 2107 quod
388 2065 499 2102 sunt,
528 2057 630 2094 inter
655 2071 694 2095 se
718 2059 999 2108 particulariter
1029 2059 1127 2096 divi-

115 2117 235 2156 dunt:
253 2119 434 2168 quoniam
450 2132 520 2156 nec
537 2119 845 2170 pa1·ticipialiter³
863 2120 899 2156 id
915 2121 1125 2171 possident,

115 2178 182 2216 sed
194 2179 268 2216 hoc
278 2180 405 2230 ipsum
423 2181 784 2217 essentialitersunt.
799 2185 892 2218 Nam
910 2181 1014 2230 quod
1031 2182 1126 2218 alter

116 2253 164 2276 ex
187 2240 329 2286 altero,
350 2241 412 2276 vel
433 2241 529 2278 alter
555 2240 603 2277 ad
623 2241 785 2278 alterum
805 2242 1045 2279 veracissime
1067 2242 1126 2278 di-

116 2299 236 2347 citur,
267 2314 518 2351 personarum
561 2314 651 2338 sane
688 2301 897 2351 designatio
937 2310 1014 2348 est,
1046 2316 1125 2339 non

116 2359 272 2397 unitatis
296 2360 444 2397 divisio.
462 2360 569 2398 Licet
593 2374 758 2410 namque
783 2361 830 2397 in'
850 2361 920 2398 hac
941 2361 1125 2398 ineffabili

116 2427 155 2456 et
172 2419 550 2471 incomprehensibili
576 2421 736 2458 Deitatis
763 2422 946 2468 essentia,
969 2422 1063 2459 alter
1088 2431 1125 2459 et

117 2480 213 2517 alter
240 2480 302 2531 (id
331 2481 486 2531 quidem
514 2481 797 2532 requirentibus
825 2482 1125 2533 proprietatibus

116 2541 392 2593 personarum)
415 2542 541 2579 sobrie
569 2542 831 2592 catholiceque
857 2542 1024 2589 dicatur3
1046 2557 1126 2580 non

1190 1882 1341 1916 Patrem
1364 1879 1596 1928 potentiam,
1629 1880 1675 1916 ad
1703 1881 1838 1917 Filium
1868 1883 2087 1932 sapientiam
2114 1898 2197 1934 per-

1192 1938 1313 1974 tinere
1332 1953 1339 1974 :
1360 1938 1463 1987 quod
1485 1938 1637 1988 quidem
1664 1940 1808 1977 falsum.
1833 1945 1925 1978 Nam
1954 1951 1989 1979 et
2009 1947 2118 1980 Pater
2138 1958 2198 1981 sa-

1191 1998 1353 2048 pientia,
1378 2006 1415 2034 et
1444 1999 1560 2036 Filius
1590 2000 1760 2048 potentia
1779 2001 1974 2038 verissime
2004 2011 2109 2049 sunt,
2135 2017 2196 2040 sa-

1193 2057 1424 2107 nissimeque
1445 2058 1623 2094 dicuntur
1656 2074 1663 2095 :
1699 2067 1735 2095 et
1769 2060 1871 2109 quod
1907 2069 1961 2097 est
1995 2076 2196 2099 commune

1193 2117 1395 2154 amborum
1412 2148 1421 2164 ,
1445 2132 1522 2154 non
1544 2120 1615 2155 erit
1631 2119 1828 2168 proprium
1848 2121 2093 2170 singulorum.
2111 2123 2194 2160 Alia

1192 2179 1256 2215 illa
1288 2188 1377 2216 sunt
1408 2180 1581 2229 profecto
1611 2179 1814 2226 vocabula,
1845 2194 1928 2229 quae
1966 2195 2042 2218 non
2078 2183 2124 2219 ad
2154 2196 2193 2218 se

1195 2239 1298 2289 ipsos
1315 2239 1516 2286 dicuntur,
1538 2239 1603 2276 sed
1625 2239 1670 2275 ad
1688 2240 1911 2276 alterutrum
1933 2256 1940 2276 :
1962 2249 1999 2277 et
2024 2241 2109 2278 ideo
2139 2251 2194 2279 est

1193 2300 1331 2350 cuique
1367 2314 1501 2346 suum,
1535 2308 1572 2336 et
1606 2313 1683 2336 non
1711 2313 1910 2336 commune
1941 2314 2026 2337 cum
2059 2302 2190 2338 altero.

1191 2364 1285 2398 Nam
1307 2360 1372 2409 qui
1390 2364 1500 2397 Pater
1519 2368 1596 2406 est,
1613 2359 1728 2397 Filius
1745 2373 1820 2395 non
1842 2368 1920 2406 est3
1942 2361 2058 2409 etqui
2078 2361 2191 2398 Filius

1192 2431 1267 2468 est,
1289 2426 1400 2459 Pater
1419 2436 1497 2458 non
1518 2430 1574 2458 est
1595 2436 1602 2458 :
1625 2421 1802 2471 quoniam
1823 2433 1901 2457 non
1923 2420 2026 2470 quod
2055 2420 2100 2457 ad
2126 2435 2164 2458 se
2178 2450 2188 2467 ,

1193 2482 1258 2519 sed
1284 2482 1389 2532 quod
1419 2482 1466 2518 ad
1496 2482 1629 2520 Filium
1658 2484 1767 2517 Pater
1797 2488 1871 2525 est,
1892 2479 2011 2516 Patris
2035 2480 2190 2516 nomine

1194 2542 1436 2592 designatur3
1458 2551 1495 2579 et
1522 2542 1609 2578 item
1629 2541 1782 2577 nomine
1799 2540 1902 2586 Filii,
1924 2553 2000 2576 non
2019 2540 2119 2589 quod
2142 2540 2189 2576 ad

118 2609 245 2638 tamen
265 2601 317 2638 ibi
334 2610 391 2650 est
412 2603 573 2639 alterum
589 2630 598 2647 ,
615 2611 652 2639 et
675 2603 837 2640 alterum
851 2632 860 2648 ‚
880 2603 946 2639 sed
963 2603 1125 2653 simplex
1142 2606 1174 2640 D
1192 2616 1230 2639 se
1247 2604 1363 2640 Filius
1377 2632 1385 2648 ,
1409 2603 1473 2639 sed
1490 2601 1593 2652 quod
1610 2610 1665 2637 est
1685 2601 1730 2637 ad
1754 2604 1899 2637 Patrem
1914 2629 1922 2645 ,
1949 2600 2187 2649 exprimitur.

117 2675 239 2698 unum
259 2677 266 2699 ε
288 2670 331 2698 ut
359 2676 428 2699 nec
454 2661 716 2713 praejudicium
744 2663 854 2699 faciat
876 2663 1023 2701 Unitati
1041 2664 1124 2700 Tri—

117 2721 246 2758 nitatis
265 2722 474 2770 eonsessi03
489 2736 560 2759 nec
572 2723 851 2773 proprietatum
869 2725 916 2760 sit
932 2724 1100 2761 exclusio
1113 2754 1122 2771 ,

118 2796 211 2819 vera
234 2783 392 2820 assertio
411 2784 590 2822 Unitatis.
620 2787 711 2820 Tam
740 2784 853 2833 longe
876 2784 1039 2834 proinde
1061 2786 1125 2821 fiat

118 2856 140 2880 a
156 2842 328 2880 sensibus
348 2843 507 2890 nostris,
527 2856 641 2893 quam
663 2851 719 2880 est
738 2852 776 2880 et
797 2858 817 2880 a
839 2845 969 2894 regula
986 2845 1124 2882 verita-

119 2904 166 2940 tis
181 2904 414 2941 exsecranda
428 2904 492 2941 illa
511 2904 558 2941 de
575 2917 712 2954 genere
728 2913 765 2941 et
778 2905 902 2954 speeie
922 2918 1000 2942 non
1021 2905 1125 2942 simi-

117 2963 260 3011 litudo,
279 2964 346 3001 sed
369 2964 686 3011 dissimilitudo*;
708 2973 746 3001 et
770 2965 888 3001 nihilo
914 2966 1037 3002 minus
1061 2966 1125 3002 illa

119 3024 166 3061 de
197 3038 270 3061 aere
297 3038 474 3075 aereoque
502 3025 653 3075 sigillo:
676 3025 857 3075 quoniam
888 3039 973 3062 cun]
1006 3039 1124 3076 genus

119 3083 273 3134 quidem
303 3093 340 3122 et
367 3085 530 3135 species,
554 3085 659 3135 quod
680 3085 727 3122 ad
759 3099 797 3122 se
823 3086 985 3124 invicem
1014 3096 1124 3134 sunt,

119 3144 281 3181 alterum
304 3146 500 3195 superius,
525 3146 643 3183 altera
665 3145 825 3183 inferior
846 3147 912 3192 sit,
935 3151 1038 3185 Deus
1059 3162 1127 3184 au-

119 3211 195 3241 tem
220 3218 320 3243 unus
345 3206 412 3253 sit3
445 3219 638 3256 nunquam
665 3206 763 3245 bene
789 3208 962 3257 profecto
990 3221 1128 3246 conve-

170 3338 180 3353 ¹
204 3332 373 3364 Abaelardi
385 3332 563 3376 Theologiae
575 3333 657 3365 libro
676 3337 704 3372 1,
727 3345 798 3377 pag.
826 3337 904 3366 990.

1190 2666 1274 2700 Non
1293 2664 1344 2699 sic
1364 2663 1556 2713 potentia,
1577 2674 1654 2697 non
1681 2661 1732 2697 sic
1758 2660 1956 2710 sapientia,
1978 2673 2102 2710 neque
2118 2661 2190 2696 alia

1191 2724 1329 2770 multa,
1350 2737 1434 2773 quae
1456 2722 1501 2759 ad
1525 2736 1563 2758 se
1584 2721 1762 2758 dicuntur
1786 2735 1793 2756 :
1815 2728 1851 2756 et
1871 2724 1980 2757 Pater
2005 2728 2043 2756 et
2072 2721 2188 2758 Filius

1192 2797 1269 2820 non
1289 2783 1542 2832 singulariter,
1559 2782 1652 2818 alter
1668 2789 1841 2830 respectu
1858 2779 2021 2816 alterius.
2035 2797 2049 2812 «
2066 2784 2161 2825 Non,
2173 2798 2188 2813 »

1190 2845 1334 2894 inquit,
1357 2860 1370 2876 (ι
1392 2843 1456 2880 sed
1481 2842 1527 2879 ad
1559 2841 1831 2891 proprietatem
1865 2853 2038 2890 personae
2069 2841 2188 2877 Patris

1193 2926 1207 2939 „
1223 2904 1378 2956 proprie
1401 2903 1458 2939 vel
1480 2902 1691 2952 specialiter
1707 2900 1923 2937 invenimus
1948 2901 2191 2950 omnipoten-

1192 2966 1313 3001 »tiam
1346 2963 1526 3007 attinere,
1560 2960 1664 3010 quod
1686 2973 1764 2997 non
1792 2961 1913 2997 solum
1939 2974 2024 2997 cum
2047 2961 2188 2997 caeteris

1192 3023 1368 3061 »duabus
1387 3022 1560 3072 personis
1583 3033 1689 3070 aeque
1707 3021 1835 3057 omnia
1864 3021 2013 3057 efficere
2038 3028 2186 3069 potest,

1193 3104 1207 3118 »
1223 3097 1355 3121 *serum
1378 3083 1488 3119 etiam
1510 3082 1589 3131 ipse
1606 3082 1707 3118 selus
1723 3094 1743 3117 a
1763 3094 1821 3127 se,
1845 3094 1921 3117 non
1945 3080 1991 3116 ab
2019 3081 2090 3116 alio
2106 3080 2186 3116 exi-

1194 3165 1206 3179 „
1225 3154 1322 3182 stere
1341 3142 1455 3179 habet
1477 3157 1484 3178 :
1509 3150 1545 3178 et
1565 3142 1660 3178 sicut
1685 3141 1798 3178 habet
1817 3154 1862 3177 ex
1882 3154 1919 3178 se
1940 3140 2114 3185 existere,
2135 3140 2187 3175 ita

1194 3225 1207 3241 i>
1226 3205 1336 3242 etiam
1359 3216 1406 3239 ex
1428 3215 1466 3239 se
1487 3201 1602 3238 habet
1618 3209 1764 3251 posse¹.
1784 3219 1797 3233 »
1815 3204 1845 3239 O
1863 3201 2019 3237 alterum
2040 3198 2186 3236 Aristo-

1298 3338 1311 3353 ³
1327 3328 1690 3376 ’ΠΙ-τὶς.])α1·ΐὶσὶΙ)αἶῘίι’1”.
1710 3340 1735 3367 Τ
