2517 3936
80 227 176 265 1041

75 314 150 341 tum
185 301 297 338 debes
324 303 477 336 domino
506 312 585 335 meo
602 300 644 334 ¹?
674 301 776 348 Ergo
802 298 832 335 si
852 306 888 334 te
908 297 1082 348 agnoscis
1093 294 1123 313 ⁴²

719 224 786 258 DE
815 221 1249 258 CONSIDERATIONE
1278 223 1425 257 LIBER
1454 223 1520 257 111.

1128 294 1192 332 ὃ1η
1218 297 1291 334 fide
1320 298 1400 346 ipsa
1423 297 1721 334 claudicaverint
1754 312 1775 334 a
1802 300 1942 336 semitis
1971 302 2093 337 rectis.
2116 306 2163 339 Et

2066 224 2164 261 1042

74 360 308 413 sapientibus
344 368 382 397 et
414 358 685 409 insipientibus
708 387 718 404 ,
752 371 831 394 non
864 357 1082 394 dominato-
1101 356 1130 389 A
1153 357 1243 393 item
1265 357 1312 393 de
1333 357 1466 393 haeresi
1487 386 1496 401 ,
1521 370 1605 406 quae
1628 358 1722 393 clam
1746 371 1842 407 pene
1864 359 2005 409 ubique
2021 363 2158 410 serpit3

74 435 174 468 rem,
204 421 271 458 sed
301 419 516 457 debitorem
551 433 558 455 :
590 419 805 455 curandum
838 429 1085 466 summopere

73 480 141 518 tibi
156 510 166 527 ,
183 488 220 518 et
237 488 317 517 tota
335 479 529 529 vigilantia
552 477 872 514 considerandum
885 506 894 523 ,
917 489 1082 526 quomo—

73 540 123 577 do
141 548 178 576 et
195 539 261 589 qui
281 552 360 576 non
382 538 536 588 sapiunt
555 538 722 587 sapiant,
741 545 777 573 et
798 537 862 586 qui
881 537 1082 586 desipuere

72 600 308 650 resipiscant.
330 603 378 636 At
394 599 543 635 nullum
566 611 684 648 genus
699 597 928 647 insipientiae
948 596 1084 633 infide-

69 659 174 696 litate
199 658 264 711 (ut
283 659 336 696 sic
353 657 514 709 loquar)
535 658 790 708 insipientius.
813 661 914 707 Ergo
936 665 974 693 et
993 657 1084 693 infi-

71 718 220 756 delibus
249 718 404 756 debitor
431 732 492 766 es,
522 718 685 765 Judaeis,
716 718 884 764 Graecis,
909 726 947 754 et
977 720 1084 756 Gen—

71 777 214 816 tibusa.

121 840 158 876 3.
188 842 354 876 Interest
375 838 540 889 proinde
561 847 648 884 tua,
673 838 764 875 dare
785 850 944 888 operam
967 850 1083 887 qua-m

69 899 205 950 possis,
224 908 267 937 ut
282 900 471 937 increduli
487 907 763 937 convertantur
780 898 827 935 ad
846 898 972 945 fidem,
990 911 1086 934 con-

68 959 170 996 versi
183 971 262 996 non
278 967 501 996 avertantur
514 987 525 1005 ‚
544 959 667 996 aversi
681 967 922 996 revertantur
938 973 945 994 :
964 971 1083 1008 porro

69 1020 242 1070 perversi
269 1019 498 1056 ordinentur
522 1019 571 1056 ad
590 1019 859 1056 rectitudinem
877 1047 886 1064 ,
909 1017 1083 1054 subversi

1153 417 1255 467 apud
1284 418 1433 466 aliquos
1463 417 1572 453 saevit
1605 418 1742 466 palam.
1773 422 1863 454 Nam
1892 421 2071 468 parvulos
2092 424 2163 457 Ec-

1153 478 1275 513 clesiae
1307 477 1445 526 passim
1482 485 1519 513 ct
1557 476 1708 527 publice
1742 477 1928 525 deglutire
1962 480 2160 516 festinat*.

1149 537 1298 585 Quaeris
1320 537 1386 573 ubi
1409 537 1455 573 sit
1480 537 1580 573 hoc?
1597 538 1720 573 Vestri
1735 544 1762 582 ς,
1787 538 1851 586 qui
1876 546 2013 573 terram
2032 539 2160 575 Austri

1151 606 1226 634 tam
1256 610 1357 647 saepe
1385 598 1562 642 visitant,
1585 610 1671 633 ecce
1694 597 1731 633 hi
1761 597 1910 641 sciunt,
1935 605 1971 632 ct
1997 607 2158 646 possunt

1151 656 1276 693 dicere
1304 655 1384 692 tibi.
1410 660 1511 693 Eunt
1540 664 1578 692 et
1603 656 1766 692 redeunt
1788 669 1857 705 per
1887 655 2052 692 medium
2070 657 2157 692 illo-

1150 731 1236 754 rum
1253 747 1261 763 ,
1285 725 1349 753 aut
1367 725 1567 754 transcunt
1584 729 1691 753 secus
1709 731 1715 752 :
1737 716 1801 752 sed
1819 716 1910 765 quid
1928 715 2019 751 boni
2037 715 2160 751 adhuc.

1152 791 1238 814 cum
1258 777 1332 813 illis
1353 777 1522 827 egerint,
1547 776 1709 813 necdum
1736 776 1963 812 audivimus.
1988 779 2035 812 Et
2056 775 2164 811 forsi-

1154 847 1217 875 tan
1239 838 1494 883 audissemus,
1521 837 1591 873 nisi
1622 850 1701 887 prae
1722 850 1816 873 auro
1844 835 2037 885 Hispaniae
2062 835 2161 871 salus

1151 899 1286 949 populi
1308 898 1488 935 viluisset.
1513 901 1636 935 Tuum
1657 906 1714 934 est
1733 906 1771 934 et
1790 897 1910 947 plagae
1932 896 2019 932 huic
2042 908 2162 932 reme·

1151 959 1256 996 dium
1274 958 1493 1008 providere.

1205 1021 1238 1056 5.
1272 1018 1343 1055 Sed
1375 1026 1431 1055 est
1463 1017 1706 1067 insipientia,
1739 1029 1824 1066 quae
1853 1016 1975 1066 ipsam
2008 1027 2162 1064 quoque

69 1079 118 1116 ad
145 1080 345 1117 veritatem
378 1089 611 1117 revocentur
635 1095 642 1116 :
665 1079 913 1116 subversores
934 1078 1085 1115 invictis
1103 1081 1132 1114 B
1149 1078 1229 1128 jam
1274 1077 1568 1128 propemodum·
1600 1077 1754 1113 stultam
1805 1076 1892 1112 fecit
1939 1074 2161 1124 sapientiam

67 1139 283 1177 rationibus
320 1141 624 1187 convincantur,
655 1149 698 1176 nt
730 1140 789 1177 vel
831 1139 1084 1176 emendentur

67 1200 167 1250 ipsi,
189 1200 220 1237 si
243 1201 323 1238 fieri
344 1209 490 1251 potest3
514 1201 574 1237 vel
595 1201 625 1237 si
646 1213 746 1245 non,
769 1199 934 1250 perdant
956 1208 1084 1236 aucto-

67 1260 218 1296 ritatem
248 1261 545 1310 facultatemque
575 1261 669 1297 alios
703 1259 965 1297 subvertendi.
995 1264 1080 1297 Non

68 1320 228 1357 omnino
248 1329 286 1357 et
307 1320 355 1357 ab
376 1321 451 1357 hoc
471 1321 735 1370 insipientium
757 1333 895 1370 genere
916 1321 1082 1370 pessimo

71 1378 139 1416 tibi
160 1379 492 1416 dissimulandum.
515 1381 609 1416 Dico
630 1388 758 1416 autem
777 1379 974 1416 haereticos
989 1380 1084 1416 schi-

68 1439 325 1490 smaticosque
346 1455 354 1477 ε
373 1453 462 1477 nam
488 1440 528 1476 hi
547 1448 638 1476 sunt
662 1439 854 1486 subversi,
868 1448 906 1476 et
922 1439 1083 1477 subver-

69 1512 196 1546 sores;
215 1513 327 1537 canes
343 1499 391 1537 ad
411 1500 631 1537 scissionem
643 1529 653 1545 ,
672 1500 810 1549 vulpes
830 1500 877 1536 ad
897 1500 1082 1537 fraudem.

67 1563 212 1606 Erunt,
234 1560 412 1610 inquam,
433 1559 658 1609 hujusmodi
678 1561 842 1596 maxime
865 1569 930 1597 tuo
956 1560 1083 1597 studio

69 1629 136 1657 aut
161 1621 400 1671 corrigendi,
422 1634 472 1658 ne
492 1629 676 1671 pereant;
705 1629 770 1657 aut
796 1634 843 1657 ne
870 1621 1083 1671 perimant,

47 1691 50 1694 '
70 1681 288 1718 coercendi.
305 1685 418 1727 Esto,
442 1681 489 1718 de
508 1681 651 1718 Judaeis
671 1689 829 1717 excusat
849 1689 885 1717 te
907 1689 1057 1730 tempus
1076 1696 1083 1717 z

68 1739 212 1777 habent
228 1741 436 1778 terminum
452 1754 564 1778 suum
583 1741 649 1791 qui
664 1740 871 1791 praeveniri
886 1739 903 1762 b
919 1754 997 1777 non
1014 1753 1086 1790 po-

69 1801 170 1838 terit.
188 1801 471 1839 Plenitudinem
487 1803 660 1852 gentium
677 1802 815 1852 praeire
832 1810 998 1852 oportet.
1014 1801 1087 1838 Sed

1152 1139 1250 1176 fidei.
1276 1139 1482 1188 Quomodo
1509 1147 1545 1174 et
1568 1138 1689 1187 ipsam
1721 1137 1954 1174 Catholicam
1977 1147 2075 1184 pene
2102 1142 2163 1170 to-

1152 1208 1226 1236 tam
1263 1200 1336 1236 hoc
1373 1200 1479 1235 virus
1510 1198 1666 1234 infecit?
1697 1201 1789 1235 Nam
1823 1196 1911 1232 dum
1945 1195 2046 1231 etin
2080 1194 2161 1243 ipsa

1148 1260 1289 1309 quique
1320 1273 1404 1308 quae
1427 1268 1556 1296 nostra
1580 1267 1669 1295 sunt
1689 1258 1894 1307 quaerimus
1908 1285 1917 1301 ,
1936 1256 1977 1291 fit
1996 1262 2038 1290 ut
2058 1254 2160 1289 invi-

1149 1333 1229 1356 cem
1263 1319 1500 1364 invidentes,
1533 1319 1696 1354 invicem
1733 1324 2013 1367 provocantes,
2047 1327 2161 1350 exer-

1150 1392 1304 1416 ceamur
1324 1378 1371 1415 ad
1393 1379 1480 1415 odia
1495 1408 1504 1425 ,
1523 1379 1739 1415 animemur
1757 1377 1804 1413 ad
1826 1376 1985 1424 injurias
2002 1404 2010 1420 ‚
2035 1387 2161 1410 arme—

1152 1453 1238 1476 mur
1264 1439 1311 1475 ad
1336 1439 1442 1485 lites,
1468 1439 1691 1475 cavillemur
1711 1437 1758 1473 ad
1781 1437 1907 1481 dolos,
1929 1436 2095 1471 feramur
2113 1433 2160 1469 ad

1152 1499 1429 1544 detractiones,
1453 1511 1751 1548 prorumpamus
1775 1497 1822 1534 ad
1850 1495 2065 1539 maledicta,
2086 1507 2159 1543 op·-

1151 1560 1364 1610 primamur
1402 1573 1423 1596 a
1462 1558 1684 1596 fortioribus
1700 1587 1709 1603 ,
1751 1558 2013 1607 opprimamus
2050 1554 2160 1590 infir-

1151 1620 1302 1656 miores.
1326 1623 1446 1667 Quam
1479 1619 1591 1668 digne
1619 1627 1655 1654 et
1683 1616 1924 1654 laudabiliter
1951 1621 2160 1663 occupatur

1152 1680 1348 1716 meditatio
1370 1678 1496 1715 cordis
1521 1679 1573 1715 tui
1598 1678 1779 1714 adversus
1800 1686 1874 1713 tam
1896 1675 2077 1726 pestilens
2097 1673 2160 1709 in-

1153 1740 1338 1789 sipientiae
1372 1752 1516 1788 genus,
1546 1738 1650 1787 quod
1680 1751 1820 1787 corpus
1848 1737 1973 1786 ipsum
2004 1732 2160 1778 Christi,

1154 1813 1239 1849 quae
1259 1808 1316 1835 est
1336 1798 1541 1835 multitudo
1560 1798 1818 1842 credentium,
1841 1807 2045 1845 occupasse
2065 1805 2161 1828 con-

69 1860 117 1898 de
136 1862 227 1912 ipsis
244 1861 423 1912 gentibus
439 1862 532 1912 quid
552 1862 882 1913 respondesPImo
900 1861 994 1911 quid
1015 1870 1080 1898 tua
1100 1862 1126 1897 C
1144 1860 1286 1896 sideras
1301 1862 1307 1896 Ι
1327 1863 1358 1896 O
1379 1858 1551 1904 ambitio,
1569 1857 1817 1894 ambientium
1831 1869 1925 1893 crux
1940 1858 1946 1891 Ξ
1963 1852 2158 1904 quomodo

68 1922 325 1960 consideratio
362 1924 573 1974 respondet
600 1923 671 1960 tibi
703 1923 971 1973 percunctanti
1000 1922 1081 1959 sic?

70 1982 172 2030 Quid
193 1983 320 2020 visum
340 1991 397 2021 est
415 1982 591 2033 patribus
609 1996 757 2033 ponere
786 1991 927 2019 nietam
953 1986 1081 2020 Evan-

67 2043 188 2091 gelio,
208 2043 371 2081 verbum
391 2043 626 2094 suspendere
654 2043 765 2089 fidei,
793 2043 916 2079 donec
942 2042 1082 2079 infide-

67 2101 151 2139 litas
178 2103 314 2140 durat?
346 2107 431 2152 Qua
466 2104 638 2150 ratione,
670 2112 878 2154 putamus,
915 2102 1083 2140 substitit

65 2163 251 2200 velociter
276 2177 436 2201 currens
469 2165 650 2201 sermo2?
682 2164 767 2213 quis
798 2164 947 2213 primus
979 2163 1082 2198 inhi-

65 2220 151 2259 buit
187 2223 292 2261 hunc
329 2225 534 2262 salutarem
572 2225 752 2261 cursum?
784 2227 831 2260 Et
864 2223 937 2259 illis
971 2235 1083 2259 causa

67 2283 164 2321 forte
183 2298 297 2335 quam
318 2285 510 2322 nescimus
524 2313 533 2331 ,
557 2292 623 2321 aut
642 2284 845 2321 necessitas
863 2283 991 2333 potuit
1011 2282 1082 2320 ob-

67 2343 217 2382 stitisse.

119 2404 158 2441 4.
188 2403 308 2442 Nobis
342 2418 428 2455 quae
459 2404 727 2442 dissimulandi
757 2405 855 2445 ratio
886 2406 966 2441 est?
997 2406 1082 2452 Qua

65 2463 223 2512 fiducia,
246 2479 323 2516 qua
343 2466 578 2503 conscientia
609 2466 800 2502 Christum
822 2479 902 2502 non
931 2465 991 2501 vel
1022 2465 1081 2501 of—

66 2525 224 2563 ferimus
245 2527 299 2564 eis
324 2527 391 2576 qui
410 2540 488 2564 non
514 2527 688 2564 habent?
707 2531 768 2564 An
789 2526 989 2563 veritatem
1008 2526 1080 2562 Dei

65 2584 105 2621 in
126 2584 314 2635 injustitia
340 2587 580 2625 detinemus?
600 2591 648 2625 Et
668 2587 823 2638 quidem
845 2586 1079 2637 quandoque

65 2646 264 2696 perveniat
291 2648 462 2697 gentium
492 2648 694 2698 plenitudo
727 2660 880 2685 necesse
906 2655 974 2684 est.
997 2646 1078 2683 Ex-
1095 2645 1129 2678 D

66 2714 280 2755 spectamus
308 2715 352 2745 ut
375 2708 414 2744 in
441 2721 504 2745 eas
524 2708 669 2745 incidat
688 2708 807 2745 fides?
829 2708 898 2746 Cui
923 2707 1078 2744 credere

35 2778 156 2814 4casu
187 2767 376 2817 contigit?
402 2769 608 2816 Quomodo
639 2769 799 2806 credent
827 2769 908 2805 sine
936 2767 1079 2818 praedi-

67 2829 233 2864 cante3?
269 2830 406 2864 Petrus
438 2828 485 2865 ad
520 2829 760 2876 Cornelium,
797 2829 998 2879 Philippus
1030 2828 1078 2865 ad

67 2887 297 2924 Eunuchum
328 2888 433 2925 missi
460 2890 578 2926 sunt*
601 2904 608 2926 :
631 2898 691 2935 et,
714 2890 746 2926 si
772 2890 992 2939 exemplum
1017 2902 1080 2925 re-

66 2947 213 2984 centius
232 2948 439 2997 quaerimus
454 2978 464 2996 ,
493 2950 729 2999 Augustinus
755 2963 776 2987 a
797 2949 911 2986 beato
932 2953 1080 2998 Grego—

37 3028 47 3033 -
66 3005 124 3043 rio
145 3006 356 3045 destinatus
370 3037 380 3055 ,
398 3009 562 3046 formam
578 3010 668 3047 fidei
686 3010 844 3047 tradidit
865 3009 1008 3058 Anglis.
1031 3012 1079 3044 Et

66 3063 114 3102 de
132 3065 190 3103 his
210 3075 251 3104 tu
270 3067 324 3104 ita
340 3076 478 3106 tecum.
506 3073 588 3119 Ego
611 3070 712 3107 addo
738 3079 776 3107 et
801 3070 848 3106 de
867 3068 1079 3119 pertinacia

26 3141 28 3145 ·
67 3126 312 3174 Graecorum,
344 3129 411 3177 qui
442 3128 644 3166 nobiscum
677 3138 784 3175 sunt,
811 3137 849 3166 et
878 3127 1077 3164 nobiscum

67 3196 145 3222 non
164 3195 267 3233 sunt,
288 3186 415 3236 juncti
432 3188 528 3235 fide,
545 3203 637 3239 pace
653 3189 776 3226 divisi.
791 3193 1018 3237 Quanquam
1042 3195 1079 3222 et

1149 1933 1282 1957 omnes
1322 1928 1526 1968 torquens,
1562 1917 1740 1954 omnibus
1776 1917 1933 1966 places?
1963 1914 2021 1951 §il
2056 1925 2160 1949 acer-

1148 1979 1234 2017 bius
1257 1980 1424 2025 cruciat,
1442 1979 1495 2015 nil
1517 1977 1713 2014 molestius
1736 1976 1942 2025 inquietat;
1964 1974 2015 2010 nil
2037 1981 2162 2009 tamen

1148 2040 1253 2090 apud
1277 2040 1436 2075 miseros
1464 2038 1644 2074 mortales
1674 2035 1862 2072 celebrius
1885 2032 2046 2083 negotiis
2066 2029 2160 2079 ejus.

1148 2104 1208 2137 An
1231 2113 1309 2136 non
1331 2100 1462 2135 limina
1482 2098 1758 2147 Apostolorum
1779 2096 1866 2145 plus
1882 2094 1960 2143 jam
1982 2091 2158 2136 ambitio,

1150 2174 1264 2210 quam
1298 2160 1452 2196 devotio
1474 2158 1589 2194 terit?
1608 2162 1667 2195 An
1689 2170 1767 2193 non
1796 2155 1957 2192 vocibus
1984 2152 2066 2202 ejus
2091 2164 2161 2187 ve-

1150 2229 1270 2257 strum
1295 2228 1373 2256 tota
1393 2219 1454 2255 die
1471 2218 1628 2254 resultat
1654 2216 1861 2267 palatium?
1880 2220 1940 2252 An
1957 2226 2037 2250 non
2057 2225 2162 2261 qnae-

1150 2280 1272 2318 stibus
1304 2279 1385 2329 ejus
1412 2287 1491 2315 tota
1511 2279 1637 2327 legum
1663 2288 1933 2325 canonumque
1961 2271 2160 2321 disciplina

1150 2341 1332 2378 insudat?
1348 2346 1408 2378 An
1420 2353 1496 2376 non
1512 2339 1644 2389 spoliis
1662 2337 1744 2387 ejus
1761 2338 1885 2374 omnis
1900 2335 2029 2373 Italica
2043 2332 2164 2369 inhiat

1149 2400 1373 2451 inexplebili
1407 2399 1588 2436 aviditate
1620 2399 1832 2448 rapacitas?
1853 2395 1953 2445 Quid
1982 2395 2058 2439 ita,
2083 2393 2161 2428 imo

1149 2462 1241 2512 quid
1265 2460 1366 2497 aliud
1389 2469 1451 2496 tua
1471 2459 1589 2508 ipsius
1607 2458 1818 2508 spiritualia
1841 2455 1965 2493 studia
1989 2465 2067 2490 non
2083 2451 2160 2487 sal-

1148 2530 1223 2558 tem
1251 2519 1465 2565 intercidit,
1488 2518 1554 2555 sed
1575 2517 1763 2554 abscidit?
1782 2515 1940 2564 Quoties
1965 2519 2093 2549 sancta
2118 2522 2160 2545 ac

1147 2581 1322 2620 foecunda
1362 2589 1424 2617 tua
1456 2579 1612 2616 abortiri
1647 2578 1724 2614 otia
1762 2577 1849 2613 fecit
1883 2573 2094 2622 inquietum
2126 2577 2163 2605 et

1149 2643 1365 2692 inquietans
1393 2641 1561 2676 malum?
1580 2638 1695 2676 Aliud
1718 2645 1774 2674 est
1801 2635 1905 2685 quod
1926 2633 1972 2670 ab
1993 2641 2157 2681 oppres-

1146 2705 1196 2742 sis
1218 2702 1433 2752 appellatur
1453 2700 1500 2736 ad
1522 2708 1570 2744 te,
1597 2698 1699 2735 aliud
1720 2706 1845 2734 autem
1871 2693 1977 2744 quod
2002 2688 2159 2728 ambitio

1146 2765 1183 2801 in
1207 2763 1372 2801 Ecclesia
1396 2775 1464 2812 per
1492 2769 1527 2797 te
1546 2772 1703 2809 regnare
1727 2758 1897 2794 molitur.
1925 2757 2001 2791 Nec
2029 2751 2158 2788 deesse

1145 2825 1239 2869 illis,
1269 2837 1337 2860 nec
1369 2822 1456 2858 huic
1495 2821 1732 2869 aliquatenus
1771 2815 1953 2854 assentire
1991 2817 2158 2861 oportet.

1149 2889 1271 2933 Quam
1291 2896 1384 2919 vero
1404 2882 1534 2930 inique
1552 2880 1704 2916 fovetur
1720 2878 1804 2922 illa,
1829 2881 2063 2926 spernuntur
2082 2869 2157 2933 illi!

1148 2944 1320 2992 utrisque
1344 2950 1468 2978 tamen
1493 2938 1644 2976 debitor
1669 2951 1731 2983 es,
1751 2937 1824 2973 illis
1847 2943 1889 2971 ut
1917 2932 2055 2981 erigas,
2077 2929 2159 2965 istis

1147 3012 1189 3040 ut
1207 3002 1401 3052 reprimas.

117 3324 127 3340 ¹
141 3322 219 3351 Luc.
234 3330 314 3358 xw,
333 3324 362 3353 5.
381 3340 418 3344 —-
449 3328 461 3344 ²
480 3323 564 3354 Psal.
586 3334 699 3354 cxm’n
715 3347 722 3361 ,
751 3326 803 3353 15.
823 3341 869 3344 --
891 3319 904 3342 3
921 3323 1015 3351 Rom.
1041 3331 1075 3355 x,
1098 3322 1150 3350 14.
1173 3336 1218 3341 ——
1232 3316 1247 3342 ⁴2
1261 3320 1333 3348 Act.
1350 3328 1393 3354 x,
1414 3319 1458 3347 20
1472 3339 1479 3352 ‚
1506 3321 1537 3346 et
1559 3325 1640 3351 vm,
1658 3318 1714 3344 26.

113 3380 127 3395 ²
139 3379 227 3413 Alias
240 3403 248 3418 ,
273 3378 395 3411 Judoeis
409 3387 438 3412 et
462 3381 626 3413 Gentibus.
645 3401 691 3406 —
713 3382 728 3403 ¹³
756 3381 844 3413 Alias
857 3405 864 3417 ,
881 3379 1047 3423 firmem-iri.
1060 3399 1103 3402 —
1121 3384 1132 3399 c
1147 3378 1234 3409 Alias
1249 3401 1255 3411 ,
1276 3376 1353 3406 Viri.
