2517 3920
355 189 452 228 1279
989 183 1264 221 ADMOMTIO
1294 182 1343 217 IN
1373 179 1671 217 OPUSCULUM
1701 178 1781 213 VII.
2327 176 2424 212 1280

355 286 371 300 »
405 266 474 304 ubi
503 271 573 302 aut
593 270 706 300 certae
735 262 901 308 rationi,
926 269 996 298 aut
1020 275 1100 299 non
1123 256 1421 298 contemnendae
1444 256 1666 294 auctoritati
1687 254 1798 306 quod
1822 255 1990 293 sentitur
2011 268 2089 292 non
2112 253 2260 292 obviat.
2295 272 2310 287 n
2338 256 2425 293 Haec

348 341 503 371 sanctus
523 329 683 376 Doctor,
701 328 873 379 priorem
902 327 1139 364 sententiam
1162 334 1385 375 temperans
1400 353 1409 371 ,
1438 336 1510 360 nec
1539 331 1621 359 tam
1643 334 1764 359 novos
1789 334 1926 359 sensus
1940 351 1949 368 ,
1977 321 2007 357 si
2036 320 2188 358 ratione
2211 319 2423 368 ducantur,

354 411 478 449 quam
495 395 721 433 affectatum
743 406 883 430 eorum
906 390 1086 429 studium
1106 388 1417 441 reprehendens.

403 464 440 499 2.
473 460 653 510 Tempus
675 458 805 509 scripti
834 456 924 494 libri
953 455 1001 494 de
1025 454 1225 493 Gradibus
1248 453 1492 491 Humilitatis
1515 451 1735 503 colligimus
1757 465 1803 489 ex
1821 449 2065 502 praelaudata
2087 450 2253 502 epistola
2274 451 2428 490 decima

351 536 488 566 octava
514 525 588 564 sub
619 538 772 563 annum
798 525 896 561 1127
925 523 1079 573 scripta.
1105 520 1219 558 Tunc
1240 521 1346 558 enim
1371 518 1595 557 Bernardus
1616 527 1790 569 quatuor
1809 526 1967 555 tantum
1991 516 2184 568 opuscula
2214 517 2429 557 dictaverat

352 607 445 631 cum
468 591 620 643 aliquot
652 589 845 642 epistolis,
876 603 1051 640 quorum
1085 586 1368 639 opusculorum
1402 599 1494 623 cum
1528 585 1707 635 primum
1739 583 1858 621 fuerit
1879 582 1927 620 de
1958 582 2214 630 Humilitate,
2243 591 2336 621 ante
2357 597 2429 621 an·-

354 673 455 696 num
474 660 574 696 1125
595 657 784 707 scriptum
804 654 877 693 dici
898 654 1034 692 debet.
1054 653 1167 691 Certe
1184 652 1234 691 ad
1251 651 1516 691 Godefridum
1534 649 1808 689 Clarae-'Vallis
1824 649 2005 687 Priorem
2027 664 2069 687 ac
2091 650 2429 702 consanguineum

356 738 498 772 suum,
526 732 661 775 postea
681 722 967 773 Lingonensem
1000 721 1249 771 episcopum,
1278 718 1327 756 ad
1352 731 1475 768 quem
1495 715 1659 768 epistola
1678 715 1953 754 trecentesima
1979 715 2182 767 vigesima.
2204 715 2320 752 Hunc
2337 733 2354 748 ιι
2378 715 2432 752 fi-

360 808 377 823 »
397 790 497 827 lium
511 819 520 836 ,
538 788 716 835 fratrem,
738 787 905 833 socium,
926 795 964 823 et
980 785 1179 836 profectus
1205 784 1266 821 sui
1282 783 1517 834 participem
1540 801 1555 815 n
1573 792 1685 820 vocat
1710 782 1773 820 hic
1797 796 1838 819 n.
1861 781 1926 819 24.
1954 781 2001 818 In
2017 780 2148 819 codice
2177 779 2428 829 Colbertino,

356 864 492 895 notato
511 853 630 899 3964,
649 852 730 890 haec
751 851 951 902 inscriptio
972 850 1063 887 libri
1087 849 1232 901 legitur
1245 857 1334 898 post
1349 847 1471 885 libros
1486 847 1535 885 de
1553 847 1871 885 Consideratione
1895 863 1903 883 :
1927 864 1943 879 «
1970 846 2115 898 Incipit
2133 845 2234 883 liber
2253 845 2432 896 ejusdem

356 939 372 953 n
405 920 454 958 de
491 917 691 957 Gradibus
711 916 955 955 Humilitatis
969 945 978 962 ,
1011 914 1062 952 ad
1080 912 1347 952 Godefridum
1368 923 1461 951 tunc
1482 914 1523 950 in
1538 912 1794 952 Clara-Valle
1817 913 2019 960 Priorem,
2047 921 2183 963 postea
2210 912 2431 964 Lingonicae

357 985 521 1023 civitatis
554 984 796 1034 episcopum.
824 1000 840 1014 »
871 981 990 1019 Deest
1025 981 1065 1017 in
1100 978 1175 1017 hoe
1208 978 1337 1017 codice
1368 979 1630 1027 Retractatio,
1662 991 1750 1029 quae
1774 979 1814 1016 in
1838 986 2011 1028 quatuor
2043 977 2128 1015 aliis
2158 978 2434 1028 manuscriptis

352 1050 456 1088 libro
477 1049 744 1100 praemittitur.
770 1046 888 1085 Unde
912 1060 1000 1084 eam
1026 1046 1066 1083 in
1085 1045 1192 1082 hunc
1215 1044 1346 1083 locum
1368 1045 1576 1083 restituere
1595 1045 1726 1083 visum
1749 1052 1808 1081 est
1822 1073 1832 1091 ,
1857 1057 1981 1094 quam
2009 1043 2191 1081 Horstius
2216 1042 2267 1081 ad
2288 1041 2432 1081 calcem

352 1116 551 1166 rejecerat.

374 1279 752 1322 RETRACTATIO
785 1280 821 1319 S.
855 1279 1136 1319 BERNARDI
1168 1278 1223 1317 IN
1257 1277 1587 1318 TRACTATUM
1618 1277 1692 1316 DE
1723 1276 2000 1317 GRADIBUS
2032 1275 2405 1317 HUMILITATIS.

406 1432 453 1469 In
469 1431 543 1469 hoc
562 1428 778 1481 opusculo,
798 1442 889 1466 cum
910 1427 1011 1466 illud
1030 1428 1080 1466 de
1104 1427 1333 1479 Evangelio,
1351 1426 1464 1478 quod
1481 1426 1677 1465 Dominus
1691 1427 1764 1474 ait,
1788 1425 1895 1464 diem
1913 1425 2046 1464 ultimi
2061 1425 2198 1476 judicii
2215 1439 2255 1464 se
2271 1427 2433 1474 nescire,

352 1498 403 1537 ad
417 1497 593 1548 aliquam
613 1495 850 1533 sententiam
868 1493 1180 1532 confirmandam
1197 1502 1317 1545 atque
1337 1492 1671 1531 corroborandam
1686 1492 1908 1544 proferrem
1926 1493 1967 1530 in
1980 1491 2162 1530 medium
2174 1500 2201 1539 ¹,
2214 1492 2435 1544 improvide

352 1563 517 1616 quidem
543 1562 729 1613 apposui,
759 1559 867 1611 quod
894 1561 933 1597 in
955 1559 1168 1612 Evangelio
1185 1560 1376 1611 scriptum
1402 1573 1482 1597 non
1511 1572 1592 1597 esse
1614 1567 1749 1610 postea
1768 1557 2029 1609 deprehendi.
2053 1557 2158 1596 Nam
2190 1572 2283 1596 cum
2310 1567 2437 1597 textus

352 1630 500 1668 habeat
529 1626 824 1674 tantummodo,
851 1629 982 1675 Neque
1013 1629 1135 1662 leias
1163 1631 1258 1670 .s*‹·1't,·
1286 1640 1357 1678 ego
1379 1625 1565 1676 deceptus
1598 1625 1744 1676 magis,
1771 1638 1894 1675 quam
1929 1623 2065 1661 fallere
2103 1623 2264 1672 volens,
2299 1623 2437 1663 litterae

355 1696 504 1747 quippe
529 1694 756 1739 immemor,
782 1690 850 1729 sed
866 1705 945 1729 non
965 1704 1101 1728 sensus
1115 1721 1123 1737 ,
1146 1709 1162 1724 «
1183 1690 1263 1729 Nec
1285 1691 1387 1741 ipse,
1408 1708 1424 1722 »
1445 1691 1625 1740 inquam,
1653 1707 1669 1722 «
1691 1688 1814 1726 Filius
1836 1688 2011 1727 hominis
2035 1690 2118 1727 scit.
2141 1708 2156 1722 ›-
2174 1688 2291 1727 Unde
2317 1690 2437 1728 etiam

355 1769 477 1799 totam
494 1757 649 1797 ordiens
672 1765 907 1807 sequentem
929 1755 1256 1806 disputationem,
1281 1769 1326 1793 ex
1345 1769 1391 1793 eo
1414 1754 1523 1806 quod
1544 1768 1624 1792 non
1648 1755 1838 1792 veraciter
1859 1755 1989 1805 posui,
2012 1769 2147 1793 veram
2167 1765 2329 1794 conatus
2347 1770 2436 1794 sum

355 1824 576 1877 approbare
596 1823 864 1860 assertionem.
891 1820 968 1859 Sed
994 1822 1089 1872 quia
1112 1821 1232 1860 talem
1254 1835 1429 1859 errorem
1448 1834 1587 1858 meum
1612 1818 1742 1857 multo
1761 1828 1870 1870 post,
1893 1833 2016 1870 quam
2033 1834 2056 1858 a
2075 1835 2138 1858 me
2158 1820 2264 1858 idem
2281 1820 2437 1859 libellus

357 1891 506 1938 editus,
529 1898 568 1927 et
594 1903 615 1925 a
644 1887 829 1938 pluribus
849 1887 931 1936 jam
959 1888 1218 1938 transcriptus
1242 1886 1338 1933 fuit,
1361 1886 1632 1937 depreliendi;
1663 1900 1754 1923 cum
1772 1899 1853 1924 non
1871 1886 1984 1936 potui
2011 1900 2084 1936 per
2103 1895 2162 1924 tot
2174 1887 2257 1936 jam
2282 1885 2436 1925 libellos

354 1970 535 2008 sparsum
554 1954 740 2005 persequi
764 1952 1015 1990 mendacium
1029 1983 1037 1997 ,
1063 1954 1325 1990 necessarium
1349 1951 1496 1990 credidi
1520 1951 1731 2003 confugere
1745 1951 1796 1989 ad
1811 1951 2062 1990 confessionis
2085 1952 2326 1991 remedium.
2349 1952 2436 1991 Alio

353 2035 513 2073 quoque
530 2021 569 2057 in
592 2019 676 2057 1060
693 2026 704 2040 ²
721 2018 939 2068 quamdam
955 2017 1002 2055 de
1024 2017 1233 2069 Seraphim
1250 2019 1478 2069 opinionem
1497 2018 1610 2068 posui
1628 2048 1637 2064 ,
1668 2032 1792 2068 quam
1818 2032 2028 2069 nunquam
2048 2018 2204 2067 audivi,
2235 2033 2436 2071 nusquam

353 2088 442 2139 legi.
467 2086 547 2123 *Ubi
577 2099 667 2123 sane
694 2084 815 2122 lector
842 2098 954 2121 meus
974 2083 1171 2131 attendat,
1200 2084 1309 2135 quod
1337 2082 1501 2135 proinde
1525 2092 1811 2135 temperanter,
1836 2102 1851 2117 α
1877 2092 2000 2135 puto,
2026 2104 2039 2118 u
2059 2084 2227 2123 dixerim
2260 2102 2269 2123 ε
2303 2084 2437 2124 volens

296 2148 299 2151 ’
354 2150 530 2190 videlicet
546 2163 623 2187 non
649 2147 783 2196 aliud,
805 2162 926 2199 quam
951 2148 1108 2198 putari,
1127 2148 1236 2199 quod
1251 2159 1404 2186 certum
1426 2148 1587 2187 reddere
1603 2148 1651 2187 de
1680 2148 1892 2201 Scripturis
1916 2165 1995 2189 non
2012 2149 2134 2189 valui.
2157 2150 2320 2189 Titulus
2335 2166 2437 2203 quo-

353 2231 429 2268 que
445 2217 525 2267 ipse
541 2216 609 2266 qui
630 2213 678 2252 de
707 2213 908 2252 Gradibus
937 2213 1182 2252 Humilitatis
1212 2214 1464 2263 inscribitur,
1490 2229 1563 2267 pro
1590 2229 1635 2253 eo
1659 2215 1822 2254 forsitan
1847 2215 1957 2268 quod
1978 2230 2059 2254 non
2079 2215 2341 2264 humilitatis,
2371 2216 2437 2256 sed

349 2281 539 2333 superbiae
571 2281 704 2331 potius
736 2279 799 2317 hic
836 2279 1024 2332 distingui
1061 2279 1306 2331 describique
1339 2280 1483 2333 gradus
1506 2280 1718 2330 videntur,
1747 2280 1990 2320 calumniam
2015 2283 2203 2333 patietur,
2232 2281 2299 2321 sed
2320 2282 2395 2320 hoc
2413 2297 2436 2320 a

349 2348 482 2385 minus
504 2346 566 2385 vel
585 2345 893 2398 intelligentibus
908 2377 917 2393 ,
937 2345 998 2383 vel
1016 2345 1311 2385 attendentibus
1326 2348 1411 2398 ejus
1426 2346 1531 2386 tituli
1556 2348 1749 2386 rationem
1766 2378 1775 2395 ,
1796 2361 1919 2399 quam
1940 2357 2074 2387 tamen
2097 2349 2139 2386 in
2156 2347 2232 2387 fine
2254 2347 2435 2400 opusculi

353 2414 433 2464 ipse
454 2412 624 2451 breviter
641 2412 824 2450 intimare
846 2412 994 2450 curavi.

408 2552 415 2566 ¹
438 2546 513 2586 Cap.
540 2548 569 2583 1,
590 2555 621 2575 n.
646 2548 673 2575 1.
689 2563 732 2566 —
749 2549 762 2564 ²
781 2546 859 2586 Cap.
884 2548 936 2583 10,
957 2555 988 2576 11.
1008 2548 1064 2576 35.
