2533 3920
382 232 457 268 663

1155 233 1190 267 S.
1221 230 1474 266 BERNARDI
1503 231 1703 267 ABBATIS

384 317 573 345 mercator
604 322 664 354 es,
692 308 722 344 si
751 307 987 357 conquisitor
1007 307 1119 357 hujus
1138 308 1284 354 saeculi,
1307 305 1449 344 nia—⁵⁵³8

2385 238 2455 276 664
2491 264 2493 287 3

1464 306 1528 343 tim
1544 337 1553 353 ,
1573 322 1739 358 quorum
1756 318 1811 346 est
1830 309 2014 358 legislatio
2031 309 2258 359 repromissa
2271 340 2280 356 ,
2300 324 2456 361 quorum

385 381 476 416 guas
508 368 689 418 quasdam
725 368 792 405 tibi
826 369 1018 405 nundinas
1051 368 1201 415 indico;
1222 368 1308 405 vide
1341 381 1388 404 ne
1412 366 1441 399 A
1461 377 1607 420 patres,
1624 378 1720 407 etex
1737 369 1876 419 quibus
1890 369 2061 407 Christus
2075 370 2285 408 secundum
2300 385 2457 424 carnem,

387 437 557 477 pereant.
581 429 736 478 Suscipe
758 429 880 466 crucis
899 430 1047 478 signum
1061 459 1070 475 ,
1085 437 1123 465 et
1136 429 1308 465 omnium
1324 442 1394 478 pa—

390 488 504 535 riter,
534 489 581 525 de
604 489 743 538 quibus
774 489 889 525 corde
917 490 1083 526 contrito
1116 489 1392 526 confessionem

392 548 544 595 feceris,
568 549 840 598 indulgentiam
862 549 1064 586 obtinebis.
1085 550 1244 586 Materia
1262 550 1342 599 ipsa
1364 549 1394 586 si

388 608 546 654 emitur,
564 609 672 658 parvi
692 617 839 645 constat
861 624 869 645 z
892 609 920 645 si
941 609 1081 646 devoto
1104 610 1308 646 assumitur
1326 610 1394 646 hu-

391 680 516 714 mero,
536 669 637 705 valet
656 669 734 705 sine
755 668 872 705 dubio
890 683 1048 718 regnum
1072 670 1154 706 Dei.
1176 674 1277 707 Bene
1303 683 1394 719 ergo

392 728 584 775 fecerunt,
606 730 672 778 qui
692 730 842 766 coeleste
856 728 934 778 jam
957 730 1191 779 signaculum
1213 743 1393 779 suscepe-

391 796 480 823 runt
499 802 506 824 :
529 787 626 825 bene
642 790 765 825 caeteri
785 790 949 835 faciunt,
967 789 1031 825 sed
1056 803 1125 826 nec
1142 789 1189 825 ad
1208 789 1394 838 insipien-

392 846 480 883 tiam
499 848 572 894 eis,
594 849 623 884 si
642 849 820 885 festinent
836 857 872 884 et
889 849 960 898 ipsi
983 849 1271 898 apprehendere
1291 849 1395 898 quod

391 914 428 941 et
448 907 500 943 eis
520 908 557 943 in
579 909 737 944 salutem
758 908 906 944 existat.

446 970 482 1002 (3.
504 969 560 1003 De
581 976 738 1013 caetero,
760 968 894 1004 fratres
908 996 917 1013 ,
948 981 1089 1004 moneo
1109 981 1199 1014 vos,
1218 981 1296 1005 non
1326 982 1396 1005 au-

391 1033 464 1060 tem
497 1039 585 1074 ego,
613 1026 678 1063 sed
707 1027 904 1076 apostolus
923 1029 992 1065 Dei
1015 1041 1186 1073 mecum,
1210 1041 1288 1065 non
1317 1041 1397 1065 esse

1461 430 1526 478 qui
1546 438 1601 466 est
1621 429 1845 467 benedictus
1867 430 1904 466 in
1934 430 2084 466 saecula.
2106 433 2283 467 Attamen
2311 433 2459 483 exigen·
2492 454 2493 457 ¹

1461 488 1552 525 dum
1570 489 1616 525 ab
1634 491 1686 526 eis
1703 489 1814 539 juxta
1835 498 2007 526 tenorem
2025 489 2226 539 apostolici
2250 491 2413 531 mandati
2428 496 2456 542 ¹⁹,

1461 556 1502 584 ut
1528 561 1662 585 omnes
1693 549 1758 599 qui
1793 548 1916 584 crucis
1949 547 2098 597 signum
2130 549 2386 598 susceperint,
2415 551 2460 590 ab

1461 620 1663 644 usurarum
1685 608 1882 645 exactione
1911 606 2052 643 liberos
2079 607 2237 644 omnino
2264 607 2460 649 dimittant.
2492 623 2493 628 ¹

1517 669 1552 705 8.
1576 669 1676 705 Illud
1698 682 1853 718 quoque
1880 667 2098 704 admonitos
2117 680 2186 704 vos
2217 680 2297 704 esse
2323 677 2378 706 est
2394 683 2461 708 ne-

1464 740 1566 764 cesse
1579 757 1588 774 ,
1605 729 1737 765 fratres
1755 727 2006 772 dilectissimi,
2026 735 2067 763 ut
2082 726 2112 763 si
2126 726 2212 776 quis
2229 726 2324 763 forte
2341 740 2463 768 amans

1462 788 1667 837 primatum
1689 802 1820 838 gerere
1840 789 1940 824 inter
1958 801 2025 824 vos
2038 816 2047 834 ,
2066 786 2311 837 expeditione
2328 800 2394 825 sua
2410 802 2463 828 re.

1462 847 1525 896 gni
1545 849 1712 885 voluerit
1744 849 1954 885 exercitum
1984 846 2222 898 praevenire,
2255 844 2464 888 nullatenus
2492 855 2495 887 ε’

1462 907 1599 944 audeat
1616 923 1623 944 :
1640 916 1677 944 et
1693 909 1723 944 si
1741 922 1761 945 a
1777 907 1887 944 nobis
1904 908 2058 944 missum
2078 920 2117 944 se
2132 906 2304 952 simulet,
2322 919 2397 944 non
2412 917 2464 946 est
2492 924 2494 928 ’

1462 981 1597 1004 verum
1619 983 1627 1004 :
1649 977 1713 1004 aut
1729 969 1759 1004 si
1780 968 1957 1005 ostendat
1973 968 2140 1014 litteras,
2159 975 2338 1016 tanquam
2355 980 2375 1004 a
2397 981 2465 1006 no-

1463 1028 1523 1065 bis
1545 1027 1668 1075 datas;
1691 1028 1756 1065 sed
1776 1028 1936 1065 omnino
1958 1028 2088 1074 falsas,
2105 1040 2153 1064 ne
2173 1026 2295 1063 dicam
2314 1027 2464 1066 furtivas
2492 1030 2495 1063 ἶ

389 1085 621 1122 eredendum
644 1087 750 1123 omni
778 1087 930 1137 spiritui
954 1095 979 1124 ¹.
999 1087 1225 1126 Audivimus
1245 1096 1282 1124 et
1303 1101 1397 1137 gau-
1420 1094 1448 1128 B
1467 1103 1547 1126 esse
1568 1089 1711 1127 dicatis,
1732 1090 1842 1128 Viros
1867 1089 2090 1135 bellicosos,
2112 1097 2149 1126 et
2178 1101 2317 1138 gnaros
2343 1089 2464 1127 talium

393 1144 525 1182 demus
538 1176 547 1192 ,
566 1155 607 1183 ut
624 1148 661 1183 in
680 1147 791 1184 vobis
809 1148 952 1185 ferveat
968 1149 1069 1185 zelus
1085 1149 1155 1186 Dei
1176 1163 1183 1184 :
1202 1148 1267 1185 sed
1285 1162 1399 1199 opor-

392 1212 445 1241 tet
476 1207 632 1243 omnino
663 1215 1007 1257 temperamentum
1037 1208 1202 1245 scientiae
1233 1222 1310 1245 non
1331 1209 1400 1245 de-

392 1277 484 1301 esse.
515 1269 599 1303 Non
631 1276 719 1303 sunt
747 1268 1002 1317 persequendi
1033 1267 1177 1314 Judaei,
1204 1281 1282 1304 non
1311 1277 1399 1305 sunt

395 1325 608 1362 trucidandi
622 1355 631 1372 ,
644 1327 708 1363 sed
724 1341 793 1363 nec
807 1328 999 1377 effugandi
1014 1328 1167 1377 quidem
1181 1327 1209 1363 *.
1226 1332 1399 1365 Interro-

394 1393 477 1433 gate
497 1398 562 1422 eos
583 1386 730 1423 divinas
757 1387 924 1437 paginas.
950 1387 1047 1424 Novi
1069 1387 1159 1437 quid
1180 1387 1219 1423 in
1250 1388 1400 1424 Psalmo

394 1444 531 1493 legitur
553 1446 823 1496 prophetatum
845 1447 891 1483 de
910 1447 1051 1484 Judaeis
1078 1462 1085 1483 ε
1114 1450 1216 1483 Deus
1242 1450 1402 1484 ostendit

394 1505 498 1549 milei,
521 1505 645 1554 inquit
667 1507 833 1543 Ecclesia
847 1536 856 1553 ,
881 1521 994 1555 super
1021 1509 1190 1543 inimicos
1218 1522 1332 1554 meos,
1355 1522 1402 1544 ne

394 1566 541 1599 occidas
557 1578 629 1610 eos,
652 1569 853 1614 nequando
875 1566 1289 1616 obliviscamurpopuli
1314 1573 1398 1605 mei.

391 1626 422 1659 V
426 1623 475 1659 ivi
496 1624 651 1673 quidam
672 1627 796 1675 apices
818 1626 928 1663 nobis
955 1636 1062 1673 sunt,
1085 1637 1400 1677 repraesentantes

390 1684 630 1721 Dominicam
664 1687 892 1735 passionem.
933 1691 1094 1737 Propter
1132 1688 1204 1724 hoc
1241 1688 1400 1738 dispersi

395 1752 484 1779 sunt
514 1744 552 1780 in
584 1759 717 1782 omnes
750 1747 946 1796 regiones,
970 1756 1011 1783 ut
1043 1747 1134 1783 dum
1162 1746 1283 1795 justas
1308 1749 1400 1784 tanti

394 1803 573 1841 facinoris
588 1818 719 1854 poenas
732 1806 861 1852 luunt,
878 1815 991 1843 testes
1008 1806 1082 1843 sint
1099 1815 1238 1843 nostrae
1255 1807 1401 1843 redem-

1467 1150 1582 1186 duces
1602 1150 1742 1199 eligere
1762 1159 1818 1187 est
1837 1165 1845 1186 ε
1869 1158 1907 1186 et
1927 1149 2038 1186 simul
2058 1147 2247 1198 proficisci
2267 1148 2465 1186 exercitum

1466 1210 1643 1256 Domini,
1668 1219 1710 1247 ut
1730 1209 1874 1259 ubique
1892 1208 2032 1246 habeat
2046 1207 2167 1246 robur
2179 1237 2188 1254 ,
2215 1216 2253 1244 et
2269 1221 2344 1245 non
2360 1209 2469 1259 possit

1467 1282 1488 1305 a
1518 1269 1752 1318 quibuslibet
1782 1269 2005 1306 violentiam
2036 1268 2236 1305 sustinere.
2258 1268 2343 1306 Fuit
2372 1269 2465 1306 enim

1467 1329 1505 1366 in
1524 1330 1644 1379 priori
1661 1329 1925 1380 expeditione,
1943 1337 2147 1378 antequam
2165 1328 2401 1378 Jerosolyma
2415 1342 2469 1366 ca-

1467 1399 1644 1439 peretur,
1665 1391 1725 1427 vir
1757 1390 1934 1440 quidam,
1957 1393 2092 1427 Petrus
2121 1389 2278 1426 nomine
2304 1388 2341 1435 *,
2368 1388 2469 1439 cujus

1467 1457 1504 1485 et
1520 1463 1609 1493 vos,
1628 1451 1700 1487 nisi
1723 1451 1851 1496 fallor,
1869 1462 1970 1500 saepe
1991 1449 2226 1486 mentionem
2249 1448 2415 1486 audistis.
2436 1453 2470 1488 Is

1468 1510 1656 1560 populum
1686 1511 1751 1560 qui
1779 1510 1849 1547 sibi
1870 1509 2106 1556 crediderat,
2134 1509 2256 1546 solum
2281 1522 2366 1546 cum
2398 1510 2468 1548 suis

1468 1569 1649 1605 incedens
1669 1570 1780 1606 tantis
1798 1569 1978 1620 periculis
1999 1568 2120 1615 dedit,
2135 1577 2178 1605 ut
2195 1577 2261 1605 aut
2280 1569 2394 1615 nulli,
2411 1578 2470 1607 aut
2492 1595 2495 1600 ·

1467 1630 1684 1679 paucissimi
1715 1643 1849 1666 eorum
1883 1630 2096 1676 evaserint,
2118 1629 2183 1679 qui
2216 1641 2294 1665 non
2323 1641 2495 1667 corrue—.

1467 1689 1562 1734 rint,
1597 1698 1662 1725 aut
1694 1689 1815 1735 fame,
1854 1697 1919 1725 aut
1947 1688 2085 1738 gladiO.
2116 1692 2325 1738 Propterea
2358 1689 2471 1726 omni-

1468 1762 1518 1784 no
1540 1748 1750 1784 timendum
1779 1756 1854 1793 est,
1880 1748 1910 1784 si
1936 1748 2109 1785 similiter
2137 1756 2175 1784 et
2194 1761 2263 1784 vos
2293 1748 2470 1796 feceritis,

1468 1822 1515 1845 ne
1547 1808 1741 1856 contingat
1767 1816 1804 1844 et
1832 1807 1941 1844 vobis
1968 1808 2153 1844 similiter.
2190 1807 2303 1855 Quod
2332 1816 2495 1845 avertat¹

394 1863 547 1911 ptionis.
563 1865 676 1902 Unde
690 1873 727 1901 et
742 1865 847 1902 addit
863 1866 901 1901 in
919 1866 1053 1902 eodem
1072 1867 1219 1915 psalmo
1242 1867 1403 1916 loquens
1422 1873 1449 1908 C
1469 1882 1490 1905 a
1520 1867 1630 1904 vobis
1662 1871 1787 1914 Deus,
1814 1868 1880 1917 qui
1913 1875 1970 1904 est
2003 1866 2228 1903 benedictus
2262 1866 2301 1903 in
2328 1867 2467 1905 saecula.

395 1924 563 1960 Ecclesia
580 1939 587 1960 ε
605 1928 785 1974 Disperge
803 1928 886 1961 illos
905 1930 943 1961 in
963 1931 1101 1961 virtute
1117 1935 1193 1969 tua,
1209 1935 1244 1961 el
1258 1928 1402 1975 depone

396 1996 469 2026 eos,
491 1994 681 2031 protector
698 2000 799 2022 meus
828 1990 989 2022 Domine
1016 1993 1041 2022 ².
1064 1990 1119 2022 Ita
1149 1987 1288 2022 factum
1317 1995 1399 2022 est:

395 2041 555 2091 dispersi
588 2053 693 2090 sunt,
725 2045 888 2095 depositi
917 2054 1022 2092 sunt,
1056 2045 1189 2082 duram
1217 2046 1403 2082 sustinent

395 2103 651 2151 captivitatem
682 2104 750 2141 sub
786 2104 1025 2154 principibus
1054 2105 1278 2141 christianis.
1302 2108 1402 2142 Con-

396 2170 593 2199 vertentur
623 2172 747 2200 tamen
780 2164 826 2200 ad
855 2178 1074 2215 vesperam,
1105 2172 1142 2200 et
1168 2165 1401 2214 intempore

393 2221 464 2258 erit
495 2232 688 2272 respectus
721 2237 867 2260 eorum.
898 2225 1073 2274 Denique
1094 2238 1180 2261 cum
1212 2225 1402 2261 introierit

394 2282 563 2330 gentium
582 2284 799 2330 multitudo,
814 2294 898 2320 tunc
913 2290 1032 2320 onmis
1051 2287 1172 2320 [srael
1184 2287 1302 2320 salvus
1316 2289 1398 2330 erit,

396 2343 448 2378 ait
470 2345 676 2393 Apostolus
695 2344 719 2380 3.
743 2345 901 2381 Interim
919 2358 1008 2382 sane
1029 2346 1094 2395 qui
1115 2345 1298 2391 moritur,
1321 2359 1401 2382 ma-

394 2411 459 2439 net
479 2404 516 2439 in
535 2413 668 2441 morte.

451 2464 484 2500 7.
503 2468 624 2500 Taceo
638 2466 741 2514 quod
756 2465 876 2502 sicubi
893 2466 1051 2512 desunt,
1073 2465 1182 2516 pejus
1201 2465 1401 2502 Judaizare

397 2522 570 2560 dolemus
604 2524 834 2561 Christianos
873 2526 1104 2561 feneiatmes
1133 2531 1148 2546 ἃ
1169 2552 1178 2569 ,
1216 2524 1245 2560 si
1275 2532 1400 2560 tamen

395 2583 643 2629 Christianos,
679 2593 716 2620 et
747 2598 824 2621 non
857 2585 973 2634 magis
1005 2584 1217 2633 baptizatos
1247 2583 1400 2620 Judaeos

1469 1932 1605 1966 Amen.

1560 2192 1941 2249 EPISTOLA
1986 2183 2364 2250 CCCLXIV.¹’

1595 2348 1641 2369 AD
1672 2348 1820 2370 PETRL‘M
1848 2348 2015 2370 ABBATEM
2045 2347 2342 2371 CLL‘NIACENSEM.

1470 2462 1585 2493 Invitat
1599 2465 1726 2493 Petrum
1752 2462 1792 2493 ad
1808 2468 1997 2493 conventum
2014 2464 2238 2495 Cal-notensem
2251 2487 2259 2502 ‚
2287 2462 2340 2494 ubi
2362 2463 2400 2495 de
2420 2473 2469 2495 au-

1539 2516 1614 2547 xilio
1637 2516 1791 2547 Orientali
1821 2516 1968 2548 Ecclesiae
1996 2515 2126 2548 ferendo
2152 2516 2401 2548 consultandum.

395 2644 574 2679 convenit
595 2645 731 2694 appell
725 2646 787 2681 iri.
811 2645 846 2681 Si
872 2645 993 2681 Judaei
1014 2645 1397 2709 1›enitiis.conterz-in
1418 2643 1449 2676 D
1467 2636 1738 2673 AIH'IHUSSUHO
1757 2645 1854 2686 patu
1872 2640 2022 2683 PETRO,
2043 2638 2114 2674 Del
2131 2646 2250 2687 grafia
2266 2635 2467 2674 venerabli!

395 2710 478 2746 tur,
499 2702 628 2738 unde
614 2716 692 2751 jam
706 2717 880 2753 prosper
872 2703 998 2740 abitur
1014 2716 1147 2739 eorum
1164 2704 1202 2739 in
1221 2704 1294 2739 fine
1313 2717 1398 2752 pio-

397 2761 507 2797 missa
527 2763 626 2798 salus
644 2764 721 2799 sive
739 2764 965 2799 conversio?
984 2764 1099 2800 Plane
1119 2771 1156 2798 et
1172 2763 1340 2801 Gentiles
1368 2763 1397 2799 si

395 2829 520 2857 essent
540 2822 711 2858 similiter
732 2823 1000 2872 exspectandi,
1031 2822 1241 2858 sustinendi
1274 2822 1398 2858 forent

395 2880 523 2929 potius
540 2894 652 2929 quam
669 2881 799 2929 gladiis
812 2882 1027 2931 expetendi.
1044 2885 1152 2918 Nunc
1167 2890 1292 2917 autem
1312 2895 1396 2918 cuni

394 2940 433 2975 in
467 2952 536 2975 nos
567 2940 754 2988 coeperint
782 2953 861 2976 esse
890 2941 1064 2985 violenti,
1092 2949 1246 2989 oportet
1264 2941 1338 2976 vim
1360 2941 1396 2976 vi

395 2999 578 3048 repellere
599 3012 684 3045 eos,
706 3000 771 3048 qui
796 3013 871 3036 non
892 3001 972 3036 sine
993 3014 1104 3037 causa
1136 3000 1281 3049 gladios
1301 3014 1395 3049 por-

395 3066 487 3094 tant.
506 3062 570 3095 Est
588 3067 713 3095 autem
732 3059 942 3096 cliristianae
960 3061 1128 3109 pietatis,
1148 3069 1189 3096 ut
1207 3054 1398 3097 debellare

396 3117 599 3168 superbos,
623 3119 674 3155 sic
697 3127 734 3155 et
753 3132 907 3169 parcere
930 3119 1131 3170 subjectis,
1153 3120 1209 3156 his
1240 3134 1394 3170 praeser—

449 3252 457 3266 ¹
484 3248 604 3277 lJoan.
624 3257 668 3282 tv,
695 3249 723 3277 1.
741 3266 780 3268 ff*

803 3247 1109 3283 ²Psal.1iv111,12.
1134 3265 1174 3268 —-
1196 3246 1209 3269 3
1228 3251 1319 3279 Rom.
1340 3261 1396 3286 xx,
1419 3254 1459 3281 25
1476 3274 1482 3284 .

1519 2696 1756 2733 Cluniacensi
1772 2695 1914 2742 abbati,
1931 2697 2048 2734 fiatei
2058 2701 2281 2735 Bmmnnus
2294 2697 2340 2734 de
2351 2697 2465 2735 Clara

1519 2757 1636 2802 Valle,
1660 2757 1832 2802 salutem,
1854 2765 1890 2794 et
1911 2771 2004 2807 quas
2023 2765 2150 2807 potest
2170 2757 2372 2794 orationes.

1524 2883 1554 2918 l.
1582 2885 1746 2919 Gravem
1778 2883 1889 2920 nimis
1918 2897 1961 2921 ac
1987 2882 2240 2921 miserabilem
2270 2882 2465 2922 Orientalis

1464 2943 1638 2979 Ecclesiae
1659 2944 1841 2992 gemitum
1858 2944 1873 2960 *
1896 2944 1944 2980 ad
1962 2957 2072 2981 aures
2089 2952 2247 2988 vestras,
2262 2943 2340 2980 imo
2358 2942 2463 2980 etiam

1464 3001 1511 3037 ad
1532 3002 1612 3051 ipsa
1643 3003 1756 3040 etiam
1787 3004 1997 3054 penetralia
2025 3003 2150 3040 cordis
2183 3003 2350 3040 arbitror
2381 3014 2464 3052 per·
2506 3027 2507 3030 =

1464 3062 1624 3098 venisse.
1650 3063 1816 3112 Dignum
1831 3064 1976 3114 quippe
1998 3071 2055 3100 est
2072 3092 2081 3107 ‚
2107 3071 2150 3099 ut
2165 3063 2371 3100 secundum
2387 3073 2463 3098 ma-

1465 3122 1702 3169 gnitudinem
1724 3132 1904 3169 vestram,
1924 3137 2104 3174 magnum
2125 3123 2333 3171 exhibeatis
2346 3121 2461 3160 eidem

1508 3255 1560 3281 2ss.

442 3310 456 3325 ³¹
475 3304 530 3335 llic
556 3316 663 3336 usuras
680 3305 846 3336 universim
865 3306 895 3335 in
917 3305 1098 3336 Christianis
1118 3306 1242 3337 damnat
1270 3309 1445 3339 Beruardus
1462 3333 1469 3344 ,
1487 3309 1600 3339 nedum
1626 3309 1655 3339 iu
1675 3307 1803 3340 clericis.

447 3351 462 3372 l'
483 3358 566 3388 Alias
579 3359 707 3401 epistola
727 3362 792 3389 351,
816 3369 822 3389 :

847 3370 914 3400 qua*
931 3370 1002 3389 vero
1021 3365 1109 3390 autea
1128 3362 1190 3390 :304
1209 3366 1271 3390 erat
1287 3385 1293 3393 ,
1319 3372 1398 3391 nuuc
1415 3365 1455 3391 3⁸
1467 3364 1474 3391 Ι
1486 3386 1492 3392 .
1513 3361 1632 3403 Scripta
1647 3372 1729 3392 auno
1744 3361 1856 3393 Christi
1879 3366 1888 3392 1
1903 3364 1911 3392 1
1929 3364 1979 3392 is».
