2533 3920
388 198 462 234 207
1146 210 1181 242 S.
1214 209 1468 243 BERNARDI
1502 210 1704 246 ABBATIS
2395 214 2469 252 208

1414 281 1444 300 ⁰⁵
1464 284 1543 323 haec
1564 286 1748 336 loquitur,
1770 286 1940 335 suspicer
1961 286 2180 334 salsitateni;
2202 287 2274 325 hoc
2299 302 2360 326 me
2387 304 2469 328 cer-

389 355 1397 372 ====================================================================
1412 342 1442 375 A
1469 346 1610 384 tissime
1633 348 1729 384 scire
1752 345 1929 392 confido,
1950 354 1987 382 et
2010 359 2079 383 vos
2106 347 2366 387 indubitanter
2386 364 2470 389 cre-

580 493 951 550 EPISTOLA
994 492 1199 551 LXII.a

453 655 498 676 AD
529 654 733 677 HENRICL'M
763 655 1045 679 VIRDUNENSEM
1076 643 1332 681 EPISCOPL‘MI'.

386 761 545 793 feminam
558 762 662 793 multis
679 762 860 794 obstrictam
877 763 1012 806 peccatis
1022 788 1030 803 ‚
1047 764 1102 796 sed
1114 765 1179 807 jam
1192 766 1395 808 poenitentem

700 818 898 850 commendat
916 819 1074 862 episcopo.
1295 821 1298 823 ’

387 937 552 973 Domino
583 940 785 984 anmco,
807 938 877 976 Dei
904 938 1023 988 gratia
1050 939 1282 976 virdunensi
1312 940 1395 990 epi-

436 1011 553 1047 scopo
573 1026 582 1043 ,
614 998 730 1035 frater
765 1001 998 1036 BERNARDUS
1035 999 1158 1037 dictus
1191 999 1310 1038 abbas
1347 1001 1393 1038 de

434 1058 692 1104 Clara—Valle,
715 1059 874 1096 salutem
896 1068 933 1096 et
950 1060 1176 1097 orationem.

433 1180 523 1214 Haec
564 1178 787 1215 muliercula
808 1207 818 1223 ‚
861 1192 976 1228 quam
1019 1192 1105 1217 eece
1140 1178 1219 1229 jam
1261 1180 1390 1218 multis

379 1236 512 1283 annis,
543 1238 671 1274 multis
703 1246 740 1275 et
768 1239 961 1289 perplexis
996 1248 1240 1289 peccatorum
1277 1241 1389 1278 nodis

378 1305 525 1334 satanas
543 1298 722 1348 alligavit,
740 1311 855 1348 super
875 1307 975 1336 statu
991 1300 1121 1336 salutis
1141 1313 1231 1347 suae,
1250 1309 1390 1338 nostrae

381 1358 580 1408 parvitatis
608 1359 810 1396 consilium
837 1360 996 1410 expetiit
1023 1375 1030 1397 :
1056 1369 1093 1397 et
1122 1361 1194 1397 tale.
1220 1362 1386 1412 accepit,

380 1426 422 1454 ut
449 1427 536 1468 post
562 1419 725 1456 multum
751 1419 927 1457 videlicet
954 1434 996 1457 ac
1025 1420 1250 1459 diuturnum
1281 1435 1388 1460 erra-

380 1486 459 1514 tum
477 1507 486 1524 ‚
508 1478 555 1515 ad
585 1480 733 1530 proprii
759 1480 923 1530 pastoris
953 1481 1078 1517 sinum
1108 1482 1271 1531 profuga
1301 1483 1387 1519 ovi-

377 1539 460 1575 cula
487 1538 649 1575 fidenter
677 1548 891 1577 recurreret
914 1555 921 1578 :
945 1541 1011 1590 qui
1040 1541 1172 1591 utique
1200 1555 1246 1579 eo
1276 1543 1388 1580 citius

374 1611 417 1634 ac
436 1598 632 1635 sollicitius
655 1599 763 1649 inopi
784 1600 900 1637 ferret
919 1614 1056 1651 opem,
1080 1615 1158 1651 quo
1181 1615 1220 1639 se
1247 1603 1388 1640 certius

375 1657 444 1694 scit
472 1666 586 1708 atque
613 1658 820 1697 districtius
849 1660 896 1697 de
923 1660 996 1697 sibi
1025 1662 1246 1709 commissa,
1275 1666 1386 1712 Agno

374 1719 439 1768 qui
456 1732 527 1769 pro
543 1719 624 1770 ipsa
640 1729 815 1758 mortuus
832 1729 901 1768 est,
920 1721 1163 1759 redditurum
1182 1722 1385 1760 rationem.

372 1783 554 1817 Nostrum
582 1781 651 1817 fuit
671 1780 887 1819 deviantem
911 1783 1103 1833 corrigere
1119 1799 1129 1831 3
1151 1792 1320 1821 vestrum
1338 1784 1387 1821 sit

372 1841 622 1890 peccatricem
655 1855 734 1879 non
765 1842 986 1893 despicere,
1021 1844 1100 1881 imo
1133 1845 1385 1894 poenitentem

372 1901 564 1950 suscipere
604 1916 612 1938 ε
651 1910 689 1938 et
724 1903 755 1940 si
786 1916 878 1941 vera
912 1912 969 1941 est
1003 1917 1102 1952 suae,
1132 1919 1247 1955 quam
1274 1905 1386 1944 nobis

372 1961 577 2010 exposuit,
609 1962 836 2000 infelicitatis
872 1963 1061 2011 historia3
1098 1974 1162 2002 aut
1195 1965 1280 2002 viro
1314 1980 1384 2003 suo

372 2021 515 2071 priori,
539 2022 568 2059 si
586 2022 710 2060 adhuc
728 2024 846 2070 vivit,
870 2025 1138 2071 reconciliare3
1164 2035 1252 2074 aut,
1274 2027 1304 2065 si
1323 2028 1386 2064 ille

372 2081 551 2128 noluerit,
569 2083 666 2120 sicut
686 2083 784 2120 hanc
805 2084 1029 2134 innuptam,
1045 2085 1097 2123 sic
1122 2086 1229 2125 illum
1250 2101 1387 2138 eogere

374 2140 516 2191 absque
537 2156 658 2180 uxore
680 2156 846 2181 manere.
867 2145 1013 2182 Valete.

371 2280 1384 2297 ιιιιιιιιιιιιιιιιιιιιιιιιιιιιιιιιιιιιιιιιιιιιιιιιιιιιιιιιιιιιιιιιιιιι

547 2391 922 2447 EPISTOLA
984 2392 1219 2450 LXIII.c

746 2548 793 2569 AD
829 2548 1005 2572 EUMDEM.

371 2656 483 2694 Purgat
506 2664 538 2684 se
557 2652 596 2684 de
618 2652 700 2685 facto
722 2655 907 2693 temerario,
925 2656 1013 2697 cujus
1036 2655 1230 2687 insimulatus
1253 2657 1354 2688 fuerat
1373 2668 1381 2689 :

428 2707 494 2748 ejus
507 2708 649 2738 notitiam
662 2708 747 2750 cupit
767 2719 775 2739 :
797 2709 977 2741 Guidonem
994 2710 1094 2742 eidem
1113 2711 1321 2743 commendat.

426 2821 548 2868 Super
572 2819 631 2856 his
659 2833 743 2869 quae
773 2833 794 2856 a
823 2820 936 2858 nobis
967 2830 1102 2858 vestrae
1133 2823 1378 2860 Excellentiae

370 2877 513 2927 placuit
532 2879 736 2925 sciscitari,
759 2888 825 2916 aut
847 2893 918 2917 nos
943 2881 1122 2927 fallimur,
1144 2890 1208 2918 aut
1230 2882 1292 2918 ille
1313 2883 1379 2932 qui

372 2950 414 2974 ea
433 2937 542 2975 vobis
570 2939 721 2985 retulit,
746 2939 852 2976 fallit.
885 2941 921 2978 Si
943 2941 1035 2990 quid
1064 2950 1189 2979 tamen
1211 2942 1280 2979 fuit
1296 2942 1380 2993 (su-

371 3005 538 3046 spectam
575 2998 718 3048 quippe
754 2998 876 3036 liabeo
910 3014 1033 3037 meam
1060 3031 1069 3048 ,
1105 3015 1220 3052 quam
1260 3003 1378 3050 novi,

370 3055 523 3093 labilem
553 3058 823 3109 memoriam),
854 3073 901 3097 ne
930 3069 1073 3098 tantam
1100 3063 1137 3099 in
1169 3063 1284 3100 fratre
1314 3065 1379 3114 qui

421 3201 434 3215 ⁸
455 3198 577 3241 Scripta
594 3205 666 3231 aute
682 3210 799 3231 annum
824 3205 923 3233 1129.

1466 405 1556 442 dere
1587 406 1698 452 volo,
1732 405 1876 442 nemini
1913 418 1973 442 me
2004 418 2120 455 super
2153 408 2310 445 nomine
2344 418 2470 449 vestro

1464 465 1773 515 reprehensionis
1790 464 1994 514 aliquando
2010 466 2071 502 vel
2089 467 2339 505 accusationis
2354 468 2472 508 verba

1465 525 1622 572 fecisse,
1659 526 1720 562 vel
1759 524 1984 574 injunxisse.
2025 524 2135 563 Absit
2169 526 2250 564 haec
2288 541 2309 565 a
2342 537 2471 568 nostra

1463 587 1670 636 pusillitate
1700 585 1913 633 temeritas,
1946 594 1987 622 ut
2017 594 2150 623 contra
2178 587 2403 638 episcopos,
2433 598 2472 628 et

1463 646 1664 691 absentes,
1699 646 1805 696 loqui
1844 659 1929 696 quae
1969 646 2018 683 ad
2057 659 2128 684 nos
2163 660 2242 684 non
2278 649 2468 697 attinent,

1463 708 1670 745 audeamus
1689 737 1698 755 ‚
1728 707 1940 758 praesertim
1970 720 2056 757 quae
2093 721 2173 744 non
2206 707 2468 758 probavimus.

1461 768 1610 806 Deinde
1631 768 1735 818 quod
1761 767 1883 805 nostri
1913 768 2089 805 notitiam
2119 767 2323 818 dignanter
2350 782 2469 820 expe-

1463 830 1560 876 titis,
1585 838 1776 880 gratanter
1795 828 2002 878 accipimus
2019 858 2028 875 ‚
2051 827 2308 866 abundantius
2334 842 2405 867 nos
2433 839 2470 868 et

1466 889 1707 927 innotescere
1735 888 1864 936 vobis,
1899 897 1937 925 ct
1965 894 2222 926 vos‘noscere
2256 889 2466 940 cupientes.

1462 953 1546 999 Qua
1559 949 1636 999 jam
1652 963 1741 987 sane
1758 949 1897 986 fiducia
1916 950 2147 987 Praestantiae
2166 958 2300 987 vestrae
2319 951 2468 1001 suppli—

1461 1024 1618 1057 camus,
1655 1011 1733 1048 imo
1767 1019 1932 1047 vestram
1975 1011 2139 1047 fidenter
2178 1024 2468 1050 commonemus

1457 1070 1763 1108 benevolentiam
1779 1099 1788 1117 ,
1808 1070 1854 1107 de
1885 1071 1972 1107 loco
1997 1070 2089 1108 illo*
2106 1084 2221 1120 quem
2249 1071 2320 1108 sub
2351 1072 2469 1110 tutela

1411 1136 1438 1171 B
1460 1139 1584 1168 vestra
1602 1158 1611 1176 ,
1639 1139 1767 1167 vestro
1786 1159 1796 1177 ‚
1825 1139 1868 1167 ut
1888 1130 2020 1177 aiunt,
2044 1130 2223 1177 hortatu,
2258 1131 2374 1168 frater
2406 1145 2468 1169 re-

1458 1190 1650 1228 verendus
1672 1199 1710 1228 et
1729 1189 1894 1228 coabbas
1920 1198 2051 1227 noster
2079 1190 2245 1228 domnus
2271 1191 2398 1230 Guido
2421 1193 2467 1230 de

1456 1250 1804 1289 Tribus—Fontibus
1838 1259 2061 1288 construere
2103 1251 2281 1301 suscepit.
2317 1255 2362 1289 In
2401 1252 2467 1290 illo

1459 1310 1572 1348 nobis
1592 1319 1778 1360 quantum
1799 1324 1870 1348 nos
1888 1311 2048 1358 curatis,
2071 1310 2283 1358 ostendite3
2302 1320 2338 1348 et
2355 1312 2468 1362 quid-

1457 1371 1548 1421 quid
1565 1371 1598 1408 ei
1614 1371 1777 1409 feceritis
1790 1399 1800 1417 ‚
1821 1370 1934 1409 nobis
1953 1371 2094 1409 factum
2116 1380 2303 1423 reputate.
2324 1373 2464 1410 Valete.

1471 1516 1742 1526 ====¹=usm=avvv===
1748 1515 2467 1527 nxstum-ususs-xsnuvv-===v³v=v==w=mv====xn====v=

1639 1636 2012 1694 EPISTOLA
2055 1629 2287 1696 LXIV.‘¹

1454 1787 1503 1809 AD
1544 1786 1807 1809 ALEXANDRUM
1847 1785 2161 1809 LINCOLNIENSEM
2199 1785 2413 1810 EPISCOPUM
2436 1779 2463 1811 e.

1408 1900 1435 1937 C
1453 1892 1615 1936 Philippus
1636 1893 1744 1924 volens
1763 1891 1919 1935 proficisci
1932 1895 1952 1924 J
1954 1892 2179 1935 erosolymam,
2193 1891 2233 1924 ad
2247 1893 2464 1925 Claram-Val-

1499 1947 1560 1978 lem
1582 1947 1663 1979 sorte
1684 1947 1858 1984 divertens,
1881 1947 1945 1978 illic
1965 1957 2094 1978 manere
2121 1946 2270 1978 decrevit.
2292 1948 2466 1981 Alexandri

1500 2002 1540 2034 ad
1556 2002 1617 2034 hoe
1637 2013 1823 2034 consensum
1837 2002 1977 2044 requirit.
1991 2002 2161 2045 Negotium
2174 2013 2244 2034 cum
2257 2003 2465 2035 creditoribus

1500 2056 1636 2100 Philippi
1656 2057 1700 2089 illi
1729 2056 1937 2088 commendat.
1968 2057 2112 2099 Denique
2135 2056 2279 2088 hortatur
2295 2057 2461 2097 eumdem,

1500 2122 1540 2143 ne
1553 2112 1657 2154 gloriae
1674 2112 1843 2143 mundanae
1858 2111 1991 2143 nimium
2004 2111 2091 2144 fidat.

1455 2224 1543 2263 Viro
1570 2224 1789 2262 honorabili
1816 2224 1974 2262 domino
1999 2229 2264 2270 Amicam-nno,
2284 2224 2354 2261 Dei
2378 2237 2465 2274 gra-

1507 2286 1558 2322 tia
1576 2286 1836 2323 Lincolniensi
1863 2286 2067 2336 episcopo,
2088 2289 2321 2323 Bmmnncs
2347 2284 2463 2324 abbas

1505 2346 1776 2391 Clarae-Vallis,
1794 2346 1893 2383 velle
1906 2345 2090 2383 honorari
2104 2345 2222 2395 magis
2239 2346 2278 2382 in
2292 2345 2461 2393 Christo,

1505 2419 1620 2455 quam
1643 2406 1682 2443 in
1703 2406 1856 2443 saeculo.

1510 2526 1542 2563 1.
1568 2526 1766 2576 Philippus
1788 2534 1916 2563 vester
1941 2526 2076 2564 volens
2098 2527 2287 2578 proficisci
2306 2531 2462 2565 Jeroso·

1450 2584 1614 2633 lymam,
1638 2586 1912 2636 compendium
1936 2587 2006 2624 viae
2026 2587 2200 2634 invenit,
2218 2596 2256 2624 et
2279 2588 2354 2625 cito
2375 2601 2459 2640 per-

1448 2645 1554 2681 venit
1582 2659 1660 2695 quo
1689 2645 1854 2683 volebat.
1881 2647 2154 2684 Transsretavit
2180 2648 2219 2684 in
2251 2647 2359 2685 brevi
2386 2648 2459 2686 hoc

1400 2706 1434 2740 D
1452 2718 1554 2742 mare
1572 2719 1750 2756 magnum
1771 2715 1809 2744 et
1829 2708 2062 2757 spatiosum,
2085 2716 2122 2745 et
2143 2721 2327 2758 prospere
2348 2708 2458 2745 navi-

1449 2778 1540 2814 gans
1565 2767 1687 2815 attigit
1707 2766 1786 2814 jam
1814 2768 1918 2804 littus
1941 2777 2114 2818 optatum
2130 2797 2140 2813 ,
2165 2776 2278 2818 atque.
2295 2767 2343 2804 ad
2365 2781 2458 2818 por-

1448 2833 1527 2861 tum
1554 2826 1704 2863 tandem
1731 2827 1863 2864 salutis
1890 2828 2085 2878 applicuit.
2105 2831 2254 2866 Stante-s
2275 2836 2364 2865 sunt
2377 2827 2456 2877 jain

1446 2885 1563 2935 pedes
1581 2885 1663 2934 ejus
1684 2886 1721 2923 in
1755 2887 1859 2924 atriis
1884 2888 2094 2925 Jerusalem
2110 2903 2119 2935 ;
2136 2896 2173 2924 et
2189 2900 2304 2937 quem
2325 2887 2457 2924 audie-

1447 2952 1505 2981 rat
1534 2944 1572 2981 in
1601 2946 1793 2995 Ephrata‚
1812 2947 2012 2984 inventum
2042 2948 2082 2984 in
2112 2947 2256 2998 campis
2279 2948 2384 2984 silvae
2414 2947 2455 2984 li-

1446 3004 1582 3042 benter
1602 3006 1736 3043 adorat
1759 3007 1796 3043 in
1820 3008 1906 3045 loco
1929 3007 1995 3047 ubi
2014 3016 2203 3045 steterunt
2220 3007 2336 3058 pedes
2359 3005 2452 3056 eJus.

1446 3069 1644 3115 Ingressus
1657 3075 1713 3104 est
1727 3075 1895 3104 sanctam
1913 3068 2120 3115 civitatem,
2131 3068 2286 3105 sortit'us
2296 3075 2353 3105 est
2368 3079 2453 3104 cum

420 3254 436 3274 b
459 3255 507 3283 De.
523 3264 560 3284 eo
581 3253 653 3284 vide
670 3254 833 3296 epistolam
852 3257 892 3286 4⁸
907 3280 914 3293 ‚
934 3256 987 3287 ubi
1008 3268 1078 3288 cum
1095 3258 1245 3289 suadente
1266 3260 1422 3291 nvi-nardo
1438 3261 1618 3303 episcopatu
1636 3261 1762 3293 cessisse
1778 3262 1971 3300 notavimus,
1989 3268 2017 3294 et
2035 3261 2159 3304 quidem
2176 3273 2258 3294 anuo
2280 3266 2289 3294 1
2304 3266 2379 3295 129.

419 3314 431 3328 Ε
457 3305 578 3349 Scripta
594 3307 676 3338 circa
692 3318 808 3339 anuum
831 3312 928 3341 1128.
946 3329 983 3331 u
1002 3310 1017 3330 ‘¹
1043 3312 1163 3353 Scripta
1180 3312 1260 3344 circa
1277 3325 1393 3345 annum
1416 3318 1424 3345 1
1439 3317 1514 3346 129.

415 3367 428 3379 ·“
445 3361 626 3392 Alexander
643 3361 850 3393 Lincolniensi
869 3374 922 3394 seu
937 3363 1121 3396 Lincolicusi
1140 3366 1222 3407 apud
1243 3367 1361 3408 Auglos
1378 3367 1518 3399 Ecclesia·
1533 3367 1655 3410 praefuit
1673 3367 1712 3398 al)
1726 3378 1808 3399 anuo
1834 3370 1843 3399 1
1859 3370 1918 3399 123
1939 3367 1978 3398 ad
1994 3378 2111 3399 annum
2134 3371 2141 3398 Ι
2157 3369 2232 3399 147.
