2517 3936
714 212 770 268 S.
820 212 1198 269 BERNARDI
1245 215 1435 271 ABBA
1447 220 1566 275 TIS

150 387 354 496 DE
439 382 1135 498 Mofflssus
1217 384 1408 494 ET
1496 385 2108 558 orriolo

729 615 1477 693 EPISCOPORUM

581 795 913 836 EPISTOLA
946 795 1086 835 XLI-I
1119 796 1236 836 SEU
1269 796 1650 837 TRACTATL'S

359 941 442 988 AD
476 940 810 988 HENRICUM
846 940 1389 988 ARCHIEPISCOPUM
1426 942 1867 991 SENONENSEM.

431 1108 1821 1137 q———ss—dffweooffi—
1831 1123 1847 1125 -

445 1308 722 1344 PROLOGUS.

73 1432 241 1471 Domino
268 1431 477 1469 venerabili
497 1436 695 1479 HEcho,
717 1432 993 1469 Senonensium
1021 1447 1085 1469 ar-

127 1492 391 1543 chiepiscopo,
413 1493 530 1529 frater
541 1496 785 1536 Bmmnncs,
805 1492 835 1529 si
851 1492 944 1542 quid
960 1500 1087 1543 potest

126 1553 341 1605 peccatoris
357 1553 494 1590 oratio.

126 1681 271 1720 Placuit
293 1681 525 1719 Praestantiae
553 1691 688 1719 vestrae
719 1695 863 1719 novum
895 1682 1038 1731 aliquid
1067 1696 1087 1719 a

74 1740 185 1779 nobis
218 1741 402 1778 dictatum
433 1742 640 1792 requirere.
674 1745 890 1780 Gravamur
913 1742 1087 1792 pondere

75 1801 270 1852 diguitatis
283 1831 293 1849 ,
319 1801 385 1839 sed
406 1801 637 1852 dignationis
656 1815 815 1839 munere
838 1803 1085 1851 gratulamur.

74 1865 122 1899 Et
139 1861 338 1900 blanditur
358 1863 523 1913 petentis
550 1863 672 1909 favor,
695 1871 733 1899 et
751 1862 947 1912 petitionis
970 1871 1088 1899 terret

74 1923 235 1960 exactio.
271 1923 346 1972 Qui
376 1923 477 1960 enim
511 1936 582 1960 nos
616 1937 769 1970 sumus,
804 1931 847 1959 ut
877 1922 1088 1960 scribamus

74 1983 286 2034 episcopis?
318 1983 392 2021 Sed
427 1997 579 2021 rursum
615 1984 681 2033 qui
715 1997 869 2030 sumus,
907 1984 973 2034 qui
1007 1997 1087 2020 non

1096 1259 1138 1279 ⁴⁸¹
1157 1260 1343 1307 divimu53
1369 1269 1404 1296 et
1426 1260 1489 1297 illa
1517 1269 1689 1310 agentem
1714 1261 1902 1298 doluimus
1917 1291 1926 1309 ,
1949 1271 1985 1299 et
2011 1263 2156 1300 condo-

1104 1321 1296 1358 Aluimus
1335 1321 1414 1357 haec
1455 1321 1628 1370 patienti.
1665 1325 1769 1358 Inter
1806 1322 1885 1358 haec
1926 1332 2053 1359 autem
2088 1337 2156 1373 ego

1155 1380 1386 1418 recordabar
1407 1382 1558 1417 illorum
1580 1382 1855 1419 versiculorum
1876 1397 1883 1419 :
1910 1383 1983 1428 Qui
2000 1385 2156 1419 (lescen-

1154 1444 1247 1478 (ltml
1267 1455 1372 1477 mare
1392 1447 1430 1476 in
1454 1441 1625 1484 navibus,
1640 1440 1825 1489 facientes
1845 1446 2095 1492 operationem
2120 1448 2158 1479 sn

1154 1507 1263 1551 aquis·
1286 1504 1431 1547 malms,
1458 1503 1662 1537 ascendunt
1684 1515 1797 1549 {esque
1823 1504 1876 1537 (nl
1893 1504 2024 1546 coelos,
2049 1512 2084 1539 et
2099 1505 2159 1539 (lc-

1153 1565 1334 1599 scemllmt
1367 1576 1481 1611 usque
1515 1564 1568 1597 ad
1601 1561 1757 1609 abgam«.
1800 1566 1940 1597 Anima
1969 1576 2091 1598 corum
2122 1568 2159 1599 in

1155 1625 1264 1658 malis
1283 1622 1495 1658 tabescebat
1506 1637 1520 1667 >⁶
1535 1621 1671 1657 turbati
1686 1629 1791 1665 sunm
1811 1630 1849 1657 et
1866 1623 2049 1658 motislmt
2068 1628 2161 1659 slent

1156 1682 1296 1728 ebrius,
1320 1692 1355 1719 ec
1375 1686 1494 1718 omnis
1520 1686 1709 1730 sapientia
1730 1695 1854 1716 eorum
1878 1683 2051 1718 devorata
2065 1693 2116 1718 est
2132 1690 2156 1718 ².

1155 1746 1201 1780 Et
1214 1743 1300 1780 ideo
1316 1757 1392 1779 non
1402 1742 1618 1792 judicabam
1630 1771 1639 1788 ‚
1653 1749 1695 1778 ut
1709 1741 1846 1777 assolet
1861 1756 1870 1787 3
1888 1741 2004 1790 magis
2016 1742 2158 1792 quippe

1156 1803 1203 1841 ad
1226 1804 1526 1854 compassionem
1552 1815 1611 1838 me
1637 1799 1871 1851 provocabat
1898 1799 2158 1850 hujuscemodi

1156 1864 1335 1913 cogitatio
1360 1878 1366 1900 :
1389 1863 1450 1910 Si,
1475 1863 1631 1911 inquam
1647 1891 1656 1908 ‚
1679 1860 1837 1897 tentatio
1866 1869 1922 1897 est
1941 1859 2159 1909 cujuscum-

1155 1937 1229 1973 que
1249 1923 1415 1960 hominis
1436 1923 1514 1959 vita
1534 1934 1648 1971 super
1669 1918 1855 1966 terram33
1875 1920 2025 1969 quantis
2049 1929 2160 1971 puta·

1157 1985 1201 2021 tis
1226 1984 1405 2034 periculis
1435 1992 1539 2034 patet
1565 1982 1640 2018 vita
1670 1981 1883 2031 pontificis,
1905 1981 1965 2017 cui
1990 1982 2159 2018 omnium

73 2040 298 2080 obediamus
318 2044 532 2094 episeopis?
560 2043 674 2082 Unde
702 2044 792 2081 dare
806 2073 814 2089 ‚
838 2044 927 2081 inde
957 2052 994 2080 et
1016 2057 1086 2081 ne—
1106 2044 1134 2077 Β
1154 2058 1308 2082 necesse
1331 2053 1385 2081 est
1407 2043 1511 2080 ¹ferre
1534 2042 1786 2079 tentationes?
1807 2041 1840 2077 Si
1866 2054 1956 2090 ergo
1978 2042 2095 2079 latens
2122 2043 2159 2078 in

73 2115 160 2153 gare
188 2104 402 2154 compellor
430 2104 535 2154 quod
560 2105 748 2154 postulor.
771 2104 943 2141 Scribere
975 2113 1087 2141 tantae

73 2163 287 2210 altitudini,
320 2178 437 2214 supra
466 2178 526 2201 me
555 2173 640 2202 est:
663 2174 700 2202 et
729 2165 851 2202 eidem
885 2179 964 2202 non
995 2165 1089 2202 obe-

73 2223 177 2272 dire,
199 2234 333 2262 contra
355 2239 428 2263 me.
452 2225 669 2276 Utrobique
692 2227 906 2276 periculum
930 2241 937 2263 ι
961 2226 1026 2263 sed
1046 2227 1085 2262 in

72 2297 115 2321 ea
133 2294 242 2335 parte
268 2285 392 2335 majus
414 2287 614 2324 imminere
635 2287 801 2334 videtur,
826 2289 855 2324 si
883 2301 959 2324 non
990 2287 1085 2324 obc—

73 2344 191 2383 diero.
215 2349 296 2383 Hac
320 2346 449 2397 itaque
478 2348 610 2385 exiens
636 2361 712 2398 qua
745 2349 871 2385 minus
906 2357 1084 2398 apparet,

74 2405 168 2443 facio
198 2407 303 2456 quod
329 2406 487 2457 jubetis.
518 2411 592 2444 Dat
624 2408 768 2458 quippe
800 2410 936 2445 ausum
967 2409 1085 2458 ipsius

73 2465 267 2516 dignitatis
289 2467 494 2517 dignanter
513 2468 660 2505 indulta
684 2468 918 2505 familiaritas
934 2498 943 2515 ,
963 2477 999 2505 et
1022 2482 1084 2505 cx—

73 2534 178 2563 cusat
197 2528 537 2578 praesumptionen]
560 2529 766 2565 auctoritas
784 2529 1019 2580 imperantis.

459 2647 636 2686 CAPUT
667 2649 698 2686 I.

73 2775 215 2807 Arduum
235 2787 270 2807 ac
289 2776 498 2819 periculosum
515 2787 582 2808 esse
597 2788 711 2808 munus
724 2778 881 2820 episcopi;
905 2778 1037 2820 ideoque
1056 2778 1082 2808 ei

364 2830 454 2861 bonis
485 2831 667 2862 consiliariis
692 2843 782 2874 opus.

129 2951 160 2988 l.
182 2951 302 3001 Igitur
321 2964 368 2988 cx
395 2966 472 3002 quo
501 2953 607 3003 regni
633 2953 817 2989 coelorum
846 2955 968 2991 claves
998 2958 1079 2991 Deo

73 3019 226 3048 auctore
251 3010 361 3049 vobis
387 3013 543 3050 traditas
575 3014 792 3064 suscepistis
807 3043 816 3060 ‚
839 3028 881 3051 ac
900 3015 1010 3064 juxta
1030 3016 1082 3052 ri-

73 3077 152 3107 tum
177 3071 284 3108 sortis
303 3072 404 3110 illius
428 3074 620 3121 mulieris,
641 3088 794 3111 manum
822 3076 970 3112 mittere
1000 3090 1077 3112 coe-

72 3129 178 3179 pistis
207 3130 253 3167 ad
285 3131 444 3179 fortia¹;
479 3134 509 3170 si
542 3148 616 3184 qua
646 3148 715 3171 vos
746 3145 810 3172 aut
841 3136 960 3186 egisse
994 3150 1079 3186 quae

73 3202 148 3227 non
181 3190 393 3241 deberetis,
415 3202 481 3231 aut
500 3195 700 3245 pertulisse
728 3210 812 3246 quae
838 3197 989 3233 nolletis
1011 3210 1079 3233 au-

1155 2119 1340 2152 caverna,
1358 2115 1394 2142 et
1420 2105 1525 2155 quasi
1553 2103 1622 2141 snb
1643 2102 1770 2139 modio
1784 2130 1793 2146 ,
1818 2115 1895 2138 non
1917 2101 2071 2151 quidem
2102 2103 2159 2138 lu-

1155 2180 1265 2212 cens,
1290 2166 1353 2203 sed
1384 2166 1587 2214 fumigans,
1608 2171 1812 2200 ventorum
1843 2171 1966 2198 tamen
1993 2162 2158 2212 impetus

1154 2240 1223 2263 ner
1244 2227 1295 2263 sic
1321 2226 1510 2263 declinare
1532 2224 1700 2266 sufficio,
1724 2223 1789 2259 sed
1819 2222 2008 2258 continuis
2033 2230 2156 2258 tenta«

1154 2288 1301 2325 tionum
1334 2287 1520 2336 variisque
1556 2284 1730 2333 fatigatus
1760 2282 2004 2332 impulsibus,
2039 2283 2155 2319 instar

1152 2357 1269 2385 vento
1297 2348 1443 2398 agitatae
1472 2344 1691 2389 arundinis,
1714 2344 1783 2380 liae
1806 2344 1965 2392 illacque
1993 2343 2154 2380 circum-

1154 2409 1256 2446 feror
1286 2423 1294 2445 ι
1331 2408 1420 2458 quid
1461 2406 1605 2456 positus
1636 2417 1750 2453 supra
1784 2411 1975 2448 montem,
2008 2403 2152 2451 positus

1153 2482 1269 2519 supra
1289 2466 1587 2505 candelabrum?
1609 2464 1718 2502 Solus
1738 2463 1827 2498 mihi
1848 2462 2077 2508 serrandus,
2095 2476 2153 2498 so-

1151 2530 1209 2566 lus
1226 2537 1351 2566 tamen
1370 2528 1449 2577 ipsc
1468 2525 1557 2562 mihi
1580 2537 1660 2561 sum
1681 2521 1857 2559 scandalo
1870 2550 1878 2566 ‚
1900 2521 2002 2556 solus
2020 2521 2148 2566 taedio,

1153 2592 1256 2628 solus
1277 2590 1384 2626 oneri
1404 2598 1515 2637 atquc
1529 2585 1698 2636 periculo
1712 2613 1720 2629 ,
1739 2583 1787 2618 ita
1810 2590 1851 2618 ut
1868 2582 2033 2631 propriae
2055 2582 2150 2630 gulae

1151 2661 1189 2689 et
1208 2651 1334 2687 x‘entri
1350 2679 1358 2696 ‚
1377 2658 1413 2685 ct
1434 2648 1544 2685 oculo
1565 2642 1831 2683 scandalizanti
1849 2642 2066 2691 frequenter
2081 2642 2150 2678 ira-

1151 2713 1202 2749 sci
1217 2718 1404 2761 oporteat.
1424 2707 1569 2756 Quibus
1584 2718 1672 2754 ergo
1688 2703 1866 2739 molestiis
1886 2702 2047 2751 angitur,
2062 2702 2148 2751 qui-

1151 2774 1222 2811 bus
1251 2772 1443 2809 lacessitur
1472 2768 1644 2817 injuriis,
1667 2765 1725 2801 cui
1747 2765 1857 2799 etiam
1873 2792 1881 2808 ‚
1900 2762 1967 2799 etsi
1991 2762 2147 2811 propria

1099 2836 1126 2870 C
1148 2842 1315 2878 cessent,
1339 2842 1533 2879 nunquam
1555 2836 1678 2863 tamen
1709 2824 1754 2860 dc
1775 2823 1904 2859 alienis
1925 2822 2062 2858 desunt
2082 2822 2141 2857 fo-

1149 2897 1198 2933 ris
1228 2905 1385 2944 pugnae,
1415 2890 1513 2925 intus
1544 2886 1724 2922 timores?

1203 2955 1237 2991 2.
1261 2957 1390 3000 Nuper
1407 2957 1529 2985 autem
1549 2944 1658 2981 nobis
1679 2958 1699 2980 a
1716 2942 1848 2979 vestris
1866 2940 2036 2991 partibus
2055 2941 2144 2977 flare

1149 3015 1262 3065 coepit
1283 3025 1371 3048 aura
1392 3007 1605 3045 secundior.
1627 3002 1861 3042 Rumoribus
1882 3001 2065 3051 siquidem
2091 3015 2147 3037 re-

1147 3071 1378 3113 centioribus
1411 3068 1584 3104 nuntiata
1609 3074 1698 3102 sunt
1727 3064 1772 3100 de
1803 3061 1908 3098 subis
1938 3062 2048 3097 solito
2079 3062 2144 3096 ize-

1148 3136 1262 3180 tiora,
1282 3140 1317 3168 et
1338 3143 1415 3166 non
1436 3142 1481 3164 ex
1497 3127 1643 3163 incerto
1666 3126 1772 3161 samae
1786 3152 1795 3169 >
1814 3122 1877 3158 sed
1899 3134 1964 3157 ore
1980 3120 2145 3156 veridico

1147 3191 1374 3233 mum-abilis
1412 3187 1613 3226 Meldensis
1647 3183 1855 3236 episcopia.
1890 3185 2144 3228 Interrogatus

122 3322 131 3337 ¹
147 3319 238 3348 Prov.
253 3328 333 3348 xxxx
351 3342 359 3356 ‚
385 3321 438 3350 19.
452 3337 498 3342 —-—
514 3326 526 3342 ²
542 3321 625 3351 Psal.
644 3332 698 3352 ew
713 3346 720 3360 ‚
739 3325 794 3359 23,
813 3324 868 3357 26,
888 3324 942 3353 27.
962 3341 1005 3344 ᾖ
1023 3319 1036 3342 3
1053 3321 1114 3353 Jol)
1132 3333 1192 3354 vu,
1215 3325 1243 3351 1.

121 3380 133 3396 ἢ
153 3376 246 3408 Hand
266 3376 360 3408 (lubic
373 3378 546 3411 Burchardi
558 3404 565 3418 ,
582 3391 645 3411 non
659 3384 813 3412 Manassa*
829 3384 859 3412 II
877 3405 883 3419 ‚
903 3392 938 3411 ex
952 3381 1198 3417 Admoniti011c=‚
1219 3390 1251 3409 n.
1273 3381 1301 3408 5-
