2517 3936
81 229 175 266 1353

704 233 990 270 TRACTATUS
1021 238 1084 271 DE
1115 240 1385 277 DILIGEMJO
1419 245 1524 277 iil-21).

71 306 191 363 (quod
210 318 287 342 non
310 303 487 356 negatur)
507 304 624 341 velint
644 318 711 342 sua
730 320 890 357 corpora
914 311 1113 360 16661115-υᾝ

2048 257 2056 289 1
2069 257 2114 290 lis]
2130 257 2139 291 Ἰ

1119 313 1290 364 ι’11110165
1321 325 1433 365 atque
1459 320 1712 367 expeditiores·
1742 326 1823 360 laeti
1854 327 1898 362 ad
1927 330 2138 367 amandum.

70 379 132 412 se,
155 374 220 403 aut
240 373 342 402 certe
363 377 532 414 reelpere
551 363 766 401 desulerent
786 375 822 402 et
842 377 1013 416 sperent3
1033 369 1078 405 11·
1093 378 1126 410 A
1146 378 1265 411 Porro
1287 389 1363 424 prce
1386 378 1554 426 utrisque
1577 381 1710 415 merito
1732 384 1973 423 nominantur
2000 397 2035 424 et
2055 400 2141 426 sunt

66 435 162 477 quet
178 426 313 476 procul
330 424 448 462 dubio
465 424 629 460 necdum
647 438 668 461 a
683 438 721 461 se
737 426 827 474 ipsis
844 427 996 474 penitus
1017 429 1080 464 im-

71 494 253 531 mutatas,
276 484 415 535 quibus
434 492 580 521 constat
597 484 759 520 necdum
777 486 929 534 penitus
951 487 1079 525 deesse

69 547 118 584 de
137 545 317 597 proprio,
334 558 412 595 quo
429 545 488 581 vel
506 543 654 580 modice
671 544 832 589 intentio
848 546 1077 583 reflectatur.

69 611 202 645 Donec
219 620 311 656 ergo
330 605 508 655 absorpta
526 604 573 641 sit
589 617 693 641 mors
709 604 748 641 in
764 605 942 652 victoria,
960 615 997 642 et
1013 620 1081 643 no-

69 666 139 704 ctis
164 666 335 716 undique
355 665 539 702 terminos
567 665 629 700 lux
660 664 840 714 perennis
868 665 1022 702 invadat
1042 674 1079 702 et

70 734 234 777 occupet
260 738 557 775 usquequaque,
578 733 765 774 quatenus
787 733 824 760 et
841 725 880 761 in
902 726 1078 774 corpori-

69 785 142 824 bus
168 786 289 836 gloria
319 785 482 822 coelestis
512 785 711 834 effulgeat3
734 797 811 821 non
844 782 1005 834 possunt
1034 785 1080 821 e'x

71 855 151 883 toto
179 846 314 884 animae
343 859 382 882 se
409 846 510 895 ipsas
537 858 754 895 exponere,
775 854 813 882 et
844 846 1004 881 transire
1039 845 1077 881 in

69 909 216 952 Deum,
236 906 416 943 nimirum
436 905 558 955 ligatae
578 903 806 955 corporibus
832 904 945 941 etiam
968 913 1076 949 tunc,

20 998 27 1003 .
68 967 140 1005 etsi
166 980 245 1005 non
270 967 348 1003 vita
370 967 430 1003 vel
448 979 582 1013 sensu,
605 974 707 1003 certe
738 966 877 1002 affectu
900 965 1082 1009 naturali,

38 1937 41 1943 '
68 1939 283 1978 mortuum,
315 1932 416 1968 valet
450 1940 487 1969 et
512 1932 776 1968 resuscitatum
800 1946 808 1967 ε

67 1028 122 1064 ita
140 1035 183 1065 ut
212 1026 356 1077 absque
381 1027 439 1064 his
459 1040 530 1063 nec
560 1027 697 1072 velint,
725 1040 794 1063 nec
814 1026 963 1062 valeant
990 1039 1083 1061 con-

70 1160 149 1184 non
174 1147 247 1184 erit
267 1147 330 1184 ille
351 1146 520 1184 defectus
549 1147 785 1192 animorum,
805 1147 868 1196 qui
888 1147 1080 1196 perfectus

68 1215 107 1245 et
133 1220 306 1244 summus
332 1215 389 1244 est
407 1207 578 1258 ipsorum
601 1216 721 1245 status
742 1222 750 1244 ε
772 1221 842 1243 1166
862 1206 986 1244 carnis
1000 1206 1079 1256 jam

69 1282 158 1306 sane
185 1268 420 1305 consortium
442 1268 599 1318 spiritns
624 1268 859 1317 requireret,
884 1268 915 1304 si
939 1267 1081 1317 absque

67 1328 132 1365 illa
151 1337 495 1366 consummaretur.
514 1329 724 1366 Enimvero
742 1327 885 1378 absque
905 1329 1081 1378 prosectu

68 1387 204 1425 animae
220 1401 291 1425 nec
308 1388 468 1439 ponitur
483 1403 624 1439 corpus
637 1418 647 1435 ,
671 1402 742 1426 nec
761 1389 979 1426 resumitur.
1003 1392 1081 1425 De—

69 1447 185 1498 nique
204 1448 371 1498 pretiosa
398 1449 438 1485 in
459 1458 669 1499 conspectu
685 1450 841 1487 Domini
865 1463 969 1486 mors
991 1464 1080 1487 san-

68 1517 219 1546 ctorum
240 1508 323 1558 ejus
339 1516 365 1546 ¹.
383 1510 496 1558 Quod
518 1510 548 1546 si
564 1523 667 1547 mors
680 1511 862 1561 pretiosa,
881 1510 975 1560 quial
993 1512 1080 1556 vita,

69 1577 107 1606 et
132 1569 198 1606 illa
215 1569 320 1606 vita?
345 1573 423 1607 Nec
447 1570 586 1607 mirum
617 1571 646 1607 si
677 1584 817 1621 corpus
843 1570 923 1620 jam
952 1571 1081 1620 gloriae

68 1629 243 1666 conferre
262 1628 417 1667 videtur
435 1629 607 1680 spiritui,
630 1630 737 1679 quod
761 1639 799 1667 et
823 1630 1017 1678 infirmum
1045 1638 1082 1666 et

68 1689 230 1727 mortale
246 1698 396 1727 constat
408 1690 481 1741 ipsi
498 1704 575 1727 non
596 1690 839 1727 mediocriter
855 1690 1029 1727 valuisse.
1049 1694 1080 1729 O

67 1763 182 1800 quam
199 1763 334 1789 verum
355 1751 507 1788 locutus
531 1760 588 1789 est
609 1751 675 1801 qui
699 1751 816 1798 dixit,
836 1751 1080 1802 diligentibus

67 1813 191 1848 Deum
207 1811 336 1848 omnia
353 1811 553 1861 cooperari
571 1812 609 1847 in
624 1811 769 1848 bonum
790 1818 816 1848 ².
831 1812 940 1849 Valet
955 1816 1078 1849 Deum

1146 432 1374 477 charissimi,
1404 435 1468 483 qui
1504 445 1652 484 recepta
1678 437 1754 485 jau·
1785 442 1947 478 secunda
1971 446 2084 489 stola,
2105 448 2140 482 iu

1146 492 1370 542 corporibus
1392 494 1523 543 utique
1544 508 1628 531 611111
1650 497 1767 544 gloria
1797 504 2013 549 resmnpiis,
2040 514 2141 541 tauns»

1145 552 1184 587 in
1204 553 1272 589 Dei
1290 553 1464 589 seruntur
1483 568 1649 590 amorem
1670 556 1864 593 liberiores
1881 569 1915 594 et
1933 562 2141 610 alac-riores,

1146 620 1290 660 quanto
1305 621 1341 649 et
1356 613 1401 649 de
1418 615 1576 663 proprio
1593 615 1642 650 nil
1655 614 1732 663 jam
1749 618 1936 655 residuum
1953 630 2025 665 est,
2040 624 2139 670 quod

1145 684 1210 707 eos
1228 671 1465 721 aliquatenus
1480 674 1655 710 sollicitet
1671 676 1728 711 vel
1748 677 1922 713 retardet.
1939 680 2143 728 (311011111ιί-

1146 729 1231 767 (16111
1256 740 1390 768 neuter
1410 731 1479 769 sibi
1512 733 1747 782 reliquorum
1777 744 1939 773 statuum
1960 739 2143 784 studit-at,

1146 804 1230 827 cum
1250 792 1340 828 etin
1358 793 1477 842 priori
1493 807 1632 843 corpus
1652 809 1737 831 611111
1756 795 1884 833 labore
1902 807 2092 846 portetur,
2110 809 2146 835 tt

1146 850 1182 885 in
1207 852 1374 888 secundo
1395 866 1548 902 quoque
1569 867 1647 890 non
1671 855 1749 891 sine
1768 858 2001 906 proprietate
2021 860 2145 909 aliqua

1147 909 1321 947 desiderii
1342 921 1593 962 exspectetur.

1201 971 1262 1007 32.
1285 971 1409 1008 Primo
1437 987 1527 1022 ergo
1547 973 1664 1027 fidelis
1683 975 1806 1011 anima
1825 977 1987 1013 comedit
2007 992 2142 1027 panem

1149 1043 1256 1066 51111111
1271 1060 1279 1076 ,
1299 1032 1363 1067 sed
1384 1032 1472 1068 heu!
1493 1034 1529 1069 in
1558 1033 1695 1070 sudore
1726 1036 1849 1071 vultus
1877 1037 1944 1072 sui.
1967 1041 2008 1073 111
2031 1052 2142 1075 carm¹

33 1108 39 1111 -
68 1087 263 1124 summari.
283 1090 418 1138 Itaque
432 1095 520 1123 ante
537 1086 854 1123 restaurationem
876 1099 1083 1135 corporum
1104 1088 1132 1122 B
1148 1090 1289 1140 quippe
1307 1105 1462 1129 manens
1476 1093 1597 1129 adhuc
1615 1093 1782 1130 ambulat
1798 1108 1866 1144 per
1884 1096 1992 1132 tidem
2004 1127 2012 1143 ‚
2028 1112 2139 1146 quam

1147 1164 1234 1187 sane
1255 1154 1403 1201 operari
1424 1167 1492 1202 per
1510 1154 1749 1189 dilectionem
1770 1168 1920 1192 neccsse
1949 1165 2002 1192 est
2026 1172 2032 1193 2
2054 1159 2142 1206 qnia

1147 1211 1177 1246 si
1199 1224 1275 1247 non
1297 1221 1494 1261 operatur,
1518 1221 1666 1248 mortua
1683 1222 1749 1249 est.
1767 1217 1885 1250 Porro
1903 1215 2023 1264 ipsum
2047 1231 2143 1266 (111115

1148 1269 1254 1307 cibus
1275 1280 1352 1317 est,
1375 1272 1521 1307 (licente
1543 1273 1705 1309 Domino
1728 1288 1734 1309 ε
1759 1275 1865 1309 Meas
1888 1275 1985 1310 cibus
2010 1287 2079 1320 (nst,
2105 1288 2142 1311 m

1138 1332 1285 1379 sociam
1304 1334 1528 1367 volunlatem
1559 1334 1684 1367 Patris
1712 1332 1831 1369 111c·i⁴'.
1860 1334 2002 1370 Debiue
2032 1350 2142 1371 carne

1148 1399 1260 1428 exuta
1272 1391 1348 1439 J'am
1374 1405 1470 1440 pane
1488 1391 1631 1428 doloris
1648 1405 1724 1428 non
1746 1391 1910 1438 cibatur,
1931 1393 1994 1429 sed
2013 1395 2140 1431 viuum

1150 1450 1309 1493 amoris,
1333 1458 1511 1499 tanquam
1537 1459 1623 1499 post
1649 1449 1797 1495 cibum,
1824 1452 1971 1500 plenius
1994 1453 2142 1489 haurire

1149 1510 1398 1558 permittitur,
1420 1524 1497 1547 non
1524 1524 1663 1560 purum
1690 1520 1833 1557 tamen,
1858 1511 1922 1548 sed
1949 1514 2142 1561 quomodo

1149 1569 1218 1606 sub
1240 1571 1369 1620 sponsi
1394 1572 1547 1608 nomine
1568 1572 1607 1607 in
1632 1572 1792 1609 Canticis
1813 1572 1951 1608 dictum
1978 1573 2111 1621 legitur
2135 1589 2142 1610 ;

1148 1629 1236 1665 Βὶὸί
1259 1635 1385 1666 villum
1412 1645 1530 1666 meam
1559 1645 1637 1666 cum
1663 1634 1757 1666 lacte
1783 1630 1896 1667 mco5.
1924 1632 2027 1672 Vino,
2043 1633 2141 1669 enim

1148 1689 1267 1726 divini
1311 1690 1448 1727 amoris
1487 1691 1597 1727 etiam
1638 1700 1728 1727 tunc
1765 1691 1888 1728 anima
1922 1693 2140 1729 suavitatem

1149 1751 1330 1787 naturalis
1360 1751 1544 1787 immiscet
1583 1751 1810 1796 affectionis,
1845 1765 1920 1800 qua
1953 1766 2141 1789 resumere

1147 1824 1287 1861 corpus
1308 1824 1435 1857 suum,
1458 1811 1656 1860 ipsumque
1679 1811 1927 1860 glorificatum
1946 1812 2141 1848 desiderat.

68 1869 241 1920 diligenti
258 1872 395 1908 animae
409 1885 551 1922 corpus
567 1885 676 1908 suum
695 1872 890 1908 infirmum
903 1902 912 1918 ,
928 1873 1027 1909 valet
1044 1881 1081 1909 et
1102 1873 1128 1907 C
1148 1874 1296 1909 AEstuat
1322 1885 1411 1921 ergo
1431 1871 1508 1920 jam
1537 1879 1625 1907 tunc
1646 1879 1782 1908 sanctae
1810 1871 1997 1908 charitatis
2021 1880 2147 1921 potata

839 1932 965 1981 primo
993 1932 1081 1981 qui-

66 1990 156 2028 dem
184 1991 230 2028 ad
261 1992 428 2029 fructum
458 1991 714 2042 poenitentiae,
742 1991 910 2028 secundo
940 1991 986 2028 ad
1019 2005 1081 2029 re·-

67 2050 217 2100 quiem,
243 2060 440 2102 postremo
467 2052 515 2089 ad
541 2052 922 2088 consummationem.
943 2053 1081 2089 Merito

68 2111 150 2148 sine
165 2112 232 2149 illo
250 2113 384 2163 perfici
403 2126 481 2150 non
495 2113 600 2159 vult,
624 2113 729 2162 quod
747 2113 787 2149 in
802 2113 909 2150 omni
923 2121 1023 2150 statu
1042 2113 1081 2149 in

67 2169 215 2209 bonum
235 2172 308 2210 sibi
325 2173 542 2210 subservire
561 2173 759 2224 persentit.

122 2233 186 2270 31.
206 2237 336 2271 Bonus
355 2235 468 2284 plane
487 2234 662 2284 fidusque
680 2247 806 2271 comes
824 2247 913 2271 caro
930 2234 1082 2284 spiritui

67 2291 192 2341 bono,
213 2308 300 2344 quae
327 2295 452 2345 ipsum
472 2303 538 2332 aut
564 2295 595 2332 si
623 2303 780 2341 onerat,
798 2293 928 2343 juvat,
959 2303 1025 2331 aiut
1050 2295 1080 2331 si

69 2367 148 2391 non
163 2354 295 2405 juvat,
316 2364 520 2401 exonerat3
544 2364 610 2392 aut
635 2364 737 2392 certe
753 2354 882 2405 juvat,
906 2364 941 2392 et
965 2355 1080 2392 mini-

68 2427 128 2452 me
148 2424 296 2452 onerat.
317 2416 467 2453 Primus
496 2424 617 2453 status
644 2415 879 2461 laboriosus,
904 2416 969 2453 sed
1000 2417 1081 2452 fru—

66 2483 245 2513 ctuosus:
263 2477 453 2514 secundus
469 2477 636 2523 otiosus,
654 2477 719 2514 sed
737 2477 894 2514 minime
913 2477 1080 2515 fastidio-

65 2547 159 2571 sus:
187 2536 321 2573 tertius
351 2544 389 2572 et
417 2536 618 2586 gloriosus.
649 2535 749 2573 Audi
776 2544 812 2572 et
835 2549 1019 2585 sponsum
1040 2536 1079 2572 in

65 2594 228 2632 Canticis
245 2595 292 2631 ad
316 2596 534 2645 profectum
555 2596 658 2633 hunc
679 2596 887 2632 trimodum
909 2595 1078 2632 invitan-

1150 1931 1260 1977 vino,
1281 1932 1345 1968 sed
1362 1932 1474 1982 plane
1502 1931 1671 1967 nondum
1692 1944 1811 1980 usque
1838 1931 1883 1967 ad
1903 1930 2120 1968 ebrietatem
2140 1947 2147 1967 :

1149 1992 1330 2040 quoniam
1354 2000 1538 2042 temperat
1559 1991 1709 2027 interim
1726 1991 1897 2027 ardorem
1916 1992 2022 2027 illum
2038 1990 2149 2039 hujus

1149 2051 1255 2089 lactis
1272 2052 1488 2101 permixtio.
1507 2050 1676 2087 Ebrietas
1692 2051 1854 2099 denique
1870 2051 1967 2087 solet
1981 2059 2150 2087 evertere

1149 2121 1309 2158 mentes,
1333 2121 1447 2162 atque
1467 2113 1624 2148 omnino
1646 2110 1802 2147 reddere
1823 2111 2062 2147 immemores
2080 2112 2147 2147 sui.

1148 2173 1198 2209 At
1223 2186 1300 2209 non
1333 2186 1379 2209 ex
1409 2181 1488 2209 toto
1516 2172 1572 2208 sui
1594 2170 1708 2207 oblita
1738 2179 1810 2214 est,
1841 2183 1924 2218 quce
1952 2170 2074 2206 adhue
2101 2170 2147 2206 de

1149 2233 1309 2283 proprio
1346 2245 1507 2282 corpore
1543 2231 1678 2279 cogitat
1707 2229 1934 2265 suscitando.
1962 2231 2144 2265 Caeterum

1149 2293 1222 2330 1106
1254 2293 1415 2343 adepto,
1437 2291 1540 2341 quod
1569 2291 1688 2327 solum
1721 2289 1849 2337 utique
1877 2288 2024 2335 deerat,
2055 2289 2145 2337 quid

1145 2352 1223 2402 jam
1242 2353 1401 2403 impedit
1416 2366 1437 2388 a
1453 2366 1490 2388 se
1507 2352 1585 2401 ipsa
1602 2347 1883 2399 quodammodo
1899 2347 2000 2383 abire
2013 2376 2022 2392 ,
2040 2356 2075 2383 et
2093 2348 2145 2385 ire

1150 2422 1266 2451 totam
1289 2415 1325 2450 111
1354 2418 1495 2458 Deum,
1518 2424 1638 2459 eoque
1667 2409 1734 2445 sibi
1762 2408 1912 2457 penitus
1939 2407 2142 2443 dissimilli-

1149 2487 1248 2510 mam
1267 2474 1366 2519 fieri,
1391 2486 1468 2522 quo
1490 2475 1570 2508 Deo
1594 2469 1816 2506 simillimam
1838 2467 1933 2502 effici
1959 2466 2142 2502 donatur?

1147 2538 1241 2571 Tum
1270 2534 1421 2570 demum
1453 2531 1498 2567 ad
1531 2538 1710 2566 crateram
1741 2526 1899 2562 admissa
1926 2525 2139 2574 sapientiae,

1145 2596 1247 2632 illam
1275 2595 1320 2631 de
1351 2608 1424 2643 qua
1447 2592 1597 2641 legitur,
1620 2591 1671 2623 Ec
1697 2590 1799 2622 calis
1824 2599 1924 2620 meus
1953 2585 2140 2619 inebrians

9 2655 11 2666 '
43 2661 154 2691 ·tem.
181 2655 384 2700 Comeclite,
411 2656 558 2705 inquit,
580 2659 714 2701 amici,
739 2666 775 2692 et
798 2656 932 2699 biham
956 2664 989 2692 el
1011 2660 1069 2691 in—
1090 2664 1120 2697 D
1138 2670 1249 2705 quam
1271 2657 1479 2704 praeclarus
1502 2649 1597 2687 estol
1617 2648 1707 2698 quid
1734 2659 1869 2683 nurum
1890 2658 1969 2693 Jam
1996 2658 2023 2681 51
2056 2657 2138 2680 1116-

65 2715 280 2761 ebriamiui‚
306 2717 516 2753 charissimi
536 2715 563 2754 3.
585 2716 820 2754 Laborantes
844 2717 883 2753 in
911 2730 1075 2767 corpore

64 2784 177 2812 vocat
197 2776 246 2813 ad
263 2775 391 2813 cibum
414 2792 422 2814 :
439 2775 520 2825 jam
545 2778 670 2827 posito
691 2790 854 2827 corpore
875 2777 1075 2827 quiescen-

65 2842 120 2871 tes
132 2835 180 2871 ad
193 2844 328 2885 potum
342 2837 478 2873 invitat
493 2852 501 2874 :
517 2846 754 2874 resumentes
765 2850 929 2887 corpora
939 2866 948 2883 ,
964 2836 1076 2872 etiam

65 2901 108 2930 ut
123 2894 364 2932 inebrientur
381 2896 569 2947 impellit:
591 2910 688 2947 quos
707 2906 744 2934 et
767 2905 878 2934 vocat
901 2896 1077 2933 charissi-

65 2967 170 3002 mos,
191 2955 372 2993 nimirum
395 2957 576 2994 charitate
595 2958 849 3008 plenissimos.
871 2961 965 2995 “Nam
987 2956 1076 2992 etin

64 3016 229 3063 caeteris,
245 3029 344 3066 quos
364 3030 443 3054 non
461 3017 721 3064 charissimos,
748 3018 812 3055 sed
835 3017 978 3053 amicos
1006 3029 1075 3065 ap—

64 3075 203 3124 pellat,
219 3075 435 3115 differentia
453 3085 510 3114 est
525 3092 533 3113 :
548 3086 592 3114 ut
604 3078 642 3114 hi
660 3077 814 3127 quidem
829 3077 895 3126 qui
910 3076 948 3112 in
965 3088 1077 3111 carne

65 3134 189 3172 adhuc
202 3137 347 3185 gravati
360 3145 538 3186 gemunt,
557 3137 662 3174 chari
676 3137 889 3174 habeantur
906 3148 976 3185 pro
995 3134 1078 3170 eha-

65 3194 175 3232 ritate
196 3209 311 3245 quam
330 3196 473 3234 habent
493 3212 501 3234 :
522 3199 588 3247 qui
607 3211 700 3234 vero
718 3197 796 3246 jam
819 3197 934 3233 soluti
955 3194 1078 3231 carnis

66 3255 250 3306 compede
269 3265 382 3303 sunt,
403 3270 450 3294 eo
471 3258 547 3295 sint
566 3258 776 3303 chariores,
793 3270 870 3306 quo
890 3265 925 3292 et
946 3267 1077 3305 prom—

120 3387 130 3403 ¹
146 3383 228 3415 Psal.
246 3395 321 3419 CXV,
345 3388 396 3416 15.
412 3405 454 3408 —
476 3392 488 3407 ²
504 3389 692 3424 Rou1.v111,
711 3389 763 3417 28.
782 3405 822 3407 —
844 3383 986 3414 3t3amic.
1004 3396 1033 3415 v.
1057 3381 1279 3413 1.--Ᾰ1υῑιῠ-
1301 3390 1345 3415 lv,
1365 3378 1419 3407 34·
1438 3393 1479 3396 *-

1144 2716 1290 2752 111-131111
1312 2714 1358 2751 ab
1380 2712 1550 2749 ubertate
1568 2710 1700 2745 domus
1716 2706 1798 2751 Dei,
1817 2718 1901 2741 cum
1919 2705 2020 2741 nulla
2037 2717 2136 2740 mor-

1144 2777 1257 2813 dente
1279 2788 1369 2812 cura
1390 2773 1434 2809 de
1463 2770 1633 2821 proprio,
1659 2780 1787 2804 secura
1816 2764 1909 2801 bibit
1940 2777 2077 2813 purum
2100 2772 2137 2800 et

1143 2849 1286 2873 novum
1310 2832 1401 2870 illud
1428 2845 1512 2867 611111
1534 2829 1678 2866 Christo
1698 2827 1734 2862 in
1758 2838 1874 2873 regno
1891 2824 2008 2861 Patris
2026 2823 2134 2872 ejus?

1198 2898 1258 2933 33.
1291 2898 1371 2931 Hoc
1408 2905 1497 2928 vero
1536 2887 1755 2925 convivium
1791 2884 1930 2933 triplex
1969 2883 2133 2919 celebrat

1144 2955 1354 3005 Sapientia,
1376 2960 1411 2988 et
1442 2964 1486 2987 ex
1520 2961 1597 2985 una
1628 2946 1795 2995 complet
1825 2944 2025 2989 charitate,
2054 2943 2132 2991 ipsa

1144 3015 1271 3052 cibans
1307 3012 1544 3053 laborantes,
1585 3008 1667 3056 ipsa
1703 3013 1837 3055 potans
1875 3003 2132 3052 quiescentes,

1143 3077 1224 3126 ipsa
1250 3079 1454 3121 regnantes
1481 3067 1684 3105 inebrians.
1708 3064 1911 3113 Quomodo
1938 3071 2060 3098 autem
2093 3062 2129 3096 111

1144 3132 1319 3170 convii-io
1347 3127 1536 3178 corporali
1556 3134 1642 3165 ante
1670 3124 1774 3160 cibus
1794 3135 1904 3171 quam
1926 3129 2037 3170 potus
2065 3132 2130 3182 ap-

1144 3192 1312 3242 ponitur,
1337 3188 1516 3238 quoniam
1539 3194 1575 3222 et
1608 3185 1670 3221 tali
1699 3182 1831 3219 ordine
1853 3189 1983 3216 natura
2011 3191 2130 3241 requi-

1145 3251 1216 3296 rit,
1237 3250 1287 3286 ita
1308 3257 1344 3285 et
1372 3247 1444 3283 hic.
1467 3245 1592 3283 Primo
1617 3241 1769 3292 quidem
1800 3247 1884 3275 ante
1905 3244 2061 3273 mortem
2091 3249 2127 3270 111

1497 3371 1508 3393 5
1524 3372 1639 3404 Cantic,
1659 3380 1687 3399 1.
1716 3372 1739 3398 1,
1764 3385 1802 3388 2
1824 3363 1838 3387 6
1852 3364 2036 3397 Ρ5ῖ11.1ω;11,
2062 3365 2089 3389 5.
