<?xml version="1.0" encoding="UTF-8"?>
<!DOCTYPE html PUBLIC "-//W3C//DTD XHTML 1.0 Transitional//EN"
    "http://www.w3.org/TR/xhtml1/DTD/xhtml1-transitional.dtd">
<html xmlns="http://www.w3.org/1999/xhtml" xml:lang="en" lang="en">
 <head>
  <title>
</title>
<meta http-equiv="Content-Type" content="text/html;charset=utf-8" />
  <meta name='ocr-system' content='tesseract 3.04.00' />
  <meta name='ocr-capabilities' content='ocr_page ocr_carea ocr_par ocr_line ocrx_word'/>
</head>
<body>
  <div class='ocr_page' id='page_1' title='image "./operaomniapostho01bernuoft_0311.png"; bbox 0 0 2565 3952; ppageno 0'>
   <div class='ocr_carea' id='block_1_1' title="bbox 67 103 141 141">
    <p class='ocr_par' dir='ltr' id='par_1_1' title="bbox 67 103 141 141">
     <span class='ocr_line' id='line_1_1' title="bbox 67 103 141 141; baseline -0.014 0"><span class='ocrx_word' id='word_1_1' title='bbox 67 103 141 141; x_wconf 83' lang='lat'>605</span> 
     </span>
    </p>
   </div>
   <div class='ocr_carea' id='block_1_2' title="bbox 66 174 1115 222">
    <p class='ocr_par' dir='ltr' id='par_1_2' title="bbox 66 174 1115 222">
     <span class='ocr_line' id='line_1_2' title="bbox 66 174 1115 222; baseline -0.008 -4"><span class='ocrx_word' id='word_1_2' title='bbox 66 186 164 222; x_wconf 87' lang='lat' dir='ltr'>Deus</span> <span class='ocrx_word' id='word_1_3' title='bbox 187 178 420 215; x_wconf 87' lang='lat' dir='ltr'>desiderium</span> <span class='ocrx_word' id='word_1_4' title='bbox 449 185 624 214; x_wconf 82' lang='lat' dir='ltr'>nostrum</span> <span class='ocrx_word' id='word_1_5' title='bbox 639 204 647 220; x_wconf 90' lang='lat'><strong>‚</strong></span> <span class='ocrx_word' id='word_1_6' title='bbox 666 176 845 212; x_wconf 70' lang='lat' dir='ltr'>Ecclesiae</span> <span class='ocrx_word' id='word_1_7' title='bbox 868 174 1115 221; x_wconf 65' lang='grc' dir='ltr'>111111316111,’-’υ</span> 
     </span>
    </p>
   </div>
   <div class='ocr_carea' id='block_1_3' title="bbox 981 100 1244 135">
    <p class='ocr_par' dir='ltr' id='par_1_3' title="bbox 981 100 1244 135">
     <span class='ocr_line' id='line_1_3' title="bbox 981 100 1244 135; baseline 0.011 -3"><span class='ocrx_word' id='word_1_8' title='bbox 981 100 1244 135; x_wconf 69' lang='grc' dir='ltr'>Ε])Ι.ςΤΟΙ,,Έ.</span> 
     </span>
    </p>
   </div>
   <div class='ocr_carea' id='block_1_4' title="bbox 2090 109 2168 145">
    <p class='ocr_par' dir='ltr' id='par_1_4' title="bbox 2090 109 2168 145">
     <span class='ocr_line' id='line_1_4' title="bbox 2090 109 2168 145; baseline 0.013 -1"><span class='ocrx_word' id='word_1_9' title='bbox 2090 109 2168 145; x_wconf 75' lang='grc'>(306</span> 
     </span>
    </p>
   </div>
   <div class='ocr_carea' id='block_1_5' title="bbox 1122 175 2169 230">
    <p class='ocr_par' dir='ltr' id='par_1_5' title="bbox 1122 175 2169 230">
     <span class='ocr_line' id='line_1_5' title="bbox 1122 175 2169 230; baseline 0.012 -19"><span class='ocrx_word' id='word_1_10' title='bbox 1122 175 1327 226; x_wconf 75' lang='lat' dir='ltr'>&#39;‘quequo,</span> <span class='ocrx_word' id='word_1_11' title='bbox 1354 178 1510 214; x_wconf 85' lang='lat' dir='ltr'>domine</span> <span class='ocrx_word' id='word_1_12' title='bbox 1528 206 1537 223; x_wconf 91' lang='lat'>,</span> <span class='ocrx_word' id='word_1_13' title='bbox 1573 180 1732 229; x_wconf 73' lang='lat' dir='ltr'>clypeus</span> <span class='ocrx_word' id='word_1_14' title='bbox 1757 185 2009 230; x_wconf 85' lang='lat' dir='ltr'>protectionis</span> <span class='ocrx_word' id='word_1_15' title='bbox 2035 196 2169 224; x_wconf 78' lang='lat' dir='ltr'>vestrae</span> 
     </span>
    </p>
   </div>
   <div class='ocr_carea' id='block_1_6' title="bbox 62 235 2168 291">
    <p class='ocr_par' dir='ltr' id='par_1_6' title="bbox 62 235 2168 291">
     <span class='ocr_line' id='line_1_6' title="bbox 62 235 2168 291; baseline 0.005 -17"><span class='ocrx_word' id='word_1_16' title='bbox 62 252 98 282; x_wconf 79' lang='lat' dir='ltr'>et</span> <span class='ocrx_word' id='word_1_17' title='bbox 124 239 220 280; x_wconf 70' lang='lat' dir='ltr'>Urbi</span> <span class='ocrx_word' id='word_1_18' title='bbox 253 238 382 275; x_wconf 91' lang='lat' dir='ltr'>dando</span> <span class='ocrx_word' id='word_1_19' title='bbox 410 250 557 288; x_wconf 81' lang='lat' dir='ltr'><strong>pacem.</strong></span> <span class='ocrx_word' id='word_1_20' title='bbox 580 240 675 274; x_wconf 72' lang='lat' dir='ltr'>Nam</span> <span class='ocrx_word' id='word_1_21' title='bbox 702 236 767 272; x_wconf 89' lang='lat' dir='ltr'>illa</span> <span class='ocrx_word' id='word_1_22' title='bbox 793 235 853 272; x_wconf 89' lang='lat' dir='ltr'>die</span> <span class='ocrx_word' id='word_1_23' title='bbox 883 235 949 271; x_wconf 84' lang='lat' dir='ltr'>filii</span> <span class='ocrx_word' id='word_1_24' title='bbox 976 235 1077 272; x_wconf 86' lang='lat' dir='ltr'>Petri</span> <span class='ocrx_word' id='word_1_25' title='bbox 1098 237 1124 270; x_wconf 88' lang='lat' dir='ltr'><strong>A</strong></span> <span class='ocrx_word' id='word_1_26' title='bbox 1147 249 1225 273; x_wconf 91' lang='lat' dir='ltr'>non</span> <span class='ocrx_word' id='word_1_27' title='bbox 1256 238 1497 288; x_wconf 74' lang='lat' dir='ltr'>opponitur?</span> <span class='ocrx_word' id='word_1_28' title='bbox 1529 252 1731 289; x_wconf 88' lang='lat' dir='ltr'>usquequo</span> <span class='ocrx_word' id='word_1_29' title='bbox 1758 244 2072 291; x_wconf 78' lang='lat' dir='ltr'>conculcabitur,</span> <span class='ocrx_word' id='word_1_30' title='bbox 2098 260 2168 284; x_wconf 83' lang='lat' dir='ltr'>nec</span> 
     </span>
    </p>
   </div>
   <div class='ocr_carea' id='block_1_7' title="bbox 57 295 1079 957">
    <p class='ocr_par' dir='ltr' id='par_1_7' title="bbox 57 295 1079 957">
     <span class='ocr_line' id='line_1_7' title="bbox 61 295 1079 346; baseline -0.008 -7"><span class='ocrx_word' id='word_1_31' title='bbox 61 302 195 343; x_wconf 83' lang='lat' dir='ltr'><strong>Leonis</strong></span> <span class='ocrx_word' id='word_1_32' title='bbox 231 313 364 336; x_wconf 83' lang='lat' dir='ltr'>omnes</span> <span class='ocrx_word' id='word_1_33' title='bbox 397 298 510 335; x_wconf 88' lang='lat' dir='ltr'>simul</span> <span class='ocrx_word' id='word_1_34' title='bbox 545 297 847 334; x_wconf 70' lang='lat' dir='ltr'>luuniliaverunt</span> <span class='ocrx_word' id='word_1_35' title='bbox 878 309 916 333; x_wconf 88' lang='lat' dir='ltr'>se</span> <span class='ocrx_word' id='word_1_36' title='bbox 941 295 989 332; x_wconf 90' lang='lat' dir='ltr'>ad</span> <span class='ocrx_word' id='word_1_37' title='bbox 1014 309 1079 346; x_wconf 86' lang='lat' dir='ltr'>pe-</span> 
     </span>
     <span class='ocr_line' id='line_1_8' title="bbox 61 357 1074 410; baseline -0.008 -9"><span class='ocrx_word' id='word_1_38' title='bbox 61 364 123 402; x_wconf 87' lang='lat' dir='ltr'>des</span> <span class='ocrx_word' id='word_1_39' title='bbox 145 360 291 399; x_wconf 87' lang='lat' dir='ltr'>domini</span> <span class='ocrx_word' id='word_1_40' title='bbox 312 364 424 410; x_wconf 71' lang='lat' dir='ltr'>Papae</span> <span class='ocrx_word' id='word_1_41' title='bbox 438 387 447 404; x_wconf 90' lang='lat'>,</span> <span class='ocrx_word' id='word_1_42' title='bbox 468 367 505 395; x_wconf 90' lang='lat' dir='ltr'>et</span> <span class='ocrx_word' id='word_1_43' title='bbox 529 359 616 395; x_wconf 86' lang='lat' dir='ltr'>facti</span> <span class='ocrx_word' id='word_1_44' title='bbox 643 358 819 394; x_wconf 88' lang='lat' dir='ltr'>homines</span> <span class='ocrx_word' id='word_1_45' title='bbox 845 357 929 407; x_wconf 85' lang='lat' dir='ltr'>ejus</span> <span class='ocrx_word' id='word_1_46' title='bbox 949 357 1074 407; x_wconf 67' lang='lat' dir='ltr'>ligii³1‚</span> 
     </span>
     <span class='ocr_line' id='line_1_9' title="bbox 57 419 1074 476; baseline -0.008 -14"><span class='ocrx_word' id='word_1_47' title='bbox 57 425 278 476; x_wconf 73' lang='lat' dir='ltr'>J&#39;uraverunt</span> <span class='ocrx_word' id='word_1_48' title='bbox 298 421 331 457; x_wconf 91' lang='lat' dir='ltr'>ei</span> <span class='ocrx_word' id='word_1_49' title='bbox 351 420 478 469; x_wconf 79' lang='lat' dir='ltr'>ligiam</span> <span class='ocrx_word' id='word_1_50' title='bbox 506 419 742 456; x_wconf 81' lang='lat' dir='ltr'>fidelitatem.</span> <span class='ocrx_word' id='word_1_51' title='bbox 761 419 897 456; x_wconf 79' lang='lat' dir='ltr'>Clerici</span> <span class='ocrx_word' id='word_1_52' title='bbox 918 431 1074 468; x_wconf 87' lang='lat' dir='ltr'>quoque</span> 
     </span>
     <span class='ocr_line' id='line_1_10' title="bbox 61 479 1073 537; baseline -0.005 -15"><span class='ocrx_word' id='word_1_53' title='bbox 61 485 123 537; x_wconf 90' lang='lat' dir='ltr'>qui</span> <span class='ocrx_word' id='word_1_54' title='bbox 147 484 186 520; x_wconf 91' lang='lat' dir='ltr'>in</span> <span class='ocrx_word' id='word_1_55' title='bbox 206 482 407 520; x_wconf 81' lang='lat' dir='ltr'>schismate</span> <span class='ocrx_word' id='word_1_56' title='bbox 435 488 564 525; x_wconf 88' lang='lat' dir='ltr'>erant,</span> <span class='ocrx_word' id='word_1_57' title='bbox 599 480 710 517; x_wconf 86' lang='lat' dir='ltr'>simul</span> <span class='ocrx_word' id='word_1_58' title='bbox 731 493 817 516; x_wconf 90' lang='lat' dir='ltr'>cum</span> <span class='ocrx_word' id='word_1_59' title='bbox 841 479 945 516; x_wconf 89' lang='lat' dir='ltr'>idolo</span> <span class='ocrx_word' id='word_1_60' title='bbox 967 479 1073 529; x_wconf 87' lang='lat' dir='ltr'>quod</span> 
     </span>
     <span class='ocr_line' id='line_1_11' title="bbox 62 539 1072 591; baseline -0.007 -8"><span class='ocrx_word' id='word_1_61' title='bbox 62 540 316 587; x_wconf 69' lang='lat' dir='ltr'>erexerantb,</span> <span class='ocrx_word' id='word_1_62' title='bbox 353 541 599 577; x_wconf 79' lang='lat' dir='ltr'>humiliantes</span> <span class='ocrx_word' id='word_1_63' title='bbox 630 553 669 576; x_wconf 90' lang='lat' dir='ltr'>se</span> <span class='ocrx_word' id='word_1_64' title='bbox 702 539 749 576; x_wconf 91' lang='lat' dir='ltr'>ad</span> <span class='ocrx_word' id='word_1_65' title='bbox 778 540 895 591; x_wconf 89' lang='lat' dir='ltr'>pedes</span> <span class='ocrx_word' id='word_1_66' title='bbox 924 540 1072 576; x_wconf 89' lang='lat' dir='ltr'>domini</span> 
     </span>
     <span class='ocr_line' id='line_1_12' title="bbox 59 601 1073 656; baseline -0.006 -13"><span class='ocrx_word' id='word_1_67' title='bbox 59 609 186 656; x_wconf 87' lang='lat' dir='ltr'>Papae,</span> <span class='ocrx_word' id='word_1_68' title='bbox 215 602 475 640; x_wconf 81' lang='lat' dir='ltr'>obedientiam</span> <span class='ocrx_word' id='word_1_69' title='bbox 504 602 537 638; x_wconf 89' lang='lat' dir='ltr'>ci</span> <span class='ocrx_word' id='word_1_70' title='bbox 560 601 672 651; x_wconf 71' lang='lat' dir='ltr'>juxta</span> <span class='ocrx_word' id='word_1_71' title='bbox 704 615 850 638; x_wconf 83' lang='lat' dir='ltr'>morem</span> <span class='ocrx_word' id='word_1_72' title='bbox 880 601 1073 651; x_wconf 81' lang='lat' dir='ltr'>promise—</span> 
     </span>
     <span class='ocr_line' id='line_1_13' title="bbox 59 662 1074 713; baseline -0.005 -9"><span class='ocrx_word' id='word_1_73' title='bbox 59 674 166 712; x_wconf 88' lang='lat' dir='ltr'>runt,</span> <span class='ocrx_word' id='word_1_74' title='bbox 183 672 220 702; x_wconf 88' lang='lat' dir='ltr'>et</span> <span class='ocrx_word' id='word_1_75' title='bbox 238 664 335 701; x_wconf 86' lang='lat' dir='ltr'>sacta</span> <span class='ocrx_word' id='word_1_76' title='bbox 352 671 408 700; x_wconf 90' lang='lat' dir='ltr'>est</span> <span class='ocrx_word' id='word_1_77' title='bbox 425 663 556 699; x_wconf 63' lang='lat' dir='ltr'>laetitia</span> <span class='ocrx_word' id='word_1_78' title='bbox 573 676 710 712; x_wconf 75' lang='lat' dir='ltr'>magna</span> <span class='ocrx_word' id='word_1_79' title='bbox 728 662 767 698; x_wconf 89' lang='lat' dir='ltr'>in</span> <span class='ocrx_word' id='word_1_80' title='bbox 786 663 947 713; x_wconf 88' lang='lat' dir='ltr'>populo.</span> <span class='ocrx_word' id='word_1_81' title='bbox 965 666 1074 700; x_wconf 91' lang='lat' dir='ltr'>Hanc</span> 
     </span>
     <span class='ocr_line' id='line_1_14' title="bbox 59 723 1073 778; baseline -0.002 -15"><span class='ocrx_word' id='word_1_82' title='bbox 59 739 185 778; x_wconf 82' lang='lat' dir='ltr'>pacem</span> <span class='ocrx_word' id='word_1_83' title='bbox 218 724 290 761; x_wconf 91' lang='lat' dir='ltr'>nisi</span> <span class='ocrx_word' id='word_1_84' title='bbox 320 737 406 760; x_wconf 86' lang='lat' dir='ltr'>cum</span> <span class='ocrx_word' id='word_1_85' title='bbox 431 723 597 773; x_wconf 89' lang='lat' dir='ltr'>quadam</span> <span class='ocrx_word' id='word_1_86' title='bbox 628 723 854 771; x_wconf 78' lang='lat' dir='ltr'>securitate,</span> <span class='ocrx_word' id='word_1_87' title='bbox 881 723 1073 761; x_wconf 87' lang='lat' dir='ltr'>occultata</span> 
     </span>
     <span class='ocr_line' id='line_1_15' title="bbox 58 783 1072 834; baseline -0.004 -9"><span class='ocrx_word' id='word_1_88' title='bbox 58 796 179 826; x_wconf 80' lang='lat' dir='ltr'>tamen</span> <span class='ocrx_word' id='word_1_89' title='bbox 214 785 280 822; x_wconf 89' lang='lat' dir='ltr'>diu</span> <span class='ocrx_word' id='word_1_90' title='bbox 308 799 330 822; x_wconf 92' lang='lat' dir='ltr'>a</span> <span class='ocrx_word' id='word_1_91' title='bbox 352 784 464 822; x_wconf 88' lang='lat' dir='ltr'>nobis</span> <span class='ocrx_word' id='word_1_92' title='bbox 478 814 488 831; x_wconf 94' lang='lat'>,</span> <span class='ocrx_word' id='word_1_93' title='bbox 509 784 878 834; x_wconf 71' lang='lat' dir='ltr'>exspectavissemus</span> <span class='ocrx_word' id='word_1_94' title='bbox 892 814 901 830; x_wconf 90' lang='lat'>,</span> <span class='ocrx_word' id='word_1_95' title='bbox 919 783 1072 834; x_wconf 85' lang='lat' dir='ltr'>jamdu-</span> 
     </span>
     <span class='ocr_line' id='line_1_16' title="bbox 57 844 1071 895; baseline -0.006 -8"><span class='ocrx_word' id='word_1_96' title='bbox 57 849 144 888; x_wconf 89' lang='lat' dir='ltr'>dum</span> <span class='ocrx_word' id='word_1_97' title='bbox 165 847 415 884; x_wconf 86' lang='lat' dir='ltr'>venissemus.</span> <span class='ocrx_word' id='word_1_98' title='bbox 436 849 493 883; x_wconf 90' lang='lat' dir='ltr'>De</span> <span class='ocrx_word' id='word_1_99' title='bbox 515 854 655 882; x_wconf 85' lang='lat' dir='ltr'>caetero</span> <span class='ocrx_word' id='word_1_100' title='bbox 675 844 755 894; x_wconf 79' lang='lat' dir='ltr'>jam</span> <span class='ocrx_word' id='word_1_101' title='bbox 777 845 871 881; x_wconf 86' lang='lat' dir='ltr'>nihil</span> <span class='ocrx_word' id='word_1_102' title='bbox 893 853 949 882; x_wconf 90' lang='lat' dir='ltr'>est</span> <span class='ocrx_word' id='word_1_103' title='bbox 965 845 1071 895; x_wconf 90' lang='lat' dir='ltr'>quod</span> 
     </span>
     <span class='ocr_line' id='line_1_17' title="bbox 57 906 1070 957; baseline -0.004 -9"><span class='ocrx_word' id='word_1_104' title='bbox 57 922 124 948; x_wconf 87' lang='lat' dir='ltr'>nos</span> <span class='ocrx_word' id='word_1_105' title='bbox 150 908 212 946; x_wconf 88' lang='lat' dir='ltr'>hic</span> <span class='ocrx_word' id='word_1_106' title='bbox 237 908 420 946; x_wconf 85' lang='lat' dir='ltr'>detineat.</span> <span class='ocrx_word' id='word_1_107' title='bbox 448 907 562 945; x_wconf 89' lang='lat' dir='ltr'>Facio</span> <span class='ocrx_word' id='word_1_108' title='bbox 587 906 692 957; x_wconf 86' lang='lat' dir='ltr'>quod</span> <span class='ocrx_word' id='word_1_109' title='bbox 718 907 938 957; x_wconf 82' lang='lat' dir='ltr'>imperastis</span> <span class='ocrx_word' id='word_1_110' title='bbox 962 922 969 944; x_wconf 90' lang='lat'>:</span> <span class='ocrx_word' id='word_1_111' title='bbox 994 911 1070 944; x_wconf 68' lang='lat' dir='ltr'>Ve-</span> 
     </span>
    </p>
   </div>
   <div class='ocr_carea' id='block_1_8' title="bbox 56 968 1118 1015">
    <p class='ocr_par' dir='ltr' id='par_1_8' title="bbox 56 968 1118 1015">
     <span class='ocr_line' id='line_1_18' title="bbox 56 968 1118 1015; baseline -0.002 -6"><span class='ocrx_word' id='word_1_112' title='bbox 56 971 152 1010; x_wconf 83' lang='lat' dir='ltr'>niam</span> <span class='ocrx_word' id='word_1_113' title='bbox 170 969 356 1007; x_wconf 81' lang='lat' dir='ltr'>vertimus</span> <span class='ocrx_word' id='word_1_114' title='bbox 376 969 414 1005; x_wconf 91' lang='lat' dir='ltr'>in</span> <span class='ocrx_word' id='word_1_115' title='bbox 438 968 574 1006; x_wconf 82' lang='lat' dir='ltr'>Venio.</span> <span class='ocrx_word' id='word_1_116' title='bbox 595 971 692 1005; x_wconf 87' lang='lat' dir='ltr'>Ecce</span> <span class='ocrx_word' id='word_1_117' title='bbox 712 968 812 1005; x_wconf 86' lang='lat' dir='ltr'>enim</span> <span class='ocrx_word' id='word_1_118' title='bbox 835 968 950 1004; x_wconf 78' lang='lat' dir='ltr'>venio</span> <span class='ocrx_word' id='word_1_119' title='bbox 968 968 1043 1005; x_wconf 89' lang='lat' dir='ltr'>cito</span> <span class='ocrx_word' id='word_1_120' title='bbox 1059 998 1068 1015; x_wconf 92' lang='lat'>,</span> <span class='ocrx_word' id='word_1_121' title='bbox 1090 973 1118 1007; x_wconf 89' lang='lat' dir='ltr'>B</span> 
     </span>
    </p>
   </div>
   <div class='ocr_carea' id='block_1_9' title="bbox 44 1021 1072 1508">
    <p class='ocr_par' dir='ltr' id='par_1_9' title="bbox 44 1021 1072 1508">
     <span class='ocr_line' id='line_1_19' title="bbox 44 1021 1072 1075; baseline -0.006 -5"><span class='ocrx_word' id='word_1_122' title='bbox 44 1021 163 1070; x_wconf 63' lang='lat' dir='ltr'>&gt;etiam</span> <span class='ocrx_word' id='word_1_123' title='bbox 183 1039 220 1068; x_wconf 87' lang='lat' dir='ltr'>et</span> <span class='ocrx_word' id='word_1_124' title='bbox 241 1042 387 1067; x_wconf 84' lang='lat' dir='ltr'>merces</span> <span class='ocrx_word' id='word_1_125' title='bbox 408 1042 495 1066; x_wconf 89' lang='lat' dir='ltr'>mea</span> <span class='ocrx_word' id='word_1_126' title='bbox 514 1042 665 1066; x_wconf 87' lang='lat' dir='ltr'>mecum</span> <span class='ocrx_word' id='word_1_127' title='bbox 683 1037 761 1075; x_wconf 88' lang='lat' dir='ltr'>est,</span> <span class='ocrx_word' id='word_1_128' title='bbox 776 1028 939 1065; x_wconf 70' lang='lat' dir='ltr'>victoria</span> <span class='ocrx_word' id='word_1_129' title='bbox 960 1028 1072 1067; x_wconf 88' lang='lat' dir='ltr'>Chri-</span> 
     </span>
     <span class='ocr_line' id='line_1_20' title="bbox 54 1090 1071 1142; baseline -0.005 -11"><span class='ocrx_word' id='word_1_130' title='bbox 54 1093 119 1140; x_wconf 86' lang='lat' dir='ltr'>sti,</span> <span class='ocrx_word' id='word_1_131' title='bbox 135 1100 172 1130; x_wconf 90' lang='lat' dir='ltr'>et</span> <span class='ocrx_word' id='word_1_132' title='bbox 187 1105 264 1142; x_wconf 75' lang='lat' dir='ltr'>pax</span> <span class='ocrx_word' id='word_1_133' title='bbox 283 1090 480 1128; x_wconf 75' lang='lat' dir='ltr'>Ecclesiae.</span> <span class='ocrx_word' id='word_1_134' title='bbox 501 1093 616 1128; x_wconf 72' lang='lat' dir='ltr'>Sexta</span> <span class='ocrx_word' id='word_1_135' title='bbox 635 1091 728 1127; x_wconf 87' lang='lat' dir='ltr'>feria</span> <span class='ocrx_word' id='word_1_136' title='bbox 743 1099 831 1141; x_wconf 90' lang='lat' dir='ltr'>post</span> <span class='ocrx_word' id='word_1_137' title='bbox 845 1090 945 1128; x_wconf 88' lang='lat' dir='ltr'>diem</span> <span class='ocrx_word' id='word_1_138' title='bbox 962 1091 1071 1127; x_wconf 89' lang='lat' dir='ltr'>illum</span> 
     </span>
     <span class='ocr_line' id='line_1_21' title="bbox 54 1152 1070 1206; baseline -0.005 -13"><span class='ocrx_word' id='word_1_139' title='bbox 54 1166 221 1206; x_wconf 82' lang='lat' dir='ltr'>egressus</span> <span class='ocrx_word' id='word_1_140' title='bbox 242 1162 300 1191; x_wconf 86' lang='lat' dir='ltr'>est</span> <span class='ocrx_word' id='word_1_141' title='bbox 319 1161 453 1190; x_wconf 89' lang='lat' dir='ltr'>noster</span> <span class='ocrx_word' id='word_1_142' title='bbox 471 1152 518 1189; x_wconf 90' lang='lat' dir='ltr'>de</span> <span class='ocrx_word' id='word_1_143' title='bbox 537 1152 703 1189; x_wconf 71' lang='lat' dir='ltr'>civitate.</span> <span class='ocrx_word' id='word_1_144' title='bbox 721 1155 856 1201; x_wconf 86' lang='lat' dir='ltr'>Itaque</span> <span class='ocrx_word' id='word_1_145' title='bbox 873 1152 1070 1188; x_wconf 69' lang='lat' dir='ltr'>venientes</span> 
     </span>
     <span class='ocr_line' id='line_1_22' title="bbox 53 1213 1072 1263; baseline -0.005 -10"><span class='ocrx_word' id='word_1_146' title='bbox 53 1215 246 1254; x_wconf 79' lang='lat' dir='ltr'>veniemus</span> <span class='ocrx_word' id='word_1_147' title='bbox 267 1228 354 1252; x_wconf 89' lang='lat' dir='ltr'>cum</span> <span class='ocrx_word' id='word_1_148' title='bbox 374 1214 631 1251; x_wconf 75' lang='lat' dir='ltr'>exsultatione</span> <span class='ocrx_word' id='word_1_149' title='bbox 644 1243 654 1259; x_wconf 86' lang='lat'>,</span> <span class='ocrx_word' id='word_1_150' title='bbox 674 1221 875 1263; x_wconf 85' lang='lat' dir='ltr'>portantes</span> <span class='ocrx_word' id='word_1_151' title='bbox 892 1213 1072 1263; x_wconf 89' lang='lat' dir='ltr'>manipu-</span> 
     </span>
     <span class='ocr_line' id='line_1_23' title="bbox 53 1273 1067 1326; baseline -0.006 -12"><span class='ocrx_word' id='word_1_152' title='bbox 53 1277 107 1315; x_wconf 90' lang='lat' dir='ltr'>los</span> <span class='ocrx_word' id='word_1_153' title='bbox 131 1275 248 1326; x_wconf 85' lang='lat' dir='ltr'>pacis.</span> <span class='ocrx_word' id='word_1_154' title='bbox 273 1279 321 1312; x_wconf 89' lang='lat' dir='ltr'>Et</span> <span class='ocrx_word' id='word_1_155' title='bbox 348 1275 429 1311; x_wconf 91' lang='lat' dir='ltr'>haec</span> <span class='ocrx_word' id='word_1_156' title='bbox 450 1274 606 1324; x_wconf 87' lang='lat' dir='ltr'>quidem</span> <span class='ocrx_word' id='word_1_157' title='bbox 635 1273 754 1310; x_wconf 71' lang='lat' dir='ltr'>verba</span> <span class='ocrx_word' id='word_1_158' title='bbox 777 1273 940 1324; x_wconf 86' lang='lat' dir='ltr'>pulchra</span> <span class='ocrx_word' id='word_1_159' title='bbox 957 1282 1067 1318; x_wconf 89' lang='lat' dir='ltr'>sunt,</span> 
     </span>
     <span class='ocr_line' id='line_1_24' title="bbox 53 1335 1070 1388; baseline -0.005 -13"><span class='ocrx_word' id='word_1_160' title='bbox 53 1337 115 1376; x_wconf 86' lang='lat' dir='ltr'>sed</span> <span class='ocrx_word' id='word_1_161' title='bbox 141 1336 365 1388; x_wconf 77' lang='lat' dir='ltr'>pulchriora</span> <span class='ocrx_word' id='word_1_162' title='bbox 393 1344 484 1373; x_wconf 90' lang='lat' dir='ltr'>sunt</span> <span class='ocrx_word' id='word_1_163' title='bbox 502 1336 612 1372; x_wconf 85' lang='lat' dir='ltr'>facta.</span> <span class='ocrx_word' id='word_1_164' title='bbox 631 1335 784 1372; x_wconf 87' lang='lat' dir='ltr'>Etenim</span> <span class='ocrx_word' id='word_1_165' title='bbox 803 1343 880 1371; x_wconf 92' lang='lat' dir='ltr'>tam</span> <span class='ocrx_word' id='word_1_166' title='bbox 904 1335 1070 1385; x_wconf 87' lang='lat' dir='ltr'>pulchra</span> 
     </span>
     <span class='ocr_line' id='line_1_25' title="bbox 52 1395 1067 1448; baseline -0.005 -12"><span class='ocrx_word' id='word_1_167' title='bbox 52 1406 158 1445; x_wconf 89' lang='lat' dir='ltr'>sunt,</span> <span class='ocrx_word' id='word_1_168' title='bbox 176 1406 220 1435; x_wconf 89' lang='lat' dir='ltr'>ut</span> <span class='ocrx_word' id='word_1_169' title='bbox 239 1397 413 1448; x_wconf 87' lang='lat' dir='ltr'>quisquis</span> <span class='ocrx_word' id='word_1_170' title='bbox 439 1409 518 1433; x_wconf 89' lang='lat' dir='ltr'>non</span> <span class='ocrx_word' id='word_1_171' title='bbox 541 1396 694 1432; x_wconf 83' lang='lat' dir='ltr'>laetatur</span> <span class='ocrx_word' id='word_1_172' title='bbox 719 1395 757 1432; x_wconf 91' lang='lat' dir='ltr'>in</span> <span class='ocrx_word' id='word_1_173' title='bbox 779 1395 856 1443; x_wconf 90' lang='lat' dir='ltr'>eis,</span> <span class='ocrx_word' id='word_1_174' title='bbox 880 1403 945 1432; x_wconf 85' lang='lat' dir='ltr'>aut</span> <span class='ocrx_word' id='word_1_175' title='bbox 968 1395 1067 1432; x_wconf 89' lang='lat' dir='ltr'>stul—</span> 
     </span>
     <span class='ocr_line' id='line_1_26' title="bbox 53 1457 604 1508; baseline -0.007 -10"><span class='ocrx_word' id='word_1_176' title='bbox 53 1467 108 1498; x_wconf 88' lang='lat' dir='ltr'>tus</span> <span class='ocrx_word' id='word_1_177' title='bbox 126 1459 196 1507; x_wconf 89' lang='lat' dir='ltr'>sit,</span> <span class='ocrx_word' id='word_1_178' title='bbox 216 1467 282 1496; x_wconf 87' lang='lat' dir='ltr'>aut</span> <span class='ocrx_word' id='word_1_179' title='bbox 297 1471 479 1508; x_wconf 86' lang='lat' dir='ltr'>nequam.</span> <span class='ocrx_word' id='word_1_180' title='bbox 500 1457 604 1495; x_wconf 89' lang='lat' dir='ltr'>Vale.</span> 
     </span>
    </p>
   </div>
   <div class='ocr_carea' id='block_1_10' title="bbox 54 1598 846 1613">
    <p class='ocr_par' dir='ltr' id='par_1_10' title="bbox 54 1598 846 1613">
     <span class='ocr_line' id='line_1_27' title="bbox 54 1598 846 1613; baseline -0.006 -2"><span class='ocrx_word' id='word_1_181' title='bbox 54 1599 421 1613; x_wconf 52' lang='lat' dir='ltr'>§suun-sununasunnxmumxx</span> <span class='ocrx_word' id='word_1_182' title='bbox 427 1599 481 1608; x_wconf 67' lang='lat'>====</span> <span class='ocrx_word' id='word_1_183' title='bbox 485 1599 539 1608; x_wconf 59' lang='grc' dir='ltr'>ιιιι</span> <span class='ocrx_word' id='word_1_184' title='bbox 543 1599 569 1607; x_wconf 66' lang='grc' dir='ltr'>ιι</span> <span class='ocrx_word' id='word_1_185' title='bbox 573 1598 685 1607; x_wconf 48' lang='grc' dir='ltr'>νιιιιιικ</span> <span class='ocrx_word' id='word_1_186' title='bbox 691 1598 729 1607; x_wconf 61' lang='lat' dir='ltr'>xxs</span> <span class='ocrx_word' id='word_1_187' title='bbox 734 1598 817 1607; x_wconf 64' lang='lat'>======</span> <span class='ocrx_word' id='word_1_188' title='bbox 836 1599 846 1607; x_wconf 61' lang='grc' dir='ltr'>ι</span> 
     </span>
    </p>
   </div>
   <div class='ocr_carea' id='block_1_11' title="bbox 135 1722 978 1781">
    <p class='ocr_par' dir='ltr' id='par_1_11' title="bbox 135 1722 978 1781">
     <span class='ocr_line' id='line_1_28' title="bbox 135 1722 978 1781; baseline 0.002 -3"><span class='ocrx_word' id='word_1_189' title='bbox 135 1722 521 1780; x_wconf 82' lang='lat' dir='ltr'>EPISTOLA</span> <span class='ocrx_word' id='word_1_190' title='bbox 572 1723 919 1781; x_wconf 72' lang='lat' dir='ltr'>CCCXVIH</span> <span class='ocrx_word' id='word_1_191' title='bbox 944 1722 978 1780; x_wconf 52' lang='grc' dir='ltr'>Γ</span> 
     </span>
    </p>
   </div>
   <div class='ocr_carea' id='block_1_12' title="bbox 296 1887 799 1911">
    <p class='ocr_par' dir='ltr' id='par_1_12' title="bbox 296 1887 799 1911">
     <span class='ocr_line' id='line_1_29' title="bbox 296 1887 799 1911; baseline -0.002 0"><span class='ocrx_word' id='word_1_192' title='bbox 296 1888 345 1911; x_wconf 80' lang='grc' dir='ltr'>ΔΒ</span> <span class='ocrx_word' id='word_1_193' title='bbox 366 1888 490 1910; x_wconf 75' lang='grc' dir='ltr'><strong>ΡΑΡΑΜ</strong></span> <span class='ocrx_word' id='word_1_194' title='bbox 514 1887 785 1911; x_wconf 65' lang='lat' dir='ltr'>INNOCENTIUM</span> <span class='ocrx_word' id='word_1_195' title='bbox 792 1904 799 1911; x_wconf 87' lang='lat'>.</span> 
     </span>
    </p>
   </div>
   <div class='ocr_carea' id='block_1_13' title="bbox 48 2003 1062 2091">
    <p class='ocr_par' dir='ltr' id='par_1_13' title="bbox 48 2003 1062 2091">
     <span class='ocr_line' id='line_1_30' title="bbox 48 2003 1062 2048; baseline 0 -12"><span class='ocrx_word' id='word_1_196' title='bbox 48 2003 202 2036; x_wconf 77' lang='lat' dir='ltr'>Remensis</span> <span class='ocrx_word' id='word_1_197' title='bbox 213 2004 361 2036; x_wconf 85' lang='lat' dir='ltr'>Ecclesiae</span> <span class='ocrx_word' id='word_1_198' title='bbox 373 2004 515 2047; x_wconf 83' lang='lat' dir='ltr'>pericula</span> <span class='ocrx_word' id='word_1_199' title='bbox 531 2004 671 2036; x_wconf 86' lang='lat' dir='ltr'>insinuat</span> <span class='ocrx_word' id='word_1_200' title='bbox 684 2030 692 2043; x_wconf 90' lang='lat'>‚</span> <span class='ocrx_word' id='word_1_201' title='bbox 709 2010 740 2036; x_wconf 86' lang='lat' dir='ltr'>et</span> <span class='ocrx_word' id='word_1_202' title='bbox 756 2011 914 2036; x_wconf 83' lang='lat' dir='ltr'>maturam</span> <span class='ocrx_word' id='word_1_203' title='bbox 934 2016 1027 2048; x_wconf 90' lang='lat' dir='ltr'>opem</span> <span class='ocrx_word' id='word_1_204' title='bbox 1045 2016 1062 2036; x_wconf 84' lang='lat' dir='ltr'>a</span> 
     </span>
     <span class='ocr_line' id='line_1_31' title="bbox 370 2058 726 2091; baseline 0 0"><span class='ocrx_word' id='word_1_205' title='bbox 370 2058 524 2091; x_wconf 85' lang='lat' dir='ltr'>Pontifice</span> <span class='ocrx_word' id='word_1_206' title='bbox 559 2059 726 2091; x_wconf 81' lang='lat' dir='ltr'>desiderat.</span> 
     </span>
    </p>
   </div>
   <div class='ocr_carea' id='block_1_14' title="bbox 47 2180 1061 2356">
    <p class='ocr_par' dir='ltr' id='par_1_14' title="bbox 47 2180 1061 2356">
     <span class='ocr_line' id='line_1_32' title="bbox 47 2180 1059 2231; baseline 0.001 -14"><span class='ocrx_word' id='word_1_207' title='bbox 47 2180 312 2218; x_wconf 74' lang='lat' dir='ltr'>Amantissimo</span> <span class='ocrx_word' id='word_1_208' title='bbox 362 2181 464 2231; x_wconf 86' lang='lat' dir='ltr'>patri</span> <span class='ocrx_word' id='word_1_209' title='bbox 513 2190 551 2218; x_wconf 92' lang='lat' dir='ltr'>et</span> <span class='ocrx_word' id='word_1_210' title='bbox 608 2182 768 2219; x_wconf 87' lang='lat' dir='ltr'>domino</span> <span class='ocrx_word' id='word_1_211' title='bbox 820 2185 1059 2219; x_wconf 65' lang='lat' dir='ltr'>Ixxoci-:xrxo</span> 
     </span>
     <span class='ocr_line' id='line_1_33' title="bbox 93 2242 1061 2289; baseline 0.003 -11"><span class='ocrx_word' id='word_1_212' title='bbox 93 2255 242 2279; x_wconf 88' lang='lat' dir='ltr'>summo</span> <span class='ocrx_word' id='word_1_213' title='bbox 274 2242 476 2289; x_wconf 85' lang='lat' dir='ltr'>Pontifici,</span> <span class='ocrx_word' id='word_1_214' title='bbox 513 2242 632 2280; x_wconf 88' lang='lat' dir='ltr'>frater</span> <span class='ocrx_word' id='word_1_215' title='bbox 659 2247 885 2280; x_wconf 62' lang='lat' dir='ltr'>Bssamncs</span> <span class='ocrx_word' id='word_1_216' title='bbox 921 2245 1061 2282; x_wconf 61' lang='lat' dir='ltr'>Clara}—</span> 
     </span>
     <span class='ocr_line' id='line_1_34' title="bbox 91 2302 1060 2356; baseline 0.002 -16"><span class='ocrx_word' id='word_1_217' title='bbox 91 2302 206 2340; x_wconf 84' lang='lat' dir='ltr'>Vallis</span> <span class='ocrx_word' id='word_1_218' title='bbox 245 2311 407 2340; x_wconf 83' lang='lat' dir='ltr'>vocatus</span> <span class='ocrx_word' id='word_1_219' title='bbox 451 2302 592 2352; x_wconf 86' lang='lat' dir='ltr'>abbas,</span> <span class='ocrx_word' id='word_1_220' title='bbox 636 2304 834 2342; x_wconf 88' lang='lat' dir='ltr'>modicum</span> <span class='ocrx_word' id='word_1_221' title='bbox 876 2305 915 2342; x_wconf 87' lang='lat' dir='ltr'>id</span> <span class='ocrx_word' id='word_1_222' title='bbox 954 2305 1060 2356; x_wconf 86' lang='lat' dir='ltr'>quod</span> 
     </span>
    </p>
   </div>
   <div class='ocr_carea' id='block_1_15' title="bbox 92 2371 159 2400">
    <p class='ocr_par' dir='ltr' id='par_1_15' title="bbox 92 2371 159 2400">
     <span class='ocr_line' id='line_1_35' title="bbox 92 2371 159 2400; baseline 0 0"><span class='ocrx_word' id='word_1_223' title='bbox 92 2371 159 2400; x_wconf 81' lang='lat' dir='ltr'>est.</span> 
     </span>
    </p>
   </div>
   <div class='ocr_carea' id='block_1_16' title="bbox 11 2493 1061 2975">
    <p class='ocr_par' dir='ltr' id='par_1_16' title="bbox 11 2493 1061 2975">
     <span class='ocr_line' id='line_1_36' title="bbox 91 2493 1061 2543; baseline 0.002 -12"><span class='ocrx_word' id='word_1_224' title='bbox 91 2493 199 2532; x_wconf 87' lang='lat' dir='ltr'>Cadit</span> <span class='ocrx_word' id='word_1_225' title='bbox 227 2495 266 2532; x_wconf 89' lang='lat' dir='ltr'>in</span> <span class='ocrx_word' id='word_1_226' title='bbox 295 2495 497 2537; x_wconf 87' lang='lat' dir='ltr'>interitum</span> <span class='ocrx_word' id='word_1_227' title='bbox 525 2497 727 2534; x_wconf 89' lang='lat' dir='ltr'>Remensis</span> <span class='ocrx_word' id='word_1_228' title='bbox 753 2496 945 2543; x_wconf 84' lang='lat' dir='ltr'>Ecclesia,</span> <span class='ocrx_word' id='word_1_229' title='bbox 973 2496 1061 2533; x_wconf 88' lang='lat' dir='ltr'>data</span> 
     </span>
     <span class='ocr_line' id='line_1_37' title="bbox 45 2555 887 2608; baseline 0.004 -17"><span class='ocrx_word' id='word_1_230' title='bbox 45 2561 98 2592; x_wconf 86' lang='lat' dir='ltr'>est</span> <span class='ocrx_word' id='word_1_231' title='bbox 130 2555 170 2591; x_wconf 89' lang='lat' dir='ltr'>in</span> <span class='ocrx_word' id='word_1_232' title='bbox 209 2556 469 2607; x_wconf 89' lang='lat' dir='ltr'>opprobrium</span> <span class='ocrx_word' id='word_1_233' title='bbox 507 2558 641 2595; x_wconf 80' lang='lat' dir='ltr'>civitas</span> <span class='ocrx_word' id='word_1_234' title='bbox 678 2558 846 2608; x_wconf 80' lang='lat' dir='ltr'>gloriosa</span> <span class='ocrx_word' id='word_1_235' title='bbox 879 2572 887 2594; x_wconf 89' lang='lat'>:</span> 
     </span>
     <span class='ocr_line' id='line_1_38' title="bbox 37 2616 1059 2669; baseline 0.005 -18"><span class='ocrx_word' id='word_1_236' title='bbox 37 2616 323 2655; x_wconf 52' lang='lat' dir='ltr'>transeuntibus</span> <span class='ocrx_word' id='word_1_237' title='bbox 344 2631 415 2669; x_wconf 81' lang='lat' dir='ltr'>per</span> <span class='ocrx_word' id='word_1_238' title='bbox 434 2619 535 2655; x_wconf 70' lang='lat' dir='ltr'>viam</span> <span class='ocrx_word' id='word_1_239' title='bbox 548 2649 557 2666; x_wconf 91' lang='lat'>,</span> <span class='ocrx_word' id='word_1_240' title='bbox 576 2619 683 2669; x_wconf 90' lang='lat' dir='ltr'>quod</span> <span class='ocrx_word' id='word_1_241' title='bbox 708 2633 789 2656; x_wconf 92' lang='lat' dir='ltr'>non</span> <span class='ocrx_word' id='word_1_242' title='bbox 809 2619 857 2656; x_wconf 90' lang='lat' dir='ltr'>sit</span> <span class='ocrx_word' id='word_1_243' title='bbox 879 2618 992 2655; x_wconf 92' lang='lat' dir='ltr'>dolor</span> <span class='ocrx_word' id='word_1_244' title='bbox 1012 2619 1059 2656; x_wconf 88' lang='lat' dir='ltr'>si-</span> 
     </span>
     <span class='ocr_line' id='line_1_39' title="bbox 11 2675 1059 2730; baseline 0.005 -19"><span class='ocrx_word' id='word_1_245' title='bbox 11 2682 21 2710; x_wconf 84' lang='lat'>⁴:</span> <span class='ocrx_word' id='word_1_246' title='bbox 45 2675 135 2713; x_wconf 86' lang='lat' dir='ltr'>milis</span> <span class='ocrx_word' id='word_1_247' title='bbox 162 2677 287 2715; x_wconf 91' lang='lat' dir='ltr'>dolori</span> <span class='ocrx_word' id='word_1_248' title='bbox 314 2678 409 2729; x_wconf 86' lang='lat' dir='ltr'>ejus.</span> <span class='ocrx_word' id='word_1_249' title='bbox 437 2680 548 2718; x_wconf 91' lang='lat' dir='ltr'>Foris</span> <span class='ocrx_word' id='word_1_250' title='bbox 577 2681 679 2717; x_wconf 92' lang='lat' dir='ltr'>enim</span> <span class='ocrx_word' id='word_1_251' title='bbox 703 2693 868 2730; x_wconf 80' lang='lat' dir='ltr'>pugnae,</span> <span class='ocrx_word' id='word_1_252' title='bbox 888 2680 992 2716; x_wconf 90' lang='lat' dir='ltr'>intus</span> <span class='ocrx_word' id='word_1_253' title='bbox 1015 2680 1059 2716; x_wconf 87' lang='lat' dir='ltr'>ti-</span> 
     </span>
     <span class='ocr_line' id='line_1_40' title="bbox 37 2738 1058 2796; baseline 0.003 -23"><span class='ocrx_word' id='word_1_254' title='bbox 37 2748 174 2796; x_wconf 56' lang='lat' dir='ltr'>⁵mores.</span> <span class='ocrx_word' id='word_1_255' title='bbox 202 2738 277 2776; x_wconf 90' lang='lat' dir='ltr'>Sed</span> <span class='ocrx_word' id='word_1_256' title='bbox 303 2747 341 2776; x_wconf 86' lang='lat' dir='ltr'>et</span> <span class='ocrx_word' id='word_1_257' title='bbox 365 2739 471 2777; x_wconf 89' lang='lat' dir='ltr'>intus</span> <span class='ocrx_word' id='word_1_258' title='bbox 496 2753 658 2790; x_wconf 79' lang='lat' dir='ltr'>pugnae,</span> <span class='ocrx_word' id='word_1_259' title='bbox 681 2741 866 2790; x_wconf 88' lang='lat' dir='ltr'>quoniam</span> <span class='ocrx_word' id='word_1_260' title='bbox 889 2740 955 2776; x_wconf 90' lang='lat' dir='ltr'>filii</span> <span class='ocrx_word' id='word_1_261' title='bbox 975 2739 1058 2789; x_wconf 82' lang='lat' dir='ltr'>ejus</span> 
     </span>
     <span class='ocr_line' id='line_1_41' title="bbox 12 2801 1059 2852; baseline 0.004 -18"><span class='ocrx_word' id='word_1_262' title='bbox 12 2807 210 2848; x_wconf 13' lang='lat' dir='ltr'>&#39;inpugnant</span> <span class='ocrx_word' id='word_1_263' title='bbox 241 2809 376 2838; x_wconf 90' lang='lat' dir='ltr'>contra</span> <span class='ocrx_word' id='word_1_264' title='bbox 408 2815 515 2848; x_wconf 89' lang='lat' dir='ltr'>eam,</span> <span class='ocrx_word' id='word_1_265' title='bbox 545 2815 616 2838; x_wconf 90' lang='lat' dir='ltr'>nec</span> <span class='ocrx_word' id='word_1_266' title='bbox 647 2801 764 2838; x_wconf 86' lang='lat' dir='ltr'>habet</span> <span class='ocrx_word' id='word_1_267' title='bbox 791 2810 1059 2852; x_wconf 78' lang='lat' dir='ltr'>generatorem</span> 
     </span>
     <span class='ocr_line' id='line_1_42' title="bbox 11 2858 1056 2913; baseline 0.005 -18"><span class='ocrx_word' id='word_1_268' title='bbox 11 2859 15 2869; x_wconf 82' lang='lat'><strong><em>&#39;</em></strong></span> <span class='ocrx_word' id='word_1_269' title='bbox 43 2858 104 2907; x_wconf 87' lang='lat' dir='ltr'>qui</span> <span class='ocrx_word' id='word_1_270' title='bbox 127 2858 264 2898; x_wconf 87' lang='lat' dir='ltr'>liberet</span> <span class='ocrx_word' id='word_1_271' title='bbox 283 2875 367 2899; x_wconf 87' lang='lat' dir='ltr'>eam</span> <span class='ocrx_word' id='word_1_272' title='bbox 390 2877 398 2899; x_wconf 74' lang='grc' dir='ltr'>ε</span> <span class='ocrx_word' id='word_1_273' title='bbox 423 2863 537 2899; x_wconf 89' lang='lat' dir='ltr'>unica</span> <span class='ocrx_word' id='word_1_274' title='bbox 558 2876 644 2913; x_wconf 90' lang='lat' dir='ltr'>spes</span> <span class='ocrx_word' id='word_1_275' title='bbox 670 2862 754 2912; x_wconf 90' lang='lat' dir='ltr'>ejus</span> <span class='ocrx_word' id='word_1_276' title='bbox 778 2863 1030 2900; x_wconf 85' lang='lat' dir='ltr'>Innocentius</span> <span class='ocrx_word' id='word_1_277' title='bbox 1047 2893 1056 2910; x_wconf 93' lang='lat'>,</span> 
     </span>
     <span class='ocr_line' id='line_1_43' title="bbox 14 2912 1060 2975; baseline 0.006 -19"><span class='ocrx_word' id='word_1_278' title='bbox 14 2943 17 2950; x_wconf 84' lang='lat'>·</span> <span class='ocrx_word' id='word_1_279' title='bbox 36 2912 104 2968; x_wconf 79' lang='lat' dir='ltr'>lqui</span> <span class='ocrx_word' id='word_1_280' title='bbox 126 2919 316 2973; x_wconf 83' lang='lat' dir='ltr'>abstergat</span> <span class='ocrx_word' id='word_1_281' title='bbox 336 2924 526 2974; x_wconf 77' lang='lat' dir='ltr'>lacrymas</span> <span class='ocrx_word' id='word_1_282' title='bbox 550 2938 570 2961; x_wconf 89' lang='lat' dir='ltr'>a</span> <span class='ocrx_word' id='word_1_283' title='bbox 595 2925 760 2962; x_wconf 86' lang='lat' dir='ltr'>maxillis</span> <span class='ocrx_word' id='word_1_284' title='bbox 781 2924 875 2975; x_wconf 86' lang='lat' dir='ltr'>ejus.</span> <span class='ocrx_word' id='word_1_285' title='bbox 899 2925 972 2962; x_wconf 88' lang='lat' dir='ltr'>Sed</span> <span class='ocrx_word' id='word_1_286' title='bbox 992 2939 1060 2963; x_wconf 85' lang='lat' dir='ltr'>us—</span> 
     </span>
    </p>
   </div>
   <div class='ocr_carea' id='block_1_17' title="bbox 37 2998 40 3016">
    <p class='ocr_par' dir='ltr' id='par_1_17' title="bbox 37 2998 40 3016">
     <span class='ocr_line' id='line_1_44' title="bbox 37 2998 40 3016; baseline 0 0"><span class='ocrx_word' id='word_1_287' title='bbox 37 2998 40 3016; x_wconf 79' lang='lat' dir='ltr'>l</span> 
     </span>
    </p>
   </div>
   <div class='ocr_carea' id='block_1_18' title="bbox 36 3017 396 3113">
    <p class='ocr_par' dir='ltr' id='par_1_18' title="bbox 36 3017 396 3114">
     <span class='ocr_line' id='line_1_45' title="bbox 36 3017 396 3113; baseline 0.014 -11"><span class='ocrx_word' id='word_1_288' title='bbox 36 3017 40 3056; x_wconf 57' lang='grc' dir='ltr'>ι</span> <span class='ocrx_word' id='word_1_289' title='bbox 86 3074 97 3092; x_wconf 82' lang='lat'><em>¹</em></span> <span class='ocrx_word' id='word_1_290' title='bbox 113 3074 129 3102; x_wconf 91' lang='grc' dir='ltr'>Ι</span> <span class='ocrx_word' id='word_1_291' title='bbox 145 3073 218 3104; x_wconf 87' lang='lat' dir='ltr'>Cor.</span> <span class='ocrx_word' id='word_1_292' title='bbox 245 3085 298 3104; x_wconf 82' lang='lat' dir='ltr'>vn</span> <span class='ocrx_word' id='word_1_293' title='bbox 312 3099 320 3113; x_wconf 92' lang='lat'>‚</span> <span class='ocrx_word' id='word_1_294' title='bbox 340 3077 396 3107; x_wconf 90' lang='lat'>27.</span> 
     </span>
    </p>
   </div>
   <div class='ocr_carea' id='block_1_19' title="bbox 1139 298 2168 948">
    <p class='ocr_par' dir='ltr' id='par_1_19' title="bbox 1139 298 2168 948">
     <span class='ocr_line' id='line_1_46' title="bbox 1145 298 2167 344; baseline 0.011 -11"><span class='ocrx_word' id='word_1_295' title='bbox 1145 298 1319 335; x_wconf 68' lang='lat' dir='ltr'>inveniet</span> <span class='ocrx_word' id='word_1_296' title='bbox 1357 298 1654 336; x_wconf 63' lang='lat' dir='ltr'>sublevantem?</span> <span class='ocrx_word' id='word_1_297' title='bbox 1700 304 1797 338; x_wconf 82' lang='lat' dir='ltr'>Ecce</span> <span class='ocrx_word' id='word_1_298' title='bbox 1835 307 1917 340; x_wconf 71' lang='lat' dir='ltr'>Rex</span> <span class='ocrx_word' id='word_1_299' title='bbox 1951 305 2167 344; x_wconf 76' lang='lat' dir='ltr'>humiliavit</span> 
     </span>
     <span class='ocr_line' id='line_1_47' title="bbox 1144 358 2163 417; baseline 0.01 -23"><span class='ocrx_word' id='word_1_300' title='bbox 1144 371 1206 405; x_wconf 88' lang='lat' dir='ltr'>se,</span> <span class='ocrx_word' id='word_1_301' title='bbox 1241 368 1278 396; x_wconf 90' lang='lat' dir='ltr'>et</span> <span class='ocrx_word' id='word_1_302' title='bbox 1307 358 1387 409; x_wconf 86' lang='lat' dir='ltr'>jam</span> <span class='ocrx_word' id='word_1_303' title='bbox 1418 361 1564 410; x_wconf 69' lang='lat' dir='ltr'>quievit</span> <span class='ocrx_word' id='word_1_304' title='bbox 1590 361 1805 411; x_wconf 83' lang='lat' dir='ltr'>indignatio</span> <span class='ocrx_word' id='word_1_305' title='bbox 1827 363 1922 412; x_wconf 82' lang='lat' dir='ltr'>ejus.</span> <span class='ocrx_word' id='word_1_306' title='bbox 1952 366 2052 413; x_wconf 87' lang='lat' dir='ltr'>Quid</span> <span class='ocrx_word' id='word_1_307' title='bbox 2073 381 2163 417; x_wconf 80' lang='lat' dir='ltr'>ergo</span> 
     </span>
     <span class='ocr_line' id='line_1_48' title="bbox 1143 421 2167 476; baseline 0.008 -20"><span class='ocrx_word' id='word_1_308' title='bbox 1143 429 1340 470; x_wconf 85' lang='lat' dir='ltr'>superest,</span> <span class='ocrx_word' id='word_1_309' title='bbox 1363 421 1435 458; x_wconf 87' lang='lat' dir='ltr'>nisi</span> <span class='ocrx_word' id='word_1_310' title='bbox 1460 430 1500 458; x_wconf 89' lang='lat' dir='ltr'>ut</span> <span class='ocrx_word' id='word_1_311' title='bbox 1523 435 1658 458; x_wconf 87' lang='lat' dir='ltr'>manus</span> <span class='ocrx_word' id='word_1_312' title='bbox 1684 424 1894 473; x_wconf 87' lang='lat' dir='ltr'>apostolica</span> <span class='ocrx_word' id='word_1_313' title='bbox 1923 436 2167 476; x_wconf 86' lang='lat' dir='ltr'>supponatur</span> 
     </span>
     <span class='ocr_line' id='line_1_49' title="bbox 1142 481 2166 534; baseline 0.008 -17"><span class='ocrx_word' id='word_1_314' title='bbox 1142 481 1294 518; x_wconf 67' lang='lat' dir='ltr'>afflictae</span> <span class='ocrx_word' id='word_1_315' title='bbox 1310 510 1320 527; x_wconf 92' lang='lat'>,</span> <span class='ocrx_word' id='word_1_316' title='bbox 1343 491 1381 519; x_wconf 89' lang='lat' dir='ltr'>et</span> <span class='ocrx_word' id='word_1_317' title='bbox 1408 483 1529 533; x_wconf 81' lang='lat' dir='ltr'>plagis</span> <span class='ocrx_word' id='word_1_318' title='bbox 1549 483 1633 533; x_wconf 86' lang='lat' dir='ltr'>ejus</span> <span class='ocrx_word' id='word_1_319' title='bbox 1659 498 1789 521; x_wconf 83' lang='lat' dir='ltr'>curam</span> <span class='ocrx_word' id='word_1_320' title='bbox 1817 485 2004 523; x_wconf 88' lang='lat' dir='ltr'>adhibens</span> <span class='ocrx_word' id='word_1_321' title='bbox 2019 517 2028 534; x_wconf 85' lang='lat'>,</span> <span class='ocrx_word' id='word_1_322' title='bbox 2048 496 2085 524; x_wconf 89' lang='lat' dir='ltr'>et</span> <span class='ocrx_word' id='word_1_323' title='bbox 2106 490 2166 525; x_wconf 87' lang='lat' dir='ltr'>fo-</span> 
     </span>
     <span class='ocr_line' id='line_1_50' title="bbox 1143 544 2168 594; baseline 0.008 -16"><span class='ocrx_word' id='word_1_324' title='bbox 1143 544 1298 579; x_wconf 79' lang='lat' dir='ltr'>menta?</span> <span class='ocrx_word' id='word_1_325' title='bbox 1318 544 1490 581; x_wconf 90' lang='lat' dir='ltr'>Primum</span> <span class='ocrx_word' id='word_1_326' title='bbox 1518 545 1648 594; x_wconf 89' lang='lat' dir='ltr'>itaque</span> <span class='ocrx_word' id='word_1_327' title='bbox 1673 559 1754 582; x_wconf 86' lang='lat' dir='ltr'>esse</span> <span class='ocrx_word' id='word_1_328' title='bbox 1776 546 1993 592; x_wconf 87' lang='lat' dir='ltr'>credimus,</span> <span class='ocrx_word' id='word_1_329' title='bbox 2020 557 2061 585; x_wconf 90' lang='lat' dir='ltr'>ut</span> <span class='ocrx_word' id='word_1_330' title='bbox 2086 563 2168 586; x_wconf 86' lang='lat' dir='ltr'>ma-</span> 
     </span>
     <span class='ocr_line' id='line_1_51' title="bbox 1142 605 2165 660; baseline 0.008 -21"><span class='ocrx_word' id='word_1_331' title='bbox 1142 611 1294 640; x_wconf 82' lang='lat' dir='ltr'>turetur</span> <span class='ocrx_word' id='word_1_332' title='bbox 1320 605 1479 651; x_wconf 85' lang='lat' dir='ltr'>electio,</span> <span class='ocrx_word' id='word_1_333' title='bbox 1502 618 1549 641; x_wconf 81' lang='lat' dir='ltr'>ne</span> <span class='ocrx_word' id='word_1_334' title='bbox 1570 606 1775 642; x_wconf 87' lang='lat' dir='ltr'>insolentia</span> <span class='ocrx_word' id='word_1_335' title='bbox 1798 608 1998 645; x_wconf 81' lang='lat' dir='ltr'>Remensis</span> <span class='ocrx_word' id='word_1_336' title='bbox 2026 611 2165 660; x_wconf 91' lang='lat' dir='ltr'>populi</span> 
     </span>
     <span class='ocr_line' id='line_1_52' title="bbox 1142 663 2167 716; baseline 0.009 -16"><span class='ocrx_word' id='word_1_337' title='bbox 1142 663 1340 714; x_wconf 84' lang='lat' dir='ltr'>disperdat</span> <span class='ocrx_word' id='word_1_338' title='bbox 1367 666 1397 703; x_wconf 92' lang='lat' dir='ltr'>si</span> <span class='ocrx_word' id='word_1_339' title='bbox 1418 666 1511 716; x_wconf 90' lang='lat' dir='ltr'>quid</span> <span class='ocrx_word' id='word_1_340' title='bbox 1534 667 1730 704; x_wconf 89' lang='lat' dir='ltr'>residuum</span> <span class='ocrx_word' id='word_1_341' title='bbox 1756 677 1834 715; x_wconf 80' lang='lat' dir='ltr'>est,</span> <span class='ocrx_word' id='word_1_342' title='bbox 1852 670 1924 705; x_wconf 87' lang='lat' dir='ltr'>nisi</span> <span class='ocrx_word' id='word_1_343' title='bbox 1949 670 1986 706; x_wconf 86' lang='lat' dir='ltr'>in</span> <span class='ocrx_word' id='word_1_344' title='bbox 2009 670 2167 709; x_wconf 81' lang='lat' dir='ltr'>brachio</span> 
     </span>
     <span class='ocr_line' id='line_1_53' title="bbox 1141 726 2166 777; baseline 0.008 -15"><span class='ocrx_word' id='word_1_345' title='bbox 1141 726 1294 763; x_wconf 80' lang='lat' dir='ltr'>excelso</span> <span class='ocrx_word' id='word_1_346' title='bbox 1324 728 1448 764; x_wconf 82' lang='lat' dir='ltr'>furori</span> <span class='ocrx_word' id='word_1_347' title='bbox 1475 727 1558 777; x_wconf 87' lang='lat' dir='ltr'>ejus</span> <span class='ocrx_word' id='word_1_348' title='bbox 1581 729 1792 766; x_wconf 85' lang='lat' dir='ltr'>resistatur.</span> <span class='ocrx_word' id='word_1_349' title='bbox 1826 731 1863 767; x_wconf 90' lang='lat' dir='ltr'>Si</span> <span class='ocrx_word' id='word_1_350' title='bbox 1896 730 1977 768; x_wconf 69' lang='lat' dir='ltr'>hsec</span> <span class='ocrx_word' id='word_1_351' title='bbox 2004 732 2076 769; x_wconf 87' lang='lat' dir='ltr'>rite</span> <span class='ocrx_word' id='word_1_352' title='bbox 2102 747 2166 770; x_wconf 89' lang='lat' dir='ltr'>ce-</span> 
     </span>
     <span class='ocr_line' id='line_1_54' title="bbox 1140 786 2167 844; baseline 0.008 -21"><span class='ocrx_word' id='word_1_353' title='bbox 1140 786 1289 824; x_wconf 87' lang='lat' dir='ltr'>lebrata</span> <span class='ocrx_word' id='word_1_354' title='bbox 1328 788 1465 835; x_wconf 84' lang='lat' dir='ltr'>fuerit,</span> <span class='ocrx_word' id='word_1_355' title='bbox 1501 789 1737 827; x_wconf 86' lang='lat' dir='ltr'>confidimus</span> <span class='ocrx_word' id='word_1_356' title='bbox 1785 791 1890 841; x_wconf 90' lang='lat' dir='ltr'>quod</span> <span class='ocrx_word' id='word_1_357' title='bbox 1935 792 1973 829; x_wconf 90' lang='lat' dir='ltr'>in</span> <span class='ocrx_word' id='word_1_358' title='bbox 2010 793 2167 844; x_wconf 86' lang='lat' dir='ltr'>reliquis</span> 
     </span>
     <span class='ocr_line' id='line_1_55' title="bbox 1139 849 2166 903; baseline 0.009 -19"><span class='ocrx_word' id='word_1_359' title='bbox 1139 862 1296 899; x_wconf 84' lang='lat' dir='ltr'>quoque</span> <span class='ocrx_word' id='word_1_360' title='bbox 1335 849 1495 888; x_wconf 86' lang='lat' dir='ltr'>daturus</span> <span class='ocrx_word' id='word_1_361' title='bbox 1524 851 1573 888; x_wconf 89' lang='lat' dir='ltr'>sit</span> <span class='ocrx_word' id='word_1_362' title='bbox 1614 852 1806 890; x_wconf 90' lang='lat' dir='ltr'>Dominus</span> <span class='ocrx_word' id='word_1_363' title='bbox 1838 855 1998 903; x_wconf 81' lang='lat' dir='ltr'>gratiam</span> <span class='ocrx_word' id='word_1_364' title='bbox 2034 863 2071 892; x_wconf 88' lang='lat' dir='ltr'>et</span> <span class='ocrx_word' id='word_1_365' title='bbox 2108 856 2166 892; x_wconf 87' lang='lat' dir='ltr'>es—</span> 
     </span>
     <span class='ocr_line' id='line_1_56' title="bbox 1139 910 1294 948; baseline 0.013 -2"><span class='ocrx_word' id='word_1_366' title='bbox 1139 910 1294 948; x_wconf 90' lang='lat' dir='ltr'>fectum.</span> 
     </span>
    </p>
   </div>
   <div class='ocr_carea' id='block_1_20' title="bbox 1138 1053 2164 1068">
    <p class='ocr_par' dir='ltr' id='par_1_20' title="bbox 1138 1053 2164 1068">
     <span class='ocr_line' id='line_1_57' title="bbox 1138 1053 2164 1068; baseline 0.007 -7"><span class='ocrx_word' id='word_1_367' title='bbox 1138 1053 1223 1064; x_wconf 63' lang='lat' dir='ltr'>mum</span> <span class='ocrx_word' id='word_1_368' title='bbox 1229 1054 1252 1062; x_wconf 69' lang='grc' dir='ltr'>ιι</span> <span class='ocrx_word' id='word_1_369' title='bbox 1258 1054 1280 1062; x_wconf 64' lang='grc' dir='ltr'>ιι</span> <span class='ocrx_word' id='word_1_370' title='bbox 1286 1055 1384 1064; x_wconf 48' lang='lat' dir='ltr'>xxxa-xa</span> <span class='ocrx_word' id='word_1_371' title='bbox 1390 1055 1664 1066; x_wconf 60' lang='lat' dir='ltr'>===2=v==vv=2===vv=v=</span> <span class='ocrx_word' id='word_1_372' title='bbox 1671 1057 1783 1066; x_wconf 61' lang='grc' dir='ltr'>ιἰυιυιιι</span> <span class='ocrx_word' id='word_1_373' title='bbox 1789 1058 1987 1067; x_wconf 59' lang='grc' dir='ltr'>ιιν--υννινι-ινιπ</span> <span class='ocrx_word' id='word_1_374' title='bbox 1992 1059 2105 1068; x_wconf 55' lang='grc' dir='ltr'>ιιικκνικ</span> <span class='ocrx_word' id='word_1_375' title='bbox 2111 1059 2164 1068; x_wconf 58' lang='lat' dir='ltr'>nxsz</span> 
     </span>
    </p>
   </div>
   <div class='ocr_carea' id='block_1_21' title="bbox 1255 1173 2042 1239">
    <p class='ocr_par' dir='ltr' id='par_1_21' title="bbox 1255 1173 2042 1239">
     <span class='ocr_line' id='line_1_58' title="bbox 1255 1173 2042 1239; baseline 0.008 -6"><span class='ocrx_word' id='word_1_376' title='bbox 1255 1180 1633 1237; x_wconf 64' lang='lat' dir='ltr'>EPISTOLA</span> <span class='ocrx_word' id='word_1_377' title='bbox 1703 1173 2042 1239; x_wconf 73' lang='lat' dir='ltr'>CCCXIX..‘¹</span> 
     </span>
    </p>
   </div>
   <div class='ocr_carea' id='block_1_22' title="bbox 1218 1340 2079 1368">
    <p class='ocr_par' dir='ltr' id='par_1_22' title="bbox 1218 1340 2079 1368">
     <span class='ocr_line' id='line_1_59' title="bbox 1218 1340 2079 1368; baseline 0.007 -7"><span class='ocrx_word' id='word_1_378' title='bbox 1218 1340 1264 1361; x_wconf 70' lang='lat' dir='ltr'>AD</span> <span class='ocrx_word' id='word_1_379' title='bbox 1292 1340 1510 1364; x_wconf 66' lang='lat' dir='ltr'>TtRSTINt‘M</span> <span class='ocrx_word' id='word_1_380' title='bbox 1540 1341 1707 1364; x_wconf 70' lang='lat' dir='ltr'>EBORACI</span> <span class='ocrx_word' id='word_1_381' title='bbox 1737 1343 2079 1368; x_wconf 70' lang='lat' dir='ltr'>ARCHIEPISCOPL‘M.</span> 
     </span>
    </p>
   </div>
   <div class='ocr_carea' id='block_1_23' title="bbox 1135 1467 2161 1620">
    <p class='ocr_par' dir='ltr' id='par_1_23' title="bbox 1135 1467 2161 1620">
     <span class='ocr_line' id='line_1_60' title="bbox 1135 1467 2161 1513; baseline 0.007 -18"><span class='ocrx_word' id='word_1_382' title='bbox 1135 1467 1290 1496; x_wconf 88' lang='lat' dir='ltr'>Hortatur</span> <span class='ocrx_word' id='word_1_383' title='bbox 1310 1476 1419 1497; x_wconf 86' lang='lat' dir='ltr'>curam</span> <span class='ocrx_word' id='word_1_384' title='bbox 1442 1467 1633 1509; x_wconf 83' lang='lat' dir='ltr'>pastoralem</span> <span class='ocrx_word' id='word_1_385' title='bbox 1652 1478 1693 1498; x_wconf 89' lang='lat' dir='ltr'>ne</span> <span class='ocrx_word' id='word_1_386' title='bbox 1721 1467 1856 1500; x_wconf 83' lang='lat' dir='ltr'>dimittat</span> <span class='ocrx_word' id='word_1_387' title='bbox 1878 1480 1885 1501; x_wconf 77' lang='grc' dir='ltr'>ε</span> <span class='ocrx_word' id='word_1_388' title='bbox 1911 1470 1936 1500; x_wconf 89' lang='lat' dir='ltr'>si</span> <span class='ocrx_word' id='word_1_389' title='bbox 1963 1475 2067 1501; x_wconf 82' lang='lat' dir='ltr'>tamen</span> <span class='ocrx_word' id='word_1_390' title='bbox 2077 1471 2161 1513; x_wconf 84' lang='lat' dir='ltr'>justa</span> 
     </span>
     <span class='ocr_line' id='line_1_61' title="bbox 1181 1522 2161 1568; baseline 0.006 -17"><span class='ocrx_word' id='word_1_391' title='bbox 1181 1531 1274 1552; x_wconf 85' lang='lat' dir='ltr'>causa</span> <span class='ocrx_word' id='word_1_392' title='bbox 1288 1546 1295 1559; x_wconf 93' lang='lat'>‚</span> <span class='ocrx_word' id='word_1_393' title='bbox 1319 1527 1372 1552; x_wconf 90' lang='lat' dir='ltr'>aut</span> <span class='ocrx_word' id='word_1_394' title='bbox 1386 1522 1545 1554; x_wconf 83' lang='lat' dir='ltr'>Pontilicis</span> <span class='ocrx_word' id='word_1_395' title='bbox 1567 1533 1739 1554; x_wconf 86' lang='lat' dir='ltr'>consensus</span> <span class='ocrx_word' id='word_1_396' title='bbox 1759 1523 1858 1563; x_wconf 84' lang='lat' dir='ltr'>adsit,</span> <span class='ocrx_word' id='word_1_397' title='bbox 1881 1525 1984 1556; x_wconf 80' lang='lat' dir='ltr'>locum</span> <span class='ocrx_word' id='word_1_398' title='bbox 2005 1532 2092 1568; x_wconf 82' lang='lat' dir='ltr'>petat</span> <span class='ocrx_word' id='word_1_399' title='bbox 2113 1537 2161 1557; x_wconf 63' lang='lat' dir='ltr'>re«</span> 
     </span>
     <span class='ocr_line' id='line_1_62' title="bbox 1180 1576 1858 1620; baseline 0.006 -14"><span class='ocrx_word' id='word_1_400' title='bbox 1180 1576 1297 1618; x_wconf 84' lang='lat' dir='ltr'>ligiosae</span> <span class='ocrx_word' id='word_1_401' title='bbox 1315 1576 1488 1619; x_wconf 62' lang='lat' dir='ltr'>disciplinae</span> <span class='ocrx_word' id='word_1_402' title='bbox 1507 1578 1605 1620; x_wconf 80' lang='lat' dir='ltr'>magis</span> <span class='ocrx_word' id='word_1_403' title='bbox 1622 1577 1858 1610; x_wconf 78' lang='lat' dir='ltr'>observantem.</span> 
     </span>
    </p>
   </div>
   <div class='ocr_carea' id='block_1_24' title="bbox 1132 1698 2159 1935">
    <p class='ocr_par' dir='ltr' id='par_1_24' title="bbox 1132 1698 2159 1935">
     <span class='ocr_line' id='line_1_63' title="bbox 1132 1698 2157 1750; baseline 0.004 -15"><span class='ocrx_word' id='word_1_404' title='bbox 1132 1698 1363 1736; x_wconf 75' lang='lat' dir='ltr'>Reverendo</span> <span class='ocrx_word' id='word_1_405' title='bbox 1401 1699 1502 1750; x_wconf 88' lang='lat' dir='ltr'>patri</span> <span class='ocrx_word' id='word_1_406' title='bbox 1550 1708 1587 1737; x_wconf 91' lang='lat' dir='ltr'>et</span> <span class='ocrx_word' id='word_1_407' title='bbox 1632 1700 1791 1737; x_wconf 88' lang='lat' dir='ltr'>domino</span> <span class='ocrx_word' id='word_1_408' title='bbox 1833 1705 2027 1739; x_wconf 68' lang='lat' dir='ltr'>Tt‘Rsnxo</span> <span class='ocrx_word' id='word_1_409' title='bbox 2043 1732 2052 1748; x_wconf 94' lang='lat'>,</span> <span class='ocrx_word' id='word_1_410' title='bbox 2086 1703 2157 1739; x_wconf 84' lang='lat' dir='ltr'>Dei</span> 
     </span>
     <span class='ocr_line' id='line_1_64' title="bbox 1185 1759 2159 1812; baseline 0.003 -16"><span class='ocrx_word' id='word_1_411' title='bbox 1185 1760 1307 1811; x_wconf 83' lang='lat' dir='ltr'>gratia</span> <span class='ocrx_word' id='word_1_412' title='bbox 1335 1759 1570 1798; x_wconf 83' lang='lat' dir='ltr'>Eboracensi</span> <span class='ocrx_word' id='word_1_413' title='bbox 1591 1762 1884 1812; x_wconf 84' lang='lat' dir='ltr'>archiepiscopo</span> <span class='ocrx_word' id='word_1_414' title='bbox 1900 1792 1909 1809; x_wconf 83' lang='lat'>,</span> <span class='ocrx_word' id='word_1_415' title='bbox 1928 1767 2159 1800; x_wconf 57' lang='lat' dir='ltr'>anzmms</span> 
     </span>
     <span class='ocr_line' id='line_1_65' title="bbox 1187 1821 2158 1872; baseline 0.003 -14"><span class='ocrx_word' id='word_1_416' title='bbox 1187 1821 1521 1859; x_wconf 68' lang='lat' dir='ltr'>Clarae-Vallensis</span> <span class='ocrx_word' id='word_1_417' title='bbox 1550 1831 1710 1859; x_wconf 72' lang='lat' dir='ltr'>vocatus</span> <span class='ocrx_word' id='word_1_418' title='bbox 1733 1822 1864 1870; x_wconf 86' lang='lat' dir='ltr'>abbas,</span> <span class='ocrx_word' id='word_1_419' title='bbox 1887 1824 2062 1872; x_wconf 80' lang='lat' dir='ltr'>salutem,</span> <span class='ocrx_word' id='word_1_420' title='bbox 2080 1838 2158 1861; x_wconf 88' lang='lat' dir='ltr'>non</span> 
     </span>
     <span class='ocr_line' id='line_1_66' title="bbox 1186 1882 1760 1935; baseline 0.005 -16"><span class='ocrx_word' id='word_1_421' title='bbox 1186 1891 1263 1919; x_wconf 89' lang='lat' dir='ltr'>tam</span> <span class='ocrx_word' id='word_1_422' title='bbox 1282 1882 1321 1919; x_wconf 90' lang='lat' dir='ltr'>in</span> <span class='ocrx_word' id='word_1_423' title='bbox 1340 1883 1414 1930; x_wconf 68' lang='lat' dir='ltr'>via,</span> <span class='ocrx_word' id='word_1_424' title='bbox 1432 1897 1547 1933; x_wconf 85' lang='lat' dir='ltr'>quam</span> <span class='ocrx_word' id='word_1_425' title='bbox 1563 1884 1601 1921; x_wconf 92' lang='lat' dir='ltr'>in</span> <span class='ocrx_word' id='word_1_426' title='bbox 1623 1885 1760 1935; x_wconf 89' lang='lat' dir='ltr'>patria.</span> 
     </span>
    </p>
   </div>
   <div class='ocr_carea' id='block_1_25' title="bbox 1126 2012 2158 2549">
    <p class='ocr_par' dir='ltr' id='par_1_25' title="bbox 1126 2012 2158 2549">
     <span class='ocr_line' id='line_1_67' title="bbox 1188 2012 2157 2064; baseline 0.004 -16"><span class='ocrx_word' id='word_1_427' title='bbox 1188 2014 1219 2049; x_wconf 92' lang='lat'>1.</span> <span class='ocrx_word' id='word_1_428' title='bbox 1245 2012 1466 2049; x_wconf 83' lang='lat' dir='ltr'>Laudamus</span> <span class='ocrx_word' id='word_1_429' title='bbox 1491 2013 1596 2063; x_wconf 88' lang='lat' dir='ltr'>quod</span> <span class='ocrx_word' id='word_1_430' title='bbox 1615 2014 1756 2064; x_wconf 82' lang='lat' dir='ltr'>optatis</span> <span class='ocrx_word' id='word_1_431' title='bbox 1774 2014 1963 2064; x_wconf 79' lang='lat' dir='ltr'>quictem,</span> <span class='ocrx_word' id='word_1_432' title='bbox 1990 2024 2027 2051; x_wconf 79' lang='lat' dir='ltr'>et</span> <span class='ocrx_word' id='word_1_433' title='bbox 2056 2015 2157 2052; x_wconf 88' lang='lat' dir='ltr'>desi-</span> 
     </span>
     <span class='ocr_line' id='line_1_68' title="bbox 1130 2072 2154 2124; baseline 0.002 -15"><span class='ocrx_word' id='word_1_434' title='bbox 1130 2072 1278 2109; x_wconf 88' lang='lat' dir='ltr'>derium</span> <span class='ocrx_word' id='word_1_435' title='bbox 1308 2072 1456 2110; x_wconf 85' lang='lat' dir='ltr'>habetis</span> <span class='ocrx_word' id='word_1_436' title='bbox 1490 2088 1576 2111; x_wconf 89' lang='lat' dir='ltr'>cum</span> <span class='ocrx_word' id='word_1_437' title='bbox 1612 2088 1706 2124; x_wconf 86' lang='lat' dir='ltr'>pace</span> <span class='ocrx_word' id='word_1_438' title='bbox 1739 2074 1962 2112; x_wconf 81' lang='lat' dir='ltr'>obdormire</span> <span class='ocrx_word' id='word_1_439' title='bbox 1996 2075 2033 2111; x_wconf 88' lang='lat' dir='ltr'>in</span> <span class='ocrx_word' id='word_1_440' title='bbox 2072 2078 2154 2111; x_wconf 84' lang='lat' dir='ltr'>Do-</span> 
     </span>
     <span class='ocr_line' id='line_1_69' title="bbox 1129 2134 2154 2185; baseline 0.003 -15"><span class='ocrx_word' id='word_1_441' title='bbox 1129 2134 1247 2170; x_wconf 89' lang='lat' dir='ltr'>mino.</span> <span class='ocrx_word' id='word_1_442' title='bbox 1263 2137 1539 2171; x_wconf 72' lang='lat' dir='ltr'>Verumtamen</span> <span class='ocrx_word' id='word_1_443' title='bbox 1554 2135 1633 2171; x_wconf 81' lang='lat' dir='ltr'>istae</span> <span class='ocrx_word' id='word_1_444' title='bbox 1651 2149 1745 2185; x_wconf 88' lang='lat' dir='ltr'>quas</span> <span class='ocrx_word' id='word_1_445' title='bbox 1763 2135 2002 2185; x_wconf 60' lang='lat' dir='ltr'>praetenditis</span> <span class='ocrx_word' id='word_1_446' title='bbox 2018 2150 2154 2183; x_wconf 75' lang='lat' dir='ltr'>causae,</span> 
     </span>
     <span class='ocr_line' id='line_1_70' title="bbox 1129 2196 2154 2248; baseline 0.004 -17"><span class='ocrx_word' id='word_1_447' title='bbox 1129 2209 1230 2232; x_wconf 62' lang='lat' dir='ltr'>curae</span> <span class='ocrx_word' id='word_1_448' title='bbox 1250 2196 1435 2245; x_wconf 87' lang='lat' dir='ltr'>pastorali</span> <span class='ocrx_word' id='word_1_449' title='bbox 1452 2210 1527 2232; x_wconf 88' lang='lat' dir='ltr'>non</span> <span class='ocrx_word' id='word_1_450' title='bbox 1545 2196 1729 2234; x_wconf 73' lang='lat' dir='ltr'>videntur</span> <span class='ocrx_word' id='word_1_451' title='bbox 1743 2211 1856 2247; x_wconf 88' lang='lat' dir='ltr'>posse</span> <span class='ocrx_word' id='word_1_452' title='bbox 1875 2197 2125 2248; x_wconf 69' lang='lat' dir='ltr'>przescribere</span> <span class='ocrx_word' id='word_1_453' title='bbox 2147 2213 2154 2234; x_wconf 89' lang='lat'>:</span> 
     </span>
     <span class='ocr_line' id='line_1_71' title="bbox 1128 2256 2158 2309; baseline 0.004 -18"><span class='ocrx_word' id='word_1_454' title='bbox 1128 2256 1309 2292; x_wconf 89' lang='lat' dir='ltr'>nisiforte</span> <span class='ocrx_word' id='word_1_455' title='bbox 1324 2256 1445 2305; x_wconf 60' lang='lat' dir='ltr'>(quod</span> <span class='ocrx_word' id='word_1_456' title='bbox 1460 2256 1571 2303; x_wconf 87' lang='lat' dir='ltr'>absit,</span> <span class='ocrx_word' id='word_1_457' title='bbox 1589 2266 1626 2294; x_wconf 90' lang='lat' dir='ltr'>et</span> <span class='ocrx_word' id='word_1_458' title='bbox 1647 2270 1718 2294; x_wconf 91' lang='lat' dir='ltr'>nos</span> <span class='ocrx_word' id='word_1_459' title='bbox 1736 2271 1814 2294; x_wconf 93' lang='lat' dir='ltr'>non</span> <span class='ocrx_word' id='word_1_460' title='bbox 1833 2258 2042 2309; x_wconf 60' lang='lat' dir='ltr'>credimus}</span> <span class='ocrx_word' id='word_1_461' title='bbox 2056 2272 2158 2295; x_wconf 90' lang='lat' dir='ltr'>mor—</span> 
     </span>
     <span class='ocr_line' id='line_1_72' title="bbox 1128 2316 2156 2366; baseline 0.004 -14"><span class='ocrx_word' id='word_1_462' title='bbox 1128 2317 1202 2353; x_wconf 88' lang='lat' dir='ltr'>tale</span> <span class='ocrx_word' id='word_1_463' title='bbox 1223 2316 1629 2366; x_wconf 84' lang='lat' dir='ltr'>aliquidcommissum</span> <span class='ocrx_word' id='word_1_464' title='bbox 1645 2319 1712 2364; x_wconf 87' lang='lat' dir='ltr'>sit,</span> <span class='ocrx_word' id='word_1_465' title='bbox 1726 2327 1791 2355; x_wconf 86' lang='lat' dir='ltr'>aut</span> <span class='ocrx_word' id='word_1_466' title='bbox 1807 2320 1946 2355; x_wconf 89' lang='lat' dir='ltr'>summi</span> <span class='ocrx_word' id='word_1_467' title='bbox 1960 2320 2156 2356; x_wconf 82' lang='lat' dir='ltr'>Pontificis</span> 
     </span>
     <span class='ocr_line' id='line_1_73' title="bbox 1127 2377 2156 2418; baseline 0.004 -4"><span class='ocrx_word' id='word_1_468' title='bbox 1127 2377 1355 2414; x_wconf 85' lang='lat' dir='ltr'>auctoritate</span> <span class='ocrx_word' id='word_1_469' title='bbox 1370 2378 1532 2414; x_wconf 71' lang='lat' dir='ltr'>emerito</span> <span class='ocrx_word' id='word_1_470' title='bbox 1555 2379 1669 2415; x_wconf 82' lang='lat' dir='ltr'>fuerit</span> <span class='ocrx_word' id='word_1_471' title='bbox 1683 2379 1831 2416; x_wconf 89' lang='lat' dir='ltr'>indulta</span> <span class='ocrx_word' id='word_1_472' title='bbox 1853 2381 2043 2418; x_wconf 80' lang='lat' dir='ltr'>licentia*.</span> <span class='ocrx_word' id='word_1_473' title='bbox 2060 2385 2156 2418; x_wconf 67' lang='lat' dir='ltr'>Nam</span> 
     </span>
     <span class='ocr_line' id='line_1_74' title="bbox 1126 2439 2153 2491; baseline 0.003 -16"><span class='ocrx_word' id='word_1_474' title='bbox 1126 2452 1252 2488; x_wconf 87' lang='lat' dir='ltr'>neque</span> <span class='ocrx_word' id='word_1_475' title='bbox 1282 2452 1353 2475; x_wconf 78' lang='lat' dir='ltr'>vos</span> <span class='ocrx_word' id='word_1_476' title='bbox 1381 2439 1562 2489; x_wconf 75' lang='lat' dir='ltr'>ignorare</span> <span class='ocrx_word' id='word_1_477' title='bbox 1590 2439 1782 2477; x_wconf 87' lang='lat' dir='ltr'>eredimus</span> <span class='ocrx_word' id='word_1_478' title='bbox 1814 2440 1911 2477; x_wconf 87' lang='lat' dir='ltr'>illud</span> <span class='ocrx_word' id='word_1_479' title='bbox 1944 2443 2122 2491; x_wconf 81' lang='lat' dir='ltr'>Apostoli</span> <span class='ocrx_word' id='word_1_480' title='bbox 2146 2457 2153 2478; x_wconf 94' lang='lat'>:</span> 
     </span>
     <span class='ocr_line' id='line_1_75' title="bbox 1126 2502 2155 2549; baseline 0.003 -15"><span class='ocrx_word' id='word_1_481' title='bbox 1126 2502 1324 2547; x_wconf 73' lang='lat' dir='ltr'>Alligatus</span> <span class='ocrx_word' id='word_1_482' title='bbox 1350 2514 1387 2535; x_wconf 71' lang='lat' dir='ltr'>es</span> <span class='ocrx_word' id='word_1_483' title='bbox 1415 2503 1555 2536; x_wconf 66' lang='lat' dir='ltr'>uxori?</span> <span class='ocrx_word' id='word_1_484' title='bbox 1581 2503 1662 2536; x_wconf 71' lang='lat' dir='ltr'>nol!</span> <span class='ocrx_word' id='word_1_485' title='bbox 1691 2514 1865 2549; x_wconf 75' lang='lat' dir='ltr'>qlcoerere</span> <span class='ocrx_word' id='word_1_486' title='bbox 1885 2504 2108 2537; x_wconf 72' lang='lat' dir='ltr'>solutionem</span> <span class='ocrx_word' id='word_1_487' title='bbox 2131 2509 2155 2538; x_wconf 92' lang='lat'>¹.</span> 
     </span>
    </p>
   </div>
   <div class='ocr_carea' id='block_1_26' title="bbox 921 2557 2160 2610">
    <p class='ocr_par' dir='ltr' id='par_1_26' title="bbox 921 2557 2160 2610">
     <span class='ocr_line' id='line_1_76' title="bbox 921 2557 2160 2610; baseline 0.004 -17"><span class='ocrx_word' id='word_1_488' title='bbox 921 2557 1060 2594; x_wconf 88' lang='lat' dir='ltr'>clamat</span> <span class='ocrx_word' id='word_1_489' title='bbox 1076 2566 1109 2599; x_wconf 95' lang='lat' dir='ltr'><strong>D</strong></span> <span class='ocrx_word' id='word_1_490' title='bbox 1127 2557 1256 2596; x_wconf 83' lang='lat' dir='ltr'>Verbo</span> <span class='ocrx_word' id='word_1_491' title='bbox 1290 2558 1480 2608; x_wconf 83' lang='lat' dir='ltr'>siquidem</span> <span class='ocrx_word' id='word_1_492' title='bbox 1503 2559 1791 2609; x_wconf 82' lang='lat' dir='ltr'>promissionis,</span> <span class='ocrx_word' id='word_1_493' title='bbox 1824 2561 1976 2610; x_wconf 87' lang='lat' dir='ltr'>qualem</span> <span class='ocrx_word' id='word_1_494' title='bbox 2002 2574 2072 2598; x_wconf 71' lang='lat' dir='ltr'>vos</span> <span class='ocrx_word' id='word_1_495' title='bbox 2104 2563 2160 2599; x_wconf 90' lang='lat' dir='ltr'>fe-</span> 
     </span>
    </p>
   </div>
   <div class='ocr_carea' id='block_1_27' title="bbox 1126 2619 2159 2978">
    <p class='ocr_par' dir='ltr' id='par_1_27' title="bbox 1126 2619 2157 2732">
     <span class='ocr_line' id='line_1_77' title="bbox 1127 2619 2157 2672; baseline 0.003 -16"><span class='ocrx_word' id='word_1_496' title='bbox 1127 2619 1221 2656; x_wconf 89' lang='lat' dir='ltr'>cisse</span> <span class='ocrx_word' id='word_1_497' title='bbox 1243 2619 1367 2656; x_wconf 88' lang='lat' dir='ltr'>dicitis</span> <span class='ocrx_word' id='word_1_498' title='bbox 1381 2650 1390 2667; x_wconf 95' lang='lat'>,</span> <span class='ocrx_word' id='word_1_499' title='bbox 1418 2633 1496 2657; x_wconf 86' lang='lat' dir='ltr'>non</span> <span class='ocrx_word' id='word_1_500' title='bbox 1528 2629 1684 2657; x_wconf 86' lang='lat' dir='ltr'>tenetur</span> <span class='ocrx_word' id='word_1_501' title='bbox 1700 2622 1906 2671; x_wconf 85' lang='lat' dir='ltr'>episcopus</span> <span class='ocrx_word' id='word_1_502' title='bbox 1919 2651 1928 2668; x_wconf 88' lang='lat'>,</span> <span class='ocrx_word' id='word_1_503' title='bbox 1947 2622 2157 2672; x_wconf 85' lang='lat' dir='ltr'>quominus</span> 
     </span>
     <span class='ocr_line' id='line_1_78' title="bbox 1126 2681 2099 2732; baseline 0.001 -14"><span class='ocrx_word' id='word_1_504' title='bbox 1126 2681 1166 2718; x_wconf 87' lang='lat' dir='ltr'>in</span> <span class='ocrx_word' id='word_1_505' title='bbox 1190 2694 1236 2717; x_wconf 92' lang='lat' dir='ltr'>eo</span> <span class='ocrx_word' id='word_1_506' title='bbox 1258 2694 1337 2730; x_wconf 91' lang='lat' dir='ltr'>quo</span> <span class='ocrx_word' id='word_1_507' title='bbox 1356 2690 1516 2718; x_wconf 76' lang='lat' dir='ltr'>vocatus</span> <span class='ocrx_word' id='word_1_508' title='bbox 1543 2690 1600 2718; x_wconf 91' lang='lat' dir='ltr'>est</span> <span class='ocrx_word' id='word_1_509' title='bbox 1624 2681 1839 2718; x_wconf 86' lang='lat' dir='ltr'>ministerio</span> <span class='ocrx_word' id='word_1_510' title='bbox 1864 2691 2099 2732; x_wconf 75' lang='lat' dir='ltr'>perseveret.</span> 
     </span>
    </p>

    <p class='ocr_par' dir='ltr' id='par_1_28' title="bbox 1127 2741 2159 2978">
     <span class='ocr_line' id='line_1_79' title="bbox 1183 2741 2157 2794; baseline 0.002 -16"><span class='ocrx_word' id='word_1_511' title='bbox 1183 2742 1218 2778; x_wconf 78' lang='lat'>2.</span> <span class='ocrx_word' id='word_1_512' title='bbox 1247 2741 1409 2778; x_wconf 71' lang='lat' dir='ltr'>Videtur</span> <span class='ocrx_word' id='word_1_513' title='bbox 1434 2756 1526 2793; x_wconf 76' lang='lat' dir='ltr'>ergo</span> <span class='ocrx_word' id='word_1_514' title='bbox 1559 2742 1693 2788; x_wconf 86' lang='lat' dir='ltr'>nobis,</span> <span class='ocrx_word' id='word_1_515' title='bbox 1727 2744 1856 2780; x_wconf 83' lang='lat' dir='ltr'>sanius</span> <span class='ocrx_word' id='word_1_516' title='bbox 1884 2744 2046 2794; x_wconf 87' lang='lat' dir='ltr'>sapienti</span> <span class='ocrx_word' id='word_1_517' title='bbox 2076 2758 2157 2781; x_wconf 84' lang='lat' dir='ltr'>non</span> 
     </span>
     <span class='ocr_line' id='line_1_80' title="bbox 1127 2802 2158 2854; baseline 0.003 -15"><span class='ocrx_word' id='word_1_518' title='bbox 1127 2802 1482 2853; x_wconf 60' lang='lat' dir='ltr'>praescribentibus,</span> <span class='ocrx_word' id='word_1_519' title='bbox 1501 2813 1543 2841; x_wconf 92' lang='lat' dir='ltr'>ut</span> <span class='ocrx_word' id='word_1_520' title='bbox 1561 2804 1667 2854; x_wconf 88' lang='lat' dir='ltr'>quod</span> <span class='ocrx_word' id='word_1_521' title='bbox 1683 2805 1820 2842; x_wconf 88' lang='lat' dir='ltr'>tenetis</span> <span class='ocrx_word' id='word_1_522' title='bbox 1842 2806 2016 2852; x_wconf 81' lang='lat' dir='ltr'>teneatis,</span> <span class='ocrx_word' id='word_1_523' title='bbox 2030 2814 2067 2842; x_wconf 93' lang='lat' dir='ltr'>et</span> <span class='ocrx_word' id='word_1_524' title='bbox 2088 2806 2158 2842; x_wconf 87' lang='lat' dir='ltr'>hu-</span> 
     </span>
     <span class='ocr_line' id='line_1_81' title="bbox 1127 2865 2159 2917; baseline 0.003 -16"><span class='ocrx_word' id='word_1_525' title='bbox 1127 2865 1299 2902; x_wconf 87' lang='lat' dir='ltr'>militatis</span> <span class='ocrx_word' id='word_1_526' title='bbox 1325 2865 1459 2903; x_wconf 88' lang='lat' dir='ltr'>habitu</span> <span class='ocrx_word' id='word_1_527' title='bbox 1479 2897 1487 2912; x_wconf 86' lang='lat'>,</span> <span class='ocrx_word' id='word_1_528' title='bbox 1514 2867 1681 2917; x_wconf 75' lang='lat' dir='ltr'>vitaeque</span> <span class='ocrx_word' id='word_1_529' title='bbox 1702 2868 1902 2904; x_wconf 85' lang='lat' dir='ltr'>sanctitate</span> <span class='ocrx_word' id='word_1_530' title='bbox 1924 2868 2159 2905; x_wconf 87' lang='lat' dir='ltr'>monachum</span> 
     </span>
     <span class='ocr_line' id='line_1_82' title="bbox 1128 2926 2159 2978; baseline 0.003 -16"><span class='ocrx_word' id='word_1_531' title='bbox 1128 2926 1342 2965; x_wconf 78' lang='lat' dir='ltr'>exhibeatis</span> <span class='ocrx_word' id='word_1_532' title='bbox 1359 2927 1396 2963; x_wconf 90' lang='lat' dir='ltr'>in</span> <span class='ocrx_word' id='word_1_533' title='bbox 1412 2928 1597 2978; x_wconf 86' lang='lat' dir='ltr'>episcopo</span> <span class='ocrx_word' id='word_1_534' title='bbox 1613 2929 1641 2966; x_wconf 87' lang='lat'>*.</span> <span class='ocrx_word' id='word_1_535' title='bbox 1659 2928 1773 2977; x_wconf 86' lang='lat' dir='ltr'>Quod</span> <span class='ocrx_word' id='word_1_536' title='bbox 1785 2929 1815 2965; x_wconf 89' lang='lat' dir='ltr'>si</span> <span class='ocrx_word' id='word_1_537' title='bbox 1828 2937 1894 2965; x_wconf 88' lang='lat' dir='ltr'>aut</span> <span class='ocrx_word' id='word_1_538' title='bbox 1910 2942 2023 2966; x_wconf 87' lang='lat' dir='ltr'>causa</span> <span class='ocrx_word' id='word_1_539' title='bbox 2037 2929 2159 2965; x_wconf 84' lang='lat' dir='ltr'>latens</span> 
     </span>
    </p>
   </div>
   <div class='ocr_carea' id='block_1_28' title="bbox 36 3131 1918 3346">
    <p class='ocr_par' dir='ltr' id='par_1_29' title="bbox 37 3131 1918 3232">
     <span class='ocr_line' id='line_1_83' title="bbox 37 3131 1918 3183; baseline 0.004 -19"><span class='ocrx_word' id='word_1_540' title='bbox 37 3148 39 3157; x_wconf 59' lang='grc' dir='ltr'><em>ν</em></span> <span class='ocrx_word' id='word_1_541' title='bbox 82 3131 98 3148; x_wconf 79' lang='lat'><strong>¹</strong></span> <span class='ocrx_word' id='word_1_542' title='bbox 115 3131 240 3174; x_wconf 80' lang='lat' dir='ltr'>Ligius‚</span> <span class='ocrx_word' id='word_1_543' title='bbox 259 3135 314 3176; x_wconf 77' lang='lat' dir='ltr'>qui</span> <span class='ocrx_word' id='word_1_544' title='bbox 334 3135 464 3167; x_wconf 90' lang='lat' dir='ltr'>domino</span> <span class='ocrx_word' id='word_1_545' title='bbox 488 3147 545 3168; x_wconf 89' lang='lat' dir='ltr'>suo</span> <span class='ocrx_word' id='word_1_546' title='bbox 561 3137 686 3170; x_wconf 88' lang='lat' dir='ltr'>ratione</span> <span class='ocrx_word' id='word_1_547' title='bbox 700 3137 787 3169; x_wconf 88' lang='lat' dir='ltr'>feudi</span> <span class='ocrx_word' id='word_1_548' title='bbox 812 3138 863 3170; x_wconf 69' lang='lat' dir='ltr'>vel</span> <span class='ocrx_word' id='word_1_549' title='bbox 887 3138 1091 3181; x_wconf 80' lang='lat' dir='ltr'>subjectionis</span> <span class='ocrx_word' id='word_1_550' title='bbox 1105 3138 1200 3170; x_wconf 87' lang='lat' dir='ltr'>fidem</span> <span class='ocrx_word' id='word_1_551' title='bbox 1215 3149 1343 3170; x_wconf 87' lang='lat' dir='ltr'>omnem</span> <span class='ocrx_word' id='word_1_552' title='bbox 1365 3145 1476 3171; x_wconf 87' lang='lat' dir='ltr'>contra</span> <span class='ocrx_word' id='word_1_553' title='bbox 1494 3140 1637 3182; x_wconf 67' lang='lat' dir='ltr'>quemvis</span> <span class='ocrx_word' id='word_1_554' title='bbox 1650 3147 1800 3183; x_wconf 80' lang='lat' dir='ltr'>praestare</span> <span class='ocrx_word' id='word_1_555' title='bbox 1815 3140 1918 3172; x_wconf 70' lang='lat' dir='ltr'>debet.</span> 
     </span>
     <span class='ocr_line' id='line_1_84' title="bbox 79 3175 1273 3232; baseline 0.008 -16"><span class='ocrx_word' id='word_1_556' title='bbox 79 3175 99 3201; x_wconf 53' lang='grc' dir='ltr'><strong><em>Β</em></strong></span> <span class='ocrx_word' id='word_1_557' title='bbox 113 3185 244 3219; x_wconf 84' lang='lat' dir='ltr'>Victore</span> <span class='ocrx_word' id='word_1_558' title='bbox 265 3189 416 3232; x_wconf 87' lang='lat' dir='ltr'>antipapa</span> <span class='ocrx_word' id='word_1_559' title='bbox 428 3214 436 3229; x_wconf 93' lang='lat'>,</span> <span class='ocrx_word' id='word_1_560' title='bbox 452 3190 508 3232; x_wconf 80' lang='lat' dir='ltr'>qui</span> <span class='ocrx_word' id='word_1_561' title='bbox 524 3191 679 3223; x_wconf 80' lang='lat' dir='ltr'>exstincto</span> <span class='ocrx_word' id='word_1_562' title='bbox 700 3192 863 3224; x_wconf 86' lang='lat' dir='ltr'>Anacleto</span> <span class='ocrx_word' id='word_1_563' title='bbox 878 3204 896 3224; x_wconf 89' lang='lat' dir='ltr'>a</span> <span class='ocrx_word' id='word_1_564' title='bbox 915 3192 1122 3224; x_wconf 85' lang='lat' dir='ltr'>schismaticis</span> <span class='ocrx_word' id='word_1_565' title='bbox 1144 3193 1273 3226; x_wconf 85' lang='lat' dir='ltr'>electus.</span> 
     </span>
    </p>

    <p class='ocr_par' dir='ltr' id='par_1_30' title="bbox 36 3238 1687 3291">
     <span class='ocr_line' id='line_1_85' title="bbox 36 3238 1687 3291; baseline 0.006 -21"><span class='ocrx_word' id='word_1_566' title='bbox 36 3256 38 3258; x_wconf 96' lang='lat'>·</span> <span class='ocrx_word' id='word_1_567' title='bbox 83 3241 99 3259; x_wconf 60' lang='grc' dir='ltr'><strong>θ</strong></span> <span class='ocrx_word' id='word_1_568' title='bbox 117 3238 204 3271; x_wconf 79' lang='lat' dir='ltr'>Alias</span> <span class='ocrx_word' id='word_1_569' title='bbox 223 3241 354 3284; x_wconf 85' lang='lat' dir='ltr'>epistola</span> <span class='ocrx_word' id='word_1_570' title='bbox 380 3245 447 3276; x_wconf 84' lang='lat'>329</span> <span class='ocrx_word' id='word_1_571' title='bbox 468 3255 476 3275; x_wconf 85' lang='lat'>:</span> <span class='ocrx_word' id='word_1_572' title='bbox 492 3255 562 3287; x_wconf 81' lang='lat' dir='ltr'>quae</span> <span class='ocrx_word' id='word_1_573' title='bbox 584 3256 660 3277; x_wconf 72' lang='lat' dir='ltr'>vero</span> <span class='ocrx_word' id='word_1_574' title='bbox 685 3252 778 3278; x_wconf 82' lang='lat' dir='ltr'>antea</span> <span class='ocrx_word' id='word_1_575' title='bbox 796 3249 862 3279; x_wconf 83' lang='lat'>318</span> <span class='ocrx_word' id='word_1_576' title='bbox 879 3253 966 3289; x_wconf 85' lang='lat' dir='ltr'>erat,</span> <span class='ocrx_word' id='word_1_577' title='bbox 991 3259 1076 3279; x_wconf 89' lang='lat' dir='ltr'>nunc</span> <span class='ocrx_word' id='word_1_578' title='bbox 1095 3250 1174 3279; x_wconf 76' lang='lat'>314.</span> <span class='ocrx_word' id='word_1_579' title='bbox 1191 3248 1314 3291; x_wconf 86' lang='lat' dir='ltr'>Scripta</span> <span class='ocrx_word' id='word_1_580' title='bbox 1333 3248 1417 3280; x_wconf 85' lang='lat' dir='ltr'>circa</span> <span class='ocrx_word' id='word_1_581' title='bbox 1441 3259 1560 3280; x_wconf 86' lang='lat' dir='ltr'>annum</span> <span class='ocrx_word' id='word_1_582' title='bbox 1587 3253 1594 3280; x_wconf 89' lang='lat'>1</span> <span class='ocrx_word' id='word_1_583' title='bbox 1611 3252 1687 3281; x_wconf 80' lang='lat'>138.</span> 
     </span>
    </p>

    <p class='ocr_par' dir='ltr' id='par_1_31' title="bbox 83 3289 1662 3346">
     <span class='ocr_line' id='line_1_86' title="bbox 83 3289 1662 3346; baseline 0.008 -23"><span class='ocrx_word' id='word_1_584' title='bbox 83 3289 100 3311; x_wconf 56' lang='grc' dir='ltr'>ἃ</span> <span class='ocrx_word' id='word_1_585' title='bbox 122 3292 209 3325; x_wconf 82' lang='lat' dir='ltr'>Alias</span> <span class='ocrx_word' id='word_1_586' title='bbox 228 3294 360 3338; x_wconf 83' lang='lat' dir='ltr'>epistola</span> <span class='ocrx_word' id='word_1_587' title='bbox 374 3298 440 3329; x_wconf 88' lang='grc'>372</span> <span class='ocrx_word' id='word_1_588' title='bbox 464 3308 472 3329; x_wconf 89' lang='lat'>:</span> <span class='ocrx_word' id='word_1_589' title='bbox 492 3309 562 3341; x_wconf 87' lang='lat' dir='ltr'>quae</span> <span class='ocrx_word' id='word_1_590' title='bbox 582 3311 656 3332; x_wconf 68' lang='lat' dir='ltr'>vero</span> <span class='ocrx_word' id='word_1_591' title='bbox 674 3307 765 3332; x_wconf 77' lang='lat' dir='ltr'>antea</span> <span class='ocrx_word' id='word_1_592' title='bbox 786 3304 853 3333; x_wconf 84' lang='lat'>319</span> <span class='ocrx_word' id='word_1_593' title='bbox 868 3307 953 3341; x_wconf 79' lang='lat' dir='ltr'>erat,</span> <span class='ocrx_word' id='word_1_594' title='bbox 974 3313 1058 3334; x_wconf 88' lang='lat' dir='ltr'>nunc</span> <span class='ocrx_word' id='word_1_595' title='bbox 1077 3305 1156 3335; x_wconf 83' lang='grc'>399.</span> <span class='ocrx_word' id='word_1_596' title='bbox 1178 3303 1302 3346; x_wconf 85' lang='lat' dir='ltr'>Scripta</span> <span class='ocrx_word' id='word_1_597' title='bbox 1318 3303 1404 3335; x_wconf 76' lang='lat' dir='ltr'>circa</span> <span class='ocrx_word' id='word_1_598' title='bbox 1421 3314 1538 3335; x_wconf 85' lang='lat' dir='ltr'>annum</span> <span class='ocrx_word' id='word_1_599' title='bbox 1561 3307 1662 3336; x_wconf 80' lang='lat'>1138.</span> 
     </span>
    </p>
   </div>
  </div>
 </body>
</html>
