2533 3920
373 188 444 225 163

423 290 458 325 5.
471 287 630 325 Librum
643 301 755 338 quem
768 288 952 339 quaesistis
965 289 1012 326 ad
1026 291 1369 342 transcribendum,

367 348 526 385 habetis.
542 348 732 398 Opuscula
746 357 876 386 nostra
893 362 978 399 quae
994 350 1186 400 requiritis
1197 381 1206 399 ‚
1225 361 1263 389 et
1278 366 1370 402 pau-

368 423 411 446 ca
429 418 535 456 sunt,
556 417 593 446 et
617 408 708 445 nihil
729 418 785 445 est
806 410 845 446 i‘n
867 410 919 446 cis
940 411 1097 448 omnino
1118 411 1221 461 quod
1241 422 1370 450 vestro

367 469 493 506 studio
511 469 666 519 dignum
688 478 831 520 putem.
850 473 990 507 Tamen
1008 471 1097 520 quia
1114 470 1369 521 ineliusjudi-

366 544 410 566 co
443 530 555 577 milii,
588 538 762 567 nostrum
789 530 933 580 culpari
963 530 1221 580 ingeniolum,
1254 546 1368 582 quam

363 590 623 637 voluntatem3
645 598 682 626 et
707 590 911 640 periclitari
933 591 1035 641 apud
1057 605 1126 629 vos
1147 592 1275 642 potius
1294 594 1369 631 ini-

365 649 541 699 peritiam
556 679 566 697 ,
588 663 702 700 quam
724 649 981 688 obedientiam
1010 667 1018 689 :
1045 666 1130 702 quae
1147 653 1283 691 horum
1299 684 1308 701 ‚
1332 663 1369 692 et

364 723 443 760 quo
464 710 575 748 vobis
594 711 719 760 placet
738 719 781 747 ut
802 712 945 748 mittam
960 740 969 757 ,
999 713 1140 762 scripto
1162 713 1273 752 nobis
1299 728 1369 766 per

363 779 590 820 praesentem
619 771 795 808 nuntium
823 771 1049 821 signilicate3
1079 782 1120 810 ut
1141 788 1226 824 quae
1251 776 1368 813 modo

364 843 483 879 penes
498 844 558 867 me
576 843 654 866 non
672 839 783 876 sunt,
807 830 854 867 ab
868 831 926 868 his
943 832 1009 881 qui
1029 832 1170 870 habent
1187 847 1230 871 ea
1246 835 1371 885 requi-

362 902 457 936 ram,
473 897 511 926 et
531 889 687 939 dirigam
703 903 947 940 quocumque
967 892 1247 931 mandaveritis.
1264 897 1312 931 Et
1328 903 1371 931 ut

363 950 486 987 sciatis
501 950 592 999 quid
605 950 760 1000 petatis,
780 951 858 987 scio
880 963 940 988 me
962 952 1154 1002 scripsisse
1174 953 1368 1002 libellum,

362 1010 427 1059 qui
446 1009 688 1055 inscribitur,
712 1010 758 1046 de
778 1010 1027 1055 Humilitate3
1049 1020 1086 1048 et
1110 1021 1276 1061 quatuor
1303 1014 1369 1050 ho-

361 1069 483 1106 milias
507 1070 547 1106 in
571 1068 766 1106 Laudibus
787 1070 952 1120 Virginis
975 1071 1105 1107 Matris
1124 1072 1237 1122 (nam
1262 1073 1363 1111 hunc
1384 1077 1413 1112 B

359 1129 473 1166 habet
506 1129 707 1181 titulum),
736 1143 852 1180 super
881 1131 988 1167 illum
1029 1131 1206 1169 videlicet
1237 1133 1364 1171 locum

358 1190 553 1240 Evangelii
570 1190 673 1240 apud
693 1194 834 1228 Lucam
848 1219 858 1237 ,
881 1190 947 1228 ubi
968 1191 1120 1239 dicitur,
1148 1195 1291 1231 Missas
1313 1205 1368 1232 esc

357 1254 514 1300 ang-clus
543 1250 698 1287 Gabriel
721 1257 758 1298 1;
788 1264 938 1288 necnon
983 1260 1020 1289 et
1053 1253 1279 1304 Apologiam
1317 1257 1363 1294 ad

358 1311 558 1360 quemdam
583 1311 746 1348 amicum
767 1321 940 1349 nostrum
955 1319 970 1335 ³
985 1342 994 1360 ‚
1016 1313 1083 1350 ubi
1103 1315 1228 1365 aliqua
1246 1316 1363 1354 disse-

355 1371 414 1408 rui
439 1371 485 1408 de
506 1371 835 1419 cluniacensibus,
859 1381 897 1409 et
916 1375 1074 1420 nostris,
1092 1375 1130 1411 id
1152 1384 1207 1412 est
1227 1377 1365 1415 Cister-

356 1431 558 1478 ciensibus‚
575 1432 839 1470 observantiis.
861 1434 934 1471 Sed
954 1443 990 1471 et
1010 1448 1150 1484 paucas
1172 1436 1219 1473 ad
1234 1437 1364 1476 diver-

356 1505 418 1528 sos
447 1492 624 1542 epistolas
654 1492 806 1530 dictavi.
833 1494 962 1544 Aliqui
989 1495 1122 1532 fratres
1143 1510 1189 1533 ex
1215 1497 1273 1535 his
1299 1500 1364 1549 qui

354 1564 415 1588 me
436 1565 563 1589 coram
586 1553 739 1590 audiere
755 1554 997 1603 loquentem,
1016 1568 1085 1592 suo
1101 1557 1187 1593 stilo
1202 1570 1364 1609 excepe-

353 1620 456 1658 runt,
474 1620 511 1648 et
526 1626 645 1662 penes
656 1627 694 1650 se
710 1614 885 1651 retinent.
904 1615 1074 1662 Utinam,
1086 1617 1189 1666 quod
1203 1618 1359 1656 minime

353 1685 480 1722 spero,
492 1683 621 1710 nostra
630 1673 739 1711 vobis
753 1675 791 1712 in
810 1675 936 1726 aliquo
955 1677 1076 1726 possit
1090 1690 1169 1715 esse
1187 1678 1357 1717 officiosa

353 1741 554 1771 rusticitas.

353 1867 1361 1883 z==oe==x======n=s===========snsxsus=zw==ss===zmsx=====xm=zx===z===x==x=

545 1988 919 2045 EPISTOLA
980 1980 1169 2047 XIX?

728 2143 775 2165 AD
805 2143 966 2166 EUMDEM
972 2159 980 2167 .

584 2253 790 2287 Commendat
803 2257 972 2287 Remenses
991 2255 1119 2298 legatos.

402 2383 569 2429 Tempus
584 2385 639 2415 est
654 2385 696 2414 ut
710 2377 938 2427 promissum
953 2379 1120 2429 exigam3
1135 2388 1254 2431 utque
1265 2395 1356 2432 pro—

348 2440 436 2477 bem
457 2452 504 2476 ne
526 2439 622 2475 sorte
649 2438 787 2474 frustra
808 2437 854 2474 de
875 2437 986 2476 vobis
1010 2452 1162 2490 semper
1190 2443 1356 2480 confisus

347 2501 416 2537 sim
432 2529 441 2545 ‚
462 2513 508 2536 ex
526 2512 603 2548 quo
616 2506 779 2534 vestram
797 2505 834 2534 et
851 2499 1024 2536 notitiam
1041 2502 1186 2547 merui,
1208 2511 1244 2539 et
1258 2503 1356 2540 ami-

348 2560 485 2596 citiam:
508 2557 601 2596 Mihi
622 2557 808 2607 siquidem
827 2571 897 2595 vos
917 2559 1136 2608 praestitisse
1154 2562 1354 2609 confidite,

1435 375 1709 385 x===mmms====xx====u

1131 195 1166 230 S.
1198 195 1452 233 BERNARDI
1480 200 1683 236 ABBATIS
2374 203 2443 240 164

1645 497 2019 555 EPISTOLA
2075 499 2234 557 XX.

1622 650 1641 672 Α
1648 650 1670 671 D
1691 649 1930 672 HAIMERICUM
1952 650 2251 676 CANCELLARIUM.

1851 765 1934 790 tude
1960 773 2058 798 supra.

1435 877 1530 917 Viro
1547 878 1682 915 illustri
1698 876 1856 913 domino
1871 879 2094 915 HAIMERICO
2107 887 2245 917 sanctae
2258 883 2443 918 Romanae

1489 939 1594 977 Sedis
1613 938 1837 975 cancellario
1849 966 1859 983 ‚
1879 938 1995 976 frater
2009 942 2233 978 Bnumnnus
2248 939 2298 978 de
2314 942 2442 980 Clara-

1486 1001 1612 1046 Valle,
1636 999 1797 1036 salutem
1818 1007 1856 1035 et
1875 1000 2100 1038 orationem.

1485 1131 1582 1181 Quia
1601 1129 1717 1168 semel
1738 1129 1856 1179 coepi,
1878 1129 2036 1180 loquar,
2059 1139 2097 1167 et
2116 1131 2254 1181 loquar
2274 1133 2321 1170 ad
2342 1147 2410 1171 vos
2429 1150 2438 1171 :

1431 1205 1575 1243 eroque
1590 1192 1837 1242 importunus
1850 1219 1860 1236 ‚
1881 1189 1947 1227 sed
1967 1190 2210 1241 importunus
2226 1192 2438 1242 charitatis,

1431 1253 1499 1290 sed
1523 1251 1712 1298 veritatis,
1742 1250 1807 1288 sed
1825 1250 1996 1300 justitiae.
2017 1254 2111 1289 Nam
2142 1252 2212 1289 etsi
2244 1253 2339 1289 tanti
2361 1267 2439 1290 non

1431 1327 1513 1351 sum
1529 1342 1538 1359 ‚
1559 1320 1603 1349 ut
1624 1315 1758 1349 Romae
1779 1310 1940 1348 habeam
1963 1312 2121 1362 propria
2140 1313 2312 1362 negotia3
2335 1314 2439 1350 nulla

1431 1383 1557 1411 tamen
1571 1386 1656 1422 quae
1669 1367 1739 1409 Dei
1759 1385 1838 1408 esse
1857 1372 2091 1419 constiterit,
2107 1386 2128 1409 a
2149 1386 2210 1410 me
2230 1373 2329 1410 duco
2345 1374 2439 1410 alie-

1430 1448 1490 1472 na.
1509 1437 1754 1483 Quapropter
1769 1432 1798 1469 si
1818 1445 1919 1469 verae
1938 1432 1976 1469 id
1996 1432 2087 1469 mihi
2103 1433 2233 1483 gratiae
2249 1433 2351 1483 apud
2370 1447 2440 1472 vos

1429 1502 1556 1532 manet
1572 1492 1676 1542 quod
1693 1493 1900 1529 multorum
1915 1491 2030 1529 habet
2046 1493 2198 1542 opinio,
2218 1494 2328 1531 liceat
2345 1494 2439 1531 illud

1428 1555 1589 1593 obsecro
1610 1553 1742 1603 legatis
1762 1553 1909 1589 domini
1937 1553 2215 1604 archiepiscopi
2238 1555 2439 1592 Remensis

1428 1613 1669 1665 inpraesenti
1700 1613 1856 1662 negotio
1884 1613 2061 1663 experiri.
2093 1614 2152 1651 Nil
2180 1614 2324 1664 quippe
2348 1627 2438 1661 eos,

1427 1676 1499 1714 nisi
1519 1673 1625 1724 quod
1640 1673 1786 1723 justum
1805 1682 1879 1721 est,
1902 1673 2073 1724 perferre
2092 1674 2154 1711 vel
2173 1687 2345 1724 quaerere
2371 1687 2439 1711 su-

1429 1736 1633 1788 spicamur.

1379 1847 1406 1883 C
1427 1876 1436 1885 ι
1441 1875 1539 1885 υνκνιιι
1543 1875 1569 1884 ιι
1573 1875 1596 1884 ιι
1601 1873 1916 1883 Ἃιιιιιιν-ωενινινινινι
1920 1873 2017 1882 νικιιι
2021 1872 2061 1882 »n
2065 1872 2233 1883 taxa-nmmum
2237 1873 2292 1883 vsts
2296 1874 2350 1884 mn
2355 1874 2378 1884 sn
2383 1874 2439 1883 και.

1629 1995 2007 2054 EPISTOLA
2048 1985 2237 2052 ΧΧΙ.ἀ

1665 2148 1712 2171 AD
1741 2146 1952 2171 MATTHAEUM
1982 2145 2153 2170 LEGATUM
2165 2135 2195 2172 *.

1424 2263 1558 2293 Excusat
1573 2271 1606 2292 se
1623 2258 1762 2302 perbelle
1772 2283 1780 2298 ,
1796 2258 1883 2301 quod
1904 2263 2032 2289 vocatus
2047 2257 2088 2290 ad
2106 2257 2230 2301 negotia
2247 2259 2411 2292 tractanda
2421 2283 2432 2298 ,

1796 2323 1861 2344 non
1880 2318 2054 2344 accesserit.

1480 2438 1512 2474 l.
1534 2435 1619 2475 Fuit
1649 2434 1802 2486 quidem
1824 2447 1958 2485 parere
1981 2443 2157 2484 paratum
2186 2448 2254 2473 cor
2279 2449 2429 2485 meum;

1422 2496 1487 2534 sed
1504 2511 1581 2534 non
1601 2510 1707 2546 :eque
1724 2505 1762 2533 et
1777 2509 1918 2546 corpus
1938 2509 2077 2533 meum.
2097 2497 2292 2535 Saevientis
2312 2498 2432 2548 siqui-

1422 2557 1507 2594 dem
1526 2566 1646 2595 acutae
1668 2556 1781 2594 sebi-is
1799 2565 1931 2594 exusta
1947 2555 2168 2604 ardoribus,
2190 2566 2227 2595 et
2246 2558 2431 2597 exhausta

348 2618 533 2669 quidquid
547 2618 630 2668 opis
643 2626 779 2654 vestrae
799 2618 860 2654 isti
878 2620 1106 2657 Remenscs*
1128 2621 1238 2670 legati
1255 2635 1357 2671 prae-
1372 2629 1406 2662 D
1425 2616 1648 2663 sudorilmS,
1663 2631 1741 2654 non
1755 2617 1875 2653 valuit
1891 2617 2064 2654 sufficere
2079 2617 2229 2667 spiritui
2246 2628 2430 2670 prompto

349 2690 406 2717 sto
436 2679 506 2717 sibi
538 2692 618 2716 esse
639 2678 910 2728 persenserint.
941 2682 1025 2716 Bon
1048 2679 1137 2729 quia
1168 2694 1228 2717 me
1257 2682 1353 2718 tanti

347 2749 497 2791 putem,
519 2738 599 2774 haec
620 2737 764 2783 auch,
794 2737 858 2774 scd
880 2738 968 2786 quia
988 2752 1058 2776 vos
1089 2740 1318 2790 promisistis
1341 2757 1349 2779 :

348 2810 525 2838 utrumne
545 2798 680 2847 digne,
701 2810 770 2833 vos
790 2796 974 2835 videritis.

399 3249 407 3264 ¹
425 3246 498 3274 Luc.
520 3254 548 3281 1,
569 3244 623 3274 26.

1420 2691 1507 2714 caro
1522 2677 1684 2714 infirma.
1701 2677 1814 2715 Volui
1831 2690 1921 2726 ergo
1935 2706 1944 2723 ,
1966 2677 2032 2714 sed
2048 2678 2274 2727 praevolanti
2292 2679 2430 2716 volun-

1419 2739 1484 2775 tati
1506 2737 1652 2774 obstitit
1671 2752 1714 2775 ea
1735 2752 1846 2788 quam
1866 2737 1945 2775 dixi
1965 2738 2126 2776 occasio.
2149 2741 2243 2787 Quae
2259 2752 2307 2777 an
2325 2739 2428 2790 justa

1418 2799 1486 2845 sit,
1507 2798 1577 2848 ipsi
1591 2797 1763 2847 judicent
1783 2799 1893 2836 amici
1914 2798 2054 2846 nostri,
2075 2799 2142 2849 qui
2162 2812 2222 2836 me
2239 2800 2344 2837 omni
2361 2813 2426 2838 ex-

1419 2860 1522 2896 clusa
1543 2859 1787 2896 excusatione
1803 2887 1812 2905 ‚
1844 2859 2072 2897 obedientiae
2092 2859 2239 2897 retibus
2259 2860 2426 2898 circum-

1419 2920 1565 2958 clusum
1579 2949 1588 2967 ,
1610 2919 1780 2970 quotidie
1803 2919 1850 2956 de
1871 2919 2037 2957 claustro
2065 2919 2113 2957 ad
2133 2919 2305 2957 civitates
2333 2933 2426 2970 per-

1420 2980 1568 3018 trahere
1584 2980 1812 3026 moliuntur;
1827 2980 2016 3030 simulque
2028 2978 2226 3016 attendant
2241 2979 2350 3016 istam
2365 2992 2424 3016 me
2458 2995 2467 3001 ·

1418 3041 1655 3078 occasionem
1676 3053 1753 3077 non
1775 3040 1958 3077 fallaciter
1973 3038 2212 3076 adinvenisse
2225 3068 2235 3086 ,
2256 3039 2321 3076 sed
2338 3052 2425 3089 gra-

1417 3101 1514 3138 viter
1530 3101 1730 3152 pertulisse
1748 3115 1756 3138 :
1776 3108 1818 3138 ut
1836 3099 1897 3137 vel
1917 3112 2021 3137 nunc
2038 3099 2287 3150 experiantur
2301 3127 2312 3146 ‚
2335 3098 2423 3149 quia

389 3309 402 3325 ³
420 3303 621 3335 Guillelmum
634 3300 749 3333 scilicet
771 3303 802 3332 S.
818 3299 1004 3333 Theoderici
1018 3301 1163 3333 abbatem
1176 3328 1184 3341 ‚
1209 3313 1278 3345 qua¹
1299 3304 1451 3346 Apologia
1468 3303 1578 3346 legitur
1591 3303 1642 3335 hie
1657 3303 1687 3334 in
1701 3308 1786 3334 tomo
1805 3305 1836 3333 2.

387 3357 403 3380 ¹'
428 3363 549 3406 Scripta
570 3362 651 3394 circa
666 3372 780 3393 annum
812 3366 819 3392 1
835 3365 911 3393 127.
935 3380 976 3386 --
993 3369 1006 3383 ⁶
1021 3363 1141 3405 Scripta
1158 3363 1238 3395 circa
1257 3364 1399 3395 cuuulcm
1417 3374 1532 3395 anuum
1555 3389 1560 3394 .
1583 3382 1625 3386 —ss
1642 3362 1656 3383 ‘¹
1674 3362 1795 3405 Scripta
1814 3361 1872 3395 sul)
1891 3361 1984 3393 linem
2003 3360 2076 3394 anni
2097 3362 2200 3393 1127.
