2517 3920
372 169 442 206 791

370 247 617 297 Unigenitum
650 258 734 282 cum
768 243 910 294 Spiritu
939 250 1071 279 sancto
1094 240 1159 290 qui
1188 248 1244 276 est
1275 234 1417 275 Deus⁵⁰

1138 165 1174 199 S.
1205 160 1457 197 milix-itini
1488 158 1690 193 ABUATIS

2445 0 2448 45 l

2336 129 2449 202 „jx—ml

1503 235 1538 271 2.
1558 231 1822 271 Laudunensis
1843 231 1950 267 sedes
1973 230 2088 267 tristis
2109 239 2146 267 et
2167 244 2327 272 moerens
2343 247 2450 285 erat,¹

371 308 594 346 benedictus
614 307 652 343 in
672 305 827 350 saecnla,
849 317 935 340 cum
957 316 1034 352 quo
1051 310 1131 348 est,
1160 313 1232 350 pro
1254 297 1376 335 nobis.
1397 296 1426 329 A
1450 308 1536 331 cuin
1554 294 1644 330 illuc
1662 292 1830 343 primum
1848 291 2040 340 ingressus
2055 304 2139 327 sum
2153 321 2162 338 ,
2180 300 2312 342 utpote
2325 299 2451 339 attrita}

371 373 450 408 Vos
477 377 627 414 autem,
660 365 706 403 de
732 378 896 416 quorum
926 363 1086 412 collegio
1112 362 1194 411 ipse
1223 368 1279 396 est
1305 358 1383 394 ele-

374 440 456 467 ctus
469 460 478 476 ,
495 438 539 466 ut
559 428 706 466 sederet
726 440 842 476 super
856 425 1050 476 principes
1064 452 1073 469 ,
1090 431 1127 459 et
1147 421 1283 457 solium
1299 419 1383 468 glo-

375 492 440 529 riae
462 498 628 536 teneret,
649 497 755 525 orate
782 500 854 537 pro
874 499 938 531 eo,
960 484 1179 522 constituite
1199 488 1387 532 perpetua

376 551 561 589 beneficia
582 580 592 596 ,
622 558 664 587 ut
686 553 788 586 Deus
816 546 885 584 sibi
921 546 1141 595 indulgeat,
1179 552 1217 580 et
1243 553 1387 578 corona

375 613 505 663 gloriae
527 610 598 649 sibi
621 617 767 659 augeat.
799 612 873 646 Pro
894 607 1006 643 bonae
1041 604 1235 641 memoriae
1270 603 1386 638 fratre

376 682 508 710 nostro
528 671 702 708 similiter
725 677 830 706 orate
862 681 869 702 :
900 680 972 718 pro
993 663 1104 702 nobis
1125 676 1217 700 vero
1249 661 1315 712 qui
1346 660 1386 697 in

378 734 445 770 hac
466 733 562 769 valle
584 730 743 767 miseriae
759 758 768 774 ,
798 728 836 765 in
861 727 929 764 hac
958 726 1114 776 regione
1147 723 1385 760 dissimilitu-

378 794 475 831 dinis
490 822 499 839 ,
520 801 558 828 et
577 792 615 828 in
638 789 763 827 medio
780 801 908 838 pravae
927 786 1091 823 nationis
1115 783 1384 826 remansimus,

378 863 416 891 et
441 867 512 903 pro
532 851 696 889 Ecclesia
716 853 909 893 Romana,
934 859 1019 895 quae
1046 858 1092 882 ex
1112 853 1188 881 tam
1209 845 1285 880 alto
1302 854 1389 892 gra-

379 915 431 952 du
452 923 527 950 tam
545 911 652 948 brevi
669 909 792 960 spatio
813 907 986 957 usquein
1007 904 1245 955 profundum
1263 900 1390 951 abyssi

377 973 517 1012 inferni
537 971 673 1009 cecidit
688 999 697 1016 ,
716 968 963 1005 nihilominus
983 979 1160 1016 rogamus
1183 964 1299 1001 oretis
1313 992 1322 1009 ,
1343 975 1391 999 ne

1451 352 1701 391 seditionibus
1714 381 1724 398 ,
1749 360 1786 388 et
1805 350 1956 401 ignibus
1972 360 2223 389 concremata.
2246 356 2341 404 Ipsae
2353 354 2451 407 quo-³

1451 428 1526 464 que
1543 427 1601 450 res
1616 412 1770 462 majoris
1784 411 1951 448 ecclesiae
1964 411 2114 448 afflictae
2127 421 2254 460 erant,
2268 422 2305 451 et
2320 424 2444 464 tenues

1453 474 1609 511 reditus.
1632 474 1670 511 Si
1695 473 1749 509 illi
1773 472 1930 522 porrexi
1959 485 2115 509 manum
2144 481 2187 509 ut
2216 487 2444 528 resurgeret3

1453 534 1562 570 novit
1597 537 1701 571 Deus
1715 562 1724 579 ‚
1759 540 1952 569 noverunt
1989 540 2027 568 et
2067 532 2243 569 Ecclesiae
2271 535 2347 573 filii.
2377 541 2445 576 Ve-

1453 602 1669 630 rumtamen
1697 592 1790 629 nihil
1819 592 1872 629 eis
1900 591 2068 638 contuli,
2094 591 2198 641 quod
2232 593 2279 630 ad
2311 596 2454 638 reditus.

1454 654 1621 705 pertinet
1646 653 1842 704 episcopi,
1863 660 2004 702 praetcr
2036 665 2198 701 porcos,
2224 667 2320 703 quos
2344 658 2447 709 vulgo

1454 723 1642 752 nostrates
1660 727 1788 750 verres
1806 721 1963 759 vocant,
1978 726 2075 762 quos
2096 725 2236 750 mensae
2254 715 2446 769 episcopali

1454 789 1629 826 personae
1652 773 1854 812 solvebant
1877 774 2056 810 ecclesiae.
2085 776 2185 820 Hos,
2211 773 2361 824 inquam
2376 806 2387 824 ,
2405 781 2448 818 ad

1456 837 1703 888 praebendam
1741 836 2016 872 canonicorum
2048 834 2251 882 concessi,
2280 839 2458 886 quonian„

1456 898 1542 933 illos
1562 910 1632 933 nec
1649 897 1730 933 sine
1753 895 1903 946 pudore
1929 895 2103 944 exigere,
2126 907 2197 931 nec
2217 894 2354 934 habere
2377 885 2457 938 sine

1459 958 1634 994 molestia
1655 965 1842 1007 poteram.
1865 959 2054 993 Praeterea
2080 955 2252 1005 quinque
2279 955 2452 998 duntaxat

378 1034 621 1082 demergatur
640 1030 678 1066 in
700 1027 937 1079 profundum
960 1025 1076 1075 hujus
1106 1025 1234 1075 magni
1255 1023 1369 1060 maris
1381 1051 1391 1069 ‚
1410 1022 1437 1057 B
1459 1018 1628 1056 abbatias
1642 1018 1680 1054 in
1696 1026 1827 1055 nostra
1841 1016 1995 1054 dioecesi
2013 1016 2139 1067 reperi
2149 1016 2180 1062 *‚
2195 1015 2307 1055 rebus
2321 1021 2459 1069 pai-iteri

378 1095 416 1131 in
435 1106 513 1143 quo
533 1099 623 1129 sunt
645 1089 814 1140 reptilia,
837 1100 1003 1138 quorum
1025 1100 1104 1123 non
1123 1094 1179 1123 est
1196 1097 1389 1122 numerus,

380 1157 566 1191 Praeterea
588 1162 766 1200 rogamus
796 1148 957 1194 obnixe,
975 1156 1187 1197 quatenus,
1212 1146 1242 1182 si
1263 1145 1392 1196 parvi-

382 1226 436 1253 tas
467 1221 599 1251 nostra
627 1211 836 1262 quidquam
866 1210 906 1246 in
930 1210 1050 1246 oculis
1075 1208 1212 1246 vestris
1236 1215 1365 1258 potest
1381 1235 1392 1254 ,

381 1275 586 1328 petitiones
608 1286 701 1323 quas
731 1272 870 1308 latores
890 1270 1136 1321 praesentium
1171 1282 1242 1319 pro
1275 1267 1392 1304 domo

382 1333 735 1379 Sancti-Anastasii,
758 1340 796 1369 et
815 1344 887 1382 pro
909 1330 1025 1367 domo
1042 1333 1328 1375 Fossae-Novae,
1357 1335 1395 1364 et

383 1412 454 1449 pro
472 1397 587 1433 domo
606 1394 652 1431 de
669 1392 893 1431 Casa-Marii
916 1391 1023 1429 vobis
1044 1392 1201 1437 facient,
1229 1390 1394 1439 benigne

383 1467 420 1495 et
441 1457 645 1495 efficaciter
665 1453 889 1492 exaudiatis.
925 1453 1108 1502 Alioquin
1139 1452 1263 1489 sciatis
1292 1449 1397 1502 quod

385 1519 474 1556 inde
495 1530 673 1567 magnum
691 1515 854 1553 sentitur
870 1513 1102 1551 scandalum.

379 1658 1397 1675 ιιιιιιιιιιιιιιιιιιιιιιιιιιιιιιιιιιιιιιιιιιιιιιιιιιιιιιιιιιιιιιιιιιιιιι

484 1781 857 1840 EPISTOLA
903 1780 1254 1837 CDLXXVI
1275 1776 1305 1850 ,³

389 1942 682 1975 BARTHOLOMAEI,
712 1941 759 1963 Ex
796 1938 974 1962 EPISCOPO
1004 1939 1200 1972 MONACHI,
1230 1939 1279 1960 ΑΙ)
1309 1937 1400 1961 SAM—

516 2004 640 2028 SONEM
670 2000 999 2025 ARCHIEPISCOPL'M
1030 2000 1247 2023 REMENSEM.

554 2119 670 2152 Reddit
690 2117 845 2149 rationem
862 2126 925 2147 suae
942 2115 1233 2147 administrationis.

390 2238 629 2282 Venerabili,
644 2248 870 2285 semperque
889 2232 1042 2270 amabili
1059 2232 1217 2268 domino
1234 2234 1401 2269 Sn1sox1

444 2306 653 2339 Remorum
671 2296 960 2345 archiepiscopo
972 2324 980 2339 ,
996 2303 1033 2331 et
1049 2294 1119 2331 sub
1139 2293 1221 2342 ejus
1239 2306 1404 2343 praesen-

445 2363 495 2399 tia
516 2366 747 2409 congregato
768 2364 899 2392 sancto
921 2354 1155 2401 conventui,
1178 2354 1296 2390 frater
1310 2356 1404 2390 Bm-

445 2432 674 2459 Tuomniffl‘s
692 2418 731 2454 in
752 2415 975 2454 Fusciniaco
995 2428 1145 2465 pauper
1168 2413 1379 2450 monachus
1393 2441 1402 2458 ,

444 2479 744 2520 misericordiam
765 2486 803 2515 et
819 2477 1018 2514 veritatem
1035 2474 1295 2526 diligentibus.

1459 1093 1502 1116 ac
1522 1079 1708 1129 religione
1726 1078 1903 1129 dilapsas.
1916 1081 1961 1114 In
1981 1077 2038 1114 his
2055 1106 2065 1124 ,
2083 1076 2251 1114 Domino
2269 1081 2350 1116 Deo
2364 1083 2454 1120 mul-

1461 1140 1656 1190 tiplicante
1682 1138 1982 1176 misericordiam
2011 1150 2118 1175 suam
2136 1166 2146 1184 ,
2170 1145 2208 1174 et
2228 1151 2406 1189 numero,
2420 1151 2460 1180 etl

1461 1201 1598 1238 merito
1615 1201 1736 1238 crevit
1752 1209 1971 1238 sanctorum
1992 1212 2178 1237 numerus
2193 1228 2204 1246 ,
2224 1207 2262 1236 et
2280 1204 2455 1251 possessio

1460 1271 1516 1299 est
1548 1262 1714 1299 dilatata.
1750 1265 1895 1300 Novem
1937 1261 2095 1311 insuper
2131 1273 2243 1297 novae
2276 1261 2461 1312 religionis.

1462 1323 1695 1361 monasteria
1715 1322 1856 1373 passim
1875 1322 1913 1359 in
1939 1321 2073 1358 eadem
2096 1320 2248 1358 dioecesi
2272 1330 2358 1359 sunt
2377 1323 2457 1361 fun-

1464 1383 1587 1421 data*.
1610 1387 1758 1421 Horum
1782 1383 1821 1420 in
1847 1382 2021 1434 personis
2047 1394 2232 1419 numerus
2269 1394 2457 1422 numerum

1465 1457 1564 1495 pene
1580 1443 1750 1491 excedit3
1773 1443 1912 1480 horum
1935 1442 2067 1493 religio
2094 1441 2289 1492 religionis
2309 1450 2363 1480 est
2379 1457 2458 1495 spe-

1469 1505 1591 1542 cimen
1611 1520 1619 1541 :
1640 1504 1780 1541 horum
1815 1512 1890 1540 tam
1919 1503 2038 1540 multa
2073 1502 2263 1554 possessio
2291 1512 2367 1550 est,
2393 1512 2459 1542 tam

1469 1565 1599 1602 multis
1619 1564 1772 1602 abunde
1793 1564 1997 1602 sufficiens.
2460 1601 2463 1604 .

1520 1627 1556 1663 3.
1573 1627 1610 1664 Si
1626 1640 1781 1663 manum
1796 1625 1972 1663 beneficii
1986 1639 2047 1663 me
2060 1624 2276 1676 porrexisse
2287 1638 2464 1675 negavero,

1467 1688 1633 1737 antiquis
1668 1688 1835 1725 ecelesiis
1866 1695 1909 1725 ut
1940 1695 2205 1737 resurgerent,
2240 1687 2396 1724 novellis
2425 1680 2465 1726 ut

1467 1762 1587 1785 consu
1594 1757 1763 1798 rgerent3
1780 1749 1952 1786 mentiar.
1965 1749 2097 1787 Profui
2113 1761 2202 1786 sane
2217 1748 2295 1785 fere
2310 1747 2469 1790 ecclesiis?

1423 1809 1450 1845 C
1469 1809 1649 1847 omnibus
1665 1825 1673 1847 ε
1693 1809 1758 1847 sed
1777 1823 1846 1847 nec
1860 1818 2047 1860 quantum
2062 1809 2188 1854 volui,
2206 1821 2276 1846 nec
2292 1816 2465 1859 quantum

1468 1869 1596 1908 debui.
1628 1874 1725 1909 Sane
1754 1871 1923 1909 Calixtus
1952 1884 2053 1921 papa
2079 1869 2279 1907 dominum
2309 1867 2466 1907 Norber-⁴

1469 1939 1569 1976 tum,
1594 1930 1703 1980 cujus
1724 1931 1910 1968 memoria
1936 1931 1975 1968 in
2001 1930 2271 1968 benedictione
2293 1937 2370 1978 est,
2386 1929 2462 1968 fidei

1470 2000 1609 2028 nostrae
1635 1992 1848 2037 commisit,
1870 2000 1913 2029 ut
1933 1992 1968 2028 ei
1987 1992 2116 2028 locum
2144 1989 2350 2037 traderem,
2371 1987 2466 2040 ejuse

1469 2064 1543 2101 que
1565 2052 1664 2088 votis
1687 2052 1914 2089 assisterem.
1934 2055 2090 2090 Terram
2114 2050 2231 2101 igitur
2255 2049 2303 2087 ad
2327 2048 2467 2100 episcoe'

1468 2125 1562 2162 pum
1584 2114 1841 2163 pertinentem
1876 2113 1931 2150 illi
1965 2112 2136 2160 contuli,
2156 2126 2243 2163 quae
2267 2112 2332 2149 vix
2351 2119 2468 2148 tamen

1469 2173 1660 2210 sufficeret
1681 2173 1832 2211 duobus
1853 2173 1999 2211 aratris.
2016 2172 2142 2223 Hujus
2162 2185 2249 2224 pars
2263 2164 2467 2211 Versiniacd

1471 2241 1528 2270 est
1547 2235 1692 2283 posita;
1716 2247 1805 2284 pars
1825 2234 1927 2284 apud
1949 2234 2078 2283 Cuisy,
2100 2247 2185 2284 quae
2207 2241 2330 2270 tamen
2350 2220 2468 2270 multisj

1467 2292 1547 2343 jam
1572 2293 1619 2331 ab
1641 2295 1750 2331 annis
1770 2295 1916 2331 inculta
1935 2303 1973 2331 et
1999 2294 2138 2331 sterilis
2161 2293 2322 2344 jacebat.
2345 2296 2400 2331 De
2415 2291 2467 2330 his

1472 2355 1600 2405 itaque
1620 2369 1705 2406 quae
1726 2356 1772 2393 ad
1794 2357 2029 2407 episcopales
2051 2355 2295 2407 pertinebant
2315 2354 2468 2400 reditus,*

1474 2417 1568 2454 nihil
1591 2417 1755 2468 amplius
1778 2430 1838 2454 me
1867 2418 1997 2454 recolo
2025 2416 2245 2454 detraxisse.
2264 2420 2395 2454 Vestro
2414 2422 2464 2452 ta-

1474 2493 1562 2517 men
1578 2479 1707 2516 favore
1721 2492 1763 2515 ac
1779 2491 1967 2516 consensu
1989 2478 2145 2528 quidam
2163 2477 2329 2514 ecclesiis
2343 2483 2469 2514 contu-

1474 2542 1602 2578 lerunt
1622 2548 1759 2585 terras,
1784 2552 1877 2589 quas
1897 2552 1919 2576 a
1941 2538 2053 2576 nobis
2079 2536 2273 2575 habebant
2299 2537 2338 2574 in
2365 2524 2470 2582 bene}

450 2611 482 2645 l.
503 2603 752 2644 Verecundiae
777 2615 870 2638 mcae
891 2600 1083 2638 silentium
1105 2599 1270 2649 imperat
1290 2596 1405 2647 hujus
1424 2602 1456 2636 D
1476 2601 1561 2638 ficio
1586 2615 1593 2637 :
1615 2613 1771 2637 censum
1793 2607 1921 2636 tamen
1952 2607 2142 2636 terrarum
2164 2606 2202 2636 et
2220 2596 2366 2647 vinagia
2384 2593 2474 2634 nulli*

395 2668 515 2707 sancti
535 2673 749 2703 conventus
770 2662 990 2700 solemnitas
1012 2676 1019 2698 :
1043 2660 1108 2697 sed
1128 2661 1293 2696 frontem
1311 2673 1405 2710 ape-

397 2732 463 2777 rit,
482 2738 519 2766 et
541 2727 710 2764 stimulat
736 2724 783 2761 ad
812 2722 1049 2773 loquendum
1072 2722 1111 2758 in
1131 2722 1258 2771 palam
1279 2720 1407 2757 immi-

397 2803 492 2827 nens
514 2790 622 2825 famae
644 2799 736 2822 mcae
753 2784 980 2835 periculum.
1009 2786 1140 2832 Neque
1167 2782 1268 2818 enim
1296 2781 1407 2818 dissi-

398 2851 542 2888 mulare
553 2860 710 2898 possum
722 2844 828 2895 quod
846 2845 1055 2880 multorum
1070 2843 1240 2892 vulgavit
1258 2842 1404 2892 opinio,

399 2910 502 2961 quod
539 2909 651 2945 etiam
689 2905 735 2943 ad
776 2918 886 2942 aures
915 2904 1061 2940 domini
1100 2907 1212 2953 Papae
1251 2903 1407 2940 volavit.

400 2970 647 3022 Episcopales
676 2966 819 3004 reditus
849 2978 909 3001 me
941 2964 1148 3001 detraxisse
1177 2977 1311 3001 rumor
1333 2973 1408 3012 est,

401 3032 462 3069 cui
482 3029 630 3068 rumori
658 3028 742 3078 plus
766 3025 872 3075 justo
899 3024 1020 3061 credit
1042 3024 1307 3062 Laudunensis
1328 3025 1410 3075 epi-

400 3104 552 3142 scopus.
586 3093 713 3126 Meum
741 3100 833 3136 ergo
858 3094 914 3122 est
945 3099 1061 3135 super
1087 3085 1141 3122 eis
1171 3085 1279 3122 fateri
1304 3085 1409 3135 quod

400 3164 533 3189 verum
554 3158 610 3186 est
632 3164 640 3185 :
662 3146 803 3184 intueri
825 3154 952 3182 autem
976 3145 1081 3195 quod
1098 3144 1244 3194 justum
1268 3153 1350 3192 est,
1373 3154 1410 3183 et

401 3211 521 3257 tueri,
543 3217 711 3247 vestrum
733 3206 816 3243 crit.

445 3345 457 3359 ³
475 3340 596 3384 Scripta
616 3338 697 3370 circa
710 3347 826 3368 anuum
848 3339 906 3368 1151
920 3338 944 3366 2.

1473 2662 1627 2712 penitus
1648 2660 1878 2698 condonavi.

1528 2723 1564 2759 4.
1582 2726 1639 2759 Dc
1658 2730 1796 2758 caetero
1817 2721 1909 2772 quid
1932 2721 1987 2759 illi
2009 2721 2090 2759 sedi
2112 2720 2269 2758 accessit
2291 2714 2467 2757 commodi

1476 2792 1538 2820 aut
1554 2783 1734 2829 lionoris,
1753 2784 1844 2820 nolo
1859 2783 2071 2820 humanum
2086 2781 2271 2833 procedat
2282 2778 2466 2830 judicium.

1476 2845 1512 2883 Si
1539 2844 1631 2894 quid
1665 2858 1758 2881 vero
1790 2852 1833 2881 ut
1862 2844 1981 2881 homo
2010 2843 2178 2894 deliqui,
2209 2842 2249 2878 in
2276 2844 2471 2890 conspectu

1477 2905 1676 2941 hominum
1699 2903 1884 2941 confundi
1902 2918 1980 2941 non
1998 2904 2158 2954 refugio.
2177 2905 2334 2941 Causam
2352 2900 2472 2950 itaque

1478 2973 1648 3002 nostram
1679 2963 1812 3010 vobis,
1849 2972 2030 3014 tanquam
2066 2962 2262 3013 judicibus
2298 2950 2471 3010 allegare,

1479 3035 1660 3075 tanquam
1699 3025 1859 3062 testibus
1889 3026 2066 3063 intimare
2099 3024 2206 3061 volui
2237 3038 2245 3061 :
2272 3023 2312 3060 in
2343 3017 2468 3072 quibus

1477 3086 1792 3124 calumniatorem
1814 3099 1892 3123 non
1915 3086 2031 3123 timeo
2048 3098 2182 3122 verum
2202 3083 2339 3121 dicens.
2354 3080 2468 3119 Liceat

1478 3155 1605 3183 tamen
1633 3146 1724 3182 mihi
1753 3145 1856 3182 aliud
1883 3145 2025 3182 audere
2048 3144 2150 3196 apud
2174 3157 2265 3190 vos,
2287 3142 2394 3180 liceat
2410 3138 2473 3177 ali·'

1477 3206 1569 3256 quid
1587 3206 1796 3243 humanum
1821 3205 1938 3255 loqui.
1959 3205 2111 3243 Nihilne
2128 3203 2207 3242 sedi
2230 3211 2367 3241 nostrae
2386 3206 2469 3238 titu-
