2565 3952
108 123 184 160 565

114 203 261 240 damur.
282 202 461 250 Quaeritis
476 201 543 251 qui
559 201 648 237 fecit
663 201 737 238 hoc
753 203 768 238 ἓ
792 205 920 238 Homo
942 202 1046 252 pacis
1063 216 1130 239 ve-

1038 126 1304 162 EPISTOLAE.

1141 201 1190 219 272

2145 141 2222 177 566

1202 203 1397 241 silentium
1420 206 1625 256 imposuit,
1650 221 1698 245 ne
1728 222 1815 259 pars
1842 211 2001 248 adversa
2024 214 2070 250 de
2097 219 2227 254 multi-

114 272 222 310 strae,
246 264 283 300 in
311 277 390 313 quo
419 261 644 313 sperabatis.
667 265 818 309 Homo,
841 263 902 300 cui
925 263 1016 300 odio
1040 264 1132 301 reli—
1150 263 1179 296 A
1203 265 1336 302 tudine
1354 266 1552 316 glorietur.

113 325 194 375 gio,
216 324 274 361 cui
293 324 402 360 oneri
419 323 625 373 sapientia,
648 323 710 360 cui
729 323 1031 374 terrorijustitia
1054 333 1130 363 est:

112 386 178 437 qui
204 385 351 422 domini
384 385 443 421 sui
474 398 553 421 non
581 393 638 421 est
658 385 802 423 veritus
824 395 1014 424 secretum
1036 401 1134 438 pro-

112 447 221 493 dere,
241 460 429 483 evacuare
447 446 658 483 decretum.
677 450 754 484 Nec
771 447 910 485 mirum
932 449 998 498 qui
1015 463 1054 486 se
1074 458 1132 486 ta-

110 509 183 547 lem
204 508 354 558 aperire
375 521 454 544 non
472 516 529 544 est
547 509 730 545 confusus
749 523 755 545 :
773 509 839 559 qui
859 509 949 546 dum
970 511 1133 560 proprio

111 568 286 608 concedit
313 569 450 616 livori,
482 569 596 605 etiam
632 578 771 606 vestrae
804 571 1031 607 reverentiae
1050 584 1129 608 non

109 629 293 683 pepercit.
331 630 522 668 Confusus
552 644 636 667 sum
667 643 738 681 ego
762 645 768 667 :
792 630 859 668 sed
892 645 977 681 quae
1011 634 1133 669 eura?

107 695 192 732 Non
214 704 351 728 recuso
372 691 658 738 confusionem,
681 705 797 742 quam
824 692 916 729 mihi
941 691 1130 729 obedien-

109 753 170 792 tiae
194 753 295 790 zelus
312 753 472 789 invexit.
495 757 527 789 A
545 766 606 790 me
626 752 784 803 quidem
803 767 882 790 non
903 754 1051 791 transiit
1067 768 1133 791 ca—

60 823 61 826 ’
107 813 161 852 lix
186 814 257 850 iste
277 828 285 850 :
305 813 372 850 sed
402 827 474 865 per
499 827 561 851 me
587 814 703 864 plane
725 828 846 865 usque
874 815 921 852 ad
945 828 1014 852 vos
1040 829 1131 866 per-

106 875 266 913 transiit.
281 878 323 912 In
341 875 610 925 suggillatione
623 904 632 922 ,
650 888 698 912 ne
712 875 836 912 dicam
852 875 1130 927 depravatione

107 936 204 974 datae
234 937 452 984 sententiae,
482 937 545 974 cui
573 937 718 974 clarum
751 951 829 974 non
852 938 899 975 sit
930 947 1129 975 auctorem

1258 326 1293 363 4.
1317 330 1385 372 Et,
1409 335 1452 363 ut
1474 326 1646 365 breviter
1666 329 1772 378 quod
1793 332 1917 367 sentio
1939 334 2174 383 exprimam,
2196 339 2226 374 si

1197 386 1397 436 judicatur
1418 401 1547 438 operae
1569 390 1737 438 pretium
1760 391 1796 426 in
1816 391 1882 428 illo
1901 393 2126 444 episcopatu
2144 410 2228 433 mo-

1202 449 1367 486 nasteria
1396 451 1622 500 pauperari,
1657 452 1834 489 ecclesias
1867 455 2107 501 conculcari,
2138 458 2227 494 reli-

1201 510 1308 560 gioni
1341 510 1474 556 illudi,
1499 511 1620 562 ipsam
1643 513 1900 564 episcopalem
1936 515 2091 561 sedem,
2117 517 2228 567 cujus

1201 572 1399 622 praecipue
1422 573 1665 610 facultatibus
1689 583 1727 611 et
1748 576 2058 625 possessionibus
2083 578 2226 625 inhiat,

1200 632 1239 669 in
1258 634 1483 671 servitutem
1504 635 1647 685 redigi,
1670 636 1942 686 Regniacensis
1964 652 2125 688 regnare
2147 641 2230 677 nul-

1200 695 1351 732 latenus
1374 697 1656 746 permittatur*.
1678 697 1756 735 [bi
1775 707 1830 735 est
1851 699 1964 736 etiam
1989 714 2092 737 nunc
2111 701 2229 751 spiri-

1204 765 1263 794 tus
1284 758 1348 794 ille
1361 787 1370 804 ,
1392 771 1506 808 quem
1526 758 1714 796 habuistis
1730 760 1770 796 in
1790 761 1946 811 negotio
1962 761 2197 800 Eboracensi
2215 765 2230 798 ,³

1198 821 1283 856 Non
1307 819 1447 856 sentiet
1467 820 1574 856 illum
1590 850 1599 867 ,
1623 821 1689 870 qui
1717 821 1840 858 simile
1862 836 1961 872 opus
1990 822 2228 860 tentaverit?

1198 883 1296 917 Ecce
1317 880 1347 916 is
1362 910 1370 926 ‚
1390 881 1488 917 sicut
1509 882 1748 932 accepimus,
1768 882 1807 919 in
1827 883 1966 934 spiritu
1984 884 2084 921 illius
2101 886 2224 929 venit,

1199 941 1265 992 qui
1286 942 1430 978 curiam
1463 942 1668 980 adversum
1698 958 1767 981 vos
1797 945 2023 992 concitavit,
2057 946 2085 983 si
2107 947 2227 984 licue-

106 998 208 1049 tangi
225 998 376 1049 potius,
397 1012 511 1049 quam
541 998 851 1036 denuntiatorem
868 1002 882 1036 9
902 999 1020 1050 Cujus
1049 1014 1129 1037 non
1151 1009 1178 1043 Β
1199 1002 1260 1047 rit,
1280 1002 1486 1039 moliturus
1501 1003 1682 1054 idipsum.
1700 1008 1757 1041 De
1776 1005 1930 1055 negotio
1948 1006 2096 1043 domini
2113 1011 2222 1044 Lun-

104 1060 233 1112 potuit
268 1060 450 1098 infamari
485 1073 652 1111 persona
673 1089 682 1105 ,
718 1060 904 1098 debuitne
940 1062 1129 1099 infirmari

103 1122 354 1174 promotio*?
388 1126 521 1161 Unum
554 1131 611 1160 est
646 1136 666 1159 e
701 1121 884 1160 duobus:
913 1132 979 1160 aut
1013 1123 1129 1162 stabit

103 1196 253 1230 sermo,
275 1196 390 1234 quern
418 1196 439 1220 a
465 1182 577 1221 vobis
597 1181 792 1233 egressum
816 1184 943 1220 testati
971 1198 1103 1222 sumus
1117 1201 1127 1232 3

97 1253 169 1282 >aut
185 1258 256 1282 nos
273 1245 476 1282 mendaces
495 1244 779 1296 reputabimur,
803 1245 900 1281 sicut
917 1244 996 1294 jam
1016 1260 1129 1296 repu-

93 1314 242 1344 .tamur.
265 1306 338 1344 Sed
367 1306 504 1343 melius
524 1314 733 1356 vestroque
757 1306 909 1356 dignius
931 1308 1129 1357 apostola-

97 1351 169 1414 tu,
192 1380 270 1404 non
293 1366 524 1417 gloriabitur
547 1367 586 1404 in
612 1367 757 1404 malitia
789 1368 856 1418 qui
885 1377 1026 1418 potens
1056 1369 1128 1406 fuit

101 1428 141 1466 in
162 1428 379 1480 iniquitate.

157 1492 193 1529 3.
225 1490 434 1530 obeditum
465 1498 594 1528 tamen
624 1491 807 1528 mandato
837 1504 883 1528 ex
908 1499 1019 1542 parte
1039 1500 1124 1539 est,

57 1559 60 1585 ἒ
103 1560 141 1590 et
160 1560 270 1603 parte
291 1551 442 1602 majori¹
474 1550 612 1588 Tribus
641 1551 889 1589 commissum
915 1560 1022 1599 erat;
1044 1566 1124 1590 uno

57 1601 59 1666 ἶ
102 1621 374 1652 contemnente
394 1643 404 1661 ‚
444 1611 600 1650 duobus
631 1612 988 1660 consentientibus,
1029 1614 1124 1664 quid

5 1690 18 1696 ··
56 1691 59 1702 2
102 1683 240 1722 restat,
260 1675 334 1713 nisi
354 1683 399 1712 ut
419 1688 499 1712 vox
517 1682 646 1711 vestra
666 1674 847 1725 suppleat
866 1675 973 1725 quod
995 1676 1123 1714 minus

101 1738 184 1774 est?
211 1739 259 1774 Et
275 1736 430 1787 quidem
449 1744 530 1773 tute
550 1735 636 1772 hoc.
654 1739 740 1773 Non
758 1744 816 1773 est
831 1737 936 1786 quod
957 1737 1122 1775 timeatis

4 1813 11 1821 ⁷
43 1806 57 1832 *1
99 1811 122 1836 a
136 1798 316 1836 scandalo
347 1797 504 1835 illorum
538 1796 585 1834 de
619 1796 760 1847 quibus
790 1798 979 1836 Dominus
1002 1798 1093 1837 dicit
1112 1815 1119 1837 ε
1141 1810 1168 1846 C

47 1879 50 1888 =
99 1860 220 1896 Sinite
236 1862 319 1896 illos
331 1874 344 1905 ;
362 1864 456 1895 (τεεί
468 1868 569 1903 sunt,
589 1868 623 1895 et
640 1860 753 1895 (luces
766 1873 953 1896 coecorum
967 1867 991 1897 ¹.
1007 1861 1121 1909 Quod

1 1930 14 1943 ‘⁷
56 1943 57 1946 ¹
97 1922 288 1972 reliquum
309 1930 384 1969 est,
406 1920 600 1962 laetabitur
627 1921 820 1972 populus,
842 1921 1037 1959 laetal)itur
1057 1936 1118 1960 sa—

46 2006 51 2015 x
96 1983 183 2022 nior
202 1997 292 2034 pars
309 1983 423 2030 cleri,
445 1983 559 2020 etiam
578 1983 660 2034 ipse
680 1982 874 2020 laetabitur
894 1997 962 2020 rex
980 2000 989 2031 3
1009 1985 1117 2022 lzrta-

94 2043 198 2083 bitur
218 2045 386 2096 denique
407 2044 532 2081 omnis
552 2045 713 2082 ecclesia
734 2053 970 2083 sanctorum.
997 2047 1118 2084 Multa

8 2123 19 2130 ¹·
56 2114 57 2130 ³
94 2105 197 2145 bona
213 2120 332 2158 opera
350 2106 573 2144 ostendistis
600 2107 742 2144 saeculo
770 2116 906 2145 nostro
929 2122 974 2145 ex
997 2110 1116 2159 gratia

85 2179 178 2220 quae
206 2169 295 2206 data
323 2177 381 2206 est
409 2167 523 2206 vobis
545 2184 553 2206 :
575 2177 614 2206 at
638 2169 811 2214 nullum,
844 2178 887 2206 ut
917 2169 1087 2208 arbitror
1104 2201 1114 2218 ‚

9 2242 14 2247 ’
55 2247 57 2257 =
93 2230 198 2282 quod
227 2231 346 2282 magis
373 2244 447 2282 pro
479 2230 601 2280 gloria
631 2239 758 2267 vestra
794 2231 924 2275 faciat,
944 2245 1058 2281 quam
1085 2233 1113 2270 si

92 2292 144 2330 sic
172 2292 351 2330 feceritis.
372 2290 658 2329 Testimonium
691 2291 878 2342 perhibeo
905 2293 983 2340 eis,
1007 2294 1114 2343 quod

91 2355 232 2393 multos
261 2354 308 2391 de
339 2354 525 2404 religione
557 2354 873 2400 nominaverint,
906 2368 987 2391 non
1022 2356 1114 2392 reli—

91 2415 202 2467 gione
233 2415 431 2462 delectati,
461 2415 526 2453 sed
553 2415 807 2466 impotentia,
830 2416 897 2466 qui
920 2430 997 2453 non
1021 2430 1113 2467 pos—

90 2477 165 2515 sint
190 2478 464 2528 malignitatem
495 2491 632 2514 eorum
661 2491 863 2525 coercere,
886 2479 951 2528 qni
972 2479 1010 2515 vi
1032 2479 1111 2516 vim

1198 1063 1352 1100 densisa
1375 1064 1595 1102 reducimus
1627 1064 1737 1102 vobis
1758 1066 1806 1103 ad
1839 1068 2078 1105 memoriam.
2103 1070 2223 1105 Causa

1197 1125 1394 1163 dilationis
1416 1125 1566 1163 sublata
1588 1127 1634 1164 de
1656 1128 1784 1165 medio
1802 1158 1811 1175 ,
1838 1143 1914 1165 non
1934 1138 1990 1166 cst
2005 1130 2078 1167 nisi
2101 1139 2143 1167 ut
2163 1131 2228 1167 fiat

1197 1187 1303 1237 quod
1322 1188 1538 1225 faciendum
1563 1198 1655 1226 erat.
1674 1193 1721 1227 Et
1734 1190 1808 1227 hoc
1826 1191 2038 1228 addiderim
2057 1207 2064 1229 z
2084 1192 2228 1230 habere

1195 1247 1343 1286 bonum
1360 1279 1369 1293 ‚
1390 1249 1538 1299 justum
1554 1280 1563 1296 ,
1586 1259 1624 1287 et
1640 1250 1755 1288 bonae
1775 1252 1882 1289 famfe
1899 1253 2170 1290 cancellarium
2194 1253 2224 1300 b,

1197 1311 1419 1360 apostolicae
1441 1311 1637 1361 dignitatis
1658 1326 1737 1349 non
1756 1313 1908 1350 modica
1926 1328 2014 1364 pars
2029 1323 2107 1361 est,
2131 1329 2227 1365 apo-

1196 1370 1340 1407 stolicae
1362 1371 1706 1410 administrationis
1729 1388 1807 1411 non
1832 1388 1994 1424 parvum
2014 1375 2226 1413 adminicu-

1195 1430 1275 1467 lum
1297 1440 1353 1468 cst
1368 1462 1376 1478 ,
1399 1433 1622 1483 apostolicae
1644 1435 1888 1472 conscientiae
1912 1450 1989 1473 non
2015 1437 2220 1475 mediocris

1196 1492 1371 1529 custodia
1391 1502 1458 1530 est.
1482 1497 1643 1545 Semper
1663 1496 1819 1546 quidem
1839 1496 2020 1534 notabilis
2039 1499 2223 1535 constitu-

1194 1553 1246 1590 tio
1268 1555 1486 1604 pernieiosa
1510 1570 1517 1592 :
1543 1564 1579 1592 at
1595 1565 1685 1607 post
1701 1557 1856 1608 longam
1880 1557 2219 1606 deliberationem,

1192 1614 1307 1651 etiam
1330 1617 1467 1666 turpis.

1339 1762 1346 1770 ι
1367 1761 1389 1770 sm
1397 1762 1537 1771 ssxsxxvxvn
1545 1762 1939 1774 ====w=x======mx=======x===s
1960 1765 2219 1775 ===========x======

1286 1891 1671 1948 EPISTOLA
1730 1892 2113 1949 CCLXXXI.

1321 2058 1450 2080 ABBATI
1482 2058 1651 2081 BRUNONI
1682 2059 1730 2081 DE
1759 2059 2020 2083 CHAnA—VALLE
2038 2047 2066 2084 *.

1183 2178 1365 2209 Brunonem
1387 2178 1571 2221 perturbate
1594 2186 1632 2226 et*
1650 2180 1870 2223 imprudenter
1887 2183 2076 2215 scribentem
2101 2184 2209 2216 redar-

1657 2242 1734 2277 guit.

1236 2361 1406 2394 Rectene
1427 2358 1602 2396 irasceris
1626 2368 1664 2396 tu
1688 2361 1831 2398 modo?
1851 2366 1956 2411 Non,
1983 2373 2024 2401 ut
2053 2365 2207 2416 opinor.

1182 2419 1428 2456 Convineunt
1459 2428 1494 2455 te
1524 2433 1722 2458 sermones
1749 2423 1828 2470 tui,
1858 2438 1935 2461 non
1964 2425 2139 2476 dispositi
2167 2428 2207 2464 in

1175 2478 1326 2529 judicio
1341 2509 1350 2526 ,
1378 2480 1443 2517 sed
1467 2482 1696 2532 praecipitati
1720 2484 1758 2520 in
1785 2485 2091 2535 perturbatione.
2111 2491 2206 2525 Nam

89 2540 274 2591 repellere
299 2553 378 2577 non
410 2539 603 2576 sufficiant
627 2554 635 2576 ε
658 2548 701 2576 ut
728 2553 895 2589 quorum
933 2540 1113 2578 sanctita-
1175 2541 1367 2591 judicium
1385 2542 1543 2591 quidem
1564 2545 1637 2581 tale
1655 2554 1712 2582 est
1734 2561 1741 2582 :
1760 2547 2021 2584 Meliorasunt
2042 2548 2206 2586 verbera

89 2599 164 2639 ‘fflin
187 2615 264 2638 non
282 2609 434 2647 amant,
457 2614 536 2637 non
556 2600 604 2638 sit
628 2600 735 2650 quod
759 2600 918 2637 timeant
940 2609 1111 2651 potesta-
1128 2611 1162 2646 D
1181 2604 1313 2648 amici,
1336 2617 1451 2653 quam
1469 2606 1599 2642 oscula
1620 2606 1763 2644 inimici
1786 2615 1810 2645 ¹.
1833 2614 1881 2646 At
1899 2623 1969 2659 ego
1992 2611 2072 2647 sinc
2094 2624 2207 2648 causa

89 2669 177 2700 tem.
197 2665 335 2700 Comes
351 2662 601 2701 Nix-emensis
626 2662 708 2699 vias
725 2662 845 2713 patris
866 2676 944 2698 non
964 2661 1106 2700 ambu-

87 2721 166 2760 lat*
192 2739 200 2761 ε
224 2723 451 2760 adversatur
473 2731 563 2760 tum
600 2723 711 2768 huic,
742 2731 823 2759 tum
853 2723 960 2760 omni
988 2722 1106 2760 bono.

0 2800 14 2820 z
55 2781 59 2822 l
86 2784 247 2823 Incubat
268 2785 382 2823 terris
400 2784 594 2835 bonisque
614 2785 871 2822 Ecclesiarum
886 2815 895 2831 ‚
920 2785 1018 2822 sicut
1048 2785 1108 2822 leo

9 2860 14 2871 ³
39 2855 59 2877 tl
86 2855 242 2896 paratus
259 2847 307 2885 ad
326 2846 513 2898 praedam.
543 2850 703 2884 Paratus
726 2855 783 2883 est
802 2846 973 2896 recipere
991 2847 1105 2884 etiam

27 2895 59 2956 ἰ)
87 2907 313 2946 saracenum
329 2937 338 2955 ,
370 2917 437 2946 aut
462 2908 685 2958 quempiam
710 2921 758 2944 ex
784 2907 946 2954 Judaeis,
968 2916 1012 2944 ut
1032 2908 1106 2945 isto

6 2984 8 2987 ’
27 2965 60 3011 ¹}
86 2979 230 3018 careat,
250 2970 358 3021 quod
380 2971 486 3008 solus
505 2969 578 3007 sibi
595 2969 792 3017 videatur,
812 2969 878 3019 qui
897 2969 1050 3006 malitiae
1069 2979 1107 3007 et

4 3047 7 3050 ⁴
25 3009 60 3069 'l
86 3031 280 3070 calliditati
300 3031 384 3083 ejus
401 3032 579 3070 resistere
600 3040 638 3069 et
656 3031 778 3079 norit,
800 3040 837 3069 et
854 3032 987 3082 possit.
1010 3033 1106 3070 Inde

3 3122 8 3129 ,
38 3100 58 3125 .·
85 3099 141 3128 est
158 3093 264 3143 quod
280 3094 478 3131 nonnullis
499 3093 730 3131 clericorum
752 3093 867 3129 minis
886 3101 924 3130 et
943 3094 1106 3131 manife-

30 3173 38 3183 υ
84 3151 148 3190 stis
175 3154 484 3204 gravaminibus,
515 3163 559 3192 ut
578 3153 692 3192 nobis
708 3154 782 3205 ipsi
802 3153 967 3191 confessi
988 3163 1102 3201 sunt,

132 3276 142 3291 ¹
157 3270 275 3302 Manli.
302 3282 357 3310 xv,
378 3275 432 3304 14.
453 3291 494 3294 —
518 3278 530 3294 ²
545 3275 639 3304 Prov.
662 3284 771 3311 xxm,
794 3277 825 3303 0.

1179 2666 1335 2715 vapulo,
1358 2666 1499 2716 inquis.
1529 2671 1619 2705 Esto
1647 2684 1653 2705 :
1680 2669 1930 2707 nihilominus
1963 2680 2088 2709 tamen
2114 2687 2204 2710 ver—

1176 2725 1269 2764 bera
1293 2726 1504 2765 verborum
1538 2738 1759 2767 nostrornm
1796 2732 2034 2770 amicabilem
2071 2749 2201 2771 curam

1176 2797 1327 2825 sonant.
1358 2792 1495 2826 Parum
1519 2789 1597 2827 dixi
1625 2806 1632 2827 ε
1655 2801 1854 2842 paternam
1886 2794 2102 2844 loquuntur
2122 2797 2203 2833 sol-

1176 2850 1429 2887 licitudinem.
1453 2855 1587 2902 Itaque
1610 2854 1639 2890 si
1661 2855 1813 2905 eulpam
1839 2869 1918 2892 non
1942 2856 2082 2903 habes,
2106 2858 2200 2894 nihil

1178 2920 1213 2948 te
1230 2912 1418 2959 lzesimus,
1441 2914 1600 2964 propria
1627 2925 1852 2953 excusatum
1879 2919 2115 2956 conscientia
2139 2934 2146 2955 :
2171 2919 2202 2956 si

1175 2972 1306 3019 habes,
1331 2973 1396 3010 tibi
1422 2975 1552 3025 potius
1572 2976 1831 3024 irascendum,
1857 2993 1973 3029 quam
2001 2980 2093 3016 mihi
2120 2981 2200 3018 sne-

1173 3042 1244 3070 rat.
1270 3035 1452 3082 Quereris
1479 3036 1585 3086 quod
1622 3037 1690 3074 tibi
1718 3052 1796 3075 non
1827 3039 1971 3076 credidi
1995 3055 2003 3077 :
2027 3040 2134 3091 quasi
2157 3049 2197 3077 tu

1173 3094 1266 3131 mihi
1287 3095 1378 3132 inde
1403 3096 1549 3146 aliquid
1576 3098 1729 3137 locutus
1750 3100 1877 3138 fueris.
1904 3104 1995 3138 Esto
2022 3116 2029 3137 τ

1172 3156 1349 3206 querenti
1365 3156 1412 3193 de
1431 3165 1478 3194 te.
1495 3157 1579 3195 Tibi
1592 3161 1791 3209 quomodo
1805 3170 1870 3198 aut
1892 3162 2049 3200 credere
2066 3161 2190 3212 potui,

2052 3101 2197 3138 credidi

129 3341 143 3358 ²¹
162 3337 272 3370 Eskili.
288 3339 371 3371 vide
390 3339 555 3383 epistolant
573 3343 653 3372 390.
673 3359 714 3363 -—-
736 3333 752 3356 Β
766 3343 859 3371 Forte
873 3346 943 3383 post
959 3347 1092 3373 mortem
1110 3341 1266 3374 Gnidonis
1279 3343 1474 3383 cancellarii,
1492 3344 1530 3375 ad
1548 3356 1642 3387 quem
1660 3346 1791 3388 epistola
1808 3349 1887 3377 :367⁴
