2517 3936
77 232 149 270 913

76 319 158 343 anno
180 310 278 345 1138,
300 307 416 348 legatus
437 306 470 336 in
486 307 630 347 Angliam
645 331 651 341 .
665 313 732 337 tum
751 307 783 338 in
799 307 918 348 Syriam
930 331 937 344 ‚
958 306 1083 337 demum

77 365 109 396 in
125 361 271 398 Galliam,
288 359 328 390 ad
345 369 438 400 quem
454 359 586 400 epistola
602 362 680 391 219.

125 418 189 448 509
209 417 248 445 A.
271 412 326 444 sed
341 412 435 443 etiam
462 412 494 442 in
514 412 640 443 virtute.
659 429 704 434 ——
725 413 886 444 miraculis
908 412 1022 444 scilicet
1048 413 1083 443 il-

76 468 224 502 lustribus
241 465 280 497 ab
300 466 367 507 ipso
387 464 475 496 factis
491 489 499 502 ,
519 465 557 496 de
579 465 693 506 quibus
713 466 745 495 in
767 465 847 496 libro
874 466 965 496 tertio
982 466 1081 504 Vim,

77 533 145 565 cap.
168 525 199 552 6.
217 523 289 562 Ipsa
311 518 450 559 agnoscit
469 518 563 549 etiam
584 519 787 559 Rerengarius
805 518 835 548 in
858 519 1000 560 apologia
1028 530 1084 560 pro

77 573 255 610 Abaelardo
276 583 284 603 ε
309 587 322 598 κ
341 571 535 604 Jamdudum
551 571 769 602 sanctitudinis
787 579 847 603 tuuf
868 572 997 602 odorem
1023 573 1085 603 alcs

77 644 94 658 a
110 639 166 672 per
181 625 290 658 orbem
311 625 393 656 fama
410 625 574 667 dispersit,
598 625 817 667 praeconizavit
843 625 951 656 merita
965 649 972 662 ,
992 626 1086 656 mira-

78 696 93 711 »
109 681 177 714 cula
196 678 381 710 declamavit
396 693 409 704 u
423 684 482 709 etc.

126 736 192 766 510
209 729 245 764 G.
269 743 310 762 AD
329 742 486 762 ROMANOS
503 741 639 767 QUANDO
658 742 883 761 ιιι-1005910031
909 744 927 762 Α
955 742 1087 761 110311Νο

79 798 157 820 ram
174 796 333 816 EUGENIO.
354 803 401 807 —
415 783 533 816 Confer
551 782 667 814 librum
687 790 832 825 quartum
849 784 888 814 de
902 784 1086 816 Considera·

77 841 180 878 tione,
198 850 267 882 cap.
297 841 339 876 2;
369 837 495 870 Ottonis
514 837 716 879 Frisingensis
742 837 939 875 Chronicon,
966 838 1020 869 lib.
1053 841 1083 879 7,

77 905 147 937 cap.
176 895 232 931 31,
262 899 292 924 et
318 892 433 923 librum
450 891 621 923 secundum
637 890 676 921 de
703 891 807 922 Gestis
830 891 996 929 Friderici,
1017 902 1085 933 cap.

59 956 66 980 ¹.
78 950 134 980 20.
153 945 341 978 Arnaldistae
363 944 511 976 dicuntur
525 943 663 975 haeretici
685 954 703 974 a
720 946 937 982 Botiacctiiso,
953 945 1089 986 jungun-

77 1007 190 1042 turque
209 998 352 1030 Catharis
374 1004 405 1030 et
423 997 574 1039 Passagiis
588 1021 595 1035 ,
619 997 775 1034 accusati,
805 997 889 1038 quod
918 1009 974 1039 per
990 999 1088 1029 malos

77 1053 234 1086 ministros
255 1057 450 1084 sacramenta
474 1051 563 1082 irrita
582 1062 650 1083 esse
674 1050 835 1087 dicerent,
869 1050 900 1081 in
933 1052 1087 1093 spicilegii

78 1114 163 1140 tomo
183 1109 234 1144 13,
251 1116 322 1148 pag.
344 1108 399 1137 85.

128 1168 193 1198 514
215 1169 255 1197 D.
272 1165 497 1197 confoederavit
513 1164 545 1195 in
561 1175 618 1195 suo
632 1174 824 1206 corpore.—
837 1168 932 1196 Recte
949 1165 988 1196 ad
1005 1165 1088 1197 hunc

78 1220 181 1252 locum
200 1219 347 1261 Sugerius
369 1219 400 1249 in
426 1218 558 1261 epistola
593 1220 634 1249 74
663 1228 671 1249 :
690 1233 702 1244 α
725 1220 805 1249 Cum
823 1219 920 1259 gloria
949 1220 1089 1261 corporis

79 1288 97 1300 ω
112 1272 246 1311 Christi,
266 1271 410 1303 videlicet
427 1271 572 1302 Ecclesiae
587 1271 667 1308 Dei,
695 1271 781 1313 regni
798 1278 829 1303 et
854 1272 1019 1303 sacerdotii
1042 1273 1089 1303 in-

80 1341 98 1354 u
115 1325 289 1358 dissolubili
307 1325 426 1356 unitate
443 1325 610 1363 consistat,
630 1331 751 1356 constat
766 1325 908 1367 profecto
923 1350 930 1363 ‚
950 1326 1022 1367 quia
1038 1327 1091 1368 qui

82 1393 96 1407 a
110 1379 199 1411 alteri
210 1378 355 1421 providet
368 1402 377 1417 ,
400 1378 488 1410 alteri
503 1377 693 1419 suffragatur
713 1389 721 1410 ε
745 1379 894 1420 quoniam
917 1386 947 1410 et
970 1386 1091 1422 tempo-

80 1444 96 1460 »
109 1432 173 1464 rale
191 1442 322 1474 regnum
338 1441 396 1474 per
411 1431 583 1463 Ecclesiam
600 1431 661 1462 Dei
673 1437 757 1462 stare
771 1456 778 1469 ,
798 1438 829 1463 et
842 1432 1012 1463 Ecclesiam
1033 1433 1092 1463 Dei

81 1500 96 1514 a
109 1485 355 1529 per‘tempo'rale
369 1495 501 1527 regnum
518 1484 671 1527 proficere
684 1509 692 1523 ‚
712 1485 858 1516 omnibns
876 1486 1016 1517 discretis
1030 1486 1091 1517 evi-

82 1554 99 1567 »
109 1539 224 1584 *denter
239 1539 428 1581 agnoscitur.
448 1553 462 1565 ›-
479 1538 563 1570 Vide
577 1542 598 1570 J
600 1539 711 1570 oannis
733 1538 969 1570 Sarisberiensis
983 1539 1095 1581 episto-

82 1592 145 1624 lam
171 1594 228 1624 44.

130 1648 196 1678 516
211 1647 249 1678 C.
269 1657 312 1676 An
326 1657 492 1677 noummu
514 1657 622 1676 PAPAM
644 1657 823 1677 EUGENIUM
835 1671 842 1685 ,
864 1659 927 1678 PRO
941 1658 1097 1677 1101101419.-

83 1710 180 1731 unnst
193 1710 357 1730 mnscoro.
371 1718 415 1722 —-—
432 1699 591 1731 Nimirum
607 1700 710 1732 Helia.
728 1703 802 1731 Post
818 1707 952 1731 mortem
966 1704 986 1732 J
988 1700 1096 1731 oannis

78 1753 221 1796 episcopi
239 1752 474 1784 Aurelianensis
498 1763 584 1784 anno
617 1756 704 1785 1133
719 1778 726 1792 ‚
751 1757 918 1795 Hugonem
945 1753 1098 1785 decanum

78 1806 114 1838 in
128 1802 284 1837 demortui
301 1807 406 1838 locum
423 1805 519 1838 fuisse
536 1807 670 1838 electum
689 1807 702 1850 (
719 1807 805 1849 quod
824 1813 928 1838 tamen
949 1807 988 1838 ab
1006 1806 1100 1838 histo-

82 1859 154 1891 ricis
174 1859 312 1891 ecclesiae
328 1859 563 1892 Aurelianensis
588 1861 679 1892 video
702 1861 971 1903 praetermissum)
992 1866 1100 1891 auctor

77 1918 130 1944 est
143 1912 310 1944 Ordericus
321 1937 329 1950 ‚
348 1913 431 1944 libro
452 1916 492 1946 13
505 1939 513 1953 ‚
533 1914 573 1945 ad
589 1925 708 1946 annum
728 1918 739 1946 1
752 1918 813 1946 134
829 1926 836 1953 ;
860 1915 904 1945 sic
920 1913 1003 1945 enim
1023 1914 1093 1945 scri-

84 1965 153 1997 bit:
173 1984 186 1996 «
206 1969 376 2008 Postquam
394 1970 534 1998 Joannes
554 1979 648 1999 senex
674 1967 911 2000 Aurelianensis
935 1967 1098 2009 episcopus

82 2033 97 2047 ι·
113 2019 329 2062 episcopatum
351 2019 507 2059 deseruit,
526 2024 618 2063 Hugo
636 2021 772 2053 decanus
783 2046 790 2060 ‚
810 2021 863 2064 qui
879 2021 919 2052 ad
935 2020 1097 2062 pontifica-

78 2086 101 2100 -»
114 2078 179 2104 tum
195 2073 312 2104 electus
328 2073 447 2112 fuerat,
471 2073 511 2105 de
535 2075 622 2106 curia
640 2075 735 2117 Regis
751 2075 864 2113 rediit,
887 2081 918 2106 et
935 2085 952 2105 a
966 2080 1098 2105 temera-

87 2139 100 2153 11
118 2126 172 2157 riis
196 2126 376 2158 hominibus
400 2127 433 2158 in
456 2128 507 2159 via
527 2139 691 2170 percussus
711 2128 808 2167 obiit,
842 2135 872 2160 et
902 2128 1099 2170 episcopatus

86 2193 102 2206 n
115 2179 181 2211 sine
198 2180 350 2222 praesule,
373 2180 448 2212 sicut
463 2181 551 2212 navis
568 2182 635 2213 sine
651 2182 860 2224 gubernatore
876 2182 909 2212 in
931 2181 1026 2218 mari,
1045 2180 1098 2210 diu

87 2246 101 2260 1»
113 2232 276 2265 fluctuavit
287 2257 295 2270 ‚
311 2249 326 2260 r»
343 2234 459 2266 scilicet
471 2234 512 2265 ad
529 2246 647 2266 annum
665 2247 762 2278 usque
781 2240 792 2267 1
804 2239 868 2267 136
882 2260 889 2273 ‚
915 2246 978 2277 quo
992 2233 1098 2264 Helias

76 2293 190 2318 -noster
203 2292 275 2329 post
287 2286 468 2319 diuturnam
481 2288 555 2319 cleri
568 2289 742 2331 populique
754 2288 943 2320 discordiam
959 2287 1098 2318 unanimi

77 2339 226 2370 -omnium
249 2350 404 2371 consensu
423 2351 461 2371 ex
483 2341 638 2373 monacho
660 2348 691 2373 et
719 2342 833 2373 abbate
853 2340 1099 2383 Sancti-Sulpicii

85 2392 284 2424 Bituricensis
299 2394 415 2425 electus
436 2400 493 2426 est.
509 2398 602 2426 Hunc
616 2410 629 2422 «
653 2395 756 2426 virum
769 2395 947 2437 religiosum
964 2393 1098 2436 pruden-

87 2459 102 2473 »
113 2451 176 2477 tem
189 2453 220 2478 et
231 2446 404 2478 litteratum
421 2462 435 2474 ι»
457 2454 549 2479 vocat
563 2452 673 2480 Petrus
692 2448 904 2481 Cluniacensis
916 2448 988 2478 libri
1005 2447 1097 2489 primi

86 2499 217 2541 epistola
246 2502 299 2538 11,
324 2500 462 2532 scribens
486 2512 545 2543 pro
564 2501 661 2544 ipsius
683 2502 921 2533 confirmatione
942 2501 982 2531 ad
1006 2504 1098 2532 Inno-

87 2552 222 2583 centium
242 2563 379 2595 papam,
405 2564 424 2585 a
447 2565 511 2596 quo
535 2565 642 2586 mense
672 2555 764 2597 aprili
791 2555 864 2586 anni
885 2557 971 2586 1137
993 2565 1099 2585 conse-

87 2612 189 2638 cratus
204 2613 261 2639 est.
279 2611 354 2639 Post
370 2608 488 2650 aliquot
508 2619 624 2647 annos,
652 2621 766 2652 nempe
791 2620 874 2641 anno
895 2611 983 2640 1144
997 2633 1004 2647 ,
1033 2619 1098 2650 gra-

76 2657 171 2690 *w'um
194 2659 360 2691 criminum
393 2671 465 2692 reus
496 2672 515 2693 a
551 2663 669 2694 clericis
707 2663 985 2695 Aurelianensibus
1014 2661 1097 2704 apud

87 2712 218 2743 Lucium
239 2716 270 2744 ΙΙ
291 2719 470 2752 accusatus,
495 2725 568 2746 cum
588 2726 656 2747 sese
679 2727 813 2758 purgare
844 2727 908 2747 non
933 2715 1096 2751 valuisset,

87 2774 146 2796 nec
158 2768 267 2797 Petrus
279 2766 478 2798 Venerabilis
492 2767 505 2810 (
521 2768 594 2799 libri
610 2769 712 2810 quinti
736 2770 840 2812 epistt.
861 2773 913 2807 19,
936 2772 990 2805 21,
1010 2772 1049 2800 27
1066 2770 1095 2809 ),

78 2816 150 2849 -imo
161 2829 264 2861 neque
276 2819 343 2862 ipse
357 2830 413 2850 rex
426 2820 601 2852 Ludovicus
610 2833 767 2855 summum
780 2822 963 2854 Pontificem
976 2821 1099 2852 flectere

87 2870 120 2901 in
132 2872 198 2913 ejus
213 2872 344 2914 gratiam
356 2873 525 2915 potuisset,
545 2874 611 2917 ipse
624 2879 655 2908 S.
672 2876 823 2908 Bernardi
842 2875 970 2907 consilio
989 2881 1100 2917 sponte

90 2925 267 2968 episcopatu
285 2927 375 2958 cessit
393 2937 475 2959 anno
497 2931 508 2960 1
523 2931 600 2967 146,
627 2930 767 2972 Eugenio
787 2933 832 2961 ΙΙΙ
850 2929 986 2960 sedente.
1009 2928 1099 2969 Unde

89 2977 203 3010 mirum
220 2985 287 3018 est,
318 2980 503 3013 Albericum
520 2981 623 3013 dicere
647 2982 681 3013 in
710 2982 885 3020 Chronico,
917 2982 955 3012 ad
983 2992 1098 3011 annum

94 3033 195 3070 1149,
217 3046 230 3059 κ
256 3034 408 3065 Attonem
431 3034 613 3077 episcopum
635 3038 841 3073 Trecensem,
869 3041 900 3066 et
919 3035 1098 3076 episcopum

91 3098 106 3112 ι
119 3086 377 3119 Aurelianensem
392 3088 425 3119 in
445 3088 577 3120 concilio
599 3089 746 3121 Remensi
768 3089 862 3120 fuisse
883 3087 1039 3130 depositos
1055 3098 1062 3124 ς
1083 3101 1098 3112 n

90 3148 161 3169 cum
177 3139 270 3170 ambo
291 3146 369 3172 nutu
393 3142 522 3184 proprio
542 3142 724 3183 dignitatem
750 3141 979 3178 abdicaverint,
1002 3146 1035 3170 ut
1060 3139 1098 3170 de

91 3191 307 3223 Aurelianensi
338 3200 459 3225 constat
489 3205 528 3225 ex
548 3193 608 3226 hac
627 3195 758 3236 epistola
782 3206 789 3226 :
810 3194 894 3236 quod
920 3193 958 3223 de
983 3196 1099 3224 Attone

91 3243 183 3274 etiam
201 3244 234 3275 in
249 3246 332 3276 notis
351 3247 391 3277 ad
403 3248 566 3289 epistolam
582 3251 625 3278 23
644 3248 812 3290 probatum
829 3254 882 3277 est.
1019 3254 1024 3258 ·

141 3299 204 3328 517
238 3299 274 3329 Β.
308 3301 406 3331 Porro
438 3301 625 3332 Turritanus
640 3301 749 3342 judex.
770 3320 815 3324 ——
833 3305 863 3332 Is
893 3299 1013 3330 videtur
1033 3310 1098 3328 esse

93 3349 271 3382 Gunnarius
284 3375 292 3388 ‚
309 3353 468 3393 quondam
484 3357 505 3386 J
507 3354 588 3385 udex
605 3360 635 3385 et
655 3354 799 3385 dominus
816 3352 965 3385 Sardiniae
986 3358 1095 3382 tetrar-

94 3399 206 3442 chalis,
229 3403 281 3447 qui
299 3404 339 3436 ad
359 3408 391 3438 S.
410 3406 541 3438 Martini
564 3407 720 3438 tumulum
741 3406 890 3438 accedens
904 3430 910 3440 ,
934 3403 1023 3435 rediit
1041 3414 1096 3445 per

576 230 842 266 LECTIONES
871 230 1147 264 VARIANTES
1178 231 1235 263 ΕΤ
1265 230 1408 264 λΟἸΪἘ
1436 231 1681 266 thstontzs.

2068 230 2139 272 911

1149 306 1410 337 Claram—Vallem
1430 319 1437 338 z
1458 307 1509 337 ubi
1534 319 1549 337 a
1568 309 1722 339 lterum-do
1751 318 1905 352 susceptus
1924 342 1926 347 ,
1949 315 2140 353 postmodum

1151 359 1266 390 ibidem
1281 360 1452 391 monachus
1469 360 1566 391 factus
1586 367 1628 391 est
1647 385 1653 397 ,
1678 367 1753 392 teste
1778 364 1938 394 lli-riberto
1956 366 1985 395 in
2011 366 2088 395 libro
2102 378 2143 395 se-

1151 412 1253 443 cundo
1273 413 1312 443 de
1329 413 1488 444 Miraculis
1505 418 1534 444 S.
1548 414 1697 444 lterum-di
1711 439 1718 450 ,
1731 426 1799 456 cap.
1827 421 1875 447 111.

1201 469 1266 497 520
1285 469 1325 497 A.
1344 467 1517 507 Imponitur
1537 467 1562 497 ci
1582 467 1664 507 quod
1696 471 1810 507 lli-gem
1830 470 2057 500 ‹·11ronaxit.-ffl
2074 474 2144 500 Yon

1151 519 1244 548 semel
1262 519 1453 549 Ludoxicum
1473 520 1634 550 ,luniorcm
1658 528 1836 552 coronatum
1861 523 1937 561 lego.
1958 523 2057 553 Primo
2078 524 2144 564 qui-

1152 571 1222 602 dem
1236 572 1358 603 sitente,
1376 578 1461 614 patre
1476 573 1580 603 Remis
1599 574 1796 614 inauguratus
1819 586 1963 605 coronam
1982 576 2095 616 act-cpit
2110 575 2148 605 ab

1152 625 1335 655 Innocentio
1358 637 1437 667 papa
1457 636 1538 656 anuo
1558 631 1567 656 1
1583 629 1654 657 131.
1674 628 1793 660 Deinde
1807 628 1974 658 Ordericus
1989 629 2099 658 vitatis
2116 629 2150 657 li-

1152 678 1209 709 bro
1232 682 1283 716 13,
1310 679 1349 709 ad
1374 690 1490 710 annum
1513 683 1608 714 1138,
1624 681 1764 721 Biturigis
1782 689 1961 712 coronatum
1986 681 2077 711 tradit
2103 681 2148 711 bis

1153 732 1255 763 vei-bis
1274 743 1280 763 ;
1300 748 1314 758 κ
1336 736 1430 764 Anno
1458 737 1556 770 11:³8,
1575 734 1681 764 indict.
1705 738 1733 772 1,
1752 735 1926 765 Ludoxicus
1948 746 1997 765 rex
2019 738 2148 765 Franco-

1154 800 1167 812 »
1187 797 1255 816 rum
1279 786 1362 828 apud
1380 787 1545 817 Bituricam
1569 788 1599 818 in
1623 789 1735 818 N‘atalc
1757 789 1880 819 Domini
1899 795 2061 819 coronatus
2087 793 2129 817 cst
2144 812 2151 823 ‚

1155 853 1167 865 »
1185 838 1289 880 ibique
1306 839 1412 880 ingens
1426 840 1512 870 curia
1535 840 1683 872 nobilium
1703 848 1731 872 et
1749 842 1947 872 mediocrium
1964 841 2098 871 xirm-nm
2115 840 2152 870 de

1155 907 1170 917 n
1186 893 1270 923 onmi
1285 894 1386 925 Gallia
1401 900 1429 925 et
1443 895 1629 935 Aquitania,
1646 896 1772 937 aliisque
1786 895 1965 926 circumsitis
1980 894 2153 925 nationibus

1155 962 1167 973 υ
1187 954 1347 989 aggregata
1366 955 1421 979 est.
1447 950 1524 979 Illuc
1549 951 1776 992 metropolitani
1796 951 1940 992 pra-sulcs
1953 974 1959 985 ,
1984 959 2151 990 corumque

1155 1017 1170 1027 υ
1186 1001 1371 1042 suffraganei
1395 1010 1624 1039 convenerunt,
1641 1004 1711 1034 illuc
1731 1006 1870 1035 consules
1883 1029 1890 1042 ,
1909 1005 2035 1045 aliaque
2057 1003 2151 1042 digni-

1155 1071 1169 1081 »
1186 1061 1263 1085 tates
1280 1055 1494 1087 confluxerunt
1507 1081 1513 1092 ,
1528 1068 1678 1098 suumque
1696 1058 1875 1089 famulatum
1893 1070 1974 1088 novo
1990 1058 2050 1098 regi
2065 1057 2149 1087 exbi-

1155 1123 1168 1135 »
1185 1108 1331 1139 buerunt.
1356 1125 1368 1135 ι»
1387 1113 1432 1140 Ita
1457 1110 1639 1149 ordericus,
1666 1113 1717 1153 qui
1737 1124 1848 1143 noxum
1873 1124 1973 1153 regem
1997 1112 2150 1153 appellat,

1153 1162 1237 1203 quod
1261 1173 1314 1193 rex
1339 1163 1514 1203 Aquitaniae
1534 1170 1626 1201 tunc,
1652 1172 1771 1196 mortuo
1797 1172 1899 1207 patre.
1916 1166 1953 1195 sit
1977 1170 2151 1195 coronatus.

1153 1214 1213 1246 Hic
1228 1215 1338 1246 iterum
1359 1222 1540 1247 coronatum
1558 1218 1696 1248 ridemus
1719 1230 1734 1248 a
1754 1223 1900 1249 samsone
1915 1223 2082 1250 Remormn
2105 1228 2154 1247 ar-

1155 1268 1351 1311 chiepiscopo
1369 1276 1439 1300 ante
1456 1271 1684 1311 expeditionem
1701 1273 1989 1314 Jvrosutymitanam
2000 1297 2006 1307 ,
2027 1272 2104 1302 sorte
2119 1277 2151 1301 ut

1156 1323 1187 1353 in
1202 1329 1357 1354 conventu
1377 1324 1505 1354 solemni
1521 1324 1677 1355 fidelitatis
1692 1333 1916 1356 sacramentum
1930 1325 2115 1355 discessurus
2134 1335 2151 1353 a

1157 1377 1288 1408 subditis
1302 1377 1466 1419 exciperet.
1481 1378 1582 1419 Hujus
1592 1385 1754 1420 postremze
1768 1379 1952 1410 celebritatis
1964 1379 2066 1409 locum
2076 1381 2157 1408 1101·-

1157 1430 1232 1460 stius
1249 1430 1422 1472 suspicatur
1435 1430 1528 1461 fuisse
1543 1430 1651 1461 urbem
1665 1434 1897 1469 Carnotensem,
1914 1431 1966 1461 ubi
1986 1430 2023 1460 de
2037 1429 2159 1471 expedi-

1158 1483 1242 1513 tione
1271 1484 1530 1525 Jerosolyniitana
1556 1490 1658 1515 actum
1681 1491 1737 1516 est.
1757 1489 1797 1517 At
1824 1485 1904 1516 banc
1929 1483 2158 1515 coronationem

1160 1537 1243 1579 apud
1257 1538 1411 1579 Biturigas
1429 1537 1540 1568 factam
1565 1538 1657 1570 fuisse
1679 1545 1761 1581 patet
1785 1551 1822 1570 ex
1839 1539 1974 1581 epistolae
1994 1542 2137 1568 contextu
2150 1560 2157 1570 ,

1161 1598 1191 1623 et
1207 1603 1245 1622 ex
1260 1592 1372 1623 litteris
1385 1593 1513 1634 Eugenii
1529 1596 1575 1623 111
1590 1593 1621 1623 in
1638 1593 1828 1624 patriarchio
1843 1592 2025 1624 Bituricensi
2036 1591 2136 1622 relatis
2152 1601 2158 1620 z

1162 1657 1199 1677 ex
1218 1646 1331 1687 quibus
1355 1647 1572 1688 intelligimus,
1594 1647 1766 1688 Eugenium
1783 1647 1923 1681 sensisse,
1943 1645 2160 1677 Bituricensem

1163 1700 1324 1731 ecclesiam
1336 1725 1342 1737 ‚
1362 1701 1394 1730 in
1413 1712 1474 1742 qua
1493 1703 1623 1731 Samson
1645 1712 1728 1731 sacra
1749 1700 1882 1738 fecerat,
1901 1699 2063 1730 interdicto
2090 1708 2159 1739 sup-

1165 1754 1297 1795 positam
1314 1753 1417 1784 fuisse.
1440 1754 1663 1784 Patriarchinm
1690 1754 1879 1785 Bitnricense
1898 1754 2012 1784 editum
2032 1752 2165 1794 reperies

1168 1807 1254 1849 apud
1266 1806 1429 1838 Labbeurn
1444 1808 1474 1838 in
1490 1813 1574 1838 tomo
1588 1808 1722 1839 secundo
1733 1807 1930 1839 Bibliothecae
1943 1817 2038 1837 novae.
2050 1809 2096 1836 Ex
2108 1805 2165 1836 hac

1168 1871 1263 1902 porro
1283 1861 1432 1903 epistola,
1456 1867 1486 1892 et
1507 1872 1543 1891 ex
1570 1862 1628 1892 alia
1653 1862 1758 1892 lvonis
1780 1872 1852 1892 mox
1877 1860 1998 1891 citanda
2022 1865 2164 1901 apparet,

1165 1914 1434 1957 archiepiscopum
1465 1918 1649 1946 Remensem
1680 1914 1890 1951 contendisse,
1918 1914 1967 1955 jus
1997 1911 2164 1943 coronandi

1166 1970 1265 2009 Reges
1277 1992 1284 2006 ‚
1305 1968 1494 2010 ubicumque
1514 1968 1638 1999 demum
1654 1979 1689 1998 ea
1712 1968 1869 1998 coronatio
1886 1967 1989 2002 fieret,
2011 1965 2067 1996 sibi
2086 1975 2162 1995 com-

1165 2028 1280 2063 petere.
1301 2023 1395 2063 Quod
1409 2026 1516 2053 Petrus
1531 2022 1745 2059 Bituricensis,
1766 2027 1795 2052 et
1809 2027 1879 2052 ante
1891 2031 1962 2051 eum
1975 2024 2030 2051 lvo
2050 2021 2165 2051 Carno-

1166 2076 1260 2106 tensis
1285 2075 1451 2117 negabant.
1474 2078 1511 2106 In
1532 2075 1590 2107 hac
1607 2087 1679 2106 vero
1697 2075 1824 2117 epistola
1848 2078 1879 2106 S.
1898 2073 2073 2105 Bernardus
2086 2072 2165 2102 hanc

1165 2130 1327 2160 Remensis
1344 2129 1567 2171 archiepiscopi
1583 2130 1816 2171 przerogativam
1830 2139 1894 2159 non
1907 2128 2032 2158 00101110
2048 2126 2164 2156 inficia-

1165 2188 1232 2219 tur,
1247 2183 1308 2213 imo
1330 2183 1493 2214 admittere
1520 2183 1652 2214 videtur.
1678 2184 1840 2224 Hujusque
1865 2182 2003 2213 meminit
2025 2181 2166 2211 Silx‘ester

1165 2237 1196 2266 II
1209 2246 1289 2277 papa
1307 2236 1339 2266 in
1356 2236 1490 2277 quadam
1516 2236 1601 2266 bulla
1618 2236 1657 2266 ad
1676 2236 1843 2268 Arnulfum
1860 2240 2030 2267 Remorum
2052 2243 2162 2274 praesu-

1165 2288 1244 2327 lem,
1264 2300 1357 2331 quem
1382 2290 1423 2321 ob
1447 2289 1582 2332 perfidia}
1602 2296 1708 2320 notam
1731 2300 1930 2331 suspensum,
1945 2298 2025 2318 anno
2043 2288 2107 2317 999
2132 2285 2162 2314 in

1164 2343 1321 2384 pristinam
1337 2343 1516 2384 dignitatem
1530 2350 1559 2374 et
1574 2344 1643 2385 jura
1657 2344 1760 2374 omnia
1776 2343 1917 2374 restituit.
1932 2357 1944 2368 «ι
1960 2339 2163 2373 Concedimus

1165 2411 1178 2422 »
1198 2397 1272 2434 tibi,
1294 2412 1306 2422 »
1331 2397 1447 2437 inquit,
1469 2412 1481 2422 «
1510 2407 1566 2438 per
1592 2396 1682 2438 hujus
1706 2396 1859 2437 Privilcgii
1885 2400 2019 2430 statuta,
2053 2390 2162 2422 baculo

1166 2464 1177 2474 »
1198 2449 1375 2490 annuloque
1388 2448 1532 2485 redditis,
1549 2448 1800 2490 archiepiscopali
1814 2448 1914 2479 officio
1929 2445 2030 2487 fungi,
2048 2450 2076 2473 ct
2095 2453 2158 2473 om-

1164 2519 1176 2530 n
1195 2502 1286 2533 nibus
1312 2501 1503 2543 insignibus,
1535 2511 1736 2543 quaecumque
1760 2501 1799 2531 ad
1827 2506 1938 2531 sanctae
1964 2494 2157 2537 metropolim

1165 2572 1179 2582 »
1195 2556 1337 2587 Ecclesiae
1351 2554 1512 2586 Remensis
1524 2554 1696 2596 pertinent,
1712 2554 1802 2584 solito
1817 2563 1902 2583 more
1915 2550 2048 2593 perfrui,
2064 2547 2158 2590 pallio

1164 2625 1178 2636 n
1195 2608 1441 2641 solemnitatibus
1465 2608 1590 2639 assuetis
1606 2607 1717 2643 utaris,
1733 2605 1948 2637 benedictione
1969 2606 2105 2644 Regum,
2128 2606 2159 2630 et

1165 2678 1177 2689 ι)
1197 2662 1405 2703 subjectorum
1419 2661 1646 2702 episcoporum.
1665 2675 1677 2686 »
1691 2663 1728 2690 Et
1741 2665 1822 2690 certe
1835 2655 2155 2689 convenientissimum

1163 2721 1227 2746 erat
1243 2739 1250 2752 ‚
1283 2721 1315 2745 ut
1347 2725 1417 2744 cum
1449 2724 1466 2744 a
1489 2717 1524 2744 Β.
1554 2713 1695 2754 Remigio
1728 2716 1897 2743 Remorum
1928 2708 2157 2749 archiepiscopo

1163 2768 1367 2809 suscepissent
1395 2770 1494 2807 Reges
1519 2765 1758 2796 christianissimi
1787 2764 1894 2805 regalis
1921 2760 2082 2793 sacerdotii
2113 2758 2158 2788 ‹li-

1164 2821 1311 2862 gnitatem
1326 2844 1332 2856 ,
1355 2819 1547 2860 coelestisque
1566 2829 1686 2849 coronze
1711 2818 1820 2859 pignus
1844 2827 1898 2858 per
1920 2814 2110 2856 Baptismnm
2132 2816 2161 2841 et

1164 2873 1339 2904 christianae
1354 2871 1508 2913 religionis
1524 2870 1744 2912 professionem
1759 2881 1766 2907 ;
1784 2870 1823 2900 ad
1839 2868 1976 2910 ejusdem
1990 2867 2081 2897 etiam
2095 2875 2162 2895 suc—

1165 2937 1300 2957 cessores
1322 2924 1602 2956 consecrandorum
1622 2923 1933 2963 coronandorumque
1957 2930 2062 2960 regum
2085 2928 2162 2959 prte-

1164 2979 1334 3020 rogativam
1362 2977 1561 3009 refunderent
1583 2987 1591 3007 .·
1616 2983 1648 3007 nt
1672 2976 1762 3007 simili
1783 2975 1822 3006 de
1846 2984 1936 3005 causa
1959 2976 2162 3013 Imperatores

1164 3032 1338 3062 tribuerunt
1351 3030 1584 3072 Moguntinensi
1598 3029 1828 3071 archiepiscopo
1845 3027 1885 3058 ob
1902 3029 1932 3057 S.
1947 3024 2135 3056 Bonifacium
2148 3045 2156 3058 ‚

1164 3095 1250 3126 reges
1262 3083 1482 3125 Hispaniarum
1496 3083 1648 3113 Toletano
1662 3088 1789 3123 propter
1800 3083 1830 3111 S.
1841 3078 2061 3111 Eleutherium,
2077 3084 2160 3115 reges

1164 3138 1337 3178 Anglorum
1357 3135 1572 3168 Cantuariensi
1585 3135 1626 3165 ob
1643 3138 1675 3166 S.
1692 3134 1898 3175 Augustiuum
1917 3142 1924 3162 ε
1948 3127 2084 3171 quamvis
2103 3137 2158 3167 pro

1164 3191 1302 3221 locorum
1327 3196 1564 3231 temporumque
1590 3187 1822 3218 necessitatibus
1848 3185 1904 3215 boc
1928 3180 2084 3214 RemensIS
2113 3188 2160 3207 ar-

1164 3242 1351 3284 chiepiscopi
1376 3241 1571 3283 privilegium
1592 3240 1732 3281 legitimae
1755 3235 1971 3279 dispensationi
1992 3232 2078 3263 suerit
2101 3229 2156 3259 ob-

1162 3296 1301 3326 noxium.
1330 3297 1396 3326 Nec
1427 3294 1511 3324 aliud
1535 3294 1675 3324 existimo
1700 3290 1865 3322 intendisse
1893 3291 2015 3317 lior-em
2042 3286 2156 3313 Carno-

1162 3354 1280 3379 tensem
1303 3347 1335 3377 in
1357 3357 1411 3377 sua
1428 3347 1480 3376 illa
1498 3345 1609 3376 celebri
1626 3344 1755 3386 epistola
1781 3345 1853 3375 189,
1871 3349 1929 3379 qua
1950 3334 2092 3366 [udovici
2107 3336 2151 3362 YI

1163 3401 1331 3431 solemnem
1370 3398 1633 3438 inaugurationem
1667 3407 1683 3425 a
1714 3393 1891 3425 haimberto
1934 3386 2153 3420 §enom-nntium
