2533 3920
394 202 470 238 599
1162 205 1197 240 S.
1228 204 1479 239 BERNARDI
1509 204 1710 238 ABBATIS
2389 210 2465 248 600

446 293 587 317 manus
606 278 722 316 abbas
742 277 864 315 dictus
882 280 1154 326 Clarae—Vallis,
1174 281 1211 317 in
1231 279 1451 318 Domino²⁹²
1465 280 1503 317 in
1527 280 1643 316 corde
1663 292 1732 316 suo
1758 279 1988 329 disponunt,
2012 280 2077 330 qui
2097 280 2144 318 de
2170 282 2310 320 virtute
2329 284 2367 321 in
2388 288 2467 324 vir-

447 342 618 378 salutem.
1418 345 1447 377 A
1470 349 1587 377 tutem
1619 349 1732 387 eunt;
1757 344 1876 377 Deum
1904 340 2061 378 deorum
2083 340 2120 378 in
2142 343 2232 380 Sion
2260 357 2306 380 eo
2327 345 2468 386 felicius

1467 401 1598 437 videre
1628 409 1823 437 merentur
1851 401 1889 437 in
1917 400 2193 449 retributione,
2215 416 2292 452 quo
2321 417 2468 446 summo

454 459 485 494 l.
519 457 662 494 Placuit
692 457 930 494 Reverentia?
958 466 1031 493 tuae
1057 457 1201 494 litteras
1221 458 1401 507 parvitati
1467 460 1573 498 bono
1602 461 1822 497 familiarius
1850 461 2043 499 adhaerere
2067 462 2298 500 studuerunt
2316 466 2470 514 puriore

397 532 490 555 meae
513 518 697 567 dirigere,
730 519 767 554 in
799 517 938 567 quibus
969 530 1028 554 me
1059 518 1106 555 de
1138 517 1251 555 rebus
1279 517 1402 555 dubiis
1469 522 1770 559 conversationis
1792 521 1939 558 ordine.

396 579 595 616 consulere
620 578 786 615 voluisti.
816 582 955 614 Verum
990 578 1115 616 dehis
1148 588 1185 615 et
1217 578 1402 616 similibus
1523 584 1558 620 3.
1590 583 1765 633 Denique
1796 582 1843 620 de
1870 582 2021 620 duobus
2049 583 2262 631 monachis,
2289 587 2470 626 Gervasio

397 648 503 676 tanto
523 638 614 689 quid
641 647 787 675 certum
815 638 1049 688 respondere
1071 640 1372 689 pertimescimus
1389 668 1397 684 ‚
1468 643 1646 681 videlicet
1675 651 1788 692 atque
1814 642 1980 679 Radulfo
1999 643 2036 688 *‚
2054 643 2120 692 qui
2137 643 2247 680 simul
2269 657 2356 681 cum
2372 645 2472 695 aliis,

397 706 542 748 quanto
564 698 688 734 minus
708 697 846 734 divinae
864 698 1070 735 voluntatis
1091 699 1371 749 beneplacitum
1390 728 1398 745 ‚
1469 704 1627 742 domino
1648 704 1828 741 Turstino
1855 703 2143 754 archiepiscopo
2161 712 2319 754 paterne
2338 713 2375 742 et
2389 707 2472 757 epi-

398 759 496 795 sicut
527 758 701 794 homines
721 787 730 803 ,
766 758 813 794 ad
849 771 989 808 purum
1023 759 1236 806 intuentes,
1268 761 1401 810 proxi-
1470 764 1674 814 scopaliter
1691 771 1903 813 satagente,
1921 772 2010 800 sunt
2029 764 2191 813 egressi,
2211 772 2267 810 et,
2283 764 2474 816 sicutipse

400 831 551 855 morum
567 818 732 864 animos,
749 818 778 854 si
795 818 1004 867 quidquam
1023 819 1124 855 aliud
1139 833 1252 869 quam
1267 822 1405 857 volunt
1472 824 1639 870 testaris,
1661 832 1696 860 te
1717 823 1939 860 absolvente
1963 823 2196 873 quandoque
2214 823 2381 871 dimissi;
2397 838 2475 864 cer-

398 878 582 914 edicimus
596 906 604 921 ‚
625 877 820 914 offendere
842 878 1070 915 dubitamus.
1093 880 1205 927 Quod
1224 894 1313 917 sane
1334 882 1405 917 illis
1473 893 1533 921 tus
1563 898 1645 921 sum
1676 885 1766 934 quia
1787 884 1815 921 si
1842 885 1942 921 intra
1961 884 2138 934 puritatis
2155 883 2316 934 gradum
2331 913 2341 931 ‚
2362 898 2474 934 quein

399 939 639 988 potissimum
661 938 816 983 accidit,
845 952 1010 987 quorum
1038 940 1291 986 conscientia,
1315 941 1404 990 quia
1471 944 1720 981 ascenderant
1735 974 1744 989 ‚
1776 945 2100 994 permansissent,
2135 958 2213 982 non
2250 958 2475 996 perperam,

400 997 602 1034 fastidiosae
620 997 756 1033 mentis
777 1010 918 1046 angore
938 998 1190 1034 confunditur
1204 1027 1212 1043 ,
1231 999 1404 1035 difficiles
1471 1004 1538 1041 sed
1553 1003 1794 1040 laudabiliter
1808 1005 2056 1054 peregissent.
2075 1008 2208 1042 Certus
2224 1019 2379 1055 quoque
2395 1019 2476 1045 sum

398 1066 435 1093 et
473 1057 673 1105 angulosas
711 1057 941 1106 impuritatis
977 1070 1054 1093 suae
1095 1057 1405 1095 ratiocinationes
1426 1064 1454 1098 B
1474 1064 1742 1110 nihilominus,
1770 1065 1860 1114 quia
1887 1065 1916 1101 si
1942 1064 2062 1100 velint
2091 1077 2284 1102 resumere
2304 1066 2477 1115 puritatis

397 1118 575 1155 affectare
595 1124 768 1152 conatur.
791 1116 863 1153 Sed
885 1117 964 1166 ipsa
987 1125 1110 1154 tamen
1134 1118 1311 1154 eaecitatis
1330 1131 1407 1155 suae
1474 1124 1632 1175 gradum
1662 1138 1682 1161 a
1708 1138 1785 1174 quo
1815 1133 1956 1162 temere
1984 1133 2232 1172 corruerunt,
2259 1139 2303 1162 ea
2329 1127 2478 1165 virtutis

399 1178 541 1215 vindex
562 1186 619 1214 est
638 1193 645 1214 :
667 1177 755 1227 quia
776 1176 866 1213 dum
888 1178 995 1227 quasi
1013 1177 1084 1214 sibi
1105 1178 1251 1215 adulari
1274 1180 1406 1216 nititur
1472 1186 1591 1236 gratia
1620 1184 1886 1222 laudabiliores
1912 1193 2045 1230 erunt,
2074 1198 2150 1235 qua
2191 1186 2316 1222 solent
2344 1187 2478 1226 milites

399 1253 444 1276 eo
464 1238 567 1288 quod
588 1238 681 1288 egit,
710 1238 812 1275 illico
836 1249 1057 1276 recurrente
1079 1240 1251 1277 veritatis
1272 1241 1405 1278 aculeo
1474 1246 1554 1282 fieri
1582 1254 1668 1296 post
1692 1246 1816 1295 fugam
1837 1245 2000 1295 ignaviae
2028 1244 2076 1282 de
2095 1245 2255 1282 victoria
2273 1254 2379 1284 tanto
2399 1248 2479 1297 glo-

400 1298 627 1349 repungitur
648 1311 690 1334 ac
712 1298 955 1335 remordetur
972 1299 1008 1335 in
1031 1313 1077 1336 eo
1095 1300 1198 1349 quod
1220 1301 1404 1338 meminit.
1475 1307 1834 1356 riosioreSQquanto
1863 1314 1951 1356 post
1977 1305 2227 1355 ignominiam
2254 1305 2301 1343 de
2329 1320 2396 1357 spe
2425 1308 2481 1345 vi-
2516 1327 2519 1334 ·

399 1358 514 1408 Cujus
531 1359 710 1395 nimirum
728 1358 961 1396 difficultatis
980 1373 1188 1397 aerumnam
1209 1362 1408 1399 Psalmista
1475 1367 1605 1403 ctoriae
1628 1366 1675 1403 acl
1693 1380 1860 1417 pugnam
1878 1366 2041 1403 redeunt
2056 1366 2270 1404 alacriores.
2284 1370 2332 1404 Et
2349 1368 2481 1414 credo,

400 1419 605 1470 deplorans
637 1427 748 1465 orat,
782 1428 818 1456 et
852 1420 942 1456 dicit
964 1436 971 1457 z
995 1423 1120 1465 Educ,
1147 1425 1327 1464 Domine,
1363 1426 1408 1459 cle
1474 1427 1513 1464 ni
1542 1428 1671 1472 fallor,
1693 1427 1798 1476 quod
1829 1427 2018 1464 absolutio
2039 1440 2125 1477 quae
2145 1427 2242 1464 facta
2262 1436 2337 1474 est,
2359 1437 2481 1478 potest

400 1495 550 1517 earcere
578 1485 746 1516 animam
770 1495 890 1516 meam
917 1484 971 1517 ml
991 1484 1241 1530 confitendum
1265 1488 1410 1521 tmnn'm'
1474 1487 1626 1524 interim
1661 1486 1860 1538 impediri3
1885 1486 1951 1523 sed
1981 1486 2084 1537 apud
2112 1487 2387 1538 omnipotentis
2414 1489 2482 1527 Dei

400 1551 461 1578 tuo
479 1548 503 1578 ¹.
530 1545 583 1578 Ne
616 1554 676 1577 me
703 1555 815 1591 erg0‚
842 1544 902 1578 vir
931 1541 1051 1589 bone,
1084 1544 1191 1593 quasi
1223 1544 1408 1582 simulatae
1471 1547 1658 1597 judicium
1678 1547 1810 1596 nequit
1824 1547 2015 1584 evacuari.
2033 1551 2233 1584 Postremo
2244 1548 2359 1584 vitani
2374 1549 2480 1586 istam

401 1601 617 1638 calliditatis
640 1615 793 1651 arguas,
816 1603 844 1639 si
867 1603 991 1640 minus
1012 1617 1126 1653 quam
1149 1605 1262 1650 velis,
1283 1605 1409 1655 inqui·
1476 1608 1670 1645 confiteris
1691 1607 1845 1657 quidem
1866 1621 1946 1644 esse
1967 1608 2196 1644 sanctiorem
2219 1622 2226 1644 :
2246 1608 2334 1645 illos
2359 1617 2481 1646 tamen
2511 1630 2516 1634 ·

403 1660 608 1698 sitionibus
645 1662 718 1698 tuis
754 1663 988 1713 respondere
1026 1665 1238 1711 sufficiam3
1269 1666 1349 1712 vel,
1380 1667 1409 1703 si
1475 1677 1636 1720 propter
1667 1669 1791 1705 carnis
1827 1669 2068 1717 fragilitatem
2099 1668 2160 1705 vel
2187 1669 2483 1718 propinquitatis
2511 1693 2514 1715 :

400 1721 493 1770 quid
507 1722 636 1768 valeo,
654 1730 775 1758 totum
793 1731 918 1760 tamen
933 1725 1124 1774 explicare
1142 1739 1217 1762 non
1234 1726 1408 1764 audeam.
1477 1729 1717 1766 affectionem
1740 1742 1817 1765 non
1839 1742 1950 1779 posse
1966 1728 2058 1765 dicis
2079 1728 2266 1765 sustinere
2282 1728 2396 1778 hujus
2416 1742 2483 1766 an·
2510 1743 2513 1752 ¹
2529 1744 2533 1763 e

400 1780 631 1818 Litterarum
667 1783 852 1832 siquidem
886 1793 1035 1821 tuarum
1067 1786 1189 1835 prima
1220 1787 1363 1836 species
1390 1801 1411 1824 a
1477 1789 1609 1839 gustiae
1631 1789 1906 1826 difficultatem.
1933 1788 1993 1827 Ad
2017 1789 2097 1825 haec
2121 1802 2214 1825 vero
2238 1788 2482 1839 superaddis,

401 1843 652 1891 querimoniis
681 1845 843 1894 sumpsit
863 1845 1063 1882 exordium
1086 1861 1093 1883 z
1116 1847 1205 1896 quia
1231 1847 1409 1885 videlicet
1427 1854 1454 1889 C
1475 1863 1607 1887 eorum
1634 1850 1875 1900 praesentiam
1896 1848 1963 1886 tibi
1983 1849 2063 1886 fore
2081 1849 2331 1886 necessariam
2348 1864 2356 1895 ;
2372 1857 2409 1886 et
2428 1849 2484 1886 id-
2510 1853 2511 1858 ’

401 1903 587 1939 senectuti
608 1912 680 1940 tuae
696 1917 809 1952 grave
830 1905 1085 1943 infortunium
1112 1907 1180 1954 sit,
1200 1908 1304 1957 quod
1324 1923 1409 1945 mo-
1476 1911 1577 1947 circo
1605 1910 1852 1947 vehementer
1877 1910 2058 1959 inquiris,
2076 1917 2256 1946 utrumne
2277 1909 2358 1946 sine
2375 1910 2483 1960 culpa

401 1962 612 1999 nacliorum
636 1971 788 2000 tuorum
811 1966 937 2015 aliqua
959 1979 1046 2016 pars
1073 1966 1120 2003 ad
1140 1968 1343 2004 arctiorem
1366 1983 1409 2005 ac
1477 1984 1674 2007 remanere
1695 1980 1837 2020 queant
1863 1971 1901 2007 in
1922 1971 2028 2015 loco,
2050 1969 2154 2007 unde
2174 1983 2252 2006 non
2274 1970 2354 2007 sine
2379 1983 2484 2008 scan-

401 2023 631 2060 securiorein
648 2026 949 2063 conversationis
964 2027 1121 2064 modum
1137 2028 1297 2065 transire
1313 2042 1410 2078 prae-
1476 2031 1564 2068 dalo
1587 2039 1676 2067 sunt
1693 2032 1844 2080 egressi.

401 2084 574 2133 sumpsit.
601 2088 683 2133 Qua
706 2086 744 2122 in
774 2099 816 2122 re
843 2087 971 2136 potius
994 2088 1244 2126 reformidare
1267 2089 1405 2135 habes,
1529 2092 1565 2129 4.
1590 2096 1646 2129 De
1675 2092 1880 2142 qualitate,
1906 2092 2084 2142 inquam,
2109 2090 2379 2128 scandalorum
2407 2090 2482 2127 dis·
2527 2107 2531 2125 z

401 2143 506 2193 quod
527 2145 672 2181 tristitia
692 2145 806 2195 liujus
827 2148 953 2183 saeculi
975 2157 1137 2185 mortem
1158 2158 1354 2198 operatur.
1476 2152 1667 2189 cernenda
1683 2182 1692 2199 ,
1728 2152 1775 2188 de
1807 2152 1930 2189 carnis
1958 2152 2161 2189 affectione
2190 2160 2352 2202 propter
2376 2150 2483 2189 Chri=
2527 2167 2531 2186 1

456 2205 490 2240 2.
522 2208 667 2255 Nempe
697 2206 727 2242 si
761 2207 799 2243 in
830 2207 1005 2244 humanis
1034 2209 1283 2259 opinionibus
1313 2211 1409 2247 ratio
1476 2221 1577 2250 stum
1613 2213 1767 2263 penitus
1801 2212 2057 2263 amputanda,
2081 2212 2128 2249 de
2158 2211 2371 2249 commodis
2395 2223 2482 2248 vero
2523 2231 2528 2243 =

400 2264 537 2313 vigeat,
562 2264 767 2302 dolendum
791 2279 869 2303 non
893 2276 962 2311 est,
989 2268 1019 2304 si
1040 2268 1155 2305 homo
1175 2270 1409 2320 quandoque
1477 2274 1753 2324 temporalibus
1778 2283 1939 2324 propter
1958 2274 2094 2310 animae
2117 2273 2276 2311 salutem
2301 2270 2483 2322 fugiendis
2527 2294 2529 2306 ι

401 2325 590 2362 Creatoris
623 2326 679 2362 sui
707 2326 852 2375 legibus
879 2328 1017 2364 rectius
1047 2328 1232 2366 inhaerere
1261 2344 1409 2381 praesu-
1478 2347 1709 2384 magnopere
1731 2342 1838 2371 tonat
1857 2334 2126 2383 Evangelium,
2147 2341 2226 2370 tota
2245 2333 2384 2370 clamat
2401 2330 2481 2370 ubi·

403 2393 492 2421 mat.
515 2388 562 2421 Et
588 2399 657 2422 nos
675 2386 829 2435 quidem
851 2400 929 2423 non
951 2396 1099 2433 sancte,
1126 2401 1203 2426 non
1230 2391 1321 2427 satis
1350 2391 1411 2441 pie
1477 2407 1550 2443 que
1580 2394 1694 2430 series
1725 2394 2008 2444 Scripturarum
2038 2409 2045 2430 :
2071 2393 2177 2443 quod
2204 2393 2382 2443 ignorare
2408 2404 2481 2431 non
2518 2407 2531 2429 ³.-

401 2445 570 2494 paternis
605 2446 924 2483 sollicitudinibus
956 2448 1197 2497 invigilamus
1211 2480 1221 2496 ‚
1250 2451 1277 2487 si
1311 2451 1409 2487 filio-
1478 2461 1553 2489 tam
1575 2453 1715 2489 malum
1730 2482 1739 2499 ‚
1758 2467 1870 2503 quani
1891 2466 1988 2503 pene
2003 2453 2223 2490 haereticum
2243 2461 2311 2490 est.
2329 2458 2379 2490 At
2396 2464 2482 2490 vero

402 2519 486 2542 rum
520 2506 766 2556 provectibus
794 2507 1021 2546 invidemus.
1043 2510 1230 2557 Quocirca
1260 2511 1288 2547 si
1315 2525 1410 2547 con—
1477 2520 1603 2549 certus
1627 2526 1704 2549 non
1742 2526 1849 2559 sum,
1882 2525 1930 2549 an
1956 2526 2090 2550 eorum
2114 2513 2197 2550 talis
2226 2511 2370 2549 reditus
2398 2510 2503 2554 abs-,

401 2565 582 2602 siliarium
616 2580 734 2603 unum
766 2567 812 2604 de
843 2568 945 2605 mille
978 2568 1118 2606 habere
1144 2570 1223 2616 vis,
1242 2571 1319 2606 imo
1335 2600 1344 2617 ‚
1373 2572 1409 2607 ni
1476 2586 1551 2622 que
1572 2573 1713 2622 poenali
1734 2573 1846 2623 culpa
1863 2572 2000 2610 debeat
2021 2573 2210 2610 aestimari.
2225 2572 2482 2610 Periculosum

402 2626 512 2663 fallor
529 2655 537 2671 ‚
566 2627 729 2663 maxime
751 2628 832 2674 vis;
855 2630 1030 2666 consulto
1052 2642 1151 2679 opus
1173 2638 1251 2676 est,
1273 2639 1409 2679 quate·
1426 2638 1459 2672 D
1478 2633 1622 2682 quippe
1648 2633 1758 2670 valde
1794 2641 1869 2678 est,
1902 2642 1939 2670 et
1967 2633 2072 2683 gravi
2097 2635 2217 2670 ruinae
2241 2632 2502 2683 proximum,:

403 2698 474 2721 nus
506 2686 590 2722 filiis
621 2687 715 2733 tuis,
743 2688 781 2723 in
810 2688 1111 2725 mediocritatem
1139 2697 1262 2726 tecum
1287 2704 1411 2727 rema-
1479 2693 1526 2730 de
1554 2694 1623 2730 Dei
1646 2694 1906 2731 misericordia
1933 2707 2165 2745 praesumere
2186 2701 2320 2731 contra
2335 2694 2406 2730 Dei
2421 2691 2483 2741 ju-

403 2745 604 2793 uentibus,
636 2760 683 2783 ne
716 2747 894 2784 deficiant
921 2749 1094 2786 attendas
1121 2764 1129 2785 :
1152 2750 1297 2786 caeteris
1318 2764 1410 2787 vero
1479 2754 1638 2800 stitiam3
1658 2763 1694 2791 et
1713 2755 1832 2804 ipsam
1854 2755 1952 2791 velle
1972 2754 2179 2791 defendere
2199 2762 2333 2791 contra
2351 2753 2480 2803 ipsam.

402 2805 497 2841 citra
525 2806 771 2855 professionis
801 2821 877 2844 suae
904 2809 1109 2858 puritatem
1134 2818 1294 2859 propter
1318 2824 1411 2847 con·
1478 2815 1651 2865 Denique
1668 2816 1863 2866 Scriptura
1883 2816 1958 2853 ait:
1981 2816 2483 2864 Nea10·1·ciaspeecatun2‚ee

402 2864 597 2901 seientiam
630 2878 825 2903 remanere
855 2868 1114 2905 metuentibus
1129 2898 1137 2914 ,
1166 2883 1209 2905 ac.
1240 2869 1286 2905 de
1307 2869 1410 2907 bono
1478 2877 1595 2921 diem,
1619 2878 1816 2912 illiseratm
1839 2879 1912 2912 Dei
1933 2890 2073 2926 magna
2090 2885 2146 2912 est
2156 2874 2183 2912 3.
2203 2878 2295 2913 Nam
2313 2883 2351 2912 et
2367 2873 2499 2911 inalus'

403 2923 507 2972 quod
531 2925 644 2960 semel
670 2926 833 2974 aggressi
862 2935 973 2973 sunt,
996 2928 1187 2977 religionis
1211 2931 1411 2980 proposito
1479 2935 1719 2973 discretionis
1740 2936 1877 2974 modus
1897 2945 1975 2983 est,
1996 2949 2081 2973 cum
2102 2934 2400 2986 praeponderant
2419 2931 2482 2970 mi·

404 2983 451 3020 ad
482 2984 654 3020 altiorem
682 2985 840 3034 gradum
873 2988 1032 3024 transire
1055 2989 1264 3026 nitentibus
1278 3020 1286 3036 ,
1302 2990 1412 3040 juxta
1479 3009 1575 3033 nora
1597 2996 1826 3045 majoribus,
1846 2997 1926 3034 sive
1942 2996 2133 3033 deteriora
2149 2993 2371 3032 melioribus
2387 3004 2481 3030 com·
2511 3011 2516 3021 ·

404 3044 653 3095 proplietam,
685 3058 770 3082 cum
802 3046 964 3096 panibus
993 3056 1210 3086 occurras².
1241 3051 1319 3087 Illis
1346 3066 1413 3089 cu-
1479 3065 1675 3106 parantur.

406 3117 485 3140 ram
505 3104 707 3141 maximam
726 3105 942 3155 impendas,
963 3121 1009 3144 ne
1027 3108 1255 3146 insolescant
1271 3111 1316 3147 ad
1337 3113 1412 3149 rui-
1533 3118 1569 3153 5.
1600 3121 1655 3154 Ac
1676 3116 1813 3154 deinde
1834 3125 1920 3167 post
1939 3116 2019 3153 haec
2038 3115 2287 3152 vehementer
2300 3120 2479 3164 expostu-
2510 3126 2516 3146 ¹.

405 3177 491 3201 nam
507 3179 516 3210 3
538 3165 682 3201 caetcris
701 3174 827 3203 autem
855 3166 1157 3206 benevolentiam
1184 3171 1322 3207 offeras
1340 3201 1348 3217 ‚
1372 3183 1412 3210 ut
1480 3176 1533 3212 las
1546 3205 1555 3221 ‚
1575 3191 1643 3213 cur
1660 3178 1796 3214 merito
1817 3185 1999 3227 apostatae
2016 3175 2158 3213 debent
2173 3175 2378 3226 appellari,
2393 3172 2422 3210 si
2437 3169 2480 3209 ad
2504 3168 2517 3199 ’-

404 3225 608 3273 proliciunt
640 3225 685 3261 ad
711 3239 906 3264 coronam.
925 3231 1068 3279 Nempe
1086 3231 1150 3279 qui
1173 3232 1411 3270 ascensiones
1481 3236 1700 3274 coenobium
1727 3251 1837 3275 suum
1866 3244 2123 3282 revertentes,
2148 3248 2234 3273 cum
2263 3233 2373 3272 bonis
2392 3243 2480 3270 con·
2515 3252 2517 3258 ·

455 3357 461 3370 ¹
487 3352 564 3383 l'sal.
582 3364 658 3383 exn
674 3378 681 3391 ‚
704 3357 733 3385 8.
758 3372 798 3375 —-
818 3360 828 3374 ²
853 3355 922 3386 lsai.
947 3367 1024 3390 xxi,
1049 3359 1097 3387 l'i.
1124 3376 1158 3379 j-
1182 3356 1355 3395 51{r‹·li.x·,
1379 3365 1392 3389 ζ)
1411 3386 1417 3395 ‚
1436 3367 1466 3391 s».
