2517 3936
152 173 248 210 1493

145 253 326 298 l'ratrum3
348 265 450 289 nunc
470 266 561 289 vero
580 252 805 299 monachus,
823 261 860 289 et
877 253 1151 290 monachorum
1164 250 1193 268 ⁰⁷

810 177 953 211 LIBER
983 176 1047 211 DF,
1076 176 1188 210 VITA
1220 176 1254 209 S.
1288 175 1566 211 MA1,At:111.121.

2124 181 2216 218 1492

1199 249 1211 267 ³
1226 250 1353 286 multis
1376 250 1553 298 lacrymis
1579 251 1827 300 implorabat,
1850 255 1960 291 licere
1990 255 2058 292 sibi
2081 258 2220 302 vivere,

143 320 252 362 pater
267 312 305 348 in
326 312 480 349 Mailros
498 313 728 349 monasterio
746 313 900 350 Ordinis
918 314 1036 349 nostri
1053 342 1062 359 ‚
1083 312 1149 362 qui
1170 312 1198 346 A
1219 318 1256 346 et
1277 310 1374 346 mori
1395 309 1432 344 in
1449 309 1684 346 Clara-Valle
1699 339 1707 355 ,
1726 314 1911 360 permissu
1928 323 1963 350 et
1985 314 2217 352 benedictin-

144 370 307 408 devotus
326 372 519 409 Malacliiae
537 386 575 409 se
595 372 833 409 orationibus
851 373 938 409 satis
954 373 1150 409 humiliter

143 433 439 469 commendavit.
463 437 497 470 Is
517 433 719 469 advertens
740 434 879 470 multos
901 433 1040 469 habere
1062 433 1150 483 Epi—

143 505 303 542 scopum
332 493 479 539 socios,
512 501 551 529 et
575 506 695 542 equos
715 506 857 542 paucos
877 492 990 543 (nam
1014 501 1153 542 praeter

143 552 362 599 ministros,
393 562 430 589 et
458 553 615 590 clericos
646 553 758 598 alios,
792 552 962 601 quinque
990 565 1076 588 cum
1108 565 1152 588 eo

142 622 254 650 erant
274 613 513 664 presbyteri,
536 621 574 649 et
594 613 681 661 equi
703 613 854 648 nonnisi
873 611 995 658 tres),
1015 611 1155 648 obtulit

141 674 176 710 ei
196 687 306 711 suum
321 702 331 719 ,
355 688 432 724 quo
448 674 528 723 ipse
545 672 769 716 vehebatur,
792 672 865 708 lioc
885 672 1007 707 solum
1026 671 1155 707 dolere

142 748 182 771 se
202 735 400 784 inquiens,
421 734 524 783 quod
546 741 644 769 esset
664 732 847 768 runcinus
867 732 962 768 dure
978 740 1148 780 portans.

142 797 190 831 Et
209 794 314 831 addit
335 809 343 832 ε
365 811 380 826 «
402 793 600 831 Libentius
617 792 804 829 dedissem
820 821 830 838 ‚
853 792 883 828 si
904 792 1038 828 melior
1052 791 1151 828 ‘fuis-

140 870 156 887 n
177 862 234 891 set
253 868 262 890 ε
281 853 368 900 sed,
387 853 418 890 si
435 853 644 902 dignamini
659 881 668 898 ,
689 851 815 889 ducite
832 852 1150 902 qualemcumque

140 930 156 946 ι)
175 906 388 951 vobiscum.
405 931 443 947 n«
459 917 506 950 Et
520 926 604 963 ego,
617 913 690 949 »ait
701 913 927 963 Episcopus,
940 929 955 944 «
968 925 1013 948 eo
1026 911 1151 948 liben-

139 990 154 1006 υ
176 973 250 1010 tius
267 973 434 1024 accipio,
454 987 530 1023 quo
552 973 736 1024 praedicas
753 974 928 1010 viliorem
944 987 951 1009 :
967 972 1055 1022 quia
1072 985 1150 1008 non

1216 383 1262 407 ne
1291 369 1429 405 summi
1460 369 1662 405 pontificis.
1692 373 1737 405 Et
1768 374 1875 420 petiit
1901 375 1971 410 boc
1988 405 1996 420 ‚
2023 389 2096 412 non
2120 376 2215 412 obli-

1217 439 1276 466 tus
1309 430 1355 466 ad
1386 428 1492 478 quod
1509 437 1663 464 venerat
1678 457 1686 473 ‚
1708 430 1770 465 scd
1790 432 1944 468 affectus
1967 448 2043 482 quo
2063 446 2216 471 xenon-ut

1220 490 1410 526 desiderio
1443 489 1713 525 Clarae-Vallis.
1753 493 1835 526 Non
1873 501 1994 528 autern
2029 494 2188 530 obtinuit
2209 525 2216 534 ,

1219 549 1326 598 quod
1347 550 1471 584 virum
1496 548 1741 597 Apostolicus
1762 549 1872 585 lucris
1890 552 2014 599 potius
2035 553 2217 589 ula-riori—

1220 607 1292 644 bus
1322 607 1588 657 occupandum
1622 606 1855 644 decerneret.
1891 612 1964 645 Nec
1998 618 2118 646 tamen
2141 626 2218 647 ‹nn-

1223 668 1315 704 nino
1345 668 1546 703 frustratus
1579 675 1634 703 cst
1654 680 1672 703 a
1695 667 1882 703 desiderio
1907 669 2029 705 cordis
2051 671 2126 713 sui,
2159 672 2217 706 cui

1222 728 1319 764 mori
1337 726 1408 773 ibi,
1427 727 1495 763 etsi
1512 740 1586 763 non
1606 728 1751 773 vivere,
1768 727 1948 764 donatum
1967 738 2032 765 cst.
2052 733 2216 766 Mensem

1216 787 1405 836 integrum
1429 787 1515 823 fecit
1544 787 1580 822 in
1603 786 1706 824 L'rbe
1724 816 1732 832 ,
1757 788 1838 824 loca
1866 797 1992 825 sancta
2017 789 2219 839 perambu-

1218 847 1324 892 lans,
1347 856 1385 884 et
1423 848 1666 896 frequentans
1695 861 1805 884 causa
1833 849 2026 885 orationis.
2053 852 2220 898 Cumqin¹

1217 920 1286 956 per
1301 907 1338 943 id
1357 908 1539 958 temporis
1560 921 1658 957 saepe
1679 922 1721 944 ac
1741 908 1939 957 diligenter
1956 909 2002 945 ab
2023 923 2067 946 eo
2085 939 2094 955 ‚
2116 918 2151 945 et
2172 909 2218 945 al)

1218 967 1274 1003 his
1297 968 1363 1017 qui
1384 981 1468 1004 cum
1492 982 1536 1004 eo
1558 977 1685 1014 crant,
1708 982 1876 1006 summus
1897 970 2067 1006 Pontifex
2092 971 2219 1019 inqui-

139 1051 156 1068 »
177 1043 305 1085 potest
334 1035 427 1072 mihi
452 1035 528 1071 vile
557 1048 637 1072 esse
652 1063 661 1081 ‚
682 1033 870 1084 quidquid
891 1042 966 1070 tam
985 1033 1153 1083 pretiOSa
1172 1034 1198 1068 Β
1220 1028 1326 1064 sisset
1351 1042 1430 1065 esse
1461 1026 1610 1079 patriae,
1630 1043 1754 1066 mores
1770 1031 1913 1079 gentis,
1932 1039 2067 1067 statum
2091 1030 2218 1066 Eccle-

141 1111 157 1127 υ
177 1095 356 1132 voluntas
382 1095 578 1132 obtulerit.
604 1113 618 1129 »
641 1098 688 1132 Et
718 1107 925 1132 conversus
955 1093 1002 1131 ad
1033 1106 1150 1130 suos:

142 1171 157 1187 α
178 1158 311 1202 Hunc,
331 1173 346 1189 »
365 1156 511 1205 inquit,
530 1173 544 1187 n
562 1155 719 1192 sternite
737 1155 848 1200 mihi,
873 1155 960 1204 quia
979 1167 1153 1191 commo-

140 1231 157 1248 »
178 1215 251 1253 dus
273 1216 382 1262 satis,
411 1224 449 1253 et
475 1216 668 1253 sufficiens
695 1216 767 1253 erit
790 1216 829 1252 in
847 1216 1018 1265 longum.
1035 1218 1151 1263 »Quo

140 1275 258 1322 sacto,
286 1275 456 1312 ascendit
482 1290 491 1312 ι
520 1284 558 1312 et
582 1277 708 1326 primo
737 1275 893 1326 quidem
919 1275 1080 1319 durum,
1110 1283 1153 1312 ut

139 1344 234 1383 erat,
251 1336 431 1383 sentiens,
445 1336 691 1387 postmodum
708 1336 803 1373 mira
818 1335 1030 1372 mutatione
1041 1334 1152 1372 valde

140 1397 390 1434 commodum
410 1396 482 1434 sibi
512 1406 550 1434 et
569 1397 737 1435 suaviter
755 1395 1012 1433 ambulantem
1043 1395 1153 1432 inve-

140 1457 209 1494 nit.
239 1461 287 1495 Et
313 1471 362 1494 ne
393 1457 547 1495 caderet
574 1471 691 1508 super
723 1466 862 1494 terram
896 1455 943 1493 de
974 1469 1152 1492 sermone

139 1530 254 1567 quem
287 1517 459 1564 dixerat,
486 1531 607 1567 usque
632 1517 679 1554 ad
699 1530 845 1554 nonum
868 1529 1011 1553 annum
1030 1545 1040 1563 ,
1073 1530 1151 1565 quo

138 1586 313 1615 mortuus
329 1586 385 1615 est
402 1578 501 1628 ipse,
521 1591 599 1615 non
619 1577 754 1614 defecit
771 1577 826 1624 ei,
846 1578 965 1614 factus
983 1577 1151 1626 optimus

139 1645 177 1674 et
204 1638 500 1688 pretiosissimus
527 1637 748 1688 palefridus.
771 1637 962 1686 Quodque
989 1636 1151 1673 eviden-

139 1697 214 1735 tius
240 1697 467 1735 miraculum
496 1697 741 1735 cernentibus
768 1698 878 1743 fecit,
903 1697 949 1733 de
967 1696 1150 1746 subnigro

138 1759 256 1809 coepit
270 1758 481 1805 albescere,
503 1768 541 1795 et
558 1772 636 1796 nou
656 1759 776 1795 multo
793 1766 880 1808 post
898 1757 961 1794 vix
982 1758 1150 1794 invenie-

139 1816 253 1855 batur
274 1818 397 1855 albior
417 1818 496 1855 illo.

486 1945 665 1984 CAPUT
695 1945 810 1984 XVI.

136 2063 272 2093 Romam
295 2061 447 2100 tendens,
478 2068 508 2093 et
533 2061 607 2092 iude
635 2061 782 2100 rediens,
810 2061 1076 2094 Claram-Vallem
1104 2062 1151 2092 vi-

604 2122 687 2148 sitat.

191 2237 253 2275 37.
274 2236 368 2274 Mihi
389 2250 544 2287 quoque
564 2237 604 2273 in
624 2237 695 2274 hae
711 2237 773 2274 via
791 2237 920 2274 datum
941 2245 996 2274 est
1016 2237 1146 2274 videre

136 2297 260 2334 virum
272 2327 282 2344 ,
303 2306 340 2334 et
355 2298 394 2334 in
412 2297 492 2347 ejus
510 2298 592 2334 visu
616 2306 653 2334 et
671 2297 790 2334 verbo
806 2298 970 2334 refectus
985 2311 1066 2334 sum
1079 2327 1088 2344 ‚
1108 2306 1146 2334 et

135 2357 344 2395 delectatus
375 2371 480 2404 sum,
512 2359 610 2394 sicut
639 2358 678 2394 in
708 2357 887 2395 omnibus
916 2358 1070 2395 divitiis.
1100 2362 1147 2396 Et

133 2430 204 2467 ego
223 2417 388 2454 vicissim
403 2446 413 2463 ,
438 2426 618 2467 peccator
637 2418 743 2464 licet,
772 2418 901 2454 inveni
923 2419 1080 2468 gratiam
1105 2419 1145 2455 in

133 2477 254 2514 oculis
270 2477 350 2527 ejus
365 2486 525 2524 extunc,
545 2487 582 2515 et
598 2478 778 2529 deinceps
795 2492 915 2528 usque
932 2478 978 2515 ad
997 2478 1144 2516 obitum

132 2537 275 2587 ipsius,
305 2538 404 2574 sicut
433 2538 472 2574 in
500 2539 690 2588 prooemio
719 2539 901 2589 praefatus
931 2552 1026 2575 sum.
1059 2543 1145 2588 Ipse

1218 1088 1355 1125 siarum
1374 1117 1382 1134 ‚
1413 1097 1450 1125 et
1470 1098 1609 1139 quanta
1630 1090 1666 1125 in
1691 1098 1787 1126 terra
1811 1094 1910 1126 Deus
1931 1104 1999 1140 per
2020 1104 2103 1126 cum
2125 1103 2217 1139 ope-

1218 1157 1321 1185 ratus
1339 1149 1494 1186 suisset:
1520 1151 1668 1200 paranti
1692 1150 1768 1199 jani
1798 1151 2002 1200 repatriare
2031 1151 2218 1187 commisit

1218 1208 1318 1245 vices
1345 1222 1452 1255 suas,
1486 1223 1553 1259 per
1573 1211 1788 1247 universam
1808 1210 2028 1248 Hiberniam
2054 1211 2216 1259 legatum

1217 1268 1322 1305 illum
1340 1270 1587 1306 constituens.
1610 1271 1866 1319 Significatum
1886 1270 2069 1320 siquidem
2089 1279 2167 1306 crat
2185 1271 2216 1305 ei

1218 1327 1265 1365 ab
1286 1329 1466 1379 episcopo
1484 1329 1710 1376 Gillebcrto,
1729 1331 1818 1379 qui,
1840 1339 1881 1367 ut
1901 1344 2014 1380 supra
2036 1343 2218 1366 memora-

1219 1389 1342 1425 vimus
1358 1418 1367 1435 ,
1397 1397 1487 1426 tunc
1512 1390 1656 1439 legatus
1683 1391 1900 1436 exstiterat,
1925 1390 2028 1440 quod
2041 1390 2118 1439 jam
2138 1403 2215 1426 non

1219 1457 1348 1498 posset
1364 1462 1443 1498 prae
1461 1450 1565 1486 senio
1582 1458 1618 1486 et
1635 1450 1826 1487 debilitate
1844 1451 2018 1500 corporis
2036 1451 2216 1487 villicare.

1219 1512 1308 1545 Post
1336 1509 1415 1545 haec
1435 1510 1529 1559 petit
1548 1510 1746 1547 Malachias
1767 1510 1983 1547 confirmari
2003 1523 2110 1546 novae
2140 1523 2219 1546 nie-

1220 1569 1380 1618 tropolis
1398 1570 1730 1616 constitutionem,
1749 1578 1785 1606 et
1805 1571 2002 1619 utriusque
2019 1570 2116 1606 sedis
2137 1569 2217 1619 pal-

1218 1625 1267 1664 lia
1288 1627 1358 1664 sibi
1382 1628 1475 1665 dari.
1500 1633 1547 1666 Et
1574 1630 1873 1666 confirmationis
1890 1630 2041 1679 quidem
2064 1630 2217 1679 privile-

1217 1688 1321 1737 gium
1356 1702 1444 1725 mox
1477 1690 1622 1739 accepit
1649 1705 1656 1726 ε
1689 1707 1702 1721 n
1728 1694 1783 1726 De
1804 1690 1925 1739 palliis
1946 1699 2067 1726 autcm
2086 1719 2096 1736 ,
2129 1708 2142 1722 υ
2169 1690 2220 1725 ait

1217 1760 1388 1784 summus
1422 1750 1595 1785 Pontifex
1615 1779 1624 1795 ,
1660 1767 1674 1782 «
1712 1758 1863 1799 oportet
1903 1750 2107 1786 solemnius
2143 1749 2213 1798 agi.

1169 1815 1196 1851 C
1219 1825 1232 1839 »
1255 1808 1482 1845 Convocatis
1500 1808 1688 1858 episcopis
1701 1837 1709 1853 ,
1728 1817 1765 1844 et
1781 1809 1943 1853 clericis,
1963 1818 1999 1845 et
2014 1808 2220 1857 majoribus

1219 1885 1233 1900 ι»
1258 1876 1367 1904 terrae
1383 1896 1392 1913 ‚
1425 1867 1632 1904 celebrabis
1656 1868 1830 1917 generale
1860 1869 2059 1905 concilium
2079 1883 2086 1904 :
2106 1877 2143 1904 et
2166 1868 2217 1903 sie

1217 1928 1497 1965 »conniventia
1531 1936 1568 1964 et
1599 1928 1792 1965 communi
1830 1936 1920 1964 voto
1955 1929 2218 1964 universorum

1219 2005 1234 2021 υ
1256 2002 1326 2039 per
1352 1990 1530 2026 honestas
1551 2002 1732 2039 personas
1759 1989 1958 2038 requiretis
1977 1989 2133 2038 pallium
2150 2016 2158 2031 ‚
2180 1996 2216 2024 et

1221 2067 1235 2081 υ
1256 2049 1410 2086 dabitur
1428 2049 1550 2086 vobis.
1571 2068 1584 2082 υ
1606 2049 1750 2085 Deinde
1768 2050 1903 2086 tollens
1924 2050 2071 2085 mitram
2091 2048 2137 2084 de
2153 2062 2215 2084 ca—

1220 2111 1297 2160 pite
1326 2124 1420 2155 suo,
1451 2110 1634 2160 imposuit
1662 2110 1775 2159 capiti
1804 2108 1886 2158 ejus
1914 2108 2007 2145 :sed
2026 2116 2063 2144 et
2082 2109 2214 2144 stolam

1218 2184 1303 2206 cum
1326 2170 1522 2220 manipulo
1547 2169 1670 2215 dedit,
1694 2168 1831 2218 quibus
1853 2168 1907 2204 uti
1926 2168 2024 2204 inter
2050 2167 2215 2203 offeren-

1217 2230 1308 2268 dum
1333 2230 1492 2267 solebat.
1520 2234 1566 2267 Et
1594 2231 1793 2266 salutatum
1816 2229 1852 2264 in
1876 2229 2006 2264 osculo
2033 2227 2133 2277 pacis
2155 2226 2212 2263 di—

1213 2291 1316 2327 misit
1347 2304 1431 2327 eum
1450 2319 1459 2337 ,
1491 2289 1695 2340 apostolica
1723 2289 1855 2325 fultum
1882 2286 2148 2324 benedictione
2176 2294 2212 2323 et

1213 2352 1450 2388 auctoritate.

1268 2414 1331 2450 39.
1356 2413 1427 2461 Qui
1450 2420 1643 2449 revertens
1660 2425 1727 2461 per
1747 2409 2058 2448 Claram—Vallem
2073 2436 2082 2453 ‚
2102 2420 2207 2444 suam

1213 2473 1381 2510 secundo
1409 2472 1518 2509 nobis
1552 2472 1704 2520 largitus
1735 2478 1790 2506 est
1814 2468 2129 2505 benedictionem.
2165 2469 2212 2503 Et

1213 2535 1286 2570 alta
1306 2533 1467 2584 suspiria
1486 2533 1635 2569 trahens
1649 2560 1658 2577 ,
1681 2530 1783 2580 quod
1805 2542 1880 2566 non
1903 2529 2032 2565 liceret
2052 2527 2120 2563 sibi
2138 2540 2209 2576 pro

133 2595 246 2633 etiam
267 2596 442 2646 dignatus
458 2597 647 2635 divertere
664 2598 710 2635 ad
732 2598 1039 2635 Claram-Vallem
1053 2627 1061 2643 ,
1084 2598 1144 2634 vi-
1164 2600 1197 2634 D
1216 2608 1285 2631 suo
1306 2593 1494 2630 desiderio
1515 2604 1708 2628 remanere
1727 2605 1734 2626 :
1758 2607 1771 2621 α
1794 2593 1871 2626 Hos
1884 2618 1892 2634 ‚
1915 2606 1928 2620 »
1946 2588 2093 2637 inquit,
2114 2604 2128 2618 a
2148 2587 2209 2622 in-

133 2655 183 2693 sis
213 2656 394 2694 fratribus
408 2687 418 2705 ,
440 2667 694 2708 compunctus
714 2667 770 2695 est
792 2673 799 2695 :
823 2667 860 2695 et
888 2659 941 2694 illi
963 2672 1040 2695 non
1062 2671 1144 2694 me-

133 2715 314 2754 diocriter
330 2717 504 2755 aedificati
525 2719 563 2755 in
581 2719 782 2769 praesentia
800 2727 838 2755 et
857 2731 1032 2754 sermone
1049 2717 1142 2767 ejus.

131 2777 179 2813 Et
192 2785 395 2827 acceptans
409 2778 535 2816 locum
546 2807 556 2824 ,
574 2786 612 2814 et
627 2792 696 2815 nos
708 2807 718 2825 ,
736 2786 850 2828 atque
863 2778 1006 2814 intimis
1022 2778 1144 2814 visce-

130 2834 236 2872 ribus
266 2837 473 2887 colligens,
504 2837 687 2875 valedixit
707 2837 844 2884 nobis,
876 2846 914 2874 et
939 2837 1041 2874 abiit.
1070 2837 1142 2885 Qui

129 2896 411 2946 transalpinans
425 2926 434 2943 ‚
456 2911 541 2935 cum
570 2899 738 2934 venisset
756 2898 923 2948 Iporiam
948 2898 1139 2934 civitatem

128 2956 268 3003 Italiae,
293 2957 454 3008 hospitis
482 2957 540 2995 sui
567 2959 770 3008 parvulum
791 2959 933 3005 filium,
955 2958 1019 3007 qui
1042 2957 1140 2994 male

127 3015 272 3053 habens
293 3018 502 3055 moriturus
521 3027 620 3065 erat,
643 3019 828 3056 continuo
846 3018 1004 3055 sanavit.

183 3076 246 3114 38.
263 3080 355 3114 Erat
379 3086 470 3114 tunc
489 3079 673 3128 temporis
689 3079 727 3115 in
746 3078 841 3116 Sede
858 3078 1065 3128 apostolica
1084 3078 1138 3114 fe-

127 3135 207 3173 licis
225 3138 418 3174 memoriae
439 3139 690 3175 Innocentius
713 3138 902 3176 secundus
920 3151 1019 3188 papa
1039 3152 1047 3173 ε
1069 3137 1135 3186 qui

127 3209 214 3233 eum
233 3196 399 3248 benigne
420 3199 608 3249 suscepit,
633 3199 800 3235 humane
830 3199 918 3235 satis
938 3198 992 3234 illi
1019 3210 1135 3247 super

126 3257 240 3307 longa
257 3259 564 3308 peregrinatione
584 3273 817 3310 compassus.
840 3262 888 3296 Et
903 3259 1029 3308 primo
1047 3257 1134 3307 qui—

153 3330 212 3353 em
227 3318 441 3367 Malachias,
457 3320 561 3370 quod
576 3321 685 3357 altius
700 3320 875 3356 infixerat
890 3318 1031 3364 animo,
1048 3331 1132 3354 cum

1212 2672 1226 2688 »
1248 2655 1356 2691 terim
1374 2667 1444 2703 pro
1467 2666 1547 2698 me,
1574 2664 1641 2687 oro
1666 2658 1706 2686 ut
1730 2649 1919 2686 retineatis
1935 2677 1944 2693 ‚
1969 2647 2034 2696 qui
2054 2660 2074 2683 a
2094 2645 2203 2682 vobis

1211 2733 1225 2748 »
1250 2715 1409 2757 discant,
1436 2712 1539 2762 quod
1560 2725 1630 2748 nos
1648 2708 1891 2760 postmodum
1912 2707 2090 2744 doceant.
2123 2724 2136 2737 »
2156 2709 2202 2742 Et

1210 2777 1323 2813 infert
1350 2790 1357 2811 :
1382 2792 1395 2806 «
1424 2777 1544 2810 Erunt
1564 2770 1673 2807 nobis
1695 2771 1732 2806 in
1754 2782 1879 2806 semen
1897 2796 1906 2812 ,
1929 2776 1966 2803 et
1993 2767 2031 2803 in
2062 2766 2204 2802 semine

1211 2854 1225 2869 υ
1246 2836 1318 2872 isto
1334 2832 1607 2870 benedicentur
1626 2838 1754 2880 gentes
1767 2858 1776 2874 ,
1799 2837 1835 2864 et
1854 2829 1926 2864 illae
1943 2835 2072 2876 gentes
2089 2855 2097 2871 ,
2120 2838 2204 2874 quae

1210 2914 1224 2929 »
1245 2909 1266 2931 a
1283 2893 1414 2930 diebus
1431 2891 1593 2940 antiquis
1610 2889 1783 2926 monachi
1801 2887 1953 2938 quidem
1971 2900 2108 2923 nomen
2135 2899 2203 2921 au·-

1206 2973 1221 2987 »
1247 2954 1420 2999 dierunt,
1441 2950 1667 2987 monachum
1686 2962 1762 2985 non
1780 2948 1971 2985 viderunt.
1989 2965 2003 2979 »
2020 2950 2065 2984 Et
2079 2946 2203 2982 dimis-

1205 3016 1254 3052 sis
1280 3022 1444 3064 quatuor
1459 3026 1479 3047 a
1496 3012 1612 3047 latere
1633 3023 1720 3055 suo,
1751 3008 1841 3046 abiit
1859 3023 1866 3044 ε
1886 3008 1949 3057 qui
1973 3006 2145 3056 probati,
2165 3012 2202 3040 et

1205 3075 1307 3123 digni
1335 3071 1478 3109 inventi
1500 3070 1677 3107 monachi
1698 3069 1784 3105 facti
1805 3076 1904 3104 sunt.
1936 3071 2023 3104 Post
2047 3063 2199 3113 aliquod

1203 3143 1373 3183 tempus,
1404 3144 1488 3168 cum
1514 3130 1594 3179 jam
1617 3134 1773 3168 Sanctus
1799 3135 1894 3164 esset
1922 3127 1958 3162 in
1993 3134 2088 3160 terra
2112 3137 2198 3166 sua,

1201 3193 1302 3230 misit
1322 3192 1434 3238 alios,
1455 3199 1491 3227 et
1512 3190 1557 3226 de
1574 3191 1646 3226 illis
1664 3189 1802 3225 factum
1823 3195 1877 3223 est
1898 3185 2082 3222 similiter.
2103 3183 2195 3229 Qui·

1201 3254 1271 3291 bus
1287 3266 1356 3304 per
1371 3253 1604 3302 aliquantum
1622 3259 1770 3298 tempus
1787 3245 1996 3290 instructis,
2013 3252 2048 3278 ct
2066 3242 2192 3278 crudi-

1202 3316 1246 3351 tis
1262 3313 1375 3351 cordc
1392 3314 1427 3349 in
1445 3312 1646 3361 sapientia,
1669 3309 1756 3345 dato
1774 3307 1825 3343 eis
1846 3306 1882 3342 in
1902 3312 2046 3354 patrem
2064 3310 2192 3338 sancto
