2517 3920
324 202 419 239 1107

318 278 410 328 quid
440 276 586 314 accedit
616 274 847 313 vanitatibus
874 274 1018 311 vestris.
1044 277 1130 311 Duo
1158 273 1323 323 denique
1343 271 1371 290 ⁴⁰

1081 199 1116 234 S.
1149 196 1403 233 BERNARDI
1431 195 1633 230 ABBATIS

1378 270 1573 316 ⁴castitas,
1600 282 1684 318 quae
1712 268 1751 303 in
1785 267 1858 303 hoc
1887 267 2126 304 mortalitatis
2157 276 2194 304 et
2218 269 2329 314 loco,
2365 280 2402 307 et

2304 194 2398 230 1103

319 338 417 374 mala
437 337 483 373 de
509 350 585 373 una
602 335 794 386 prodeunt
819 334 945 371 radice
966 334 1180 384 cupiditatis
1195 363 1203 379 ,
1230 333 1321 369 dum
1342 333 1370 366 A
1390 338 1562 378 tempore
1578 336 1717 365 statum
1737 326 1941 376 quemdam
1958 326 2182 364 immortalis
2195 328 2324 377 gloriae
2347 343 2403 366 re-

323 406 362 434 et
373 410 442 433 vos
462 395 666 432 vanitando
686 394 831 444 peritis,
853 401 891 429 et
912 406 981 428 nos
1001 392 1203 442 spoliando
1219 390 1326 440 peri—

323 457 437 494 mitis.
467 460 645 494 Jumenta
674 453 899 504 gradiuntur
923 460 1060 488 onusta
1082 450 1259 500 geminis,
1291 457 1328 485 et

322 525 452 554 nostra
468 529 545 552 non
567 515 706 552 curatis
727 527 837 550 crura
852 512 954 548 nuda
973 511 1152 560 caligulis.
1171 509 1328 555 Annuli,

323 577 530 622 catenulae,
570 573 824 611 tintinnabula
842 602 852 619 ,
888 580 925 608 et
961 572 1116 607 clavatae
1154 568 1327 619 quaedam

323 636 495 685 corrigiae
512 641 541 680 ³,
570 634 764 682 multaque
790 632 900 675 talia,
926 639 1000 666 tam
1027 629 1197 679 speciosa
1226 628 1329 664 colo-

323 695 442 741 ribus,
465 708 577 745 quam
596 692 832 744 ponderibus
854 690 1033 740 pretiosa,
1056 689 1248 725 mulorum
1265 688 1326 725 (le-

323 755 492 807 pendent
518 752 728 791 cervicibus
757 765 764 786 :
793 752 951 787 fratrum
985 757 1110 785 autem
1145 747 1327 785 lateribus

331 829 401 853 nec
433 814 662 852 semicinctia
690 813 912 848 miserantes
932 809 1135 860 apponitis.
1157 812 1243 846 Huc
1270 822 1335 845 ac-

325 876 442 921 cedit,
457 874 560 924 quod
573 874 651 909 haec
669 872 797 908 omnia
815 884 883 907 nec
903 869 1172 919 negotiationis
1188 868 1329 914 studio,

325 950 394 972 nec
418 934 577 984 proprio
608 945 790 969 manuum
812 930 990 967 exercitio
1020 928 1130 966 vobis
1156 928 1330 966 elabora-

325 996 402 1041 stis,
419 993 483 1030 sed
500 991 663 1041 necjure
677 990 916 1027 haereditario
933 989 1153 1039 possidetis:
1171 988 1330 1025 11151101*-

326 1064 361 1092 te
383 1063 420 1091 et
439 1067 507 1090 vos
528 1053 566 1089 111
593 1051 709 1089 corde
724 1059 852 1088 vestro
873 1050 1044 1087 dixeritis
1061 1079 1070 1096 ,
1094 1052 1329 1086 Haereditate

1392 397 1611 439 praesentat.
1639 388 1726 425 Sola
1747 388 1848 424 inter
1868 387 2088 437 nuptiarum
2115 388 2299 424 solemnia
2321 402 2404 426 mo-

1395 462 1473 485 rem
1495 448 1616 485 beatae
1632 448 1732 485 illius
1750 447 1920 484 vindicat
1933 448 2113 497 regionis,
2133 449 2172 484 in
2190 461 2265 498 qua
2276 461 2399 498 neque

1396 508 1572 555 nubunt,
1601 521 1727 558 neque
1756 507 1956 546 nubuntur
1979 523 1987 544 :
2014 507 2191 558 praebens
2221 508 2404 559 quodam-

1396 569 1513 606 modo
1543 570 1652 606 terris
1678 569 1840 606 coelestis
1867 568 1947 618 jam
1974 569 2075 605 illius
2106 569 2404 606 conversationis

1395 629 1683 680 experientiam.
1706 633 1779 667 Vas
1805 629 1959 665 interim
1987 628 2117 678 fragile
2143 628 2247 678 quod
2268 636 2401 678 porta-

1394 702 1478 726 mus
1496 719 1505 736 ,
1527 690 1566 726 in
1587 703 1663 740 quo
1689 698 1726 726 et
1750 688 1886 726 crebro
1907 689 2181 739 periclitamur,
2204 696 2308 726 tenet
2336 702 2399 726 ca—

1394 749 1499 787 stitas
1513 749 1570 801 (ut
1583 759 1714 787 monet
1727 748 1951 800 Apostolus)
1966 750 2003 786 in
2023 749 2359 786 sanctificationem
2372 746 2400 796 3,

1399 817 1436 845 et
1460 809 1578 846 instar
1604 809 1786 846 odoriferi
1815 808 1996 856 balsami,
2019 822 2097 858 quo
2117 808 2272 845 condita
2291 808 2400 845 cada-

1397 881 1487 906 vera
1505 869 1730 919 incorrupta
1749 877 1964 906 servantur.
1987 871 2125 906 Sensus
2147 868 2229 918 ipsa
2246 876 2284 904 et
2301 875 2405 904 artus

1397 929 1569 966 continet
1590 940 1628 966 et
1645 929 1851 978 contingit,
1871 942 1920 965 ne
1943 928 2202 965 dissolvantur
2228 927 2336 974 otiis,
2356 941 2403 964 ne

1398 998 1698 1039 corrumpantur
1718 989 1927 1035 desideriis,
1942 1002 1990 1026 ne
2007 989 2131 1026 carnis
2144 986 2404 1038 voluptatibus

1401 1058 1709 1099 computrescant
1727 1063 1735 1085 :
1758 1048 2081 1099 quemadmodum
2099 1048 2238 1098 legitur
2260 1047 2307 1084 de
2324 1047 2406 1097 qui-

321 1117 587 1165 possideamus
619 1116 874 1148 sanctuarium
907 1115 981 1148 Dei
1008 1117 1033 1147 ¹.
1065 1114 1112 1148 Et
1136 1111 1217 1147 haec
1236 1123 1335 1161 pau·
1357 1109 1584 1157 Bbusdam,
1615 1110 1706 1160 quia
1749 1117 2052 1158 computruerunt
2083 1118 2124 1144 at
2150 1113 2327 1155 jtcmenta
2366 1112 2404 1143 iu

326 1187 440 1226 peres
469 1173 585 1210 modo
615 1171 770 1222 quidem
798 1185 926 1208 coram
958 1175 1041 1208 Deo
1071 1178 1246 1216 tantum,
1275 1170 1335 1207 cui

325 1235 441 1272 corda
464 1235 688 1283 loquuntur.
712 1236 789 1270 Nee
810 1232 910 1269 enim
933 1231 1076 1268 audent
1097 1239 1227 1282 aperte
1246 1244 1336 1267 eau—

326 1295 400 1332 sari
436 1295 639 1332 adversum
674 1306 742 1330 vos
757 1322 767 1340 ‚
802 1291 941 1342 quibus
972 1291 1126 1328 interim
1164 1304 1235 1341 pro
1268 1303 1336 1327 sua

326 1357 405 1392 vita
426 1353 733 1391 neeessehabent
754 1353 883 1402 potius
904 1352 1131 1402 supplicare.
1149 1355 1334 1389 Caeterum

326 1416 366 1452 in
384 1416 514 1452 suturo
537 1413 692 1451 stabunt
716 1414 754 1450 in
775 1426 910 1463 magna
927 1412 1137 1449 constantia
1155 1410 1336 1448 adversus

327 1490 392 1513 eos
420 1477 485 1526 qui
515 1488 553 1512 se
580 1474 911 1524 angustiaverunt,
942 1481 1064 1510 stante
1093 1473 1237 1522 qnippe
1264 1484 1335 1521 pro

329 1538 383 1574 eis
414 1545 522 1587 patre
566 1535 851 1585 orphanorum,
889 1542 926 1570 et
951 1533 1082 1583 judice
1116 1532 1332 1569 xiduarum.

331 1599 456 1648 Ipsius
475 1597 576 1633 enim
598 1604 689 1632 tunc
709 1608 784 1631 vox
806 1594 877 1631 erit
900 1609 908 1631 z
932 1596 1124 1641 Quamdiu
1145 1607 1218 1629 mm
1235 1591 1336 1640 seci-

327 1663 393 1694 slls
416 1662 480 1694 ιιηί
498 1659 544 1692 (le
560 1657 615 1692 leis
631 1660 796 1692 minimis
815 1658 929 1700 meis,
955 1669 1022 1690 nec
1044 1652 1335 1702 milzifecistis2.

674 1773 850 1811 CAPUT
882 1773 958 1810 III.

328 1898 500 1930 Przesulum
524 1896 683 1940 potissima
709 1902 739 1927 et
757 1895 934 1937 dignissima
958 1901 1140 1926 ornamenta
1154 1919 1161 1933 ‚
1185 1895 1309 1926 castitas
1323 1919 1331 1932 ‚

655 1950 806 1988 charitas,
839 1950 1008 1981 humilitas

384 2077 420 2113 8.
438 2079 514 2113 Vos
532 2082 670 2116 autem,
694 2071 1007 2108 reverendissime
1024 2078 1146 2121 pater,
1169 2083 1252 2115 vos,
1274 2070 1335 2106 in-

331 2149 459 2186 quam,
472 2134 568 2171 absit
584 2133 675 2170 utin
691 2132 828 2168 talibus
842 2130 1174 2167 honorificandum
1193 2131 1334 2181 putetis

331 2194 582 2232 ministerium
612 2201 794 2230 vestrum.
819 2191 1006 2229 Videntur
1026 2191 1181 2240 quidem
1213 2191 1339 2228 hono-

331 2256 459 2301 rifica,
492 2253 556 2291 sed
589 2253 702 2290 oculo
728 2252 793 2302 qui
822 2251 925 2288 videt
953 2252 991 2288 in
1023 2251 1137 2297 facie,
1169 2264 1247 2288 non
1274 2251 1339 2301 qui

331 2315 436 2352 videt
480 2315 518 2350 111
548 2313 785 2350 abscondito.
827 2316 919 2349 Nam
959 2324 1044 2361 quae
1084 2310 1266 2347 videntur
1300 2312 1338 2347 in

334 2375 561 2414 abscondito
578 2404 587 2421 ,
615 2374 727 2411 nullis
755 2381 943 2424 apparent
965 2373 1087 2409 fucata
1119 2370 1311 2408 coloribus
1329 2401 1339 2418 ,

333 2436 553 2488 spectabilia
575 2443 664 2471 sunt
697 2442 843 2480 tamen3
875 2433 990 2469 nullis
1016 2431 1168 2469 condita
1195 2431 1342 2481 sapori-

332 2498 403 2535 bus
419 2528 428 2545 ,
458 2496 664 2548 praedulcia
691 2504 837 2542 tamen3
860 2495 974 2531 nullis
1000 2494 1147 2530 elevata
1165 2493 1341 2530 culmini-

331 2559 416 2605 bus,
435 2559 581 2595 excelsa
599 2565 737 2593 tamen.
754 2555 924 2601 Castitas,
943 2554 1117 2599 charitas,
1130 2554 1337 2599 humilitas,

333 2620 472 2657 nullius
501 2617 655 2668 quidem
684 2617 824 2653 coloris
857 2624 962 2661 sunt,
997 2615 1062 2652 sed
1088 2628 1166 2651 non
1198 2615 1389 2652 nulliusD

335 2679 500 2725 decoris,
515 2691 585 2714 nec
601 2676 804 2714 mediocris
818 2675 978 2722 decoris,
996 2674 1061 2725 qui
1083 2674 1233 2711 divinos
1247 2689 1342 2724 quo-

336 2753 410 2789 que
440 2739 626 2775 delectare
656 2737 776 2787 possit
811 2745 998 2786 aspectus.
1035 2734 1136 2784 Quid
1169 2735 1340 2772 castitate

337 2798 533 2843 decorius,
562 2810 647 2846 (11130
673 2796 857 2833 mundum
885 2796 931 2833 de
964 2795 1165 2832 immundo
1198 2809 1340 2832 conce-

337 2867 444 2909 ptum
469 2858 630 2902 semine,
653 2856 699 2893 de
727 2856 836 2893 hoste
862 2856 1133 2901 domesticum,
1163 2856 1336 2904 angelum

337 2918 500 2966 denique
536 2916 582 2951 de
614 2915 768 2951 1101111110
801 2915 919 2951 facit?
951 2916 1143 2952 Differunt
1183 2915 1336 2964 quidem

336 2978 436 3014 inter
451 2990 488 3013 se
502 2976 618 3011 homo
635 2974 797 3024 pudicus
817 2983 853 3010 et
870 2976 1039 3025 angelus,
1059 2975 1125 3012 sed
1142 2976 1337 3023 felicitate,

337 3049 414 3074 non
434 3036 586 3072 virtute.
609 3033 680 3070 Sed
700 3034 769 3070 etsi
795 3034 894 3071 1111115
916 3036 1065 3073 castitas
1087 3036 1247 3081 felicior,
1270 3037 1342 3073 hu—

332 3095 395 3147 jus
429 3104 556 3132 tamen
595 3094 730 3130 fortior
769 3106 848 3130 esse
881 3096 1132 3144 cognoscitur.
1167 3097 1253 3134 Sola
1286 3108 1343 3135 est

1400 1178 1558 1206 stercore
1581 1184 1648 1206 suo
1668 1170 1695 1206 4.
1717 1173 1801 1207 Hoc
1826 1170 1955 1219 itaque
1976 1177 2090 1206 tantae
2112 1166 2406 1218 pulchritudinis

1401 1238 1668 1267 ornamentum
1686 1229 1799 1280 digne
1822 1229 1983 1266 dixerim
2007 1228 2262 1266 sacerdotium
2282 1227 2407 1264 hono-

1402 1303 1486 1327 rare
1502 1319 1512 1336 ,
1546 1291 1650 1340 quod
1671 1291 1851 1328 dilectum
1876 1294 1958 1328 Deo
1987 1297 2025 1327 et
2051 1287 2272 1326 hominibus
2298 1287 2408 1324 faciat

1402 1350 1652 1398 sacerdotem,
1669 1350 1775 1400 cujus
1789 1351 1932 1401 quippe
1952 1349 2150 1395 memoria,
2169 1361 2247 1385 non
2266 1348 2306 1384 in
2325 1360 2409 1384 car-

1403 1410 1462 1446 nis
1485 1411 1722 1448 successione
1737 1440 1746 1456 ,
1767 1410 1834 1448 sed
1866 1411 1904 1447 in
1935 1410 2120 1460 spirituali
2142 1408 2408 1446 benedictione

1403 1470 1470 1516 sit,
1499 1470 1711 1520 reddatque
1728 1471 1889 1508 similem
1911 1471 1950 1507 in
1971 1471 2091 1520 gloria
2113 1477 2352 1515 sanctorum,
2369 1467 2406 1504 in

1403 1529 1472 1566 hac
1496 1531 1584 1568 licet
1601 1531 1724 1568 adhuc
1748 1531 1905 1581 regione
1930 1529 2249 1568 dissimilitudinis
2268 1527 2410 1566 consti·

1404 1598 1542 1627 tutum.

1456 1651 1493 1686 9.
1522 1655 1664 1688 Verum
1692 1650 1930 1701 quantalibet
1950 1659 2150 1688 venustate
2177 1650 2235 1688 sui
2260 1649 2410 1687 castitas

1404 1711 1572 1748 eminere
1588 1719 1790 1762 appareat,
1808 1712 1888 1748 sine
1900 1711 2082 1748 charitate
2098 1719 2224 1747 tamen
2240 1723 2311 1746 nec
2327 1723 2410 1760 pre-

1406 1773 1500 1809 tium
1532 1772 1666 1819 habet,
1694 1786 1763 1809 nec
1796 1773 1988 1809 meritum.
2016 1776 2094 1810 Nec
2119 1772 2270 1809 mirum.
2299 1771 2409 1820 Quod

1358 1831 1384 1866 C
1405 1832 1505 1869 enim
1534 1831 1676 1882 absque
1692 1833 1756 1869 illa
1775 1832 1920 1869 bonum
1938 1833 2171 1882 suscipitur?
2187 1831 2322 1869 Fides?
2339 1831 2410 1869 Sed

1402 1905 1473 1928 nec
1493 1892 1524 1929 si
1546 1901 1695 1929 montes
1723 1892 1939 1929 transferat.
1964 1892 2151 1930 Scientia?
2177 1892 2250 1931 Sed
2276 1906 2324 1930 ne
2348 1893 2411 1930 illa

1401 1952 1556 2002 quidem
1587 1965 1672 2001 quae
1696 1952 1824 2002 lingua
1847 1952 2020 2001 loquitur
2037 1953 2286 2002 Angelorum.
2305 1957 2410 1990 Mar-

1401 2012 1569 2061 tyrium?
1592 2013 1669 2047 Nec
1685 2016 1718 2047 si
1733 2013 1943 2057 tradidero,
1968 2012 2115 2062 inquit,
2137 2026 2269 2062 corpus
2289 2026 2410 2048 meum

1400 2073 1453 2107 ita
1479 2081 1517 2107 ut
1547 2074 1705 2107 ardeam
1728 2070 1754 2108 ⁵.
1774 2075 1850 2109 Nec
1867 2070 2012 2121 absque
2032 2072 2096 2108 illa
2116 2072 2318 2122 quodlibet
2338 2071 2410 2109 bo-

1404 2145 1497 2169 num
1510 2132 1728 2182 suscipitur,
1740 2145 1810 2168 nec
1827 2145 1912 2168 cum
1930 2133 1995 2169 illa
2008 2133 2220 2182 quamlibet
2234 2134 2409 2183 exiguum

1405 2192 1611 2242 respuitur.
1640 2192 1797 2229 Castitas
1829 2191 1909 2228 sine
1941 2191 2148 2239 charitate,
2181 2193 2326 2244 lampas
2356 2201 2412 2230 est

1406 2253 1486 2289 sine
1506 2253 1604 2289 oleo.
1631 2251 1818 2289 Subtrahe
1845 2252 1991 2297 oleum,
2019 2252 2164 2302 lampas
2193 2266 2271 2290 non
2299 2253 2410 2291 lucet.

1407 2312 1513 2349 Tolle
1541 2312 1762 2349 charitatem
1781 2340 1791 2357 ,
1825 2312 1977 2349 castitas
2006 2325 2086 2349 non
2116 2313 2252 2363 placet.
2286 2313 2358 2352 Sed
2387 2327 2410 2350 0

1407 2387 1521 2422 qaam
1552 2373 1712 2422 pulchra
1749 2382 1829 2419 est,
1869 2381 1913 2410 ut
1946 2373 2103 2423 Sapiens
2135 2374 2286 2420 clamat,
2308 2384 2412 2411 casm

1405 2438 1602 2484 generatio
1629 2447 1711 2469 cum
1735 2433 1919 2469 charitate
1942 2432 1981 2470 ⁶!
2009 2436 2103 2471 Cum
2127 2433 2212 2481 illa,
2233 2434 2410 2484 inquam,

1408 2494 1612 2540 charitate,
1642 2507 1757 2543 quam
1785 2493 1967 2530 describit
1994 2494 2220 2544 Apostolus,
2244 2497 2291 2531 de
2306 2496 2412 2531 corde

1400 2569 1518 2604 pura,
1542 2564 1578 2591 et
1605 2559 1833 2590 conscientia
1856 2554 1952 2590 bona
1966 2584 1978 2601 ,
2005 2564 2041 2591 et
2054 2556 2142 2602 fide
2167 2569 2241 2591 non
2255 2556 2354 2603 ficta
2382 2562 2408 2592 7.

1465 2616 1522 2652 10.
1543 2618 1664 2652 Porro
1681 2614 1827 2664 puritas
1845 2615 1970 2652 cordis
1986 2616 2023 2652 in
2041 2615 2192 2653 duobus
2212 2615 2381 2653 consistit
2401 2628 2410 2651 τ

1407 2677 1445 2713 111
1478 2674 1684 2726 quaerenda
1713 2676 1833 2725 gloria
1852 2676 1944 2722 Dei,
1976 2684 2014 2713 et
2033 2676 2195 2713 utilitate
2220 2675 2410 2726 proximi;

1405 2745 1449 2774 ut
1465 2737 1503 2773 in
1521 2735 1698 2773 omnibus
1715 2736 1891 2773 videlicet
1904 2737 1996 2774 actis
2016 2737 2076 2774 vel
2098 2736 2209 2774 dictis
2229 2737 2305 2774 suis
2321 2735 2408 2773 nihil

1405 2811 1517 2835 suum
1549 2806 1695 2848 quaerat
1722 2797 1949 2847 episcopus,
1978 2797 2044 2835 sed
2074 2805 2219 2834 tantum
2250 2805 2316 2834 aut
2341 2795 2410 2833 Dei

1405 2859 1604 2905 honorem,
1622 2867 1685 2894 aut
1706 2858 1864 2895 salutem
1884 2859 2169 2908 proximorum,
2191 2866 2256 2894 aut
2268 2865 2411 2894 utrum-

1406 2932 1491 2969 que.
1515 2922 1598 2956 Hoc
1616 2919 1716 2955 enim
1739 2932 1854 2969 agens
1875 2918 2049 2969 implebit
2071 2932 2149 2955 non
2171 2918 2292 2955 solum
2313 2929 2409 2968 pon-

1409 2980 1517 3017 tilicis
1545 2979 1738 3026 osticium,
1766 2979 1832 3016 sed
1860 2988 1898 3016 et
1922 2979 2192 3029 etymologiam
2227 2976 2410 3022 nominis,

1409 3049 1566 3090 pontem
1598 3041 1730 3089 utique
1758 3053 1797 3077 se
1827 3040 1953 3091 ipsum
1994 3039 2134 3076 faciens
2161 3038 2261 3075 inter
2290 3041 2409 3074 Deum

1410 3111 1448 3139 et
1485 3100 1718 3152 proximum.
1756 3101 1940 3151 Pei-tingit
1976 3113 2073 3150 pons
2103 3100 2172 3137 iste
2211 3112 2330 3149 usque
2365 3096 2410 3135 ad

387 3236 394 3251 ¹
414 3230 496 3262 psal.
516 3238 647 3265 Lxxxss,
669 3230 719 3258 ¹3·
739 3245 782 3249 —
803 3232 814 3248 ²
829 3227 1039 3266 Manl1.xxv,
1062 3233 1115 3263 45».
1133 3251 1176 3255 —
1195 3234 1206 3256 ³
1229 3236 1365 3268 1'1‘11055.
1389 3250 1433 3274 ιγ,
1462 3240 1493 3268 4.
1511 3255 1555 3259 -—
1570 3235 1583 3262 4‘
1602 3236 1671 3267 Joel
1692 3247 1724 3273 1,
1757 3240 1807 3268 17.
1826 3256 1865 3258 j.
1891 3234 1904 3258 5
1924 3239 1936 3267 1
1962 3238 2035 3267 Cor.
2055 3246 2140 3273 xm,
2168 3236 2233 3266 1-3.
2251 3253 2294 3257 —
2310 3231 2325 3256 ⁶
2340 3234 2410 3275 SaP·

337 3280 716 3320 1v.1.——71Tim.1‚
743 3285 774 3312 5.

383 3346 394 3360 ³
412 3342 545 3375 Clavatae
561 3341 696 3381 corrigia*
711 3365 717 3378 ‚
738 3341 803 3371 lora
821 3341 915 3372 clavis
931 3352 966 3372 ex
994 3353 1070 3373 auro
1084 3368 1090 3376 .
1113 3355 1252 3387 purpura
1267 3372 1273 3386 ‚
1297 3349 1402 3379 aljiffis.
1420 3348 1576 3379 (olm-ihus
1594 3344 1724 3379 jm‘mm‘
