2565 3952
89 174 163 213 433

85 330 250 345 „wxssusnx
255 330 278 339 ιι
286 327 571 339 -ιψιιινιιυνιιιιιιιαι
577 327 791 337 v===v==m==m===

261 444 637 505 EPISTOLA
679 441 909 502 CCIV.a

278 607 326 630 An
355 605 527 629 ABBATEM
557 604 844 628 SANCTI-ALBINI
860 591 887 628 *.

81 733 176 764 Suum
192 738 263 770 erga
287 736 359 758 eum
375 724 523 756 affectum
543 722 643 766 aperit
666 733 674 754 :
696 729 842 754 mutuum
861 734 934 755 vero
960 735 1092 767 conspe-

103 790 203 822 ctum,
219 782 244 814 si
263 791 400 825 praesens
413 779 477 810 vita
492 789 558 810 non
576 778 755 821 permittat,
772 778 885 810 futurae
902 779 1066 810 reservari.

132 908 210 947 Etsi
238 906 332 945 facie
358 906 516 957 ignotus
543 919 582 943 es
610 906 722 952 mihi,
752 905 819 944 sed
849 919 927 943 non
958 906 1087 943 fama:

78 983 145 1008 nee
163 981 302 1020 parum
324 976 390 1005 aut
410 967 485 1004 vile
506 966 599 1016 quid
618 967 673 1003 tui
695 967 867 1017 gratulor
885 981 943 1004 me
959 975 1089 1004 tenere

1000 169 1265 206 EPISTOLAE.

1141 244 1155 264 ⁴
1171 244 1449 292 necessarium,
1472 252 1509 281 et
1527 243 1652 282 adhuc
1673 254 1781 296 puto.
1801 246 1839 285 Si
1859 249 1989 299 rogavi
2010 249 2189 289 Sublimi-

795 325 1101 337 ..mnmwmmm
1119 313 1151 346 A
1171 314 1287 343 tatem
1323 314 1489 343 vestram
1520 314 1564 343 ut
1596 307 1870 356 permitteretis
1891 337 1901 355 ,
1935 309 2049 346 etiam
2084 324 2188 349 nunc

2106 174 2184 213 434

1165 366 1332 417 idipsum
1350 379 1526 416 rogarem
1541 395 1550 413 ‚
1574 366 1647 403 nisi
1669 380 1751 403 eam
1774 367 1820 404 de
1842 369 1964 418 priori
1986 384 2101 420 prece
2123 372 2185 408 in-

1163 427 1356 477 dignatam
1388 428 1605 464 sensissem.
1641 428 1678 465 Si
1710 428 1789 465 dixi
1816 429 2014 467 hominem
2046 431 2185 468 fultum

1161 489 1283 538 gratia
1311 488 1523 525 amicorum
1540 517 1550 535 ,
1583 502 1749 538 quorum
1778 489 1817 526 in
1845 489 1979 526 curiad
2006 503 2086 527 non
2111 491 2185 527 mi—

1161 549 1266 586 nima
1287 550 1496 587 auctoritas
1527 558 1612 595 est;
1647 550 1686 586 id
1718 550 1818 596 dixi,
1846 550 1951 601 quod
1972 550 2083 588 vobis
2106 552 2184 587 for-

1159 610 1324 657 midavi,
1361 619 1398 647 et
1436 610 1561 647 adhuc
1597 611 1777 648 formido.
1819 615 1914 648 Nam
1951 612 2056 662 quod
2095 621 2184 663 post

1159 671 1459 721 appellationem
1492 671 1629 707 factam
1659 671 1885 709 extendistis
1912 686 2070 710 manum
2101 672 2179 724 (ut

1159 731 1398 783 accepimus)
1414 731 1462 769 ad
1485 746 1544 769 res
1566 733 1816 782 appellanti53
1834 746 1905 770 nec
1922 733 2088 780 laudavi,
2110 747 2181 771 nec

1159 792 1288 829 laudo.
1307 796 1580 830 Verumtamen
1607 793 1800 830 voluntati
1821 802 1958 832 vestrae
1982 795 2021 831 in
2043 795 2174 845 aliquo

1160 853 1426 891 contradicere
1454 868 1525 891 nec
1549 854 1724 891 consului
1745 855 1804 901 ei,
1834 869 1904 892 nec
1925 857 2098 893 consulo.
2123 860 2179 894 De

1157 923 1296 951 caetero
1312 915 1430 952 vestri
1454 928 1586 952 sumus
1603 944 1612 961 ,
1632 929 1817 952 coronam
1838 924 2006 954 vestram
2020 924 2033 939 ⁰
2056 918 2175 955 susei-

1156 990 1249 1027 pere
1262 1006 1272 1024 ‚
1291 985 1328 1014 et
1348 977 1476 1014 colere
1501 990 1654 1028 semper
1676 977 1791 1027 digna
1807 986 1845 1015 et
1865 977 1994 1016 debita
2012 992 2176 1016 venera-

77 1043 233 1069 munere
252 1029 368 1067 illius.
383 1032 479 1066 Nam
499 1028 581 1065 talis
598 1028 720 1065 fateor
735 1042 806 1079 per
820 1042 902 1066 eam
921 1029 1089 1066 insinua·
1107 1036 1134 1071 B
1155 1037 1258 1074 tione
1275 1037 1412 1087 parati.
1436 1036 1563 1087 Hujus
1589 1038 1810 1075 testimonio
1838 1040 2085 1077 conscientiae
2105 1053 2174 1077 au-

76 1100 134 1130 tus
159 1103 198 1128 es
222 1103 308 1127 meo
329 1089 500 1140 pectori,
521 1097 565 1126 ut
589 1089 678 1126 licet
699 1089 739 1126 in
761 1089 893 1126 multis
917 1103 1088 1140 occupa-

75 1162 173 1197 tum,
195 1152 278 1202 ipsa
299 1159 425 1187 tamen
444 1149 686 1186 serenissima
702 1149 920 1186 recordatio
938 1149 1015 1197 tui,
1037 1149 1090 1186 mi

74 1212 316 1252 dilectissime
347 1211 464 1248 frater
484 1209 516 1256 ¹³,
547 1211 656 1247 facile
689 1224 749 1247 me
778 1211 1008 1261 plerumque
1040 1225 1088 1247 ex

74 1273 250 1314 omnibus
266 1272 437 1310 vindicet
457 1271 528 1308 sibi
543 1300 552 1318 ‚
575 1272 628 1308 ita
647 1280 689 1308 ut
709 1272 747 1308 in
766 1285 809 1308 ea
830 1271 995 1308 libenter
1014 1271 1086 1308 im—

73 1348 212 1380 morer,
238 1342 275 1371 et
301 1333 470 1371 suaviter
502 1333 752 1383 requiescam.
789 1336 976 1371 Caeterum
1007 1347 1086 1383 quo

72 1396 293 1436 memoriam
324 1395 411 1446 plus
445 1403 603 1445 accepto
625 1423 635 1440 ‚
665 1408 710 1431 eo
748 1394 899 1431 avidius
931 1395 1085 1446 suspiro

72 1457 322 1512 praesentiam.
351 1456 424 1494 Sed
449 1456 606 1507 quando
634 1455 759 1503 istud,
785 1464 851 1492 aut
875 1455 905 1492 si
928 1456 1085 1506 quando

71 1519 192 1558 istud?
212 1518 355 1568 Utique
382 1517 453 1554 etsi
478 1530 558 1554 non
585 1525 696 1564 ante,
722 1517 898 1567 profecto
919 1517 958 1553 in
986 1517 1084 1554 civi—

73 1589 146 1618 tate
175 1579 245 1617 Dei
275 1578 397 1616 nostri
427 1593 435 1615 :
464 1577 495 1615 si
531 1586 658 1615 tamen
691 1591 770 1614 non
803 1577 989 1615 habemus
1022 1578 1085 1615 hic

71 1649 284 1680 manentem
301 1639 493 1676 civitatem
510 1669 520 1686 ,
541 1638 607 1676 sed
623 1639 727 1676 illam
747 1639 991 1689 inquirimus.
1009 1638 1082 1687 Ibi,

71 1701 122 1740 ibi
146 1700 362 1738 videbimus
390 1713 484 1747 n05‚
511 1708 549 1737 et
579 1699 763 1750 gaudebit
795 1713 864 1736 cor
893 1708 1084 1737 nostrum.

71 1762 223 1801 Interim
242 1775 336 1799 vero
357 1759 581 1798 delectabor
597 1769 635 1798 et
649 1759 812 1798 laetabor
832 1761 1084 1798 nihilominus

71 1823 109 1860 in
131 1822 185 1860 his
207 1835 293 1872 quae
317 1821 418 1859 dicta
444 1829 535 1859 sunt
554 1821 669 1869 mihi,
692 1834 851 1872 sperans
876 1830 914 1858 et
941 1835 1082 1873 exspe-
1102 1824 1129 1860 C

71 1891 172 1921 ctans
191 1883 295 1934 quod
312 1883 505 1934 reliquum
521 1891 578 1921 est
595 1883 642 1921 de
661 1883 812 1921 visione
830 1885 1025 1934 corporali
1042 1884 1081 1921 in

72 1943 130 1981 die
162 1944 340 1992 Domini3
372 1952 414 1981 ut
449 1944 632 1994 gaudium
661 1958 790 1982 meum
826 1945 986 1996 plenum
1021 1945 1079 1981 sit.

71 2004 196 2052 Adde,
213 2003 394 2052 obsecro,
412 2004 459 2042 ad
480 2019 525 2042 ea
543 2005 647 2043 bona
667 2020 752 2056 quae
773 2005 840 2043 abs
862 2014 898 2043 te
918 2015 956 2043 et
975 2006 1022 2043 de
1045 2015 1081 2044 te

72 2063 178 2103 nobis
210 2065 360 2103 assidue
394 2066 580 2113 veniunt,
620 2075 702 2104 tuas
739 2075 974 2117 tuorumque
1006 2080 1080 2117 pro

72 2125 178 2164 nobis
197 2127 414 2175 orationes,
435 2136 548 2178 pater
575 2128 795 2165 charissime
822 2136 860 2165 et
882 2127 1080 2165 desidera—

66 2194 219 2226 -ttsslmeu

73 2319 641 2333 ”Um=ww==unv==mwwffiwwmnffixxx*
646 2324 819 2334 wzmn-§ntwvvvn
824 2324 1054 2334 νιιιιιιιιιιιῑιιι
1060 2325 1088 2333 ιι

272 2453 649 2511 EPISTOLA
692 2452 889 2513 CCV.c

277 2609 325 2632 An
353 2609 568 2634 EPISCOPUM
598 2611 817 2636 norm-:Nsmz
835 2599 863 2636 *.

117 2727 230 2758 Durius
245 2737 277 2758 se
292 2726 402 2759 litteris
418 2728 502 2770 ejus,
524 2728 580 2760 sed
598 2729 675 2761 citra
692 2729 835 2773 eulpam,
853 2730 1031 2774 perstringi.

124 2850 226 2886 Dure
246 2848 409 2887 scribitis
425 2863 502 2887 non
525 2853 698 2889 merenti.
722 2853 823 2901 Quid
844 2853 1028 2904 peccavi?
1047 2853 1083 2892 Si

76 2909 204 2946 monui
223 2911 445 2960 magistrum
465 2911 682 2950 Robertum
707 2914 884 2952 Pullum*
906 2915 1082 2965 aliquan-

77 2976 152 3006 tum
181 2978 327 3022 tempus
355 2972 480 3010 facere
505 2973 679 3021 Parisiis,
702 2974 752 3012 ob
778 2988 908 3012 sanam
937 2975 1084 3012 doctri-

76 3041 158 3066 nam
173 3043 256 3081 quae
271 3031 374 3082 apud
393 3033 500 3070 illum
518 3047 599 3071 esse
617 3034 876 3085 dignoscitur3
896 3035 934 3072 id
951 3036 1083 3086 putavi

1156 1098 1292 1136 demus
1322 1098 1447 1136 adhuc
1476 1099 1523 1136 ad
1555 1113 1624 1136 vos
1646 1129 1656 1146 ‚
1690 1114 1805 1150 prece
1838 1100 2026 1138 duntaxat
2062 1110 2175 1152 atque

1156 1160 1316 1197 consilio
1334 1188 1344 1205 ‚
1367 1168 1410 1196 ut
1432 1160 1612 1210 magister
1632 1160 1827 1198 Robertus
1848 1176 1935 1199 eum
1956 1163 2175 1213 integritate

1155 1220 1285 1269 gratiae
1313 1228 1451 1257 vestrae
1484 1234 1554 1271 per
1586 1221 1827 1271 aliquantum
1867 1230 2018 1273 tempus
2054 1225 2175 1274 possit

1154 1280 1320 1317 Parisius
1340 1280 1545 1317 demorari.
1567 1281 1772 1318 Retribuat
1791 1281 1902 1319 vobis
1924 1283 2114 1320 Dominus
2134 1285 2172 1320 in

1152 1341 1231 1377 vita
1260 1349 1430 1388 aeterna,
1463 1341 1569 1391 quod
1601 1342 1748 1379 viscera
1778 1351 1911 1379 nostra
1948 1344 2138 1381 refovistis
2162 1360 2170 1382 :

1152 1401 1250 1438 filios
1272 1410 1426 1439 nostros
1451 1402 1606 1453 loquor,
1636 1416 1735 1453 quos
1761 1404 1937 1440 misimus
1963 1404 2003 1441 in
2029 1404 2164 1442 Hiber—

1152 1476 1267 1500 mam.

1150 1603 2178 1617 =================================================================

1339 1728 1720 1786 EPISTOLA
1779 1730 1982 1788 CCVI.

1333 1893 1381 1915 An
1410 1892 1582 1916 REGINAM
1612 1879 1981 1918 JERosomMonmif.

1150 2008 1359 2042 Commendat
1384 2010 1553 2052 quemdam
1577 2010 1845 2054 consanguineum
1868 2023 1981 2051 suum,
2012 2019 2043 2045 et
2067 2016 2175 2057 paucis

1243 2072 1351 2097 monet
1370 2066 1524 2109 Reginam
1538 2066 1580 2098 ita
1598 2067 1720 2106 vivere,
1737 2073 1771 2099 ut
1784 2075 1893 2111 regnet
1908 2075 2073 2113 perpetuo.

1204 2187 1422 2225 Audierunt
1441 2189 1642 2236 homines,
1664 2190 1769 2240 quod
1796 2191 1924 2228 locum
1951 2193 2080 2242 gratiae
2104 2194 2172 2230 ha-

1154 2247 1266 2285 beam
1296 2249 1400 2299 apud
1436 2263 1505 2286 vos
1528 2265 1535 2286 :
1559 2259 1596 2287 et
1630 2251 1741 2287 multi
1777 2253 1989 2302 profecturi
2014 2258 2174 2291 Jeroso-

1155 2309 1298 2358 lymam
1330 2318 1467 2359 petunt
1496 2324 1534 2347 se
1566 2319 1705 2347 vestra?
1739 2313 1984 2350 Excellentiae
2012 2328 2082 2364 per
2113 2328 2173 2351 mc

1153 2369 1431 2406 commendari.
1447 2373 1504 2407 Ex
1521 2369 1662 2420 quibus
1679 2379 1736 2408 est
1756 2372 1825 2409 iste
1839 2372 1996 2422 juvenis
2012 2388 2173 2412 consan-

1151 2430 1314 2480 guineus
1344 2444 1476 2477 meus,
1502 2430 1676 2480 juvenis,
1700 2440 1743 2468 ut
1765 2434 1896 2481 aiunt,
1925 2443 2103 2473 strenuus
2131 2437 2170 2473 in

1151 2491 1289 2537 armis,
1311 2491 1437 2528 suavis
1463 2491 1503 2527 in
1531 2490 1718 2529 moribus.
1746 2496 1794 2529 Et
1818 2493 1967 2543 gaudeo
1991 2495 2097 2545 quod
2123 2496 2171 2532 ad

1152 2560 1304 2602 tempus
1326 2553 1439 2602 elegit
1462 2553 1625 2590 militare
1642 2558 1725 2591 Deo
1742 2555 1861 2605 magis
1879 2569 1992 2605 quam
2016 2558 2169 2595 saeculo.

1099 2621 1132 2655 D
1150 2616 1285 2663 Itaque
1306 2613 1418 2650 facite
1441 2626 1588 2650 morem
1610 2622 1805 2661 vestrum,
1829 2623 1866 2651 et
1891 2615 1989 2653 bene
2013 2617 2063 2653 sit
2083 2617 2173 2653 huic

1150 2682 1314 2724 propter
1334 2687 1417 2721 me3
1442 2674 1540 2711 sicut
1563 2675 1711 2712 caeteris
1738 2675 1918 2713 omnibus
1940 2678 2172 2728 propinquis

1152 2735 1245 2771 meis
1266 2735 1356 2781 fnit,
1376 2735 1442 2785 qui
1464 2748 1535 2786 per
1555 2749 1615 2772 me
1638 2735 1749 2773 vobis
1770 2736 2011 2774 innotescere
2033 2747 2171 2788 potue-

1151 2804 1254 2833 runt.
1277 2800 1335 2833 De
1363 2805 1503 2834 caetero
1528 2806 1682 2843 cavete,
1708 2812 1755 2835 ne
1779 2799 1957 2849 voluptas
1985 2801 2109 2837 earnis
2135 2810 2173 2837 et

1151 2857 1274 2906 gloria
1309 2858 1532 2908 temporalis
1566 2858 1779 2909 impediant
1816 2859 1927 2896 vobis
1965 2861 2037 2897 iter
2066 2862 2173 2911 regni

1153 2918 1330 2955 coelestis.
1358 2923 1453 2957 Nam
1483 2919 1578 2969 quid
1604 2920 1764 2970 prodest
1788 2922 1919 2971 paucis
1949 2921 2084 2960 diebus
2111 2937 2175 2959 re-

1150 2992 1267 3029 gnare
1296 2992 1413 3030 super
1442 2989 1582 3017 terram
1600 3011 1609 3027 ‚
1632 2990 1669 3018 et
1693 2994 1812 3031 regno
1839 2983 2026 3020 coelorum
2058 2992 2171 3020 aeter-

1150 3052 1201 3076 no
1238 3039 1382 3090 privari
1408 3042 1423 3077 ?
1453 3041 1527 3078 Sed
1559 3041 1714 3079 confido
1752 3042 1791 3079 in
1831 3043 2001 3080 Domino
2023 3073 2033 3090 ,
2064 3043 2170 3093 quod

121 3177 134 3192 ²
152 3177 271 3221 Scripta
285 3180 366 3212 circa
382 3191 501 3213 annum
517 3184 619 3214 1140.
639 3200 685 3205 —
703 3183 719 3204 b
733 3183 820 3215 Alias
832 3207 840 3221 ‚
856 3183 898 3213 mi
912 3182 1092 3216 dulcissime
1099 3186 1212 3229 frater
1231 3207 1276 3210 —
1293 3193 1307 3209 ⁰
1328 3189 1452 3231 Scripta
1468 3188 1549 3220 circa
1568 3199 1685 3220 annum
1710 3192 1719 3221 l
1734 3191 1810 3221 140.

120 3228 136 3250 ‘¹
153 3231 251 3262 Curiae
266 3233 392 3265 nomine
404 3235 583 3267 Bernardus
596 3236 675 3268 solet
688 3236 859 3279 intelligere
873 3240 1051 3270 Romanam
1063 3263 1071 3277 ,
1089 3246 1124 3271 ut
1137 3239 1168 3271 in
1185 3240 1275 3273 titulo
1292 3243 1432 3286 epistolae
1449 3246 1515 3275 219
1530 3267 1537 3282 ‚
1551 3249 1581 3274 et
1595 3244 1669 3275 alibi
1686 3244 1814 3287 passim.

121 3287 134 3304 ²
147 3285 275 3318 Coronae
288 3287 388 3330 elogio
401 3289 460 3320 Vir
479 3296 604 3322 sanctus
615 3315 622 3328 ‚
647 3302 735 3322 more
760 3297 919 3328 veterum,
955 3304 1019 3324 non
1047 3304 1119 3325 raro
1148 3297 1316 3338 compellat
1342 3297 1507 3341 episcopos
1520 3323 1527 3337 ,
1563 3298 1606 3330 uti
1634 3304 1664 3329 et
1693 3309 1795 3340 reges,
1826 3297 1905 3329 infra
1930 3297 2059 3341 epistola
2086 3300 2147 3329 22}
2162 3320 2172 3334 ς

78 3345 131 3371 ωε,
150 3340 188 3376 2,
210 3341 240 3371 3.
258 3360 303 3364 —
317 3334 329 3358 f
342 3345 419 3374 Haec
438 3343 610 3376 vocabatur
623 3344 806 3377 Melisendis
822 3370 828 3385 ,
847 3346 887 3377 ad
902 3358 994 3389 quam
1012 3347 1151 3390 epistolae
1168 3352 1233 3382 289
1247 3374 1254 3387 ‚
1277 3352 1359 3389 3511,
1378 3354 1457 3383 355.
