2533 3920
365 219 442 256 423

560 382 685 392 »ιιιιιιιι
691 379 1030 391 ιαιιιιι-ιῃιὴειιιιιιιωιι
1036 377 1379 388 ικῑιιι-»ικιιιιικιιιυῑι

523 490 896 549 EPISTULA
951 490 1210 546 CXCVI.
1230 488 1243 502 ³

512 644 557 665 ΔῘ)
587 641 786 663 Ct‘IDONEM
818 639 1008 671 LEGATUM,
1038 638 1086 659 DF.
1115 637 1253 660 EODEM.

382 766 559 799 Cax‘endam
573 766 599 796 ei
614 764 851 795 familiaritatem
865 760 994 792 Arnaltli
1009 760 1046 790 de
1060 759 1177 795 Brixia,
1195 770 1233 789 ne
1250 758 1309 789 sub
1322 758 1387 800 rjus

499 820 681 851 auctoritate
697 817 834 849 securius
852 826 971 846 errores
988 826 1058 845 suos
1079 813 1267 844 disseminet.

438 951 468 986 1.
511 946 700 986 Arnaldus
740 944 786 979 de
822 942 965 988 Brixia,
1000 940 1107 989 cujus
1146 939 1386 976 conversatio

380 1010 474 1054 mel,
494 1016 531 1044 et
548 1006 722 1042 doctrina
737 1015 928 1039 venenum
948 1016 955 1037 :
974 1001 1034 1037 cui
1052 1007 1166 1049 caput
1182 997 1385 1043 columbae,

380 1068 498 1105 cauda
530 1064 742 1114 scorpionis
780 1070 853 1107 est;
884 1073 997 1109 quoni
1027 1059 1152 1096 Brixia
1190 1057 1384 1103 evomuit,

377 1132 499 1166 Roma
531 1124 748 1168 exhorruit,
788 1121 946 1159 Francia
987 1118 1145 1168 repulit,
1184 1117 1387 1155 Germania

376 1187 632 1230 abominatur,
649 1183 757 1220 Italia
773 1194 850 1218 non
868 1180 950 1216 vult
966 1179 1153 1228 recipere,
1170 1177 1291 1213 fertur
1307 1189 1387 1213 esse

376 1246 587 1284 vobiscum.
606 1243 757 1288 Videte,
774 1253 924 1291 quaeso,
948 1252 994 1275 nc
1018 1246 1144 1274 vestra
1161 1237 1387 1274 auctoritate

376 1308 464 1358 plus
488 1312 635 1342 noceat.
659 1307 751 1340 'Nam
773 1315 859 1338 cuni
881 1308 918 1336 et
937 1307 1055 1336 artem
1079 1297 1236 1343 habeat,
1258 1305 1295 1333 et
1315 1310 1387 1333 vo-

376 1369 561 1405 luntatem
592 1362 775 1408 nocendi3
807 1361 836 1397 si
864 1359 1061 1397 accesserit
1094 1359 1202 1394 favor
1228 1365 1380 1403 vester,

378 1428 450 1464 erit
480 1424 670 1462 funiculus
703 1422 864 1471 triplex,
894 1420 959 1469 qui
988 1418 1138 1455 difficile
1168 1416 1378 1466 rumpitur,

378 1500 493 1536 supra
515 1484 690 1529 modum,
718 1490 761 1518 ut
779 1493 928 1526 vereor,
954 1478 1163 1515 nociturus.
1194 1479 1238 1512 Et
1259 1488 1377 1512 unum

378 1546 554 1583 existimo
574 1544 619 1580 de
640 1542 813 1587 duobus,
839 1541 869 1577 si
895 1548 1019 1576 tamen
1038 1551 1169 1574 verum
1192 1545 1248 1573 est
1275 1535 1378 1585 quod

376 1606 572 1643 vobiscum
593 1603 786 1640 hominem
816 1600 984 1637 habeatis
1006 1614 1014 1635 :
1037 1607 1102 1635 aut
1127 1598 1252 1634 minus
1279 1596 1380 1632 scili-

379 1676 438 1704 cet
457 1674 590 1703 notum
617 1663 726 1700 vobis
746 1675 826 1699 esse
850 1661 977 1706 illum,
1001 1667 1066 1696 aut
1087 1672 1173 1703 VOS,
1199 1656 1302 1706 quod
1329 1664 1386 1693 est

377 1726 615 1771 credibilius,
647 1723 693 1760 de
723 1721 803 1772 ejus
830 1720 1066 1758 correctione
1101 1717 1304 1755 confidere.
1338 1720 1386 1753 Et

376 1789 522 1825 utinam
549 1786 587 1822 id
616 1797 695 1821 non
724 1784 873 1819 frustra.
891 1781 984 1830 Quis
1009 1780 1072 1816 det
1095 1779 1140 1815 de
1166 1777 1291 1828 lapide
1313 1778 1385 1813 hoc

378 1847 560 1885 suscitare
586 1845 703 1881 filium
722 1842 881 1880 Abrahae
896 1843 909 1877 Ξ)
926 1844 1046 1888 Quam
1073 1848 1221 1889 gratum
1246 1850 1386 1874 munus
1403 1845 1430 1880 C

379 1907 588 1957 susciperet
617 1912 737 1941 mater
770 1902 936 1939 Ecclesia
965 1901 1011 1937 de
1045 1898 1219 1936 manibus
1252 1897 1388 1934 vestris

378 1981 445 2005 vas
459 1968 495 2003 in
522 1967 727 2009 honorem,
747 1962 850 2013 quod
869 1960 1011 1998 tamdiu
1032 1972 1140 2009 passa
1158 1967 1214 2010 est
1231 1959 1270 1994 in
1292 1971 1387 1994 con-

380 2028 572 2066 tumeliam
587 2028 601 2062 P
616 2026 721 2064 Licet
743 2032 887 2060 tentare
908 2037 916 2059 :
938 2021 1003 2058 sed
1024 2021 1082 2057 vir
1105 2019 1274 2069 prudens
1299 2031 1389 2054 cau-

381 2098 440 2126 tus
458 2088 529 2125 erit
546 2099 623 2123 non
642 2083 851 2133 transgredi
869 2081 1098 2132 praelinitum
1118 2091 1320 2116 numerum
1341 2077 1388 2114 ab

379 2147 587 2198 ApostolO,
620 2145 686 2195 qui
715 2144 785 2188 ait,
818 2145 1047 2177 Haereticam
1082 2141 1268 2175 hominem
1303 2147 1389 2187 pose

381 2221 494 2244 unam
523 2216 558 2241 ct
578 2206 779 2241 secundam
808 2206 1076 2251 correptionem
1104 2202 1247 2243 clevila;
1268 2203 1387 2234 sciens

376 2274 466 2317 quia
484 2267 671 2303 subversas
689 2274 742 2301 est
758 2268 822 2313 qui
843 2264 1026 2309 (jusmodi
1053 2270 1126 2304 est,
1149 2270 1183 2296 et
1202 2262 1390 2309 (l‹.¹l‹¹'nq1cit

368 2333 530 2379 proprio
553 2329 698 2373 judic-1⁴11
731 2326 998 2360 condemnatus
1016 2328 1040 2358 ¹.
1069 2320 1249 2370 Alioquin
1280 2320 1388 2356 sami-

378 2390 509 2426 liarem
528 2387 686 2433 habere„
705 2394 741 2422 ct
759 2386 978 2434 frequenter
995 2382 1194 2419 admittere
1211 2381 1257 2418 ad
1274 2382 1389 2418 collo-

380 2447 594 2498 quendum,
617 2459 664 2482 ne
692 2445 814 2481 dicam
835 2444 882 2480 ad
903 2441 1206 2488 convivandum,
1223 2441 1389 2491 suspicio

382 2507 515 2544 avoris
537 2514 609 2552 cst,
636 2513 673 2541 et
696 2504 837 2541 inimici
859 2503 1024 2539 hominis
1047 2502 1154 2538 fortis
1185 2510 1388 2538 armatura.

379 2574 517 2608 Securo
548 2565 787 2604 annuntiabit
816 2574 853 2602 et
889 2564 995 2601 facile
1027 2562 1273 2613 persuadebit
1305 2574 1390 2611 quae

380 2631 483 2667 volet
502 2628 731 2665 domesticus
757 2635 794 2663 et
821 2623 1126 2662 conturbernalis
1154 2622 1267 2671 legati
1294 2635 1388 2672 apo·
1405 2626 1437 2659 D
1456 2623 1527 2659 bus
1548 2622 1595 2660 ab
1632 2623 1716 2672 ipso
1749 2622 1892 2659 dictum
1923 2621 2044 2671 legitis
2071 2635 2080 2657 :

1456 2688 1581 2732 tangit
1614 2685 1805 2732 pupillam
1843 2685 1941 2718 oculi
1970 2685 2043 2718 mei
2057 2678 2086 2717 3.
2123 2679 2248 2717 Nolite
2282 2677 2459 2715 radicitus
2487 2693 2489 2703 ¹

381 2690 521 2727 stolicae
548 2688 665 2726 Sedis.
682 2687 774 2735 Quis
799 2685 899 2722 enim
925 2698 946 2720 a
972 2684 1089 2720 latere
1106 2682 1252 2718 domini
1277 2685 1388 2731 Papae

386 2749 474 2785 mali
496 2747 689 2798 quidpiam
716 2745 953 2795 suspicetur?
974 2742 1046 2782 Sed
1074 2751 1111 2778 et
1139 2742 1169 2778 si
1199 2741 1237 2778 in
1269 2740 1388 2777 mani—

384 2810 477 2845 sesto
497 2820 672 2858 perversa
695 2806 879 2855 loquitur,
905 2804 990 2854 quis
1010 2816 1048 2841 se
1066 2802 1173 2840 facile
1191 2815 1389 2852 opponere

385 2868 520 2905 audeat
539 2876 665 2903 vestro
682 2865 916 2902 collaterali?

439 2928 473 2964 2.
506 2926 649 2963 Deinde
678 2925 814 2961 videtis
832 2925 957 2973 qualia
974 2932 1062 2974 post
1078 2936 1116 2960 se
1129 2951 1139 2969 ,
1158 2921 1390 2972 ubicumque

385 2985 586 3031 habitavit,
615 2984 768 3033 reliquit
789 2983 957 3031 vestigia.
981 2987 1066 3020 Non
1093 2983 1173 3019 sine
1205 2995 1316 3019 causa
1335 2982 1388 3019 vi-

386 3060 455 3096 gor
483 3044 713 3095 apostolicus
740 3043 933 3078 hominem
963 3043 1071 3079 Italia
1103 3051 1230 3079 ortum
1262 3050 1387 3079 trans-

387 3107 557 3156 alpinare
584 3103 727 3152 coegit,
752 3102 959 3151 repatriare
992 3115 1069 3137 non
1105 3102 1262 3151 patitur.
1294 3102 1386 3150 Quis

384 3180 477 3203 vcro
512 3173 803 3207 extraneorum,
839 3160 885 3197 ad
906 3173 1002 3210 quos
1029 3159 1173 3209 ejectus
1200 3169 1255 3197 est
1273 3189 1281 3205 ‚
1309 3174 1385 3197 non

1140 217 1175 252 S.
1206 213 1457 251 BERNARDI
1487 209 1687 247 ABBATIS

1384 289 1412 306 ¹8

1418 289 1429 305 ⁰
1445 302 1533 325 eum
1567 285 1798 323 omnimodis
1835 291 1992 332 cuperet
2026 283 2102 319 suis
2142 282 2372 320 reddidisse?
2404 288 2449 322 Et

1397 349 1428 383 A
1447 357 1548 385 certe
1565 348 1617 384 sic
1637 360 1675 383 se
1695 344 1834 381 habere
1855 343 1902 380 ad
1922 356 2055 379 onmes
2069 371 2078 387 ,
2103 350 2146 379 ut
2165 341 2344 379 omnibus
2361 343 2449 382 odio

1449 407 1653 452 habeatur,
1688 403 1914 455 approbatio
1939 401 2074 451 judicii
2094 410 2150 438 est
2167 401 2272 451 quod
2294 411 2420 451 portat
2438 418 2447 440 ε

1452 481 1499 504 nc
1521 467 1604 515 quis
1625 465 1724 501 dicat
1753 463 1979 512 subreptum
2001 462 2114 498 fuisse
2149 461 2306 498 domino
2327 465 2448 512 Papae.

1451 527 1569 575 Quale
1586 534 1641 562 est
1661 538 1751 573 ergo
1774 522 1911 559 summi
1929 521 2122 559 Pontificis
2151 521 2351 570 suggillare
2371 534 2452 558 sen-

1454 587 1621 631 tentiam,
1640 593 1676 620 et
1692 584 1790 620 illam
1806 581 2029 618 sententiam
2041 609 2050 625 ,
2064 579 2172 628 cujus
2188 580 2451 618 rectitudinem

1453 646 1533 696 ejus
1551 646 1687 695 ipsius,
1711 644 1748 679 in
1766 656 1879 692 quem
1899 641 1985 677 (lata
2007 649 2086 686 est,
2109 640 2178 676 etsi
2197 640 2324 689 lingua
2344 639 2453 678 dissi-

1453 706 1570 742 mulat
1587 734 1595 750 ‚
1617 705 1691 740 vita
1709 704 1870 739 clamat?
1886 706 2018 750 Itaque
2037 701 2162 736 favere
2177 700 2280 745 huic,
2298 699 2455 738 domino

1453 770 1564 815 Papa:
1591 764 1852 801 contradicere
1873 770 1950 808 est,
1982 761 2096 798 etiam
2118 768 2155 797 et
2172 759 2338 796 Domino
2355 763 2450 798 Deo.

1453 829 1524 862 Per
1541 837 1822 874 quemcumque
1839 822 1940 859 enim
1957 821 2060 870 justa
2077 819 2264 856 sententia
2277 817 2377 867 J'uste
2394 819 2455 857 de-

1455 894 1529 930 tur,
1547 885 1593 921 ab
1615 885 1680 920 illo
1701 892 1846 920 certum
1866 891 1922 919 est
1936 880 2164 931 processisse
2178 908 2187 925 ,
2206 879 2271 928 qui
2289 879 2457 928 loquitur
2502 897 2504 919 1

1454 945 1490 981 in
1508 944 1719 994 propheta:
1740 945 1820 990 Ego
1837 947 1900 990 qui
1918 944 2278 989 loquot·ju.s·citiam².
2297 939 2455 977 Confido
2502 955 2503 959 ¹

1455 1013 1581 1041 autem
1612 1003 1658 1039 de
1681 1011 1804 1038 vestra
1825 1000 2028 1050 prudentia
2054 1007 2091 1035 et
2117 1000 2340 1043 honestate,
2371 999 2456 1048 quia

1410 1070 1438 1103 Β
1458 1064 1547 1100 visis
1568 1064 1624 1100 his
1648 1062 1783 1098 litteris
1802 1061 1848 1097 de
1872 1060 2032 1097 veritate
2058 1067 2207 1105 certus,
2235 1072 2313 1095 non
2334 1057 2456 1096 abdu-
2500 1061 2503 1093 ἶ

1455 1123 1592 1159 ccmini
1610 1121 1750 1158 amodo
1764 1120 1962 1170 quidpiam
1980 1119 2163 1156 assentire
2177 1119 2215 1155 in
2229 1118 2299 1155 hac
2313 1132 2368 1164 re,
2387 1119 2458 1157 nisi
2500 1143 2503 1147 ·

1455 1183 1558 1233 quod
1589 1195 1657 1219 vos
1692 1181 1825 1218 deceat
1840 1210 1849 1227 ‚
1885 1189 1923 1217 et
1954 1179 2131 1217 Ecclesiae
2166 1178 2232 1215 Dei
2261 1178 2456 1228 expediat,
2500 1179 2502 1217 ξ’

1453 1257 1526 1293 pro
1547 1256 1622 1292 qua
1641 1242 1830 1292 legatione
1851 1240 2064 1291 fungimini.
2088 1239 2288 1289 Diligimus
2309 1252 2398 1285 vos,
2422 1248 2459 1277 et

1454 1303 1501 1340 ad
1533 1311 1704 1340 vestrum
1739 1301 1966 1352 obsequium
1989 1300 2113 1352 parati
2142 1312 2285 1336 sumus.

1755 1433 1881 1442 sumn-u
1887 1431 2318 1442 ==m=====m===v==u==v=v=nv=v=
2324 1430 2402 1440 ιιι-ιι,
2408 1430 2460 1440 nu.

1448 1435 1473 1444 nx
1479 1434 1677 1444 s=21====um=n
1683 1434 1751 1442 ===n==

1592 1532 1965 1589 EPISTOLA
2010 1494 2326 1587 cxcvnf

1585 1682 1633 1703 AD
1659 1681 1809 1704 PETRUM
1844 1678 2079 1703 msUN'rn-wm
2105 1677 2281 1700 DECANUM
2296 1663 2327 1700 *.

1522 1792 1668 1831 Increpat
1680 1798 1752 1819 eum
1768 1787 1808 1818 ob
1822 1786 1951 1829 injurias
1965 1785 2071 1817 abbati
2085 1784 2264 1818 Chari-Loci
2277 1784 2389 1816 illatas.

1507 1902 1858 1952 Peregrinationem
1873 1900 2019 1938 abbatis
2034 1898 2281 1938 Chari-Loci*
2297 1899 2350 1936 sic
2364 1899 2461 1936 acci-
2494 1907 2496 1909 '

1455 1963 1599 2013 pimus,
1621 1962 1729 2012 quasi
1742 1961 1822 2011 jam
1841 1970 2037 1998 mortuum
2054 1973 2139 1997 eum
2161 1958 2370 1996 videamus.
2388 1963 2460 1997 Vo-

1456 2022 1514 2060 bis
1536 2023 1698 2060 maxime
1720 2022 1847 2073 (quod
1867 2021 2114 2058 vehementer
2136 2017 2274 2069 doleo)
2295 2019 2459 2069 imputa-
2493 2035 2495 2038 ⁴

1457 2091 1519 2119 tur
1547 2083 1737 2132 quidquid
1772 2082 1826 2119 illi
1856 2081 2017 2132 periculi
2046 2079 2240 2126 imminet,
2274 2077 2459 2128 quidquid

1454 2142 1596 2180 laboris
1624 2141 1824 2179 incumbit.
1852 2145 1937 2179 Non
1958 2140 2031 2177 hoc
2056 2153 2076 2176 a
2096 2137 2206 2176 vobis
2226 2138 2460 2188 exspectavi-

1456 2217 1540 2240 mus
1552 2233 1561 2250 ,
1583 2204 1672 2253 quia
1686 2216 1756 2239 nec
1768 2202 1989 2239 meruimus.
2007 2200 2136 2238 Alium
2148 2212 2217 2236 vos
2230 2199 2458 2249 putavimus,
2490 2197 2493 2234 τ’

1454 2273 1490 2301 et
1509 2265 1624 2301 alium
1639 2264 1871 2313 experimur.
1886 2260 2161 2299 Testimonium
2178 2257 2382 2309 perhibent:
2396 2271 2460 2295 vo·
2490 2253 2500 2274 ‘³

1455 2324 1514 2361 bis
1531 2325 1596 2374 qui
1616 2324 1874 2361 interfuerunt
1892 2322 2058 2368 actioni,
2076 2319 2182 2370 quod
2201 2332 2272 2356 nec
2292 2319 2458 2366 sincere,

1456 2398 1526 2421 nec
1544 2384 1754 2421 secundum
1781 2382 1968 2432 justitiam
1989 2381 2029 2418 in
2049 2393 2093 2417 ea
2112 2393 2182 2416 vos
2199 2378 2394 2416 habuistis.
2413 2381 2460 2416 Et
2490 2383 2491 2386 ’

1456 2444 1571 2481 credo
1588 2457 1634 2480 ex
1652 2451 1771 2493 parte.
1793 2436 1895 2480 Nam*
1906 2450 1943 2478 et
1960 2440 2189 2478 venerabilis
2205 2438 2322 2476 abbas
2335 2439 2460 2476 Bellae·

1455 2502 1599 2541 Vallis*
1623 2516 1701 2539 non
1734 2502 1897 2538 multum
1921 2500 1992 2538 sibi
2025 2500 2239 2550 complacet
2265 2499 2305 2535 in
2341 2497 2458 2536 vobis.
2488 2547 2490 2550 Ι

1457 2563 1595 2608 Nolite,
1614 2576 1743 2612 quaeso
1755 2592 1765 2608 ,
1788 2562 1906 2598 nolite
1924 2560 2103 2611 persequi
2117 2572 2248 2597 servos
2265 2558 2357 2603 Dei,
2374 2557 2459 2607 qui-
2488 2586 2489 2590 ,

2116 2621 2190 2666 Qui
2224 2632 2293 2655 vos
2321 2620 2455 2667 tangit,
2486 2643 2490 2651 .

1457 2743 1619 2779 evellere
1637 2741 1683 2778 de
1705 2741 1886 2778 cordibus
1913 2740 2054 2778 nostris
2069 2768 2079 2786 ,
2102 2739 2131 2776 si
2148 2738 2241 2788 quid
2257 2735 2459 2787 aliquando

1457 2803 1556 2840 bene
1589 2802 1777 2839 sensimus
1810 2801 1856 2838 de
1886 2800 2008 2838 vobis.
2041 2802 2088 2836 Et
2116 2799 2197 2834 haec
2223 2798 2276 2834 ita
2301 2797 2458 2834 dicimus

1456 2862 1588 2909 vobis,
1618 2876 1696 2899 non
1727 2862 1818 2911 quia
1844 2874 1913 2898 vos
1933 2873 2012 2898 non
2033 2859 2248 2908 diligimus,
2274 2857 2340 2894 sed
2358 2864 2399 2893 ut
2412 2855 2458 2893 de
2486 2883 2488 2889 ,

1457 2922 1586 2960 medio
1615 2924 1700 2970 siat,
1730 2936 1808 2972 quo
1828 2930 1956 2972 potest
1975 2919 2219 2968 contingere,
2243 2925 2286 2954 ut
2303 2929 2380 2953 non
2401 2914 2459 2952 di-
2484 2930 2487 2937 ·

1456 2983 1629 3033 ligamus.
1671 2983 1767 3019 Dico
1799 2990 1926 3019 autem
1963 2989 2145 3029 tanquam
2178 2978 2321 3015 amicus
2346 2991 2354 3014 :
2381 2987 2456 3013 non

1454 3041 1610 3092 expedit
1628 3040 1759 3089 vobis,
1784 3054 1909 3092 neque
1940 3037 2118 3077 Ecclesiae
2146 3044 2306 3082 vestrae,
2328 3043 2369 3072 ut
2392 3033 2457 3071 do·

1455 3104 1559 3140 mino
1582 3107 1694 3153 Papae
1719 3103 1824 3153 quod
1857 3110 1984 3140 actum
2014 3108 2092 3146 est,
2115 3097 2213 3136 sicut
2232 3104 2358 3135 actum
2377 3101 2455 3139 est,

1454 3171 1680 3200 innotescat.

432 3304 440 3318 ¹
460 3297 524 3328 Tit.
543 3307 600 3333 111,
627 3298 687 3332 10,
712 3296 763 3325 11.
784 3311 827 3315 -—-
846 3298 858 3314 ²
875 3292 943 3323 lsai.
962 3302 1065 3328 rxiii,
1092 3294 1120 3321 1.
1141 3308 1185 3314 -
1204 3289 1217 3312 3
1235 3292 1362 3324 Zacliar.
1381 3305 1425 3331 11,
1447 3297 1479 3325 8,

428 3361 438 3374 ⁴
461 3356 579 3399 Scripta
603 3365 684 3385 anuo
699 3352 809 3384 Christi
830 3356 838 3383 l
854 3355 862 3383 1
879 3354 928 3382 30.
949 3370 989 3374 --
1007 3351 1022 3371 ¹*
1039 3350 1156 3393 Scripta
1172 3360 1254 3381 anno
1268 3350 1378 3382 Christi
1403 3357 1409 3381 t
1426 3356 1434 3382 1
1450 3355 1460 3382 ἰ
1474 3357 1500 3382 1.
