2517 3936
208 164 307 201 1553

204 256 217 268 ιι
238 244 450 286 Augustinus,
475 245 556 278 libro
575 250 586 278 1
611 247 650 279 de
672 248 806 281 Ciiitate
829 251 906 290 Dei,
925 263 1014 294 capp.
1041 256 1077 284 21
1096 259 1126 284 et
1147 257 1186 283 26
1201 277 1209 291 ,

204 311 217 322 »2
235 296 342 328 dicens
363 298 448 339 qnod
472 310 504 331 se
527 300 628 342 ipsum
647 312 718 332 cum
733 302 876 335 hostibus
902 306 992 337 ruina
1020 306 1131 337 domus
1157 317 1213 349 op-

203 363 217 376 »
236 350 364 391 pressit,
393 351 424 382 id
451 363 521 383 cum
550 353 659 386 fecisse
684 356 803 397 Spiritu
823 358 957 390 latenter
980 359 1039 390 1100
1062 360 1209 402 jubente,

203 417 216 429 »
237 403 290 444 qui
307 415 364 446 per
383 416 456 436 eum
474 407 623 439 miracula
640 408 788 441 faciebat.
803 413 870 442 Nec
889 411 934 443 fas
951 419 995 444 est
1013 413 1103 444 nobis
1124 412 1214 444 aliter

153 498 159 504 ⁸
202 470 216 482 ι»
233 457 365 489 credere
381 468 388 489 ς
405 469 477 490 nam
491 460 531 490 ad
546 460 577 491 id
593 461 774 493 faciendum
793 463 942 496 divinitus
962 465 990 496 01
1011 466 1130 497 reddita
1154 466 1212 496 fuit

201 523 215 536 υ
235 511 347 543 31111553
364 512 527 544 fortitudo.
543 514 593 545 Sic
610 515 693 546 en'im
707 516 749 546 ait
765 526 772 547 ε
795 517 930 547 Domine
942 520 1040 554 Deus,
1059 525 1212 550 memento

201 579 217 590 »ν
234 565 310 601 mei,
331 572 358 595 ct
376 565 472 597 redde
487 566 564 598 milei
577 567 803 608 fortitudinem
823 570 1011 613 pristinam,
1030 578 1063 600 ut
1077 569 1214 601 ulciscar

201 632 215 644 ›»
234 629 283 648 me
308 617 348 650 de
376 618 519 650 hostibus
539 621 615 651 meis
631 636 643 648 n
666 621 837 660 (Judicum
864 633 937 660 xm,
957 626 996 654 98
1009 625 1032 664 ).
1046 625 1137 654 Η3110
1162 635 1210 655 10-

199 672 401 714 sponsionem
423 673 566 715 plerique
588 673 641 705 alii
663 680 851 716 sequuntur,
865 681 896 705 et
916 681 1011 706 recte.
1027 678 1094 707 Nec
1108 676 1212 708 obstat

198 725 282 766 quod
301 725 394 764 dicit,
415 733 451 756 ut
470 725 606 756 ulciscar
621 738 668 756 me
681 726 720 757 de
737 726 878 758 hostibus
891 729 982 765 meis,
1003 729 1092 770 quasi
1109 730 1211 772 priva-

199 784 262 809 tam
282 779 427 821 injuriam
446 778 617 810 ulciscendi
640 779 787 822 cupidus.
811 783 893 812 Nam
916 781 1028 823 injuria
1052 783 1210 814 Samsonis

198 830 313 874 injuria
336 832 464 875 publica
486 839 569 871 erat,
597 839 631 864 ut
653 834 707 876 qni
728 834 833 865 Judex
857 841 940 866 esset
962 836 1086 877 populi,
1103 842 1134 867 et
1153 848 1210 878 pro

197 886 266 928 ejus
291 887 392 918 salute
418 894 584 930 pugnaret.
614 888 724 919 Irrisio
749 899 874 930 quoque
903 889 985 931 ejus,
1020 889 1122 921 irrisio
1151 891 1210 922 Dei

197 940 296 970 Israel
318 946 405 977 erat,
432 940 464 971 in
490 942 580 984 cujus
602 942 824 972 contumeliam
849 941 1020 973 Philisthaei
1039 954 1097 985 pro
1120 949 1211 986 capto

198 995 349 1025 samsone
373 993 432 1025 diis
457 995 522 1026 suis
541 995 696 1026 solemnes
722 995 754 1026 in
780 996 897 1038 templo
923 996 1038 1038 gratias
1063 997 1208 1038 agebant.

197 1045 258 1078 Sed
274 1047 418 1088 quamvis
430 1048 506 1080 citra
524 1049 582 1080 Dei
600 1048 766 1079 consilinm
785 1048 902 1080 factum
923 1050 1081 1081 Samsonis
1096 1061 1210 1092 perpe-

197 1104 316 1130 tratum
330 1101 532 1139 concedatur,
553 1113 616 1133 non
632 1108 738 1133 tamen
755 1108 923 1144 propterea
938 1109 1100 1145 peccatum
1116 1103 1210 1135 fuisse

197 1152 258 1195 (uti
277 1155 308 1185 S.
327 1155 510 1186 Bernardus
527 1155 579 1186 hic
598 1155 716 1197 sentit)
736 1156 922 1187 Franciscus
938 1167 955 1188 a
972 1156 1117 1188 Victoria
1134 1168 1209 1188 con-

196 1206 299 1238 tendit
324 1207 357 1239 in
385 1208 570 1240 Reiectione
597 1209 636 1240 de
665 1208 835 1241 homicidio
866 1209 925 1241 sub
956 1210 1063 1241 finem.
1092 1225 1105 1237 κ
1137 1213 1209 1242 Νο11

199 1273 213 1285 ¹·
232 1261 333 1298 enim,
355 1277 371 1288 n
390 1262 510 1304 inquit,
533 1278 546 1290 u
571 1262 728 1294 interfecit
751 1273 784 1294 se
806 1266 938 1295 Samson
962 1274 999 1294 ex
1019 1263 1206 1302 intentione,

199 1328 212 1340 ι»
231 1313 287 1345 sed
315 1315 413 1346 voluit
438 1315 544 1347 hostes
572 1315 751 1358 opprimere
779 1322 809 1347 et
836 1316 1030 1353 interficere,
1059 1317 1097 1347 ad
1124 1317 1210 1359 quod

199 1381 212 1394 n
230 1373 339 1399 secuta
365 1374 413 1399 est
440 1379 524 1400 mors
549 1369 665 1411 ipsius,
697 1380 769 1400 cum
804 1369 945 1411 alioquin
971 1376 1110 1412 optasset
1140 1370 1209 1401 illos

199 1434 212 1446 »ι
232 1420 364 1462 perdere
378 1432 411 1452 se
425 1422 528 1459 salvo,
545 1422 571 1453 si
585 1422 653 1453 fieri
669 1423 830 1465 potuisset.
845 1426 914 1454 Hoc
927 1429 1034 1454 autem
1050 1423 1117 1454 sine
1130 1434 1210 1455 nova

199 1488 212 1500 ›·
229 1474 422 1506 revelatione
449 1475 589 1507 habetur
616 1476 747 1507 licitum.
773 1476 868 1517 Quod
893 1476 1021 1518 quidem
1045 1476 1209 1508 confirmat

198 1541 212 1554 a
229 1527 373 1560 Eleazari
399 1530 558 1572 exemplo,
579 1529 664 1571 quod
688 1529 804 1571 legitur
831 1529 1004 1561 Macehab.
1033 1541 1061 1567 1,
1090 1534 1126 1565 6,
1155 1530 1208 1561 ubi

198 1595 212 1607 ι»
231 1580 393 1623 Scriptura
415 1593 488 1613 eum
508 1582 636 1614 laudare
654 1582 789 1617 videtur,
806 1583 969 1624 magnifice
986 1594 1060 1614 vero
1074 1583 1210 1614 Ambro-

197 1649 213 1660 »ι
231 1633 314 1671 sius,
333 1634 427 1667 offic.
446 1635 526 1667 libro
544 1639 572 1673 1,
586 1646 658 1678 cap.
676 1638 730 1667 40.
756 1651 771 1662 u
792 1636 939 1678 Denique
955 1636 1100 1668 eumdem
1124 1639 1206 1668 Sam-

195 1697 304 1719 sonem
324 1688 408 1720 inter
422 1695 546 1721 sanctos
562 1689 764 1721 referendum
777 1696 882 1721 censet
895 1690 1000 1721 Estius
1014 1690 1109 1722 citato
1126 1691 1206 1721 loco.

249 1745 337 1774 1180
361 1746 403 1775 A.
420 1742 501 1774 ratio
519 1742 724 1775 necessitatis.
739 1743 876 1774 —Editi
898 1744 1016 1775 addunt
1040 1743 1093 1774 rel
1106 1743 1208 1775 clearl-

195 1796 274 1827 tati's
290 1808 301 1826 .·
316 1797 401 1838 qnod
417 1797 504 1828 abest
521 1808 539 1828 3
555 1798 676 1840 scriptis
688 1822 695 1833 ,
716 1804 747 1829 et
764 1808 837 1829 vero
855 1798 1047 1840 superfluum
1067 1798 1202 1835 videtur,

195 1848 350 1890 siquidem
374 1850 455 1881 ratio
481 1850 673 1882 necessitatis
702 1851 772 1893 ipsa
803 1861 843 1881 ex
866 1850 1020 1882 charitate
1036 1858 1092 1883 est.
1113 1851 1206 1883 Unde

195 1902 297 1942 infra,
316 1915 403 1935 num.
433 1907 468 1935 11
485 1928 493 1941 ,
517 1919 530 1931 «
551 1904 727 1936 Necessitas
752 1915 817 1935 non
844 1903 942 1935 habet
968 1904 1066 1946 legem
1083 1930 1090 1943 ,
1111 1911 1142 1936 et
1164 1904 1205 1936 ob

199 1971 213 1984 »ι
233 1956 293 1988 1100
306 1964 436 1989 excusat
449 1957 713 2000 dispensationem
728 1982 735 1994 ‚
753 1973 765 1984 »ι
780 1964 838 1989 etc.

205 2029 208 2031 -
248 2014 258 2042 1
272 2014 337 2043 180
354 2013 388 2044 C.
402 2011 507 2053 alligat
522 2017 552 2042 et
569 2011 721 2042 Priorem.
734 2030 775 2033 —
787 2013 901 2042 Sensus
915 2017 959 2042 est
974 2034 981 2048 ,
1001 2021 1063 2042 una
1080 2011 1204 2042 eadem·

195 2075 257 2106 que
278 2065 427 2096 monachi
455 2065 649 2107 professione
673 2071 703 2096 ct
724 2065 811 2106 ligari
836 2064 1015 2107 praefectum
1036 2075 1089 2096 seu
1107 2065 1204 2095 abba-

196 2124 259 2149 tem
277 2142 285 2156 ,
302 2124 332 2149 et
356 2118 545 2149 monachum
566 2119 667 2161 ipsum
684 2118 883 2160 profitentem
906 2128 913 2148 ε
937 2124 966 2148 01
983 2117 1108 2159 quidem
1127 2118 1203 2148 alte-

196 2181 266 2202 rum
281 2186 294 2198 n
312 2171 412 2202 [idolis
425 2182 508 2202 curae
533 2187 545 2199 »
566 2183 628 2203 suae
641 2195 648 2207 ,
662 2178 696 2202 111
716 2172 831 2203 scilieet
847 2171 1005 2202 subditum
1023 2171 1063 2202 ad
1077 2172 1204 2212 Regulae

196 2224 448 2256 observationem
472 2224 593 2263 flectat;
617 2225 748 2256 alterum
777 2239 791 2252 u
820 2224 946 2256 humilis
975 2223 1162 2255 obedientiae
1190 2239 1202 2250 n

195 2290 262 2311 esse
278 2278 464 2311 debitorem.

248 2337 259 2365 1
274 2337 331 2365 181
356 2336 391 2364 R.
408 2332 492 2375 quod
514 2332 654 2375 promisi.
676 2350 722 2354 ——
741 2331 885 2363 Difficilis
898 2330 949 2362 hic.
965 2331 1050 2361 'iocus
1062 2354 1069 2366 ,
1083 2342 1120 2361 ev<
1141 2341 1202 2372 quo

196 2387 265 2430 quis
281 2386 410 2422 inferat,
428 2386 547 2428 praelati
565 2385 746 2416 mandatum
760 2395 824 2415 non
839 2384 988 2415 excedere
1006 2383 1133 2414 modum
1150 2407 1157 2421 ,
1177 2383 1201 2414 51

196 2441 237 2472 sit
255 2439 426 2472 secundum
441 2439 593 2480 Regulam
609 2438 707 2469 sancti
725 2437 902 2474 Benedicti,
921 2437 969 2467 vel
985 2436 1077 2467 etiam
1094 2446 1202 2466 secun-

196 2493 271 2524 dum
285 2493 425 2524 instituta
443 2491 570 2529 Basilii,
595 2497 653 2522 etc.
675 2490 815 2531 adeoque
831 2489 1007 2521 Professum
1029 2489 1155 2530 Regulae
1169 2491 1199 2519 S.

198 2546 358 2577 Benedicti
377 2545 426 2576 his
446 2544 544 2576 teneri
560 2568 567 2582 ‚
594 2544 619 2575 si
638 2543 765 2585 quidem
790 2554 807 2574 a
827 2543 996 2585 praeposito
1021 2541 1202 2584 praecipian-

196 2605 258 2630 tur.
279 2602 322 2631 At
336 2608 535 2640 nequaquam
552 2608 589 2628 ea
608 2596 759 2628 Bernardi
775 2596 926 2627 sententia
950 2602 1015 2633 est,
1035 2595 1086 2636 qui
1110 2594 1202 2636 paulo

196 2658 270 2683 ante
289 2651 367 2683 dixit
379 2675 387 2689 ‚
407 2651 584 2683 Professum
600 2650 684 2680 hunc
706 2649 910 2692 spopondisse
930 2648 1139 2679 obedientiam
1158 2657 1203 2677 se·

196 2705 336 2736 cundum
353 2705 508 2747 Regulam
521 2728 529 2740 ,
545 2720 559 2731 «
577 2713 635 2734 nec
650 2703 742 2733 aliam
763 2713 855 2744 quam
870 2705 901 2733 S.
918 2700 1079 2733 Benedicti
1100 2710 1107 2731 :
1132 2715 1144 2726 υ
1167 2709 1202 2730 ac

197 2760 330 2802 proinde
362 2759 520 2802 praepositi
548 2757 693 2788 mandata
719 2768 784 2787 esse
813 2756 1007 2787 moderanda
1031 2754 1202 2787 secundum

196 2819 317 2845 rectum
332 2837 340 2851 ,
361 2828 374 2839 «ι
392 2811 479 2855 quod
492 2811 659 2854 praedictus
676 2816 764 2852 pater
781 2809 913 2840 instituit
924 2833 931 2846 ,
951 2815 1002 2839 ant
1018 2815 1100 2839 certe
1118 2807 1202 2849 quod

198 2882 211 2894 »ι
228 2867 268 2898 511
281 2866 453 2898 secundum
470 2865 555 2908 quod
571 2864 701 2895 instituit
741 2879 753 2889 »
781 2863 873 2894 Unde
885 2862 969 2893 hunc
982 2863 1083 2893 locum
1098 2862 1138 2892 ita
1153 2873 1203 2893 re-

196 2919 390 2951 stituendum
413 2925 512 2962 puto,
537 2916 626 2963 quod
640 2928 703 2948 non
729 2916 771 2946 sit
793 2917 824 2946 in
848 2914 991 2959 Regula,
1022 2921 1076 2945 aul
1108 2915 1202 2946 ctiam

197 2973 285 3018 quod
298 2985 362 3005 non
377 2974 418 3004 sit
432 2971 602 3004 secundum
616 2972 715 3015 ipsam
728 2982 740 3005 ;
757 2970 900 3000 instituta
916 2967 1006 2999 verbi
1023 2980 1123 2999 causa
1140 2972 1202 2999 Ba-

196 3025 273 3062 silii,
289 3033 350 3058 etc.
365 3029 446 3058 Sane
460 3026 523 3056 duo
543 3024 666 3056 codices
678 3022 770 3053 bonae
782 3028 864 3053 notae
874 3046 881 3059 ‚
896 3021 1154 3063 Compendiensis
1172 3027 1203 3052 et

197 3079 507 3112 Sancti-Theoderici
521 3102 528 3116 ,
545 3078 608 3109 imo
624 3076 719 3108 etiam
740 3075 911 3106 Vaticanus
937 3080 966 3104 et
983 3073 1084 3116 prima
1108 3072 1202 3104 editio

196 3133 454 3176 Rotomagensis‚
475 3132 595 3164 habent
615 3128 783 3162 secundum
800 3129 912 3164 istam,
936 3138 999 3158 non
1015 3127 1097 3163 isla,
1117 3133 1151 3158 ut
1170 3126 1202 3158 in

196 3186 265 3218 aliis
280 3211 288 3225 ,
304 3186 428 3217 tametsi
445 3186 478 3217 in
499 3184 597 3227 priori
613 3183 754 3215 membro
775 3193 845 3214 cum
862 3181 928 3212 aliis
947 3180 1070 3222 scriptis
1089 3185 1119 3211 et
1136 3179 1201 3210 edi-

195 3239 234 3270 tis
256 3238 427 3281 praeferunt
439 3236 610 3268 secundum
630 3234 802 3278 Regulam,
823 3245 880 3276 pro
896 3244 958 3275 quo
972 3233 1004 3263 in
1025 3231 1145 3275 Regula
1161 3232 1202 3262 le-

196 3291 333 3334 gendum
359 3302 426 3322 esse
456 3302 520 3322 non
554 3290 676 3321 dubim.
706 3290 737 3321 Si
771 3288 840 3330 quis
860 3293 965 3318 tamen
994 3296 1050 3328 pro
1079 3286 1201 3327 vulgata

195 3344 329 3376 lectione
342 3344 521 3381 contendit,
544 3353 609 3374 non
627 3353 787 3385 repugno,
804 3340 898 3372 modo
917 3339 1084 3377 assentiat,
1110 3349 1201 3381 argu-

691 170 959 208 LECTIONES
988 173 1266 210 VARIARTES
1295 175 1355 210 ET
1384 175 1527 211 NOTAE
1553 177 1797 215 FL'SIORES.

2181 186 2274 224 1554

1281 258 1420 283 mentum
1440 263 1505 284 csse
1524 264 1540 283 a
1561 255 1670 296 majori
1696 256 1734 287 ad
1759 258 1858 289 minus
1883 270 1890 291 ι
1911 261 1996 301 quasi
2018 261 2153 299 diceret.
2173 267 2204 295 S.
2223 268 2278 296 lte-

1280 306 1395 337 nedicti
1413 306 1574 337 alumnum
1596 318 1659 338 non
1677 309 1804 350 obligari
1823 312 1880 343 illis
1905 315 2058 356 pra³positi
2075 317 2121 346 sui
2149 317 2277 349 manda-

1281 358 1338 396 tis,
1368 369 1437 400 quae
1462 371 1525 391 non
1555 367 1626 391 sunt.
1651 363 1819 393 secundum
1852 367 2021 407 Regulam3
2051 369 2148 399 multo
2176 370 2277 401 minus

1279 411 1426 443 institutis
1443 413 1566 451 Basilii,
1589 420 1648 445 etc.
1668 414 1697 444 in
1721 415 1832 456 quibus
1853 419 1975 458 quidem
1994 419 2119 451 honesta
2141 427 2184 452 est
2203 433 2278 463 prze-

1278 463 1413 506 cipiendi
1428 466 1508 496 ratio
1522 490 1529 503 ,
1550 466 1604 497 sed
1621 467 1706 498 nulla
1727 468 1851 499 subdito
1873 472 1999 511 parendi
2014 473 2188 504 necessitas.
2211 474 2276 504 Sic-

1279 518 1324 548 uti
1345 518 1530 550 christianus
1555 520 1615 550 dici
1631 526 1733 562 potest
1755 532 1818 551 non
1841 522 1970 564 obligari
1997 525 2035 555 ad
2063 526 2113 556 illa
2135 526 2275 557 facienda

1277 580 1346 611 quae
1371 581 1436 601 non
1456 577 1527 602 sunt
1550 572 1720 603 secundum
1734 573 1791 603 Dei
1806 582 1959 616 praecepta
1973 600 1980 612 ‚
1997 578 2093 607 multo
2114 578 2214 608 minus
2236 578 2275 609 ad

1277 633 1313 653 ea
1335 634 1404 664 quae
1418 635 1480 655 1101.
1501 631 1572 655 511111
1593 626 1763 657 secundum
1779 627 1924 665 consilia,
1942 629 2053 669 quibus
2066 640 2129 660 non
2142 637 2274 662 tenetur.

1330 686 1338 711 t
1352 684 1410 713 181
1430 684 1465 714 C.
1480 683 1727 724 lege—Codex
1743 686 1774 715 S.
1791 684 1973 716 Theoderici
1987 693 2069 717 recte
2089 686 2181 718 habet
2197 687 2274 730 lege,

1275 743 1340 763 non
1362 732 1483 776 legem,
1501 735 1578 766 utin
1596 736 1662 766 31115
1675 736 1777 767 editis.
1795 740 1891 768 Recte
1907 737 1945 768 ad
1959 737 2042 769 hunc
2056 739 2157 770 locum
2172 744 2277 771 Petrus

1277 785 1423 817 Cellensis
1440 787 1471 817 in
1487 787 1540 817 lib.
1559 791 1591 824 2,
1611 789 1738 830 epistola
1759 792 1790 827 7,
1809 789 1848 820 ad
1862 790 2006 821 abbatem
2020 791 2250 823 Molismensem
2268 803 2275 823 :

1276 853 1290 863 α
1308 841 1404 870 Extra
1418 843 1520 871 Deum
1534 840 1610 872 nihil
1623 851 1696 883 agas
1709 866 1716 880 ,
1741 848 1829 874 extra
1847 844 2050 875 Benedictum
2072 844 2150 876 nihil
2170 846 2275 887 praeci-

1277 906 1290 918 »
1308 903 1385 933 pias.
1405 908 1417 919 u

1328 948 1413 976 1182
1429 948 1462 978 C.
1485 956 1542 977 nec
1565 945 1634 977 ista.
1658 966 1701 969 —
1719 948 1912 980 Minutulum
1938 956 1984 981 est
2003 949 2086 991 quod
2108 961 2144 980 ex
2164 949 2274 980 eodem

1276 998 1382 1029 codice
1399 999 1449 1029 hic
1475 999 1634 1031 reddimus
1656 1001 1728 1038 ista,
1745 1012 1802 1044 pro
1828 1003 1929 1034 istam.
1951 1003 2173 1034 Gemeticensis
2189 1003 2275 1034 addit

1276 1049 1491 1084 obedientiam.
1518 1053 1579 1084 Sed
1601 1054 1767 1096 legendum
1793 1056 1851 1087 isla
1870 1067 2000 1088 numero
2025 1057 2157 1099 plurali,
2177 1057 2209 1088 id
2228 1062 2274 1090 est

1276 1114 1348 1134 mox
1365 1104 1457 1136 dicta.

1327 1160 1412 1189 1189
1432 1159 1467 1189 C.
1486 1158 1616 1200 populo.
1632 1179 1676 1182 —
1690 1162 1767 1192 Cum
1794 1161 1823 1192 in
1848 1160 1906 1192 1130
1927 1172 2003 1192 voce
2023 1160 2144 1205 populo
2160 1171 2274 1192 conve-

1275 1211 1361 1241 niant
1380 1211 1500 1242 codices
1519 1213 1634 1251 nostri,
1655 1213 1752 1244 visum
1770 1220 1815 1245 est
1839 1225 1989 1256 reponere
2005 1225 2062 1256 pro
2086 1212 2222 1249 cumulo,
2241 1219 2274 1244 ut

1275 1263 1308 1294 in
1325 1263 1456 1295 antehac
1473 1265 1603 1296 excusis.

1328 1320 1413 1347 1192
1433 1319 1479 1348 .Β.
1507 1318 1674 1350 contentio.
1690 1337 1732 1341 —
1748 1321 1797 1350 Ita
1816 1325 1877 1351 tres
1902 1320 2008 1362 scripti
2032 1319 2128 1351 nostri
2147 1329 2154 1350 :
2174 1318 2247 1349 editi
2263 1342 2271 1356 ,

1276 1370 1473 1414 contemptio,
1495 1373 1533 1401 Et
1560 1371 1686 1401 omnino
1714 1371 1878 1413 legendum
1897 1373 2068 1408 contentio,
2092 1371 2173 1402 unde
2192 1371 2272 1402 infra

1275 1422 1400 1461 dicitnr,
1422 1438 1434 1449 «ι
1454 1424 1651 1454 recalcitrans
1667 1430 1697 1455 et
1713 1426 1903 1456 contentiosa
1923 1426 2076 1456 voluntas.
2095 1440 2108 1450 »-

1328 1481 1335 1506 t
1350 1479 1411 1508 199
1438 1480 1478 1508 A„
1498 1487 1607 1507 cavere
1624 1477 1833 1508 maledictum.
1849 1496 1892 1500 —-
1909 1481 2008 1509 Locus
2027 1477 2175 1508 obscurus
2186 1501 2193 1513 ‚
2220 1475 2274 1506 sed

1275 1536 1419 1560 constans
1447 1530 1479 1560 in
1515 1530 1604 1560 editis
1635 1537 1664 1561 et
1693 1531 1833 1572 scriptis,
1863 1532 1984 1562 tametsi
2013 1530 2154 1562 Horstius
2185 1534 2273 1570 putat

1275 1583 1437 1624 legendum
1450 1607 1457 1620 ,
1481 1583 1554 1626 quin
1570 1582 1629 1613 Ιιοε
1646 1582 1731 1613 velit.
1749 1583 1808 1614 Sed
1826 1584 1988 1614 retinenda
2004 1584 2063 1614 alia
2079 1582 2186 1619 lectio,
2205 1591 2272 1622 quae

1275 1636 1459 1667 dilemmatis
1476 1637 1572 1667 altera
1587 1647 1659 1678 pars
1676 1643 1732 1667 est.
1750 1636 1926 1667 Bernardus
1951 1637 2065 1678 quippe
2082 1635 2141 1666 hoc
2156 1634 2188 1664 in
2205 1634 2273 1664 loco

1274 1689 1402 1731 probat,
1427 1689 1541 1720 bonam
1569 1690 1791 1727 intentionem,
1821 1700 1888 1731 quae
1917 1690 1968 1720 iux
1995 1695 2040 1720 est
2065 1687 2185 1730 operis,
2209 1696 2274 1716 non

1275 1753 1361 1784 aeque
1386 1743 1489 1773 valere
1512 1743 1544 1773 in
1566 1743 1699 1781 malum,
1722 1754 1815 1784 quam
1831 1743 1863 1773 in
1879 1743 2005 1773 bonum.
2024 1742 2073 1772 Sic
2088 1747 2190 1772 autem
2207 1739 2272 1770 fere

1271 1797 1488 1827 ratiocinatur.
1516 1796 1654 1827 Intentio
1683 1797 1732 1826 illa
1767 1795 1846 1826 circa
1871 1796 1986 1826 malum
2010 1795 2059 1825 vel
2088 1800 2133 1824 est
2162 1792 2270 1823 oculus

1272 1849 1401 1892 simplex
1414 1875 1421 1888 ,
1438 1850 1485 1880 vel
1502 1860 1576 1881 non.
1590 1852 1672 1880 Tum
1683 1873 1690 1887 ,
1706 1849 1731 1879 si
1747 1855 1804 1886 est,
1820 1848 1938 1890 inquit,
1953 1847 2154 1878 nihilominus
2168 1846 2270 1875 incur-

1272 1904 1312 1935 rit
1334 1907 1387 1933 Vce
1405 1902 1620 1945 propheticum
1633 1927 1640 1940 ‚
1661 1903 1815 1945 prolatum
1831 1902 1863 1932 in
1887 1913 1938 1932 eos
1961 1901 2012 1943 qui
2028 1900 2134 1930 dicunt
2156 1899 2270 1929 malum

1273 1956 1389 1987 bonum
1420 1967 1428 1987 :
1455 1962 1485 1987 et
1509 1956 1636 1987 aliunde
1662 1966 1753 1986 nemo
1782 1955 1880 1985 vitare
1910 1955 1992 1985 volet
2018 1952 2100 1983 istud
2126 1951 2272 1982 maledic-

1271 2016 1354 2044 tum.
1373 2021 1445 2041 cnm
1469 2020 1503 2041 ea
1530 2009 1663 2040 intentio
1688 2009 1726 2039 sit
1746 2008 1854 2039 oculus
1871 2007 2021 2050 simplex,
2039 2016 2131 2048 quem
2148 2004 2273 2035 Veritas

1270 2062 1387 2093 laudat.

1323 2120 1332 2148 1
1348 2119 1408 2149 199
1423 2120 1463 2147 Α.
1478 2115 1566 2146 111015.
1584 2133 1627 2137 —-
1643 2116 1779 2146 Omnino
1797 2115 1840 2146 sic
1854 2113 2018 2156 legendum
2031 2137 2038 2151 ‚
2056 2119 2087 2143 ut
2105 2113 2136 2143 in
2149 2110 2270 2142 duobus

1269 2169 1411 2211 scriptis,
1426 2179 1490 2199 non
1518 2167 1588 2203 luz,
1614 2168 1692 2199 sicut
1717 2169 1749 2199 in
1771 2167 1904 2198 antehac
1924 2165 2070 2207 vulgatis;
2088 2170 2121 2195 nt
2138 2164 2176 2194 sit
2198 2173 2268 2193 sen-

1269 2232 1332 2259 sus,
1353 2221 1436 2263 quod
1454 2221 1562 2252 oculus
1580 2221 1709 2262 simplex
1727 2220 1765 2251 sit
1783 2225 2011 2262 argumentum,
2029 2217 2060 2249 id
2073 2223 2119 2248 est
2135 2216 2221 2257 o'rigo
2239 2220 2269 2245 et

1269 2285 1375 2311 causa,
1395 2273 1475 2304 lucis
1495 2274 1592 2304 totius
1607 2274 1763 2317 cot-poris,
1787 2271 1823 2303 id
1835 2279 1879 2302 esl
1896 2272 2011 2315 operis.

1322 2330 1405 2358 1203
1434 2331 1472 2358 A.
1499 2337 1622 2357 corvos.
1639 2326 1753 2356 -Ille
1772 2325 1893 2366 gentilis
1921 2330 1967 2355 est
1991 2322 2139 2354 Horatius
2161 2321 2214 2362 qui
2237 2320 2268 2350 in

1268 2379 1349 2410 libro
1373 2384 1400 2416 Ι,
1419 2379 1551 2421 epistola
1574 2383 1611 2409 16
1625 2402 1632 2415 ,
1647 2389 1727 2409 vers.
1748 2381 1761 2408 Ji
1771 2380 1848 2409 6-48
1861 2401 1869 2415 ,
1883 2377 1950 2408 haec
1967 2376 2061 2408 habet
2084 2385 2090 2405 :

1415 2455 1469 2479 Nec
1488 2454 1600 2478 furtum
1614 2453 1668 2478 feci
1679 2473 1685 2482 ,
1706 2461 1756 2479 nec
1770 2453 1847 2485 fugi,
1863 2452 1886 2477 si
1905 2451 1976 2476 mihi
1991 2451 2063 2475 dicat

1413 2493 1530 2519 servus:
1544 2494 1632 2518 Habes
1646 2492 1769 2524 pretium
1780 2511 1786 2521 ,
1801 2491 1870 2516 loris
1885 2499 1940 2515 non
1957 2490 2058 2519 ureris,
2071 2489 2126 2513 aio.

1411 2535 1473 2559 Xon
1488 2533 1633 2558 bominem
1647 2533 1748 2563 occidi;
1762 2533 1821 2556 Non
1836 2539 1929 2563 pasces
1941 2530 1970 2554 in
1983 2537 2066 2554 cruce
2076 2535 2182 2553 curros.

1318 2605 1402 2633 1207
1438 2606 1478 2633 A.
1506 2600 1800 2633 causari.—-Tales
1831 2600 1956 2631 fuerunt
1983 2598 2027 2629 itti
2056 2595 2199 2627 monachi
2227 2594 2266 2625 ad

1268 2656 1518 2686 Pontiniacenses
1537 2654 1697 2692 translati,
1714 2653 1752 2684 ad
1766 2664 1842 2694 quos
1862 2652 2012 2693 insignem
2028 2649 2135 2680 scribit
2151 2648 2266 2690 episto-

1267 2708 1327 2739 lam
1355 2712 1465 2739 Petrus
1490 2707 1656 2740 Cellensis.
1676 2707 1708 2738 in
1733 2712 1817 2737 tomo
1847 2708 1864 2735 2
1888 2703 2058 2746 Spicilegii,
2084 2712 2154 2744 pag.
2183 2702 2263 2736 447,

1268 2761 1323 2792 ubi
1339 2761 1411 2792 vide
1430 2767 1460 2791 et
1477 2761 1552 2791 duas
1569 2766 1745 2801 sequentes.
2141 2760 2156 2770 ⁴

1321 2818 1404 2846 1207
1425 2818 1457 2845 B.
1476 2814 1664 2856 experimur.
1681 2831 1725 2835 —
1740 2815 1879 2853 Quantas
1895 2808 2058 2841 Bernardo
2073 2808 2156 2839 rixas
2171 2806 2267 2837 faces-

1267 2867 1364 2899 serint
1377 2867 1529 2909 ejusmodi
1543 2866 1753 2908 susceptiones
1764 2889 1771 2902 ,
1786 2864 1877 2895 variae
1890 2862 2024 2905 probant
2037 2862 2102 2903 ejus
2116 2859 2265 2902 epistolae,

1267 2931 1380 2962 nempe
1399 2924 1430 2957 3,
1459 2923 1514 2957 32,
1537 2923 1592 2957 33,
1613 2923 1653 2949 65
1676 2928 1748 2948 cum
1775 2916 1875 2948 tribus
1897 2926 1965 2957 sqq.
1989 2915 2065 2945 item
2086 2916 2164 2950 253,
2186 2916 2264 2948 293,

1269 2975 1348 3011 313,
1370 2976 1433 3005 395
1452 2978 1482 3003 01
1501 2976 1579 3004 396.
1597 2970 1714 3004 Confer
1726 2970 1874 3012 epistolas
1892 2972 1932 3000 94
1953 2973 1983 2998 et
1997 2970 2075 3005 371,
2090 2972 2121 2997 01
2134 2965 2267 2996 maxime

1268 3025 1468 3062 Cassianum,
1488 3025 1600 3056 Collat.
1624 3026 1680 3062 14,
1699 3033 1765 3065 cap.
1786 3026 1803 3053 5
1822 3027 1853 3052 et
1869 3032 1936 3062 sqq.

1321 3082 1330 3109 l
1343 3082 1405 3110 208
1422 3081 1456 3109 B.
1476 3077 1723 3109 matrimonium.
1736 3095 1782 3099 ——
1797 3074 2011 3116 Quaestionem
2024 3071 2104 3102 hanc
2118 3068 2270 3101 Bernardi

1267 3141 1334 3162 aevo
1365 3131 1460 3162 fuisse
1488 3131 1686 3167 ventilatam,
1718 3134 1805 3171 patet
1833 3133 1898 3158 tum
1926 3136 1963 3156 ex
1992 3122 2181 3159 Abaelardo‚
2214 3121 2268 3162 qui

1267 3184 1433 3226 quemdam
1447 3182 1637 3225 Burgundiae
1650 3182 1829 3223 magistrum
1845 3177 1964 3220 arguit,
1984 3186 2051 3218 pag.
2073 3177 2170 3211 1067,
2185 3172 2269 3214 quod

1267 3252 1282 3263 t<
1301 3236 1472 3267 monachos
1497 3242 1590 3277 atque
1619 3234 1787 3266 moniales.
1808 3238 1877 3274 post
1901 3229 2062 3272 publicum
2087 3227 2179 3259 etiam
2204 3237 2268 3256 suae

1269 3304 1282 3315 ›»
1303 3288 1506 3330 professionis
1521 3294 1624 3318 votum
1638 3312 1645 3325 ‚
1664 3293 1693 3318 et
1710 3282 1937 3317 benedictionis
1954 3282 2001 3312 vri
2021 3278 2266 3311 consecrationis

1268 3356 1280 3368 u
1300 3341 1475 3380 vinculum,
1491 3350 1580 3383 posse
1599 3337 1833 3371 matrimonium
1851 3334 2036 3367 contrahere
2054 3349 2068 3360 n
2085 3336 2237 3363 assereret
2253 3341 2261 3363 ε
