2517 3920
348 222 446 258 1087

1116 220 1150 255 S.
1182 218 1436 254 BERNARDI
1464 215 1666 251 ABBATIS

2330 213 2426 250 1088

339 299 624 346 Pulcherrima,
653 299 835 349 inquam,
867 298 1135 334 convenientia
1152 327 1161 344 ,
1190 305 1233 333 ut
1257 292 1404 331 salu-‘¹³⁵
1419 295 1513 329 Nam
1544 290 1775 325 fermentum
1807 299 1884 323 non
1912 286 2103 323 immerito
2133 286 2290 325 fortasse
2315 288 2423 327 dixe-

338 370 418 398 tare
435 367 714 397 sacramentum
729 371 899 407 congrua
919 357 1083 407 quadam
1101 355 1348 393 similitudine
1368 353 1397 387 A
1418 351 1488 387 rim
1522 349 1634 385 fidem
1667 347 1808 384 Marize.
1839 347 1954 384 Plane
1981 345 2091 383 beata
2107 376 2116 393 ,
2139 361 2223 397 quae
2244 348 2425 397 credidit,

337 420 524 458 ambobus
555 419 813 469 respondeat,
846 426 882 454 et
916 417 1077 454 salvanti
1109 416 1286 452 videlicet
1311 421 1349 449 et

337 482 493 517 salvato.
511 484 567 517 Ita
580 480 659 516 haec
676 479 802 515 unitas
818 478 979 514 duarum
996 477 1206 513 consistens
1225 473 1349 510 media

336 543 541 586 unitatum,
557 540 667 576 alteri
685 538 954 583 succumbere,
971 536 1078 573 alteri
1097 534 1347 585 praeeminere

339 600 596 649 cognoscitur,
624 607 811 648 quantum
839 597 1036 647 superiore
1061 595 1240 640 inferior,
1262 601 1347 628 tan-

337 667 417 696 tum
440 658 622 695 inferiore
643 657 835 706 superior.

394 720 456 756 21.
488 723 646 755 Tantam
694 717 862 766 denique
878 745 888 761 ,
930 724 1084 763 tamque
1128 724 1348 762 expressam

337 779 491 816 unionis
517 778 593 814 vim
623 777 664 813 in
693 790 731 813 se
758 776 914 825 praefert
940 788 983 811 ea
1004 785 1190 823 persona,
1212 772 1251 807 in
1275 784 1349 820 qua

336 844 440 877 Deus
459 847 497 874 et
521 838 637 873 homo
655 849 754 872 unus
773 843 830 872 est
847 835 1044 879 Christus;
1065 840 1108 868 ut
1129 832 1159 868 si
1187 831 1264 867 duo
1285 831 1349 868 illa

338 899 385 935 de
405 911 444 934 se
464 897 627 933 invicem
654 894 838 944 praedices
851 923 860 939 ,
887 907 965 930 11011
999 892 1187 929 erraveris
1200 920 1210 937 ,
1226 895 1349 928 Deum

341 957 518 994 videlicet
547 954 768 998 hominem,
804 961 842 989 et
877 953 1071 989 hominem
1106 955 1230 988 Deum
1259 964 1350 987 vere

339 1016 600 1064 catholiceque
624 1013 893 1064 pronuntians.
919 1016 1004 1049 *Non
1025 1020 1151 1048 autem
1178 1011 1352 1048 similiter

1418 408 1598 458 quoniam
1620 406 1788 456 perfecta
1811 415 1900 443 sunt
1918 406 1956 442 in
1976 419 2038 452 ea,
2057 420 2142 455 quae
2166 407 2266 444 dicta
2283 410 2426 447 sunt‘ei

1414 483 1435 505 a
1454 466 1658 505 Domin03.
1680 468 1851 504 Perfecta
1868 476 1993 504 autem
2019 481 2097 505 non
2119 477 2258 514 essent,
2274 469 2304 506 si
2324 483 2425 519 quo-

1414 528 1540 564 minus
1558 526 1670 576 juxta
1690 525 1851 563 verbum
1865 527 2021 564 Domini
2039 536 2137 564 esset
2153 528 2423 568 fermentatum

1415 597 1558 634 totum,
1582 596 1620 624 et
1644 595 1836 637 perpetuo
1861 587 2153 635 fermentatum,
2175 601 2331 626 servans
2351 601 2426 626 no-

1414 649 1472 685 bis
1500 657 1575 684 tam
1599 649 1638 685 in
1666 656 1811 694 morte,
1835 661 1950 697 quam
1973 647 2012 684 in
2034 648 2113 685 vita
2134 649 2279 699 pariter
2302 662 2424 687 unum

1415 718 1530 759 atque
1560 709 1753 757 integrum
1782 707 2033 744 mediatorem
2065 709 2136 745 Dei
2163 716 2202 745 et
2226 708 2426 746 hominum

1416 783 1503 807 cum
1532 782 1599 806 sua
1628 768 1795 814 deitate,
1825 768 2021 805 hominem
2059 768 2250 806 Christum
2281 772 2424 806 Jesum.

1469 830 1533 867 23.
1556 828 1770 867 Advertere
1795 837 1852 865 est
1886 829 1926 864 in
1962 828 2035 865 hoc
2064 827 2279 865 admirabili
2302 841 2429 866 sacra-

1416 898 1547 927 mento
1570 889 1682 938 juxta
1712 902 1915 925 numerum
1943 897 2114 926 satorum
2131 916 2140 934 ,
2165 889 2272 925 mirae
2295 896 2334 925 et
2359 888 2427 925 de-

1417 950 1644 987 centissimae
1668 949 1926 986 distinctionis
1950 948 2112 998 gradus,
2136 961 2303 995 novum,
2332 949 2427 986 anti-

1418 1023 1561 1060 quum,
1597 1017 1796 1046 aeternum.
1834 1012 1987 1046 Novum
2006 1037 2015 1055 ,
2046 1009 2234 1054 animam,
2265 1022 2352 1058 quae
2380 1009 2427 1046 de

333 1078 394 1114 vel
416 1088 568 1112 carnem
601 1074 646 1110 de
680 1074 828 1119 anima,
846 1073 906 1109 vel
935 1072 1102 1109 animam
1129 1071 1175 1108 de
1201 1084 1315 1107 carne
1337 1100 1346 1117 ,
1369 1074 1395 1108 B
1418 1069 1539 1105 nihilo
1565 1076 1657 1104 tunc
1682 1077 1809 1105 ereata
1828 1067 2011 1114 ereditur,
2034 1080 2122 1104 cum
2147 1068 2274 1105 infusa
2297 1082 2305 1105 :
2330 1069 2428 1106 anti-

336 1136 407 1174 nisi
437 1133 726 1179 absurdissime,
755 1132 958 1183 przedicas,
981 1132 1050 1169 etsi
1070 1132 1246 1169 similiter
1268 1131 1348 1167 ani-

335 1209 395 1232 ma
417 1204 454 1232 et
473 1208 561 1232 caro
585 1206 685 1230 unus
706 1193 754 1230 sit
773 1193 903 1229 homo.
930 1196 1007 1230 Nec
1036 1192 1198 1238 mirum,
1217 1191 1247 1228 si
1267 1204 1346 1228 non

334 1269 441 1306 aeque
469 1255 571 1305 potis
599 1254 724 1291 anima
753 1253 800 1290 sit
825 1266 893 1290 sua
923 1253 988 1289 illa
1013 1253 1144 1298 vitali,
1175 1251 1245 1289 etsi
1268 1265 1346 1288 non

334 1329 471 1367 parum
509 1315 657 1360 valida,
696 1314 911 1351 intentione
941 1322 1170 1350 connectere
1194 1342 1203 1359 ,
1232 1321 1347 1362 atque

334 1376 411 1413 suis
431 1374 631 1412 affectibus
653 1374 890 1423 adstringere
914 1373 986 1410 sibi
1013 1386 1187 1419 carnem,
1211 1381 1254 1409 ut
1276 1372 1348 1409 sibi

335 1437 514 1473 divinitas
530 1436 727 1472 hominem
745 1435 851 1471 illum
863 1462 873 1480 ,
898 1434 963 1483 qui
979 1433 1275 1483 praedestinatus
1293 1441 1349 1469 est

336 1497 434 1533 filius
451 1497 521 1533 Dei
540 1496 580 1532 in
608 1496 762 1531 virtute.
780 1499 912 1544 Longa
939 1503 1073 1531 catena
1097 1503 1134 1530 et
1163 1494 1271 1530 fortis
1299 1493 1347 1530 ad

335 1555 599 1605 stringendum
617 1584 626 1602 ,
648 1555 778 1592 divina
798 1555 1083 1604 praedestinatio
1104 1569 1111 1591 :
1135 1554 1181 1591 ab
1202 1562 1347 1590 aeterno

335 1625 392 1653 cst
417 1616 529 1653 enim.
555 1615 655 1663 Quid
682 1615 833 1664 longius
858 1615 1097 1652 aeternitate?
1117 1614 1218 1663 Quid
1245 1614 1346 1650 divi-

336 1676 453 1712 nitate
474 1675 698 1725 potentius?
721 1674 817 1712 Inde
842 1683 899 1712 est
918 1674 1023 1724 quod
1051 1688 1121 1711 nec
1142 1682 1266 1711 morte
1286 1674 1348 1710 in-

334 1736 484 1773 cidente
511 1736 701 1772 ullatenus
733 1735 911 1772 intercidi
940 1735 1020 1771 haec
1048 1735 1175 1772 unitas
1196 1735 1346 1784 potuit,

337 1796 407 1833 etsi
437 1808 550 1832 carne
580 1803 618 1831 et
649 1795 776 1831 anima
809 1794 856 1831 ab
886 1795 1050 1831 invicem
1086 1795 1282 1845 separatis.
1306 1798 1352 1831 Et

1413 1143 1531 1179 quum
1545 1158 1555 1176 ,
1577 1142 1732 1165 carnem
1747 1157 1756 1175 ,
1775 1142 1861 1178 quae
1879 1142 1900 1165 a
1916 1128 2044 1178 primo
2062 1141 2185 1178 usque
2204 1128 2403 1166 hominum
2415 1159 2425 1176 ,

1413 1190 1451 1227 id
1471 1199 1529 1227 est
1547 1204 1595 1227 ex
1615 1189 1760 1236 Adam,
1788 1189 1962 1226 traducta
1997 1189 2247 1239 cognoscitur
2276 1204 2285 1226 ε
2312 1198 2427 1227 aeter—

1414 1264 1506 1287 num
1522 1280 1531 1297 ,
1559 1249 1727 1288 Verbum
1742 1280 1752 1298 ,
1778 1249 1882 1300 quod
1903 1249 1950 1287 ab
1965 1258 2108 1287 aeterno
2125 1250 2246 1287 'Patre
2268 1259 2428 1288 coaeter-

1415 1324 1506 1348 num
1537 1311 1591 1347 illi
1619 1311 1788 1361 genitum
1810 1310 2025 1348 indubitata
2055 1310 2215 1348 veritate
2235 1311 2426 1348 asseritur.

1415 1375 1462 1408 Et
1478 1372 1516 1408 in
1536 1371 1594 1408 his
1614 1371 1771 1421 triplex,
1793 1371 1825 1408 si
1845 1370 2048 1420 diligenter
2069 1370 2268 1417 advertas,
2288 1370 2428 1408 divinae

1415 1432 1596 1483 potentiae
1617 1445 1759 1481 genus,
1781 1431 1887 1481 quod
1909 1432 2047 1468 factum
2078 1431 2126 1468 sit
2149 1430 2196 1467 de
2219 1431 2340 1469 nihilo
2360 1433 2429 1469 ali-

1415 1492 1527 1542 quid,
1548 1492 1594 1529 de
1614 1500 1766 1529 vetusto
1785 1504 1930 1528 novum
1946 1520 1956 1538 ,
1981 1499 2167 1528 aeternum
2190 1491 2426 1543 beatumque

1414 1553 1461 1590 de
1484 1553 1664 1589 damnato
1690 1561 1727 1589 et
1759 1560 1926 1589 mortuo.
1955 1552 2056 1600 Quid
2083 1552 2156 1589 hoc
2184 1552 2232 1589 ad
2258 1562 2427 1590 nostram

1415 1613 1599 1650 salutem?
1619 1613 1784 1649 Multum
1799 1625 1870 1662 per
1890 1625 2045 1649 omnem
2067 1612 2238 1649 modum.
2257 1613 2427 1650 Primum

1415 1672 1571 1722 quidem
1585 1701 1594 1718 ,
1613 1672 1720 1722 quod
1739 1680 1898 1723 peccato
1925 1672 2069 1709 redacti
2089 1673 2128 1709 in
2151 1672 2313 1710 nihilum
2328 1703 2338 1722 ,
2358 1687 2429 1724 per

1416 1734 1488 1770 hoc
1511 1733 1799 1783 quodammodo
1826 1734 1963 1770 iterato
1986 1734 2107 1771 creati
2132 1747 2286 1781 sumus,
2310 1743 2353 1771 ut
2378 1735 2429 1772 si-

1418 1807 1502 1830 mus
1536 1794 1686 1830 initium
1728 1794 1886 1844 aliquod
1924 1803 2110 1832 creaturae
2145 1794 2240 1844 ejus.
2278 1795 2429 1833 Deinde

337 1856 505 1892 fortassis
522 1855 596 1891 hoc
611 1855 730 1891 sensit
745 1855 829 1902 ille,
848 1855 914 1904 qui
934 1868 972 1892 se
987 1855 1187 1905 indignum
1203 1856 1348 1906 profes-
1367 1854 1394 1890 C
1417 1854 1522 1904 quod
1548 1868 1595 1891 ex
1623 1863 1773 1891 vetusta
1801 1855 1985 1892 servitute
2011 1855 2049 1891 in
2082 1854 2298 1892 libertatem
2325 1856 2426 1893 filio-

337 1929 399 1952 sus
416 1924 473 1952 est
489 1916 637 1952 solvere
661 1915 865 1964 corrigiam
888 1916 1133 1952 calceamenti
1154 1915 1298 1965 hujusa
1321 1922 1345 1952 ¹.

725 2033 903 2071 CAPUT
933 2033 985 2072 X.

336 2156 489 2188 Parabola
502 2181 510 2194 ‚
536 2167 603 2198 quae
620 2162 665 2187 est
681 2156 765 2198 apud
785 2156 973 2187 Matthaeum
984 2156 1023 2187 de
1039 2156 1139 2188 tribus
1153 2157 1226 2188 satis
1238 2182 1245 2196 ,
1265 2157 1352 2190 Chri-

595 2212 633 2242 sti
655 2222 795 2254 personae
821 2211 1086 2243 accommodatur.

393 2325 455 2361 22.
471 2325 544 2363 Sed
564 2333 601 2361 et
618 2325 680 2362 illa
703 2325 772 2362 tria
793 2334 871 2362 sata
892 2325 939 2362 de
961 2326 1169 2375 Evangelio
1182 2332 1210 2373 ²,
1232 2328 1351 2364 mixta

336 2393 373 2421 et
400 2385 624 2422 fermentata
649 2386 687 2422 in
710 2400 847 2436 panem
877 2400 1019 2433 unum,
1044 2387 1074 2424 si
1100 2387 1185 2437 quis
1205 2387 1252 2424 ad
1271 2388 1351 2425 haec

337 2445 407 2481 tria
437 2445 576 2482 dixerit
601 2446 818 2495 pertinere,
842 2461 920 2483 non
950 2447 1163 2497 incongrue
1190 2447 1229 2485 id
1258 2448 1351 2484 mihi

336 2504 458 2540 facere
478 2504 684 2541 videbitur.
705 2508 827 2553 Quam
846 2505 944 2542 bene
966 2518 1009 2542 ea
1032 2506 1168 2542 mulier
1184 2507 1348 2543 fermen-

336 2564 450 2609 tavit,
474 2573 516 2600 ut
539 2578 609 2601 nec
637 2564 824 2601 divisione
855 2565 1011 2615 quidem
1042 2565 1139 2602 facta
1165 2567 1290 2603 carnis
1310 2575 1348 2603 et

335 2624 471 2661 animae
484 2654 493 2671 ,
512 2638 532 2662 a
550 2638 663 2662 carne
678 2626 737 2662 vel
753 2626 879 2663 anima
892 2626 1064 2664 Verbum
1085 2626 1346 2664 divideretur!

335 2685 472 2721 Mansit
502 2694 538 2721 et
563 2685 603 2721 in
633 2686 874 2735 separatione
906 2686 1174 2736 inseparabilis
1208 2688 1346 2725 unitas.

335 2747 413 2780 Nec
432 2744 532 2780 enim
554 2758 639 2794 quae
661 2759 708 2782 ex
729 2755 838 2796 parte
861 2747 1022 2796 contigit
1041 2748 1253 2797 separatio,
1274 2761 1349 2798 po-

339 2803 410 2839 tuit
440 2805 575 2841 unitati
606 2806 854 2855 praescribere
874 2836 883 2853 ,
915 2808 1159 2857 permanenti
1190 2808 1229 2845 in
1262 2809 1350 2845 totis

339 2862 473 2899 tribus.
492 2864 576 2901 Sive
592 2864 829 2914 conjunctis,
855 2867 934 2904 sive
956 2867 1158 2917 disjunctis
1176 2868 1350 2917 duobus,

338 2922 584 2959 nihilominus
615 2928 876 2973 perseveravit
897 2928 935 2964 in
960 2927 1081 2965 tribus
1112 2929 1239 2966 unitas
1263 2943 1350 2980 per-

338 2982 490 3018 sonalis.
522 2986 645 3031 AEque
673 2997 773 3021 unus
801 2987 970 3024 Christus
991 3001 1143 3038 unaque
1162 3002 1348 3039 persona,

338 3040 533 3088 Verbum,
560 3043 710 3090 anima,
737 3054 775 3081 et
804 3059 915 3093 carO,
939 3048 1052 3084 etiam
1090 3057 1245 3086 mortuo
1278 3050 1350 3087 ho-

339 3101 440 3137 mine
469 3101 705 3151 perduravit.
736 3107 779 3140 In
807 3114 917 3142 utero
943 3108 1107 3157 Virginis
1125 3138 1135 3155 ,
1163 3117 1206 3145 ut
1226 3110 1348 3146 sentio

338 3174 430 3210 ego,
452 3162 671 3198 commixtio
695 3162 774 3199 haec
800 3172 837 3200 et
865 3166 1106 3204 fermentatio
1136 3169 1233 3205 facta
1259 3178 1316 3207 est
1337 3185 1345 3207 :

337 3230 375 3258 et
408 3221 490 3272 ipsa
529 3222 667 3258 mulier
693 3236 777 3272 quae
809 3223 984 3273 miscuit,
1017 3235 1056 3263 et
1090 3228 1345 3267 fermentavit.

387 3359 396 3373 ¹
414 3355 514 3384 Marc.
533 3365 561 3391 1,
581 3357 611 3385 7.
627 3374 669 3376 -
689 3360 700 3375 ²
716 3354 831 3386 Manli.
859 3360 1018 3392 xx11,:3:;.
1036 3377 1077 3380 ——
1097 3358 1109 3380 3
1126 3363 1198 3392 Luc.
1216 3374 1246 3399 ι,
1272 3365 1322 3394 ²25.
1342 3364 1411 3391 -4
1435 3365 1506 3397 lsai.
1534 3377 1565 3395 xi
1581 3390 1588 3402 ,
1614 3369 1640 3397 l.

1416 1929 1501 1952 rum
1529 1916 1598 1952 Dei
1623 1915 1815 1963 translati,
1841 1916 1881 1952 in
1908 1916 2080 1953 novitate
2107 1916 2265 1966 spiritus
2293 1916 2429 1955 ambu—

1415 1976 1550 2012 lantes.
1578 1979 1779 2012 Postremo
1795 2005 1804 2022 ,
1825 1975 1931 2026 quod
1957 1975 2004 2013 de
2028 1984 2220 2026 potestate
2247 1976 2425 2014 tenebra·

1416 2049 1501 2073 rum
1534 2037 1658 2073 vocati
1689 2036 1737 2073 ad
1770 2049 1932 2086 regnum
1965 2036 2148 2073 claritatis
2179 2044 2332 2073 aeternae
2349 2066 2360 2084 ,
2388 2037 2429 2074 in

1417 2109 1494 2145 quo
1506 2095 1586 2145 jam
1603 2104 1641 2132 et
1655 2096 1864 2133 consedere
1881 2109 1953 2133 nos
1969 2096 2058 2132 fecit
2073 2095 2110 2132 in
2129 2095 2291 2134 Christo.
2306 2096 2429 2134 Alieni

1418 2156 1494 2192 sint
1516 2169 1537 2193 a
1561 2155 1672 2193 nobis
1683 2157 1712 2203 *‚
1738 2156 1805 2206 qui
1831 2156 1972 2194 Christi
1990 2170 2012 2193 a
2031 2154 2144 2193 nobis
2164 2170 2318 2194 carnem
2335 2158 2428 2195 alie-

1418 2230 1510 2253 nare
1537 2225 1741 2263 conantur,
1770 2231 1910 2255 novam
1941 2225 2108 2254 creatam
2133 2217 2173 2254 in
2199 2217 2430 2268 Virgine,et

1418 2290 1495 2314 non
1532 2277 1578 2314 de
1611 2278 1767 2328 Virgine
1801 2287 2018 2328 sumptam,
2049 2278 2167 2328 impie
2202 2287 2426 2316 asserentes.

1417 2337 1579 2375 Pulchre
1599 2338 1850 2388 propheticus
1871 2338 2028 2388 spiritus
2047 2338 2161 2388 longe
2182 2346 2270 2374 ante
2290 2351 2430 2375 occur-

1417 2398 1466 2434 rit
1483 2397 1572 2434 huic
1590 2399 1791 2435 sententiae
1805 2427 1815 2444 ,
1834 2399 1913 2435 imo
1930 2397 2177 2448 blasphemiae
2196 2397 2428 2448 impiorum:

1416 2459 1659 2506 Egreslic’tlcr,
1684 2458 1862 2507 inquiens
1876 2487 1886 2505 ,
1903 2459 2014 2507 virga
2036 2458 2082 2493 (le
2102 2459 2230 2493 radice
2250 2459 2376 2503 Iesse,
2396 2465 2433 2493 et
2486 2466 2489 2473 “

1402 2518 1482 2563 flos
1509 2520 1556 2553 (le
1584 2519 1715 2554 radice
1735 2519 1814 2564 ejus
1841 2520 2017 2554 ascendet
2029 2518 2056 2554 4.
2076 2517 2228 2555 Dixisse
2255 2526 2427 2569 poterat,

1415 2581 1463 2614 Et
1498 2578 1567 2613 ssos
1602 2577 1649 2613 de
1683 2578 1825 2627 virga,
1846 2577 1913 2615 sed
1946 2577 2103 2623 maluit,
2130 2579 2178 2613 de
2206 2580 2336 2614 radice
2356 2592 2368 2613 :
2388 2585 2430 2614 ut

1415 2637 1518 2673 unde
1552 2637 1725 2687 virgam,
1758 2638 1850 2674 inde
1885 2638 2022 2675 florem
2055 2637 2209 2675 duxisse
2242 2637 2428 2688 originem

1416 2697 1712 2734 demonstraret.
1743 2698 1839 2735 Inde
1864 2698 1982 2749 igitur
2009 2706 2164 2748 sumpta
2189 2711 2304 2745 caro,
2326 2697 2429 2735 unde

1364 2763 1398 2796 D
1416 2766 1501 2794 orta
1522 2758 1639 2807 Virgo
1660 2773 1668 2795 ε
1692 2771 1763 2796 nec
1784 2772 1885 2796 nova
1909 2758 1950 2796 in
1974 2758 2132 2808 Virgine
2147 2787 2158 2806 ,
2176 2772 2263 2810 quae
2282 2757 2429 2810 prodiit
2483 2763 2485 2770 ¹

1417 2831 1463 2854 ex
1494 2817 1629 2855 radice.

1791 2939 1972 2978 CAPUT
2002 2939 2076 2979 XI.

1607 3061 1808 3093 Continuatio
1828 3062 2084 3094 considerationis
2101 3063 2140 3095 de
2158 3066 2239 3095 Deo.

1470 3173 1531 3210 24.
1563 3177 1676 3212 Forte
1707 3175 2053 3223 substomacharis,
2087 3176 2118 3214 si
2149 3176 2272 3214 adhuc
2303 3173 2427 3226 pergi-

1415 3246 1500 3270 mus
1515 3236 1822 3286 quaerere,.quid
1854 3245 1910 3274 est
1938 3239 2066 3275 Deus?
2089 3245 2169 3274 tum
2197 3237 2287 3287 quia
2317 3234 2426 3272 toties

2121 3374 2136 3390 ‘¹
2154 3368 2258 3402 Alias,
2275 3367 2353 3411 ejus.
