2565 3952
94 133 164 171 601

92 209 356 251 suetudinibus
372 209 650 260 professionem
667 221 773 245 suam
792 209 972 245 studeant
986 207 1164 245 adim-²⁹⁵

91 274 206 325 plere.
229 275 309 321 Ego
324 300 332 316 ,
357 271 513 320 inquam
531 299 540 315 ,
567 283 632 306 eos
655 268 838 306 damnare
862 283 941 306 non
967 268 1104 306 debeo.
1126 269 1154 302 Α

91 334 204 373 Novit
224 333 413 370 Dominus
434 331 499 381 qui
520 339 609 367 sunt
627 329 710 380 ejus
725 336 733 350 ¹
755 345 762 367 :
786 339 824 367 et
840 331 1108 381 unusquisque

91 408 186 434 onus
206 407 315 431 suum
335 391 506 443 portabit
523 398 549 427 ².
571 396 693 441 Quem
717 392 818 428 enim
841 391 1009 428 tenebrae
1028 405 1107 428 non

90 453 440 504 comprehendunt,
478 460 735 502 cognoscetur
775 452 967 489 Dominus
997 451 1107 501 judi-

89 516 187 554 cium
219 513 380 558 faciens,
405 522 442 550 et
470 513 508 549 in
536 512 719 563 operibus
744 526 927 549 manuum
952 526 1108 550 suarum

89 574 435 626 comprehendetur
449 575 575 611 omnis
592 582 773 624 peccator
788 572 814 611 3.
834 577 889 611 De
906 588 944 611 se
961 574 1108 625 quippe

89 635 190 688 quod
215 634 286 672 sibi
307 634 454 671 bonum
475 643 555 681 est,
578 635 742 685 quisque
771 636 932 681 sentiat3
958 649 1028 685 ego
1057 634 1103 672 de

88 709 148 734 me
174 696 295 733 dicam
323 695 429 745 quod
461 695 597 732 sentio.
629 698 709 745 Ego
735 695 976 741 Bernardus,
1001 695 1032 732 si
1056 695 1104 733 de

87 757 196 795 bonis
224 756 271 793 ad
302 756 482 801 meliora,
511 756 572 793 vel
603 755 650 792 de
677 756 903 806 periculosis
924 756 972 793 ad
994 770 1105 794 secu—

87 817 185 856 riora
215 825 307 854 voto
341 826 379 854 et
410 830 528 867 opere
559 816 679 854 libere
717 818 1038 867 pertransissem,
1067 827 1105 856 et

85 879 211 917 illicita
247 879 445 916 voluntate
477 878 524 917 ad
560 892 604 916 ea
643 893 729 930 quae
768 880 936 926 mutavi,
974 879 1103 917 denuo

87 953 280 978 recurrere
322 940 677 992 praesumpsissem3
719 954 796 977 non
840 941 965 977 solum
1005 955 1103 992 apo—

1013 131 1280 168 EPISTOLAE.

2121 144 2199 182 602

1233 223 1294 246 mo
1325 210 1515 256 Pontifici,
1535 211 1651 248 frater
1677 215 1916 261 BERNARncs,
1941 219 2134 257 modicum
2161 223 2199 259 id

1233 270 1338 320 quod
1359 279 1428 308 est.

1230 395 1511 430 Cremonenses
1529 393 1811 442 induruerunt,
1827 405 1865 433 et
1882 401 2117 449 prosperitas
2138 416 2203 440 eo-

1176 467 1261 491 rum
1282 455 1411 505 perdit
1429 468 1495 492 eos
1521 470 1528 492 :
1550 456 1861 495 Mediolanenses
1878 469 2145 511 contemnunt,
2163 474 2201 502 et

1177 515 1412 552 confidentia
1433 516 1608 566 ipsorum
1631 517 1779 554 seducit
1802 532 1880 556 eos.
1899 521 1948 557 Hi
1965 521 2005 557 in
2025 524 2202 563 curribus

1175 584 1213 612 et
1231 577 1270 612 in
1294 577 1402 626 equis
1421 589 1526 627 spem
1545 590 1651 614 suam
1668 588 1856 628 ponentes
1872 609 1881 626 ,
1904 594 2027 619 meam
2047 584 2203 622 frustra-

1175 645 1336 681 verunt,
1369 646 1407 674 et
1436 637 1609 675 laborem
1639 652 1767 676 meum
1799 641 2081 681 exinanierunt.
2106 645 2202 684 Abi-

1172 696 1261 734 bam
1291 698 1430 745 tristis,
1461 712 1549 735 cum
1581 712 1669 736 ecce
1694 713 1772 737 non
1804 701 2008 740 mediocris
2033 718 2054 741 a
2073 715 2201 745 vestra

1172 766 1281 808 parte
1313 759 1526 796 consolatio
1560 773 1567 795 :
1594 768 1636 796 ut
1660 761 1730 797 etsi
1754 760 1955 800 abundant
1977 764 2200 805 tribulatio-

1172 832 1239 856 nes
1258 833 1330 870 pro
1352 820 1522 867 Christo,
1544 820 1746 858 abundent
1766 831 1804 860 et
1825 826 2109 865 consolationes
2130 843 2200 879 per

1172 880 1309 930 ipsum.
1333 881 1475 932 Accepi
1498 890 1648 932 optatas
1670 883 1816 921 litteras
1831 913 1840 930 ,
1864 885 2030 924 ferentes
2045 888 2199 928 delicias

1173 941 1299 978 cordis
1330 943 1424 989 mei,
1452 943 1723 980 certitudinem
1755 945 1802 982 de
1832 955 1959 984 vestra
1991 949 2199 989 incolumi-

85 1009 195 1046 stata,
216 1014 351 1038 verum
373 1001 486 1038 etiam
507 1015 626 1051 regno
650 1002 718 1039 Dei
738 1015 817 1038 non
839 1001 1002 1039 idoneus
1021 1003 1104 1039 lieri
1122 1004 1149 1038 B
1172 1009 1267 1047 tate,
1303 1002 1472 1040 hostium
1504 1004 1747 1051 infortuniis,
1782 1008 2020 1047 successibus
2052 1012 2198 1050 amico-

84 1060 405 1112 pertimescerem.
436 1067 521 1101 Hoc
553 1071 592 1100 et
620 1062 756 1100 beatus
786 1064 995 1113 Gregorius
1023 1064 1099 1101 ait:

83 1123 322 1173 «Quisquis,
355 1142 370 1157 »
404 1125 548 1175 inquit,
583 1142 598 1157 «
628 1124 752 1174 majus
787 1124 934 1161 bonum
969 1125 1101 1163 subire

85 1200 101 1216 ι
118 1185 344 1235 proposuit,
367 1186 493 1222 minus
513 1185 660 1223 bonum
675 1215 684 1232 ,
709 1185 815 1235 quod
836 1186 968 1231 licuit,
991 1187 1102 1223 illici—

85 1262 100 1278 ι
120 1252 200 1282 tum
236 1245 336 1283 fecit.
363 1247 556 1297 Scriptum
582 1247 726 1297 quippe
756 1254 812 1282 est
837 1261 844 1282 ;
870 1248 988 1282 Nemo
1010 1253 1100 1284 mit-

82 1322 99 1340 »
118 1315 197 1342 tens
213 1320 368 1343 manum
389 1321 496 1344 suam
518 1310 572 1343 acl
585 1317 773 1352 aratrum,
800 1316 837 1343 et
857 1317 952 1343 retro
975 1313 1102 1356 respi-

83 1385 98 1402 υ
115 1372 234 1413 ciem,
255 1378 365 1417 aptus
386 1378 439 1405 est
463 1383 576 1419 regno
601 1372 672 1405 Dec·
692 1368 718 1405 ⁴.
738 1368 813 1417 Qui
835 1382 927 1418 ergo
950 1369 1101 1406 fortiori

84 1429 241 1466 »studio
271 1429 515 1477 intenderat,
545 1440 649 1468 retro
678 1431 870 1481 respicere
901 1430 1099 1467 convinci-

84 1507 99 1524 »
118 1498 202 1537 tur,
231 1491 262 1528 si
291 1491 433 1529 relictis
462 1491 716 1543 amplioribus
741 1491 853 1528 bonis
873 1491 921 1528 ad
949 1492 1099 1528 minora

83 1569 98 1586 n
114 1560 361 1603 retorquetur
378 1553 404 1591 ⁵.
433 1571 448 1587 »
475 1554 589 1603 Quod
610 1562 737 1591 autem
763 1552 809 1589 de
826 1553 1098 1590 excommuni-

80 1613 226 1650 catione
261 1614 425 1664 quadam
461 1615 692 1653 interserere
724 1615 900 1662 voluisti3
932 1623 975 1651 ut
1003 1614 1097 1652 mihi

78 1674 230 1711 videtur
243 1705 252 1721 ,
270 1689 341 1713 nec
363 1684 426 1713 tua
445 1676 621 1714 interfuit
640 1677 872 1726 investigare
885 1706 895 1722 ,
918 1690 988 1713 nec
1010 1690 1094 1713 mea

80 1735 286 1785 quidquam
320 1737 480 1775 interest
507 1737 695 1788 judicare.
730 1741 864 1787 Neque
896 1738 998 1775 enim
1030 1738 1093 1774 lex

1172 1076 1269 1099 rum.
1295 1066 1483 1101 Caeterum
1511 1066 1724 1115 perlegenti
1751 1081 1905 1105 rursum
1936 1071 2081 1108 tristior
2109 1074 2195 1111 linis

1170 1123 1337 1161 laetitiam
1373 1127 1614 1175 temperavit.
1646 1130 1769 1175 Quem
1811 1130 1911 1166 enim
1953 1141 2079 1170 vestra
2116 1148 2194 1172 non

1170 1192 1313 1222 terreat
1343 1185 1584 1235 indignatio?
1615 1191 1753 1225 Fateor
1777 1188 1944 1238 justam,
1969 1200 2006 1228 et
2035 1207 2081 1230 eo
2108 1195 2195 1244 plus

1171 1253 1332 1282 terreor.
1354 1247 1450 1283 Dico
1473 1255 1615 1293 tamen,
1638 1248 1744 1298 quod
1765 1250 1904 1287 sactum
1924 1253 2098 1291 nondum
2120 1264 2190 1300 est,

1169 1306 1388 1343 faciendum
1424 1316 1502 1354 est,
1539 1308 1604 1344 sed
1643 1317 1819 1359 tempore
1854 1325 1931 1361 quo
1971 1316 2195 1363 praeviderit

1167 1369 1284 1403 Deus.
1307 1367 1343 1404 Si
1368 1381 1447 1417 quo
1475 1368 1600 1405 minus
1617 1398 1625 1414 ,
1649 1371 1723 1406 erit
1742 1370 1854 1408 vobis
1873 1385 1983 1422 aeque
2005 1375 2041 1411 in
2063 1389 2194 1426 prom-

1166 1436 1237 1478 ptu
1272 1428 1462 1478 quidquid
1491 1429 1689 1467 intentatis
1710 1431 1852 1469 inferre
1871 1463 1880 1479 ,
1907 1443 1944 1470 et
1974 1448 2053 1472 non
2085 1451 2193 1487 aeque

1166 1488 1295 1526 forsan
1319 1490 1596 1539 periculosum.
1637 1492 1820 1542 Alioquin
1846 1495 1951 1544 quod
1985 1498 2098 1535 tantis
2120 1499 2193 1536 Dei

1166 1550 1503 1597 miserationibus,
1544 1553 1657 1590 tantis
1694 1555 1854 1601 vestris,
1892 1566 2192 1610 vestrorumque

1164 1610 1363 1649 laboribus
1382 1610 1400 1634 ’³
1430 1613 1469 1649 in
1504 1614 1654 1664 populo
1685 1614 1757 1652 isto
1785 1617 1937 1654 noviter
1961 1619 2191 1659 aedificatum

1163 1682 1243 1720 est,
1277 1673 1374 1711 heu!
1405 1688 1520 1725 quam
1548 1676 1683 1713 leviter
1713 1676 1859 1714 destrui
1888 1688 2026 1729 potest.
2050 1683 2190 1721 Mirum

1162 1735 1192 1771 si
1222 1735 1256 1772 ei
1290 1736 1357 1785 qui
1395 1736 1700 1774 misericordiam
1736 1738 1874 1788 legitur
1903 1744 2190 1791 superexaltare

74 1795 218 1846 jildicat
247 1811 504 1849 quemquam,
532 1800 605 1836 nisi
632 1800 739 1850 prius
764 1799 961 1847 audiatur,
990 1809 1028 1837 et
1054 1800 1093 1837 in
1113 1799 1140 1835 C
1158 1796 1309 1846 judicio
1326 1795 1361 1844 6,
1385 1798 1537 1848 placere
1558 1808 1698 1849 potest.
1723 1800 1796 1837 Sed
1817 1815 1839 1837 o
1866 1802 2057 1840 infelicem
2079 1806 2188 1844 illum

77 1856 268 1895 absentem
287 1858 476 1909 judicium
499 1869 643 1899 temere
660 1861 942 1912 promulgatur.

72 1993 1092 2009 ιιιιιιιιιιιιιιιιιιιιιιιιιιιιιιιιιιιιιιιιιιιιιιιιιιιιιιιιιιιιιιιιιιιιιι

181 2111 571 2170 EPISTOLA
634 2114 966 2174 CCCXIV.a

226 2261 273 2282 ΑὛἹ
297 2261 480 2286 DOMINCM
506 2264 620 2287 PAPAM
643 2265 922 2291 INNOCENTIL‘M.

71 2368 244 2401 Bemardus
269 2377 342 2413 post
372 2373 591 2405 reconciliatos
628 2375 774 2408 Ecclesize
803 2377 1058 2410 Mediolanenses
1075 2404 1082 2418 ‚

111 2423 197 2466 jussu
214 2426 388 2457 lnnocentii
405 2426 445 2457 ad
459 2428 671 2470 pacificandas
688 2432 771 2474 ipsas
786 2432 868 2464 inter
881 2445 914 2465 se
930 2434 1084 2465 Lombar-

114 2477 172 2510 diae
194 2479 334 2511 civitates
353 2480 515 2524 profectus
530 2508 537 2521 ‚
556 2485 687 2527 Papiam
704 2493 735 2519 et
755 2489 945 2521 Cremonam
960 2500 993 2521 se
1008 2501 1083 2521 con-

112 2532 193 2565 tulit.
215 2534 276 2566 Sed
296 2535 382 2578 apud
404 2538 632 2570 Cremonenses
659 2540 740 2573 nihil
764 2542 953 2585 proficiens,
973 2554 1084 2575 eorum

1163 1859 1390 1910 episcopum
1404 1866 1440 1906 ⁰,
1460 1859 1527 1910 qui
1551 1860 1587 1896 in
1611 1864 1695 1898 Hur
1712 1862 2000 1911 Chaldaeorum,
2025 1866 2071 1903 de
2093 1881 2189 1917 quo-

1162 1919 1249 1957 dam
1271 1921 1380 1971 quasi
1400 1921 1582 1972 paradiso
1602 1923 1830 1970 translatus,
1856 1925 1972 1962 frater
1993 1927 2114 1966 factus
2131 1938 2188 1967 est

1163 1980 1396 2027 draconum,
1420 1991 1458 2019 et
1479 1983 1606 2019 socius
1632 1984 1908 2024 struthionum.
1930 1989 2030 2036 Quid
2052 1990 2187 2028 faciet?

1162 2040 1329 2079 Obedire
1347 2043 1452 2089 vult,
1474 2052 1512 2080 et
1535 2056 1621 2081 ecce
1642 2043 1775 2082 bestiae
1792 2047 1932 2097 Ephesi
1953 2049 2129 2088 frendent
2145 2052 2185 2089 in

1159 2115 1246 2138 eum
1270 2102 1461 2140 dentibus.
1490 2104 1742 2143 Dissimulare
1763 2108 1847 2144 vult
1870 2109 2084 2158 prudenter
2111 2126 2184 2162 pro

1159 2172 1353 2214 tempore,
1377 2173 1414 2201 et
1441 2165 1546 2201 omni
1576 2165 1725 2203 feritate
1743 2168 2091 2209 formidolosiorem
2114 2187 2184 2210 ve-

1158 2233 1275 2261 stram
1313 2225 1619 2276 indignationem
1657 2228 1832 2267 incurrit.
1866 2233 2064 2282 Angustiae
2094 2244 2184 2272 sunt

1157 2285 1191 2322 ei
1222 2285 1415 2336 undique,
1439 2287 1511 2324 nisi
1538 2288 1643 2338 quod
1675 2290 1911 2329 tolerabilius
1933 2292 2083 2342 judicat
2110 2296 2182 2334 sibi

1153 2360 1234 2384 esse
1265 2348 1346 2384 sine
1374 2350 1543 2399 populo,
1573 2364 1687 2400 quam
1717 2353 1798 2389 sine
1831 2353 1990 2392 domino
2017 2371 2024 2393 :
2057 2358 2180 2407 pluris

1155 2407 1322 2455 habens,
1345 2418 1387 2446 ut
1411 2410 1569 2460 dignum
1601 2421 1681 2459 est,
1705 2415 1958 2464 apostolicam
1989 2419 2148 2467 gratiam
2166 2449 2175 2465 ,

1151 2483 1266 2519 quam
1305 2470 1633 2510 Mediolanensem
1671 2474 1904 2513 cathedram.
1938 2482 1998 2514 An
2030 2492 2099 2515 vos
2129 2479 2176 2516 de

1152 2529 1235 2580 ejus
1257 2530 1439 2569 fidelitate
1470 2533 1681 2571 dubitatis?
1704 2535 1741 2573 Si
1764 2536 1849 2585 quis
1871 2536 1980 2575 vobis
2001 2540 2103 2576 aliud
2127 2540 2175 2577 de

111 2588 316 2630 pertinaciam
347 2591 494 2623 Pontifici
526 2593 681 2635 signifieat
702 2619 710 2633 ‚
738 2603 769 2628 et
796 2604 830 2629 ut
860 2598 1052 2631 severiorem
1070 2623 1078 2638 ,
1098 2606 1132 2640 D
1151 2605 1197 2628 eo
1219 2593 1386 2642 maligna
1407 2595 1641 2644 persuadere
1667 2597 1911 2646 suggestione
1933 2601 2113 2647 tentavit,
2136 2615 2176 2638 se

112 2652 206 2684 quam
218 2644 252 2675 in
271 2644 547 2690 archiepiscopum
563 2648 839 2684 Mediolanensem
859 2654 994 2697 parabat
1010 2665 1082 2686 sen-

111 2698 241 2731 tentiam
253 2725 262 2739 ,
277 2700 438 2744 paulisper
454 2703 644 2746 suspendat,
661 2705 820 2740 hortatur.

69 2821 336 2860 Amantissimo
353 2825 454 2875 patri
471 2834 509 2863 et
529 2826 688 2867 domino
711 2833 949 2870 Ixxocnx‘rio
971 2846 1080 2870 sum-

114 2989 125 3004 ¹
147 2987 179 3016 11
203 2986 286 3018 Tim.
311 2998 360 3027 11,
393 2992 508 3021 19.——
535 2992 666 3024 2Galat.
688 3005 742 3032 v1,
769 2998 799 3026 ὅ.
825 3014 866 3017 —
888 2993 902 3017 3
921 2997 1003 3029 Psal.
1025 3008 1079 3037 xx,
1102 3001 1156 3030 17.
1177 3018 1217 3021 w
1237 2999 1252 3025 -5
1273 3003 1349 3031 Luc.
1371 3012 1429 3039 xx,
1455 3006 1510 3034 62.
1533 3022 1579 3025 —

33 3041 36 3051 ⁴
69 3031 204 3070 ⁶Jacohi
223 3051 269 3080 11,
293 3043 346 3074 13.

0 3702 35 3952 Ε--,---
33 3684 34 3687 „
32 3661 34 3669 .
32 3630 35 3643 -

1150 2652 1269 2702 magis
1298 2653 1471 2703 prodidit
1499 2655 1692 2693 infidelem
1711 2687 1719 2703 ,
1746 2658 1811 2707 qui
1833 2658 1958 2696 virum
1983 2668 2059 2697 tam
2083 2659 2176 2698 boni

1151 2712 1359 2750 testimonii
1392 2714 1522 2764 lingua
1551 2717 1699 2766 perfida
1728 2717 1766 2753 in
1798 2731 1867 2755 suo
1896 2719 2016 2757 livore
2039 2734 2175 2771 perse—

1149 2774 1295 2824 quitur.
1319 2778 1455 2824 Parce,
1477 2781 1590 2815 Pater
1609 2777 1775 2829 benigne
1789 2809 1798 2825 ,
1821 2793 1935 2831 parce
1957 2781 2061 2819 fideli
2083 2790 2149 2819 tuo
2164 2812 2173 2829 ,

1148 2848 1264 2886 parce
1297 2835 1422 2874 adhue
1448 2839 1594 2876 recenti
1625 2848 1827 2878 structurae
1843 2870 1853 2888 ,
1872 2854 1988 2892 parce
2010 2844 2173 2881 novellae

1601 3001 1614 3024 5
1634 3006 1754 3036 Pastor.
1783 3011 1873 3047 parte
1895 3008 1931 3044 3,
1953 3017 2022 3049 cap.
2054 3010 2108 3039 28.
2131 3027 2173 3031 —

110 3109 125 3125 ²
143 3105 230 3137 Alias
249 3107 381 3150 epistola
400 3112 465 3142 318
489 3121 496 3142 :
514 3122 584 3154 quae
611 3124 686 3145 vero
703 3121 796 3147 antea
815 3118 883 3148 314
897 3124 984 3156 erat,
1004 3129 1090 3150 nunc
1104 3121 1184 3151 390.
1204 3121 1327 3164 Scripta
1344 3131 1428 3153 anno
1443 3121 1558 3154 Christi
1579 3126 1679 3156 1134.
1701 3124 1845 3157 Cohaeret
1863 3125 1930 3157 herc
1948 3127 2081 3170 epistola
2101 3139 2170 3159 cum

34 3155 35 3159 ’
63 3155 200 3199 epistolis
221 3163 305 3201 131,
326 3165 410 3201 132,
426 3170 457 3196 et
483 3168 560 3199 133.

110 3210 126 3232 ⁵
139 3213 294 3246 Gnidonis
313 3216 419 3249 Pisani
438 3219 556 3252 scilicet
568 3245 575 3258 ‚
588 3232 625 3253 ac
643 3222 788 3255 Matthaei
801 3224 992 3258 Albanensis
1004 3251 1011 3265 ‚
1027 3228 1082 3270 qui
1105 3227 1146 3259 ad
1165 3228 1422 3261 Mediolanenses
1446 3229 1486 3261 ab
1503 3231 1690 3262 Innocentio
1714 3232 1807 3274 legati
1833 3244 1904 3264 cmn
1932 3233 2093 3265 Bernardo
2107 3258 2114 3272 ‚
2134 3244 2173 3265 ex

65 3263 196 3306 epistola
220 3270 258 3299 13
271 3273 277 3299 Ι
289 3293 296 3300 .

107 3321 122 3337 ⁰
134 3317 305 3352 Ribaldum
323 3323 438 3365 opinor
451 3350 458 3364 ‚
475 3326 529 3368 qui
542 3328 659 3361 electus
673 3353 681 3369 ‚
707 3337 739 3362 et
755 3330 795 3363 ab
809 3334 996 3366 Innocentio
1011 3335 1216 3369 confirmatus
1232 3336 1265 3369 in
1284 3338 1390 3370 locum
1407 3339 1550 3371 Anselmi
1564 3339 1671 3382 rejecti
1687 3365 1693 3377 ,
1713 3346 1745 3372 ut
1761 3339 1795 3372 in
1810 3339 1918 3371 eaden)
1940 3339 2072 3382 epistola
2092 3343 2149 3371 131
2161 3363 2171 3373 .
