2517 3920
366 119 442 155 755

358 256 516 303 stinum,
535 266 576 294 ut
592 258 672 295 liaec
685 257 764 307 jam
783 259 876 295 festo
892 267 1152 308 exoccupatus
1166 267 1376 308 utcumque

358 317 631 365 rescriberem,
654 319 901 370 exspectavit.
919 319 1135 368 Fugitivum
1151 319 1278 368 itaque
1301 320 1376 355 sra-

363 386 462 415 trem
492 379 587 416 dure
605 393 624 416 a
648 393 727 427 me,
750 388 884 430 utpote
907 379 1045 416 durum
1070 379 1185 416 corde
1201 380 1380 429 increpa-

364 448 446 476 tum
459 469 468 487 ,
488 441 580 477 nihil
599 442 733 478 melius
754 442 906 477 interim
926 441 1035 491 potui
1052 454 1168 491 quam
1185 440 1232 477 ad
1253 441 1382 478 locum

363 502 559 539 remittere
580 503 682 539 unde
704 503 850 551 fugerat
866 517 872 538 :
890 502 1033 552 quippe
1054 501 1290 552 quemjuxta
1309 515 1382 538 no-

364 570 461 599 stras
497 563 791 600 consuetudines
827 563 931 600 domi
966 562 1110 613 absque
1142 562 1290 600 abbatis
1325 562 1383 599 sui

366 636 556 660 consensu
585 624 750 660 retinere
774 637 852 660 non
879 623 1007 660 debui.
1033 627 1196 674 Oportet
1215 632 1341 660 autem
1364 636 1384 659 a

364 682 476 720 vobis
504 697 592 720 eum
613 684 785 722 similiter
808 698 942 734 aspere
961 684 1176 734 increpari,
1194 693 1231 721 et
1247 684 1294 721 ad
1313 684 1384 720 liu—

367 744 496 780 milem
517 745 722 794 provocari
748 745 1066 791 satisfactionem,
1086 744 1224 782 deinde
1246 745 1386 781 nostris

367 805 576 841 confortari
609 805 742 841 litteris
777 818 848 854 pro
871 818 917 841 eo
951 805 1104 841 directis
1125 804 1172 841 ad
1193 804 1383 842 abbatem.

365 866 422 900 De
451 865 674 901 infirmitate
705 874 837 901 nostra
862 865 956 901 nihil
979 866 1117 901 certius
1138 865 1256 901 modo
1278 865 1369 901 solliv

367 924 441 960 cito
466 924 634 961 indicare
656 925 785 974 potui,
805 925 877 961 nisi
897 925 1001 974 quod
1024 925 1200 961 infirmus
1220 933 1257 961 et
1277 924 1330 961 fui
1349 933 1387 961 et

1155 123 1190 157 S.
1221 122 1475 157 BERNARDI
1505 123 1707 159 ABBATIS

358 204 397 232 et
417 197 575 234 nuntius
592 197 776 248 repedare
796 198 978 235 festinans
991 227 1001 244 ,
1019 198 1084 235 vix
1101 211 1222 247 usque
1239 199 1277 234 in
1299 212 1378 235 cra·
1396 203 1427 235 A
1445 207 1482 235 et
1501 206 1575 235 tam
1593 199 1776 249 grandem
1796 199 1993 250 injuriam,
2013 203 2234 252 pertulistis.
2251 210 2447 263 Incompa,
2486 231 2488 235 ι

2486 82 2488 102 l

2485 103 2488 137 l

2375 133 2445 174 756
2486 161 2488 192 5

1445 258 1616 296 rabiliter
1645 269 1771 297 autem
1801 261 1965 311 praefero
1994 261 2238 313 charitatem,
2257 279 2332 316 qua
2355 273 2448 311 cala.

1445 333 1547 356 mum
1563 329 1782 369 quassatum
1797 334 1875 358 non
1892 322 2073 372 patiendo
2085 327 2268 373 conteri¹‚
2282 339 2447 372 nostrum

1448 389 1629 431 expetere
1651 382 1853 418 consilium
1876 383 1909 419 ei
1929 383 2090 420 suadere
2111 387 2279 425 curastis.
2309 392 2340 427 Ο
2358 405 2449 442 pru.
2488 414 2489 417 =

1449 441 1545 479 (lens
1564 441 1776 489 humilitas,
1810 443 2039 494 humilisque
2071 444 2256 492 charitas,
2287 448 2339 486 sic
2364 464 2450 502 par.
2488 473 2489 480 κ

1451 516 1538 539 cens
1565 503 1754 540 monacho
1772 502 1968 552 injuriam,
1989 512 2030 541 ut
2050 517 2128 541 non
2149 505 2296 545 deesset
2311 511 2451 551 novitio
2488 531 2489 539 ¹

1452 564 1674 601 fluctuanti!
1697 567 1892 612 Quantum
1914 577 2005 614 ergo
2035 566 2145 615 potui
2171 569 2450 621 confirmatum,

1452 633 1488 662 et
1509 625 1660 671 omnia,
1681 633 1868 675 quantum
1887 639 1986 672 reor,
2004 625 2050 663 de
2065 626 2205 676 quibus
2220 636 2372 668 notatus
2383 641 2452 682 est,

1453 688 1658 724 emendare
1686 695 1882 737 paratum,
1904 686 1951 723 ad
1974 700 2040 724 vos
2067 700 2155 724 eum
2187 689 2362 739 remitto;
2383 700 2453 733 tam
2488 724 2489 729 ,

1453 746 1626 796 probatae
1664 756 1802 785 vestrae
1838 748 2068 798 Benignitati
2104 749 2337 799 consulens,
2365 761 2402 791 et
2426 757 2455 794 si

1454 820 1607 845 necesse
1628 816 1706 855 est,
1728 809 1966 859 supplicans,
1984 818 2027 846 ut
2044 809 2264 860 recipiatur,
2279 819 2322 848 ut
2338 820 2455 854 tamen

1453 867 1660 916 praedictus
1679 869 1808 915 frater,
1829 868 1889 905 cui
1909 877 1948 906 et
1972 869 2117 908 litteras
2145 870 2308 921 proinde
2331 885 2456 923 preca-
2488 880 2491 903 ἱ

1456 928 1572 965 toi-ias
1600 929 1708 976 misi,
1730 943 1751 966 a
1771 943 1837 967 sua
1857 930 1964 980 prius
1972 960 1982 978 ,
2002 931 2033 968 si
2050 932 2132 969 fieri
2149 940 2301 982 posset,
2317 943 2456 974 senten-

368 997 476 1030 sum,
517 997 587 1021 nec
621 985 746 1021 minus
779 986 914 1031 solito,
946 999 1016 1022 nec
1052 985 1170 1035 magis
1207 985 1384 1022 multum.
1408 981 1435 1016 Β
1459 988 1509 1025 tia
1529 989 1720 1027 flectatur.

368 1043 481 1091 Quod
499 1057 591 1080 vero
609 1057 685 1081 non
706 1045 790 1082 misi
806 1059 920 1094 quam
940 1046 1126 1083 missurus
1139 1059 1259 1091 eram,
1278 1059 1390 1083 causa

368 1111 424 1139 est
457 1103 544 1152 plus
579 1117 639 1141 me
676 1105 890 1142 animarum
929 1106 1100 1143 timuisse
1141 1105 1388 1152 scandalum,

366 1176 481 1212 quam
511 1164 623 1201 unius
653 1166 829 1216 corporis
854 1167 1082 1216 periculum.
1107 1170 1192 1204 Jam
1219 1179 1267 1203 ne
1294 1166 1390 1216 quid

369 1223 508 1261 horum
544 1239 630 1275 quse
662 1227 849 1264 mandatis
881 1228 1041 1265 omnino
1077 1228 1388 1279 praetermittam,

368 1285 461 1334 quin
493 1294 530 1322 et
569 1287 809 1337 aliquatenus
843 1288 891 1325 ad
925 1290 1072 1339 singula
1106 1289 1387 1340 respondeam,

368 1346 484 1382 venio
516 1347 630 1384 etiam
661 1348 706 1384 ad
737 1362 818 1386 vos.
843 1350 948 1387 Velle
978 1363 1046 1386 vos
1075 1349 1206 1386 audire
1233 1349 1389 1400 scripsi-

371 1406 463 1451 stis,
495 1407 586 1456 quid
617 1421 687 1457 ego
721 1422 809 1455 vos,
837 1410 903 1459 qui
935 1410 1066 1460 utique
1099 1410 1228 1447 onmia
1265 1418 1391 1447 vestra

370 1467 521 1513 norim,
553 1468 675 1505 facere
708 1470 832 1506 velim.
864 1470 937 1507 Sed
966 1470 1067 1515 haec,
1100 1470 1173 1507 nisi
1203 1471 1338 1518 fallor,
1360 1471 1388 1508 si

371 1527 489 1565 modo
519 1528 684 1566 dicerem
715 1543 785 1567 nec
808 1545 877 1568 vos
906 1531 1087 1582 possetis,
1108 1544 1178 1568 nec
1199 1545 1269 1581 ego
1294 1545 1389 1568 con-

371 1589 549 1626 sulerem.
573 1591 670 1628 Volo
700 1592 802 1628 euim
833 1601 870 1629 et
898 1593 979 1642 ipse
1007 1592 1113 1643 quod
1133 1606 1202 1629 vos
1223 1593 1322 1630 velle
1345 1593 1391 1630 de

372 1648 481 1686 vobis
511 1649 590 1700 jam
622 1652 714 1688 olim
746 1666 824 1690 non
856 1653 947 1690 latet
977 1667 1049 1689 me.
1084 1655 1272 1690 Caeterum
1308 1666 1393 1697 mea

372 1719 487 1760 atque
519 1720 646 1749 vestra
676 1727 803 1763 aeque,
836 1722 878 1751 ut
903 1727 1056 1764 aequum
1090 1722 1164 1760 est,
1192 1715 1391 1751 voluntate

1693 1137 1803 1147 =sa===x=
1810 1138 1918 1147 =x==2==-
1926 1138 2373 1150 ======v=========1=xvv==suw=v==

1620 1268 1998 1325 EPISTOLA
2061 1270 2316 1326 CDLIII.

1817 1426 1862 1448 AD
1891 1425 2116 1450 ANONYMUM.

1459 1537 1636 1581 Stephano,
1656 1540 1682 1570 si
1697 1539 1962 1582 perseveraverit,
1983 1540 2138 1583 promittit
2155 1540 2265 1584 dignos
2283 1540 2463 1584 poenitentia

1903 1593 2033 1627 fructus.

1513 1712 1606 1761 Quis
1633 1712 1722 1748 satis
1747 1712 1877 1749 mirari
1902 1712 2022 1763 possit
2045 1720 2183 1750 vestrae
2204 1712 2395 1751 charitatis
2411 1727 2465 1752 ar-

372 1772 609 1821 postposita‚
641 1774 761 1823 magis
792 1774 897 1824 quod
923 1775 1021 1811 velle
1052 1778 1174 1812 Deum
1208 1774 1255 1811 de
1282 1774 1392 1812 vobis
1413 1777 1440 1812 C
1461 1773 1624 1810 dorem?
1650 1773 1723 1811 Sed
1751 1773 1935 1823 quoniam
1967 1773 2125 1824 dignum
2153 1787 2231 1811 non
2259 1782 2334 1821 est,
2355 1774 2464 1826 ipsam

375 1840 470 1881 puto
493 1840 530 1868 et
552 1833 644 1870 mihi
667 1843 709 1870 ut
728 1833 838 1871 vobis
860 1834 1038 1872 suadeam
1063 1843 1186 1871 tutum
1210 1834 1310 1872 duco
1328 1851 1337 1881 3
1355 1844 1393 1872 et

373 1892 485 1929 vobis
500 1893 529 1930 si
546 1895 814 1944 persuadeam,
831 1909 908 1933 non
926 1896 1231 1933 incommodum.
1251 1900 1392 1934 Tenete

376 1953 504 2003 itaque
536 1968 622 1991 meo
652 1956 812 1993 consilio
847 1957 953 2006 quod
985 1957 1144 2003 tenetis,
1175 1965 1325 1994 manete
1355 1957 1392 1993 in

376 2026 454 2062 quo
476 2014 564 2050 estis
578 2044 586 2060 ,
604 2023 642 2051 et
670 2016 819 2052 studete
843 2017 1027 2067 prodesse
1044 2016 1184 2066 quibus
1201 2017 1392 2067 praeestis,

376 2087 447 2110 nec
472 2088 634 2125 praeesse
659 2077 842 2126 refugite,
869 2077 960 2114 dum
990 2078 1172 2127 prodesse
1199 2078 1359 2128 potestis
1383 2093 1390 2115 :

378 2135 466 2184 quia
482 2149 538 2172 vae
560 2136 759 2186 siquidem,
783 2138 812 2174 si
833 2139 1004 2188 praeestis
1025 2147 1061 2175 et
1081 2152 1159 2175 non
1175 2137 1368 2188 prodestis
1386 2153 1394 2183 3

377 2196 442 2233 sed
466 2211 521 2233 νεῖ)
543 2198 708 2246 gravius,
726 2200 815 2249 quia
839 2213 1004 2250 praeesse
1027 2200 1196 2237 metuitis
1218 2208 1254 2236 et
1271 2200 1394 2250 prod-

381 2270 462 2294 esse
480 2258 662 2308 refugitis.
937 2266 943 2271 ”

376 2397 1400 2410 ======================================================================

559 2522 934 2580 EPISTOLA
993 2523 1220 2581 CDLII.

738 2687 784 2708 An
812 2686 1043 2710 ANONYMUM.

537 2797 655 2828 Laudat
671 2798 737 2839 ejus
755 2798 956 2840 prudentiam
973 2804 1003 2829 et
1020 2796 1240 2829 humilitatem.

485 2916 682 2970 Quidquid
703 2918 774 2955 sibi
796 2919 901 2969 cupit
922 2919 1051 2969 gratiae
1069 2919 1289 2969 spiritualis.

431 3040 565 3077 Laudo
583 3041 850 3091 prudentiam,
875 3056 950 3092 qua
972 3043 1205 3080 monachum
1232 3051 1394 3093 propter

373 3101 562 3138 novitium
596 3102 814 3139 contristari
845 3103 1047 3148 timuistis,
1081 3103 1149 3140 sed
1183 3103 1302 3153 magis
1333 3117 1397 3153 ap-

377 3161 502 3212 probo
522 3162 797 3209 humilitatem,
826 3176 900 3213 qua
923 3165 1057 3200 factam
1083 3163 1192 3201 vobis
1219 3162 1399 3213 injuriam

432 3308 442 3323 ¹
464 3302 534 3333 lsai.
565 3314 653 3339 rxmi,
679 3307 708 3333 ΣΞ.

1460 1833 1563 1870 unde
1576 1834 1774 1870 sollicitam
1794 1847 1875 1871 esse
1887 1834 2153 1884 cognovimus,
2166 1833 2308 1871 diutius
2322 1847 2465 1873 manere
2488 1833 2491 1843 ¹

1461 1894 1660 1931 sollicitam
1677 1924 1686 1942 ,
1703 1895 1926 1945 Stephanus
1956 1902 2084 1932 vester
2105 1894 2172 1945 qui
2201 1903 2239 1932 et
2270 1904 2419 1944 noster,
2438 1896 2466 1935 si
2489 1896 2491 1898 ’

1462 1955 1579 2004 digno
1600 1968 1677 1992 suae
1698 1955 2001 1993 conversationis
2025 1955 2134 1992 initia
2156 1956 2231 1993 fine
2259 1957 2467 2007 compleve-

1462 2015 1523 2062 rit,
1534 2015 1564 2053 si
1584 2029 1693 2066 aequa
1713 2030 1799 2054 cum
1816 2016 1940 2067 capite
1957 2016 2166 2055 devotione
2182 2016 2297 2054 etiam
2318 2017 2466 2055 caudam

1461 2076 1596 2113 hostiae
1617 2077 1756 2114 offerre
1780 2077 1980 2127 sategerit,
1997 2077 2259 2115 testimonium
2289 2078 2324 2115 ei
2345 2077 2466 2129 perhi-

1462 2134 1598 2173 bemus
1618 2136 1708 2186 quia
1728 2136 1864 2187 dignos
1885 2135 1996 2173 faciet
2012 2136 2249 2187 poenitentiae
2266 2137 2420 2175 fructus.

1464 2276 1549 2286 mm==
1553 2277 1578 2286 ιι
1582 2277 1606 2286 ==
1610 2277 1622 2286 ι
1626 2277 1665 2286 ιιι
1669 2278 1694 2287 ει
1698 2278 1721 2287 ιι
1727 2277 1942 2287 νιι-νυιικ-ιινιι
1946 2278 1987 2287 mx
1992 2277 2018 2287 νι
2022 2277 2077 2288 tm!
2081 2277 2467 2289 astu—smuzxuunmu

1629 2395 2004 2454 EPISTOLA
2057 2397 2311 2456 CDLIV.

1418 2570 1450 2603 D
1508 2561 1552 2582 AD
1581 2560 1835 2584 MATERTERAM
1860 2560 2118 2584 IMPERATORIS
2137 2559 2388 2584 HISPANIARUM
2406 2545 2434 2583 *n

1467 2687 1612 2715 Fratrum
1631 2684 1660 2714 ei
1679 2682 1827 2726 suffragia
1851 2683 1995 2715 concedit
2007 2708 2014 2722 ‚
2037 2689 2168 2726 oratque
2196 2689 2231 2715 ut
2249 2681 2468 2721 controvers'n,

1512 2749 1582 2780 quae
1599 2739 1680 2770 inter
1693 2749 1766 2770 suos
1779 2745 1810 2770 et
1826 2738 1936 2770 fratres
1953 2738 1993 2770 de
2008 2739 2128 2772 Careda
2144 2745 2228 2778 erat,
2247 2749 2305 2782 per
2318 2738 2470 2782 episcopos

1513 2793 1709 2826 terminetur.

1465 2915 1608 2952 Illustri
1635 2915 1801 2952 dominae
1823 2918 1868 2954 G.
1894 2914 2034 2965 reginae
2061 2923 2099 2952 et
2120 2923 2333 2952 materterae
2356 2914 2470 2964 impe-

1520 2976 1657 3012 ratoris
1675 2976 1963 3026 Hispaniarum,
1986 2979 2215 3013 BERNARDUS
2227 2972 2470 3014 Clarae-Vallis

1519 3045 1677 3075 vocatus
1698 3036 1815 3074 abbas
1829 3065 1839 3083 ,
1863 3037 2023 3074 salutem
2046 3045 2084 3074 et
2104 3037 2308 3074 orationes.

1521 3163 1777 3201 Devotionem
1791 3172 1954 3202 vestram
1967 3177 2014 3201 ex
2029 3164 2214 3202 relatione
2227 3162 2350 3201 fratris
2363 3159 2470 3199 nostri
