2517 3936
38 241 110 279 345

13 311 19 315 ⁸
37 316 190 352 :iumentis
200 340 208 355 ‚
229 327 298 358 quae
313 327 373 348 una
386 327 456 348 cum
470 319 647 350 Innocentii
662 319 771 350 litteris
784 319 815 349 in
829 320 929 351 lucem
943 320 1041 351 edidit

36 378 140 405 noster
156 370 308 402 Acherius
323 371 354 401 in
367 371 429 401 suis
443 370 481 401 ad
497 371 684 402 Guibertuni
701 373 782 403 notis
794 397 801 411 ,
824 384 892 415 pag.
909 377 973 405 828
992 385 1037 415 sq.

89 428 149 457 196
168 425 202 456 C.
222 423 343 455 laborat
357 425 563 463 exstinguere.
580 441 622 445 —
638 428 713 455 llaec
729 436 792 456 non
806 426 946 457 absolute
960 427 1040 458 dicta

37 479 69 512 in
87 481 222 520 Regem,
246 487 338 518 quem
358 476 474 517 alioqui
495 477 622 508 minime
645 478 759 508 malum
783 479 876 509 fuisse
898 486 1039 518 constat;

37 531 90 565 sed
109 530 194 572 quod
210 529 242 560 in
258 530 302 561 eis
321 529 448 572 justitiae
467 530 566 560 zelum
584 531 728 572 persequi
748 531 917 569 rideretur,
935 533 1043 574 primi-

37 584 140 628 genios
157 582 368 615 conversionis
391 588 492 612 motus
514 583 544 613 in
568 584 739 614 Senouensi
758 591 788 615 ct
806 585 971 616 Parisicnsi
988 597 1043 616 an-

37 636 183 670 tistitibus
194 660 202 675 ‚
218 635 305 678 quasi
322 636 354 667 in
370 635 443 678 ipsis
460 646 550 666 novae
565 636 635 667 vitae
649 636 812 667 cunabulis
823 661 830 674 ,
850 638 1045 679 exstinguere

37 690 179 722 volendo.
198 691 350 722 Caeterum
370 700 463 730 quam
483 689 534 730 pie
554 689 625 720 vitae
645 700 806 731 supremus
826 690 891 721 dies
911 692 1046 733 exegerit

37 743 229 780 Ludovicus,
249 742 362 774 docent
381 747 463 772 notae
481 741 512 772 in
531 742 694 783 epistolam
714 745 756 773 413
777 753 784 773 :
803 743 954 785 quidquid
975 745 1045 786 pin-

37 796 200 840 guedinem
231 795 290 838 ipsi
313 795 440 837 objiciat
457 795 611 826 Henricus
630 795 928 834 llunssndoniensis,
949 798 1046 839 811101-

37 849 109 893 legii
126 856 211 882 tomo
231 852 264 881 8.

85 906 147 936 201
171 905 212 934 A.
239 905 417 934 GAUFRIDO
442 902 626 934 Carnotensi
651 901 809 944 episcopo.
827 903 1047 935 —Virtutum

36 956 127 1000 hujus
151 955 256 997 magni
279 955 438 998 praesulis,
459 966 588 997 magnus
607 954 779 985 admirator
797 961 828 986 et
852 966 972 997 preren,
1003 957 1047 988 uti

37 1016 69 1042 et
95 1009 180 1041 testis
205 1009 365 1047 oculatus,
388 1008 566 1040 Bernardus
591 1007 668 1045 fuit,
694 1013 802 1049 utpote
830 1008 883 1049 qui
909 1020 979 1039 cum
1009 1021 1046 1041 eo

37 1062 78 1095 ad
102 1063 189 1094 varia
204 1062 350 1094 Ecclesiae
373 1062 498 1103 negotia
520 1061 714 1093 conficienda
734 1061 846 1103 saepius
863 1062 1047 1094 auctoritate

37 1115 196 1150 Pontificis
223 1115 381 1147 adhibitus
407 1115 476 1147 fuit.
500 1115 582 1146 Vide
609 1114 715 1146 vitam
743 1115 842 1146 sancti
870 1117 1042 1154 Bernardi,

37 1169 120 1202 libro
141 1172 160 1200 2
173 1192 181 1207 ‚
201 1179 293 1211 capp.
315 1172 345 1205 1.
370 1172 388 1200 2
404 1193 412 1206 ,
434 1174 451 1200 6
464 1193 472 1207 ,
492 1175 523 1200 et
542 1168 628 1200 alibi.
651 1168 710 1200 Sed
730 1167 823 1199 fuisse
847 1168 947 1199 virum
974 1181 1046 1201 vere

36 1222 259 1266 apostolicum,
291 1228 322 1253 et
349 1222 501 1254 Bernardi
524 1222 683 1260 moribus,
714 1221 841 1253 affectui
866 1229 896 1253 et
922 1223 1046 1265 ingenio

37 1287 93 1320 per
117 1275 221 1307 omnia
244 1286 369 1318 parem,
396 1276 445 1307 vel
470 1287 509 1307 ex
537 1286 574 1307 eo
602 1282 706 1318 patet,
729 1275 814 1317 quod
836 1275 1047 1309 dulcissimam

37 1329 118 1361 iltius
145 1328 204 1361 sibi
232 1328 367 1360 fateatur
393 1340 460 1360 esse
478 1329 672 1360 memoriam.
693 1331 740 1359 En
765 1328 879 1370 quibus
910 1329 1047 1371 idipsum

38 1383 140 1416 verbis
159 1382 324 1414 ostendat:
345 1397 358 1410 -x
377 1383 456 1421 Sed,
473 1393 491 1414 o
511 1382 587 1413 mihi
604 1382 706 1413 locum
724 1392 850 1412 suavem
862 1406 869 1420 ‚
891 1397 907 1408 »
924 1382 1023 1424 inquit
1037 1408 1044 1422 ,

38 1451 52 1465 α
72 1436 126 1468 ubi
141 1435 252 1467 incidit
263 1436 385 1467 occasio
398 1435 611 1480 memorandi,
629 1441 659 1466 et
673 1435 857 1466 nomjnandi
873 1435 1048 1467 suavissimi

39 1505 52 1518 a·
71 1489 175 1521 odoris
192 1489 311 1528 virum,
331 1490 514 1532 episcopum
534 1489 647 1531 loquor
667 1488 855 1520 Gaufridum
874 1491 1046 1521 Carnoten-

38 1558 54 1571 n
72 1553 156 1582 sem,
186 1542 240 1584 qui
267 1543 455 1584 legationem
480 1543 513 1574 in
537 1542 681 1585 partibus
705 1542 884 1584 Aquitaniae
912 1544 1048 1585 propriis

39 1610 53 1624 ι
71 1595 247 1638 sumptibus
269 1595 515 1634 administravit;
543 1596 638 1638 idque
654 1607 752 1627 annos
768 1596 884 1638 plures.
904 1600 984 1628 Rem
1003 1598 1048 1628 lo-

38 1664 52 1678 n
71 1660 161 1692 quor,
181 1660 276 1691 quam
292 1649 356 1680 vidi
372 1650 457 1692 ipse,
478 1665 493 1677 n
508 1655 567 1682 etc.
590 1649 629 1681 de
651 1649 922 1687 Consideratione,
940 1650 993 1681 lib.
1012 1653 1045 1689 4,

36 1713 104 1746 cap.
123 1707 154 1742 5,
171 1702 224 1734 ubi
237 1703 339 1745 legere
354 1709 417 1740 est,
432 1714 527 1745 quam
539 1709 719 1734 constanter
732 1709 761 1735 et
779 1713 928 1745 generose
944 1703 1049 1736 oblata

35 1756 96 1788 sibi
122 1766 253 1787 munera
277 1756 478 1795 refutaverit,
497 1763 529 1788 et
552 1757 666 1798 quibus
695 1756 809 1788 exinde
837 1757 1002 1798 praeconiis
1031 1769 1049 1789 a

37 1809 197 1841 Bel-nardo
222 1809 408 1842 celebretur.
427 1809 511 1841 Vide
536 1810 631 1841 etiam
654 1813 781 1842 Petrum
806 1809 953 1841 abbatem
979 1812 1050 1843 Clu-

36 1862 231 1901 niacensem,
250 1863 306 1895 lib.
325 1866 342 1894 4
356 1887 364 1902 ,
383 1863 472 1906 epist.
491 1865 532 1895 43
545 1887 553 1902 ‚
575 1863 630 1894 ubi
648 1863 754 1895 videre
771 1869 834 1901 est,
855 1864 962 1905 quanti
977 1875 1048 1895 eum

37 1915 148 1955 faciat3
179 1915 438 1948 sarisberiensem
450 1941 458 1955 ‚
488 1917 673 1959 Polycratici
698 1917 778 1948 libro
811 1922 827 1948 ἡ
841 1941 849 1955 ,
878 1928 947 1960 cap.
981 1922 1018 1949 15
1035 1930 1041 1957 ;

37 1970 167 2011 Henriq.
186 1970 220 2001 iu
232 1970 393 2012 Menolog.
416 1973 427 2001 1
449 1969 530 2001 febr.
548 1970 637 2002 Idem
654 1971 687 2002 in
701 1970 816 2002 Fascic-
834 1970 889 2002 lib.
912 1975 930 2002 2
944 1996 951 2009 ,
969 1971 1042 2003 dist.

41 2025 96 2062 10,
111 2034 180 2066 cap.
203 2027 257 2062 12,
273 2034 291 2055 0
309 2029 393 2055 coetu
407 2024 659 2056 Cisterciensium
672 2030 864 2066 assumptum
883 2024 923 2055 ad
939 2024 1045 2056 cathe-

37 2076 125 2108 dram
146 2079 370 2109 Carnotensem
389 2083 528 2109 testatur.
545 2077 628 2109 vide
641 2077 735 2108 etiam
752 2077 940 2115 Baronium,
960 2084 1045 2108 tomo

42 2133 101 2169 12,
131 2141 215 2162 anno
244 2133 331 2162 1135
358 2137 389 2162 et
413 2131 501 2168 aliis,
530 2130 584 2162 ubi
608 2131 771 2173 complura
796 2131 834 2162 de
861 2131 928 2173 ipso
952 2130 1047 2162 refert

37 2194 163 2226 prorsus
179 2184 320 2215 illustria.
339 2186 429 2216 Certe
448 2184 480 2215 in
494 2185 568 2216 Vita
588 2184 749 2215 Guillelmi
769 2184 856 2215 ducis
869 2184 1046 2226 Aquitaniae

38 2236 150 2268 dicitur
165 2253 181 2264 κ
197 2237 247 2268 vir
267 2238 376 2280 plenus
403 2237 514 2279 spiritu
531 2237 652 2269 consilii
674 2243 705 2268 et
727 2237 929 2268 fortitudinis.
950 2253 962 2264 υ
985 2237 1046 2268 Sed

39 2290 128 2321 unius
146 2291 298 2322 Bel-nardi
326 2290 462 2332 elogium
480 2290 572 2322 nobis
597 2297 643 2321 est
669 2290 766 2322 instar
790 2291 941 2321 omnium.
964 2290 1046 2321 Vide

38 2343 106 2375 loca
129 2354 225 2386 supra
249 2345 354 2376 citata.
378 2344 466 2376 Obiit
491 2343 661 2376 Gaufridus
689 2355 773 2376 anno
797 2347 883 2376 1138
899 2369 906 2383 ,
935 2351 1045 2375 octavo

39 2395 186 2429 kalendas
203 2397 387 2429 februarias.

87 2453 148 2482 201
172 2453 212 2482 D.
224 2452 402 2482 meruerim.
415 2469 459 2473 -—
469 2451 594 2482 Illustre
612 2451 762 2483 Norherti
780 2451 915 2493 elogium
929 2462 945 2482 a
960 2458 1046 2482 tanto

38 2501 105 2533 viro
122 2513 130 2534 :
149 2503 205 2534 sed
220 2514 285 2534 non
301 2503 404 2534 minus
425 2503 553 2546 insignis
574 2515 680 2535 rerum
702 2503 879 2536 divinarum
902 2504 1046 2535 discretio

31 2554 70 2587 ‘in
83 2556 242 2587 Bernardo
253 2580 261 2594 ‚
287 2556 341 2598 qui
357 2567 422 2587 non
436 2556 526 2588 facile
539 2557 700 2598 quibusvis
715 2558 774 2600 piis
789 2557 1048 2588 illustrationibus

38 2608 131 2641 fidem
147 2609 423 2649 accommodabat,
443 2621 481 2641 ex
497 2610 628 2652 epistola
649 2613 713 2643 174
725 2636 733 2650 ,
759 2622 791 2642 n.
818 2615 849 2642 6.
872 2611 1048 2642 Norbertus

35 2661 98 2704 jam
111 2674 206 2705 supra
218 2663 362 2694 laudatus
374 2663 408 2694 in
420 2664 553 2706 epistola
566 2667 609 2696 38
620 2671 731 2696 auctor
744 2663 1048 2696 Praemonstratensis

38 2715 183 2755 Ordinis,
204 2726 262 2759 per
286 2716 395 2758 viginti
413 2727 512 2748 annos
536 2717 570 2747 in
587 2717 729 2749 abbatias
749 2728 830 2760 pene
852 2717 1048 2759 septuaginta

37 2768 184 2807 adolevit,
196 2775 274 2801 teste
289 2770 459 2801 Laurentio
477 2770 653 2808 Leodiensi,
668 2770 701 2802 in
715 2770 870 2812 Spicilegii
885 2776 969 2801 tomo
992 2773 1045 2807 12,

36 2831 108 2864 pag.
126 2825 206 2854 325.
222 2822 308 2854 Vide
323 2823 487 2865 epistolam
505 2826 585 2856 253.

76 2878 150 2909 *202
177 2877 219 2907 A.
241 2881 429 2918 protestatus
451 2882 507 2908 est.
524 2895 565 2899 —
581 2880 655 2909 Non
677 2876 837 2909 Norberto
854 2876 972 2912 solum,
994 2874 1049 2906 sed

37 2929 140 2960 multis
155 2929 368 2971 antiquiorum
385 2933 513 2961 Patrum
538 2930 586 2973 (ut
609 2931 648 2962 de
670 2929 898 2961 recentioribus
914 2928 1047 2969 taceam)

33 2991 216 3023 persuasum
240 2982 374 3015 subinde
400 2983 479 3022 fuit,
507 2995 573 3026 prae
597 2984 717 3015 foribus
743 2982 990 3018 Antichristnm,
1018 2987 1049 3012 et

37 3041 210 3067 extremum
226 3037 336 3068 mundi
353 3037 437 3068 diem
453 3037 561 3069 adesse
581 3048 590 3069 :
608 3037 654 3069 uti
676 3037 782 3068 videre
799 3042 845 3067 est
861 3034 945 3077 apud
972 3035 1048 3065 Hie-

37 3097 213 3132 ronymum,
226 3093 363 3121 Leonem
376 3101 503 3133 papam,
519 3091 708 3133 Gregorium
721 3093 884 3131 Magnum,
902 3094 931 3119 et
945 3087 1047 3129 ipsum

37 3142 69 3172 S.
83 3143 302 3184 Augustinum.
319 3146 442 3186 Nempe
458 3155 497 3176 ex
515 3151 693 3186 temporum
712 3143 886 3184 iniquitate,
907 3147 935 3171 et
954 3140 1048 3181 signis

39 3194 149 3225 mundi'
172 3195 268 3227 finem
293 3197 509 3239 praecessuris,
529 3208 548 3228 a
568 3197 692 3229 Christo
718 3194 892 3238 praedictis,
913 3203 1047 3234 quorum

38 3246 185 3290 pleraque
196 3249 263 3291 jam
276 3255 341 3280 tum
358 3250 553 3292 apparebant
564 3275 572 3287 ,
590 3251 623 3281 id
636 3250 695 3281 sibi
708 3249 792 3280 haud
806 3258 885 3278 vane
901 3246 1044 3287 colligere

39 3298 96 3331 visi
111 3307 192 3333 sunt.
210 3305 250 3333 Et
265 3309 300 3334 ut
315 3313 380 3334 rem
399 3304 492 3345 paulo
512 3304 604 3335 altius
621 3310 798 3345 repetamus
810 3326 817 3339 ,
834 3301 898 3342 jam
915 3299 988 3330 inde
1005 3298 1045 3329 ab

39 3353 259 3395 Apostolorum
284 3356 478 3398 temporibus
493 3357 580 3387 varia
596 3367 719 3398 semper
736 3356 859 3386 fuerunt
876 3353 1044 3383 multorum

41 3403 78 3436 de
103 3407 294 3440 Antichristo
318 3415 349 3440 et
373 3409 435 3441 line
458 3409 567 3440 mundi
589 3408 724 3450 judicia,
749 3408 950 3448 conjecturu·,
975 3403 1042 3446 opi-

516 241 785 277 LECTIONES
814 242 1092 277 VARIANTES
1122 243 1181 277 ΕΤ
1213 245 1355 280 ΝΟῚἈἘ
1386 247 1630 281 Ftlslontis.

2033 254 2107 288 Str.

1107 320 1215 351 nioncs
1227 345 1234 358 ‚
1254 321 1408 352 vaticinia.
1427 321 1604 363 Philosophi
1620 323 1756 364 pli-iique
1771 331 1797 355 ct
1816 327 1984 356 astronomi
1999 352 2005 360 ,
2022 340 2108 357 ‹mu-

1107 373 1210 413 plurcs
1230 374 1321 403 0113111
1341 374 1541 415 111111(151(11·1’5,
1565 376 1702 405 ludiones·
1723 383 1750 405 (Ἰ
1774 377 1874 417 110ςί1(
1888 379 1989 414 intuli,
2010 379 2046 408 lm
2059 391 2089 408 11Δ

1107 425 1158 456 tici
1188 426 1260 456 item
1289 432 1319 457 ct
1357 426 1479 457 l'auatici
1509 427 1633 468 (1111113111
1662 428 1711 458 11Ξο
1744 436 1825 459 iuti-s·
1852 442 1934 466 csse,
1967 438 1992 460 01
2035 432 2111 461 ulli-i

1108 485 1235 509 caeteros
1256 480 1431 509 mortalium
1457 491 1564 521 sapt-ic
1586 481 1681 510 rideri
1702 482 1859 511 tulin-runt
1874 506 1880 517 ,
1908 482 1958 512 scd
1979 494 2109 523 ‹pun-um

1110 531 1254 562 vaticinia
1270 532 1417 573 pleraque
1430 532 1494 573 jam
1511 533 1597 563 clusit
1620 540 1747 563 viculus
1759 558 1766 569 ,
1787 539 1813 563 rt
1837 540 1920 563 xatcs
1937 535 2007 564 istos
2027 537 2110 565 13111-

1110 583 1181 614 tatis
1198 590 1226 614 et
1247 583 1386 614 salsitatis
1402 584 1545 615 conxicit.
1562 585 1692 625 Reliqua
1716 585 1797 615 haud
1815 586 1908 615 dubio
1922 610 1929 623 ,
1949 598 2015 626 qua·
2032 587 2111 616 111111-

1111 646 1179 666 rum
1195 643 1315 678 tempus
1332 637 1498 667 etiaumum
1514 637 1698 678 respiciunt,
1715 638 1855 668 ,5131111101-
1869 650 1998 679 sequeus
2012 639 2112 670 cludi-1

1112 694 1202 726 3-135,
1227 695 1258 720 ut
1279 696 1382 731 pateat
1411 701 1504 731 (1113111
1526 701 1596 720 1010,
1624 690 1738 721 (lictum
1769 691 1804 721 sit
1832 694 1900 721 Act.
1929 703 1957 728 1,
1979 695 2010 728 7,
2039 694 2110 721 Nun

1113 751 1157 774 es!
1192 750 1320 772 restrum
1349 754 1441 773 nosse
1470 751 1610 786 tempora
1647 743 1694 774 rel
1723 752 1898 780 minimuum
1930 745 2002 775 110111
2029 745 2110 786 apud

1112 796 1227 827 Matlh.
1246 808 1341 832 xxiv,
1374 800 1430 835 30,
1456 800 1502 826 Dc
1521 795 1570 827 die
1589 803 1690 827 aulem
1710 797 1764 827 illa
1784 805 1811 827 et
1832 797 1910 827 lun-a
1936 810 2023 828 nemo
2040 799 2107 829 scit.

1112 852 1184 881 Non
1210 849 1267 880 crit
1298 849 1499 890 injucundum
1521 849 1659 887 Lectori,
1679 850 1703 880 si
1722 861 1758 880 cx
1780 850 1918 892 plurimis
1945 862 2111 892 paucorum

1112 903 1253 944 exempla
1273 902 1452 933 referamus.
1472 906 1507 933 lu
1526 902 1631 944 primis
1649 903 1704 944 ipsi
1730 903 2017 935 Thessalonicenses
2033 906 2111 935 maie

1112 955 1276 986 intellectis
1290 956 1431 997 Apostoli
1446 955 1546 986 wrbis
1559 980 1566 993 ,
1588 960 1599 986 Ι
1618 955 1757 987 llwssul.
1779 968 1822 992 iv,
1848 960 1898 993 10,
1916 955 2037 987 Deinde
2055 969 2111 987 nas

1111 1009 1164 1053 qui
1186 1008 1338 1045 Τἱι-ιήιιιε,
1364 1009 1416 1052 qul
1440 1008 1651 1052 relinquimur,
1671 1007 1764 1038 simul
1783 1010 1938 1052 rapiemur·
1955 1021 2020 1039 cum
2049 1009 2111 1040 illss

1111 1062 1143 1092 in
1168 1060 1298 1092 nubibas
1317 1060 1438 1093 obviam
1467 1061 1590 1092 Cla-isto
1614 1062 1644 1091 ite
1664 1074 1757 1097 (zera,
1778 1068 1809 1091 et
1833 1062 1877 1092 sic
1902 1074 2022 1106 semper
2043 1075 2108 1093 cum

1112 1116 1181 1145 Deo
1196 1116 1330 1152 erinms;
1344 1127 1415 1146 mox
1430 1116 1510 1146 diem
1526 1115 1630 1145 muudi
1645 1126 1821 1157 supremum
1836 1114 1942 1145 adfore
1956 1116 2012 1146 rati
2027 1123 2107 1147 suut.

1112 1168 1169 1198 His
1186 1179 1258 1209 ergo
1277 1169 1317 1199 ab
1337 1169 1394 1200 1130
1414 1161 1758 1210 opinione·revocandis
1775 1168 1902 1198 alteram
1922 1168 1960 1198 ad
1978 1168 2109 1199 ’1110553-

1112 1221 1283 1253 lonicenses
1302 1222 1471 1263 Epistulam
1498 1221 1632 1252 scribere
1650 1232 1772 1251 11000550
1792 1220 1918 1258 habuit,
1940 1227 2015 1251 teste
2036 1222 2110 1252 llic—

1112 1285 1243 1317 1’0nynio
1254 1299 1261 1313 ,
1279 1276 1368 1317 epist.
1384 1275 1422 1306 ad
1436 1274 1746 1306 Mi11criumetAlcx.
1759 1274 1934 1304 Lactantius
1947 1274 2112 1305 arbitratus

1112 1334 1158 1360 est
1177 1339 1259 1359 auno
1290 1333 1355 1360 'oOO
1384 1339 1402 1359 a
1427 1328 1550 1359 Christo
1577 1327 1793 1358 exterminium
1819 1326 1926 1356 mundi
1952 1326 2107 1363 futurum,

1113 1382 1186 1413 Div.
1214 1385 1290 1412 Inst.
1320 1381 1400 1412 libro
1423 1384 1451 1418 1,
1476 1391 1544 1422 cap.
1570 1384 1623 1411 25.
1652 1379 1712 1409 Alii
1732 1378 1885 1409 durationi
1913 1378 2017 1409 mundi
2043 1386 2111 1420 post

1113 1434 1270 1466 Christum
1288 1434 1372 1465 mille
1388 1444 1485 1464 annos
1506 1433 1705 1475 praesixernnt
1718 1456 1725 1469 ,
1745 1431 1896 1463 chiliasiw
1911 1431 1985 1461 dicti
1999 1441 2005 1461 2
2021 1431 2112 1472 idque

1113 1499 1150 1519 ex
1167 1488 1270 1519 Yerbis
1287 1491 1319 1519 S.
1342 1486 1472 1518 Joanuis
1484 1511 1491 1524 ,
1514 1490 1611 1528 Apoc.
1631 1498 1675 1515 xx
1687 1509 1694 1522 ,
1717 1488 1749 1522 7,
1767 1486 1807 1514 ΕΙ
1826 1496 1892 1514 cum
1911 1485 2115 1514 consummaui

1110 1540 1233 1581 fuerint
1261 1539 1344 1571 mille
1373 1540 1469 1576 almi,
1502 1538 1638 1569 solrclar
1660 1544 1788 1567 satanas
1821 1535 1859 1566 tle
1893 1548 2018 1566 carcere
2042 1548 2110 1567 sm).

1114 1594 1285 1636 Episcopus
1312 1592 1437 1634 quidam
1464 1591 1660 1622 Florentinus
1687 1589 1860 1626 asserebat,
1890 1588 2114 1621 Antichristum

1114 1654 1222 1679 natum
1236 1658 1318 1677 311110
1339 1650 1348 1677 l
1362 1649 1437 1677 101..
1452 1646 1533 1676 Vide,
1547 1645 1624 1676 Plat.
1640 1644 1669 1674 in
1685 1643 1830 1674 Paschale
1844 1646 1882 1673 11.
1901 1647 2006 1673 l'etrus
2019 1646 2111 1674 Joan.

1114 1701 1323 1743 Beguinarum
1351 1706 1381 1731 et
1407 1699 1616 1741 Begardorum
1645 1697 1788 1738 princeps
1816 1695 2005 1730 affirmabat,
2032 1707 2113 1726 anno

1118 1758 1203 1787 1335)
1239 1753 1422 1785 Antichristi
1452 1762 1580 1793 regnum
1611 1750 1791 1781 finiendum.
1819 1752 1884 1779 Jos.
1912 1759 1929 1779 a
1955 1751 2045 1779 Costa
2076 1749 2114 1780 de

1115 1811 1226 1850 Temp.
1242 1807 1358 1838 noviss.
1372 1807 1529 1848 Hispanus
1543 1804 1667 1846 quidam
1679 1828 1686 1840 ‚
1707 1802 1831 1833 nomine
1849 1802 2004 1832 Arnoldus
2015 1826 2022 1839 ,
2038 1808 2115 1833 teste

1113 1861 1317 1893 Florimundo
1329 1885 1336 1898 ‚
1356 1861 1389 1891 in
1407 1870 1523 1890 annum
1546 1860 1632 1889 1345
1651 1855 1832 1888 Antichristi
1850 1861 1969 1896 tempus
1988 1855 2089 1886 retulit
2105 1879 2112 1891 ,

1115 1915 1202 1956 cujus
1221 1914 1335 1945 scilicet
1358 1913 1432 1944 anni
1455 1913 1521 1954 ipso
1539 1911 1588 1941 die
1606 1914 1800 1941 Pentecostes
1823 1907 2003 1938 Antichristi
2026 1908 2115 1938 disci-

1115 1968 1181 2009 puli
1202 1973 1303 1998 essent
1329 1965 1494 2008 prodituri.
1514 1963 1620 1995 Abbas
1642 1961 1785 1994 Joachim
1806 1960 2001 1992 existimabat
2026 1960 2116 1991 Anti-

1115 2020 1265 2052 christum
1281 2020 1361 2051 intra
1373 2018 1532 2060 sexaginta
1549 2027 1646 2047 annos
1660 2027 1677 2046 a
1691 2026 1745 2046 suo
1763 2021 1901 2056 tempore
1918 2013 2092 2044 adfuturum
2106 2026 2113 2051 3

1116 2074 1193 2105 vixit
1215 2080 1318 2105 autem
1340 2073 1421 2104 circa
1443 2082 1559 2102 annum
1582 2073 1680 2100 1200.
1700 2072 1808 2100 Petrus
1825 2067 1863 2098 de
1880 2067 1999 2098 Alliaco
2017 2067 2117 2097 cardi-

1116 2128 1194 2159 nalis
1215 2134 1244 2159 et
1264 2128 1426 2169 episcopus
1442 2123 1670 2157 Cameracensis
1683 2147 1690 2160 ,
1712 2133 1749 2153 ex
1767 2120 1978 2152 astronomicis
1998 2120 2117 2151 indiciis

1117 2188 1147 2213 et
1169 2180 1438 2213 observationibus
1456 2177 1617 2221 praedixit,
1639 2175 1865 2207 Antichristum
1887 2184 1968 2204 anno
1991 2174 2115 2203 Domini

1121 2238 1207 2267 1789
1230 2235 1432 2266 exoriturum.
1450 2232 1596 2264 Nicotaus
1615 2232 1754 2261 Cusanus
1776 2239 1839 2258 non
1865 2226 2017 2257 dubitavit
2036 2237 2114 2256 asse-

1116 2299 1202 2326 rere,
1223 2287 1408 2320 Antichristi
1431 2286 1598 2317 adventum
1625 2282 1762 2313 futurum
1787 2292 1869 2311 anno
1889 2279 2001 2311 Christi
2030 2282 2116 2310 1700

1117 2342 1165 2373 vel
1187 2344 1284 2373 1734.
1301 2345 1438 2373 Joannes
1458 2339 1546 2370 Picus
1566 2336 1752 2368 Mirandulze
1771 2334 1912 2376 princeps
1926 2357 1933 2370 ‚
1958 2332 1990 2362 in
2006 2335 2114 2364 Asser-

1116 2394 1263 2431 tionibus,
1284 2394 1382 2425 concl.
1408 2396 1440 2429 9,
1457 2390 1635 2422 adfuturum
1649 2387 1773 2428 conjicit
1790 2385 2013 2417 Antichristum
2033 2395 2115 2415 anno

1116 2447 1269 2490 redempti
1292 2446 1376 2477 orbis
1406 2446 1501 2476 1994.
1529 2442 1737 2483 Hieronymus
1759 2440 1898 2475 Cardan,
1929 2438 1967 2469 de
1994 2438 2112 2467 Yariet.

1117 2502 1196 2532 libro
1213 2506 1229 2532 ‘2
1242 2526 1249 2538 ‚
1268 2511 1336 2542 cap.
1359 2503 1376 2530 2
1389 2522 1396 2534 ,
1410 2504 1439 2529 et
1453 2496 1563 2528 Jacob.
1581 2494 1724 2526 Naclani.
1742 2493 1773 2523 in
1796 2491 1927 2523 Frzrlud.
1943 2490 2088 2521 Medullae
2102 2513 2110 2526 ‚

1117 2566 1185 2597 cap.
1206 2557 1224 2586 4
1236 2578 1243 2590 ,
1260 2552 1476 2585 existimabant
1494 2555 1657 2581 venturum
1674 2546 1895 2577 Antichristum
1911 2554 1992 2574 anno
2014 2546 2111 2574 1800.

1117 2608 1276 2650 Superiori
1288 2606 1399 2638 saeculo
1410 2629 1417 2643 ‚
1433 2604 1535 2635 nescio
1549 2612 1610 2643 qua
1624 2598 1809 2631 vaticinandi
1823 2596 1996 2639 prurigine,
2012 2596 2115 2637 plures

1117 2668 1182 2693 tum
1208 2659 1372 2701 astrologi,
1392 2665 1457 2689 tum
1476 2653 1675 2691 heterodoxi,
1695 2658 1815 2693 tempus
1836 2648 1989 2680 interituri
2008 2647 2115 2678 mundi

1117 2714 1339 2757 praedicentes,
1358 2711 1495 2743 fabulam
1519 2715 1548 2739 et
1574 2707 1669 2738 risum
1694 2704 1809 2735 mundo
1834 2702 2001 2733 etiamnum
2024 2700 2115 2731 stanti

1117 2768 1328 2811 praebuerunt.
1351 2769 1489 2797 Joannes
1512 2761 1775 2802 Regiomontanus
1789 2781 1796 2794 ,
1815 2766 1943 2796 magnus
1959 2754 2033 2784 alias
2050 2763 2115 2783 ma-v

1117 2821 1300 2854 thematicus
1312 2844 1319 2858 ‚
1339 2828 1420 2850 anno
1437 2828 1455 2848 a
1471 2820 1561 2858 partu
1580 2811 1716 2854 Virginis
1742 2808 1962 2850 Prognosticon
1980 2807 2017 2837 de
2035 2816 2116 2836 anno

1123 2878 1208 2907 1588
1227 2880 1374 2914 tanquam
1391 2869 1507 2901 mundo
1525 2867 1608 2898 fatali
1626 2864 1732 2896 edidit.
1751 2862 1867 2894 Similia
1884 2863 2021 2892 Joannes
2037 2858 2118 2890 stof-

1119 2929 1211 2960 sserus
1223 2952 1231 2965 ,
1251 2933 1281 2958 et
1298 2927 1363 2967 ipse
1384 2922 1510 2964 insignis
1526 2920 1707 2960 astrologus.
1726 2921 1803 2947 Item
1826 2914 1980 2946 Henricus
1997 2916 2119 2969 Rauso-

1119 2983 1185 3013 x‘ius
1202 2980 1314 3011 nobilis
1326 2982 1446 3014 Danus,
1463 2976 1494 3006 in
1508 2984 1563 3004 suo
1582 2973 1621 3004 de
1636 2971 1734 3003 Annis
1747 2970 1914 3000 climacter.
1930 2973 1958 2997 et
1975 2966 2118 3007 irnperio-

1118 3045 1188 3066 rum
1204 3031 1340 3074 periodis
1358 3030 1452 3060 libro.
1470 3027 1521 3059 Sic
1538 3027 1642 3068 plures
1659 3022 1828 3055 astronomi
1842 3046 1849 3059 ‚
1867 3020 1941 3050 dum
1956 3019 2118 3049 voluerunt

1119 3099 1156 3119 ex
1186 3086 1322 3117 siderum
1341 3089 1446 3119 motu,
1468 3077 1758 3121 conjunctionibus,
1780 3081 1810 3106 et
1835 3073 1926 3104 variis
1948 3069 2118 3112 aspectibus

1117 3141 1220 3172 futura
1240 3136 1466 3180 przelnlntiare,
1487 3143 1555 3174 (pue
1580 3142 1667 3162 mero
1698 3129 1756 3160 Dei
1781 3128 1909 3159 subsunt
1934 3123 2060 3155 arbitrio
2089 3128 2118 3152 et

1117 3190 1354 3233 gubernationi,
1378 3188 1434 3219 toti
1457 3198 1489 3218 se
1508 3184 1624 3216 mundo
1648 3183 1794 3214 ridiculos
1814 3179 2022 3222 pricbuerunt.
2041 3177 2116 3230 Ere-

1118 3227 1226 3287 iiitque
1243 3244 1320 3280 illis,
1343 3240 1427 3283 quod
1444 3243 1476 3271 S.
1494 3239 1631 3270 Thomas
1645 3236 1676 3266 in
1697 3239 1715 3266 4
1728 3259 1736 3273 ‚
1755 3233 1888 3265 distinct.
1906 3232 1945 3261 44
1959 3253 1966 3266 ‚
1983 3226 2087 3258 scribit
2106 3236 2113 3255 -·

1119 3315 1131 3327 α
1155 3303 1291 3334 Omnes,
1326 3310 1338 3321 υ
1367 3294 1427 3332 ait,
1459 3308 1472 3319 α
1500 3291 1552 3332 (1111
1579 3297 1697 3330 1011111115
1722 3286 1901 3328 praedictum
1926 3277 2116 3311 numerando

1120 3369 1133 3379 n
1152 3352 1317 3382 voluerunt
1329 3346 1538 3391 praenuntiare
1549 3368 1556 3381 ‚
1573 3343 1647 3374 salso
1662 3340 1745 3381 loqui
1760 3339 1806 3369 inx
1814 3335 1875 3367 enti
1889 3340 1956 3365 sunt
1966 3356 1973 3369 ‚
1985 3340 2115 3372 quorum

1118 3423 1130 3433 ‚‚
1152 3405 1267 3436 falsitas
1284 3403 1347 3444 jam
1366 3406 1466 3443 patet,
1488 3404 1515 3429 et
1539 3395 1678 3427 similiter
1698 3390 1813 3434 patebit
1831 3387 1944 3417 salsitas
1967 3384 2086 3414 illorum
2106 3400 2113 3413 ‚
