2517 3920
299 221 397 259 1459
1068 227 1103 261 S.
1135 227 1389 261 BERNARDI
1420 227 1621 262 ABBATIS
2285 232 2381 269 1460

291 309 382 344 tium
405 308 443 344 iu
475 306 642 344 tenebris
663 315 701 344 et
720 307 858 345 umbra
885 308 1032 346 mortis.
1059 312 1166 359 Opus
1195 302 1502 360 aeque⁶⁵⁴Ipsum
1523 305 1728 354 interroga.
1752 304 1843 341 Mihi
1862 304 1957 341 scire
1978 305 2066 342 licet
2087 306 2192 355 quod
2212 306 2263 344 ita
2285 323 2292 344 :
2315 322 2382 346 cur

290 376 465 405 nostrum]
482 396 491 412 ‚
516 376 555 404 et
576 368 646 404 Dei
676 368 813 418 ipsius,
836 377 874 405 et
895 378 1114 406 sanctorum
1135 371 1304 419 AssgGlO-
1323 363 1353 396 A
1374 364 1425 400 lta
1439 393 1448 410 ,
1472 378 1550 401 non
1573 365 1672 401 licet.
1694 365 1890 414 Numquid
1912 365 2003 402 (llClt
2024 367 2245 416 figmentuln
2263 368 2298 405 el
2317 370 2382 419 qu
2400 362 2403 363 γ

288 442 387 466 rum.
425 432 625 472 Nostrum,
644 438 684 466 ut
718 430 883 466 auferret
909 429 1044 480 jugum
1077 431 1304 480 captivitatis
1372 437 1410 460 SC
1433 424 1555 470 fiflXita
1578 424 1680 471 Quid
1703 437 1762 460 ¹1³0
1782 425 1924 461 sfflXiSti
1942 425 2020 461 Sic?

289 498 429 525 nostrae
451 503 458 525 :
481 502 614 536 suum,
638 497 680 526 ut
706 489 932 540 impleretur
952 491 1198 540 propositum
1229 505 1303 528 vo-

288 549 446 586 luntatis
475 549 558 598 ejus
579 564 586 586 :
609 551 869 599 Angelorum,
897 559 937 587 ut
960 563 1142 588 numerus
1168 551 1304 602 imple-

290 618 396 646 retur
413 623 559 646 eorum.
583 614 704 647 Porro
727 611 822 647 ratio
844 609 956 659 hujus
978 611 1063 647 facti
1081 611 1151 647 fuit
1169 611 1304 661 digna—

291 670 344 706 tio
364 670 547 707 facientis.
568 671 660 719 Quis
677 679 788 720 negat
804 671 1071 721 Omnipotenti
1088 671 1134 707 ad
1152 684 1307 708 manum

294 729 407 766 fuisse
435 730 529 766 alios
556 738 592 766 et
619 731 711 767 alios
737 730 871 767 modos
900 739 1041 767 nostrae
1072 731 1309 781 redemptio-

291 789 350 826 nis
365 818 374 835 ‚
389 789 690 838 justificationis,
706 789 1116 827 liberationiSPVerum
1136 791 1209 827 hoc
1230 804 1308 827 non

293 847 519 898 praejudicat
539 847 671 897 hujus,
689 861 804 897 quem
828 862 848 884 e
873 849 1001 884 multis
1019 849 1154 898 elegit,
1176 850 1307 886 effica-

292 907 370 944 ciae.
392 910 441 944 Et
463 908 621 944 fortasse
643 908 672 943 is
699 915 868 957 praestat,
894 921 964 957 per
993 921 1107 957 quem
1136 909 1173 945 in
1207 917 1309 945 terra

291 966 516 1012 oblivionis,
560 967 797 1016 gravedinis,
838 967 967 1017 lapsus
1001 968 1144 1015 nostri,
1183 977 1239 1006 tot
1272 977 1310 1005 et

293 1028 405 1063 tantis
436 1026 722 1076 gravaminibus
752 1028 1000 1078 Reparatoris
1028 1029 1165 1066 fortius
1192 1038 1229 1066 et
1250 1030 1310 1066 vi—

1427 484 1488 520 21.
1514 484 1586 520 Sed
1603 484 1682 520 haec
1703 484 1863 521 stultitia
1887 485 1921 521 ei
1939 485 2143 522 videntur:
2164 499 2243 523 non
2260 496 2385 537 potest

1373 554 1502 582 tenere
1524 545 1654 582 risum.
1679 545 1819 582 Audite
1844 545 2063 584 cachinnos.
2088 564 2102 579 «
2121 547 2349 595 Quomodo,
2370 566 2384 582 υ

1372 605 1472 652 ait*,
1496 605 1727 655 «justificari
1755 619 1825 642 nos
1856 607 1915 643 vel
1943 607 2182 644 reconciliari
2208 611 2292 645 Deo
2314 622 2385 659 per

1378 682 1392 698 »
1413 674 1573 703 mortem
1593 666 1679 704 Filii
1704 665 1787 715 ejus
1816 666 1906 703 dicit
1931 667 2159 716 Apostolus,
2183 667 2248 717 qui
2280 676 2386 705 tanto

1377 727 1574 776 »amplius
1616 727 1798 764 adversus
1833 727 2029 763 hominem
2069 727 2180 764 irasci
2225 726 2384 775 debuit,

1379 805 1392 819 υ
1411 795 1555 836 quanto
1581 788 1743 837 amplius
1772 788 1948 825 homines
1976 788 2015 824 in
2046 788 2306 837 crucifigendo
2325 789 2387 827 Fi-

1378 848 1502 884 »lium
1532 862 1641 884 suum
1678 848 1943 898 deliquerunt,
1973 862 2087 898 quam
2118 849 2158 885 in
2189 857 2387 898 transgre-

1378 922 1392 939 υ
1414 906 1554 943 diendo
1575 907 1744 957 primum
1777 907 1858 957 ejus
1884 916 2122 958 pracceptum
2145 908 2259 945 unius
2284 909 2388 958 pomi

1378 984 1392 999 n
1411 969 1552 1016 gustu?
1571 984 1585 1000 »
1611 968 1726 1016 Quasi
1756 981 1834 1005 non
1859 969 2030 1018 potuerit
2049 973 2132 1006 Deo
2152 969 2191 1005 in
2213 982 2294 1006 uno
2320 982 2389 1006 eo-

1377 1025 1542 1076 demque
1567 1028 1665 1064 facto
1686 1036 1724 1064 et
1749 1028 1951 1078 displicere
1978 1028 2159 1078 iniquitas
2182 1029 2391 1079 malignan-

293 1086 421 1123 vacius
442 1086 751 1124 admoneremur.
772 1088 873 1125 Alias
893 1097 1021 1126 autem
1045 1103 1159 1126 nemo
1177 1090 1308 1127 homi-
1328 1091 1355 1124 B
1379 1086 1471 1123 tium
1485 1116 1494 1133 ,
1512 1095 1550 1124 et
1569 1088 1720 1138 placere
1736 1089 1856 1138 pietas
1872 1089 2063 1138 patientis.
2080 1092 2127 1126 Et
2143 1089 2195 1125 ait
2213 1104 2221 1126 :
2241 1106 2255 1122 α
2273 1089 2387 1138 Quod

292 1159 383 1183 num
402 1147 530 1193 novit,
546 1160 615 1184 nec
637 1161 795 1185 noscere
813 1148 860 1185 ad
880 1150 1036 1199 plenum
1054 1158 1196 1200 potest,
1217 1150 1309 1200 quid

292 1205 385 1243 boni
411 1206 458 1243 ad
489 1208 670 1256 gratiam,
697 1209 789 1258 quid
813 1211 1075 1259 congruentiae
1093 1210 1140 1247 ad
1162 1212 1311 1261 sapien-

293 1267 404 1314 tiam,
426 1267 518 1316 quid
547 1267 678 1305 decori
709 1269 756 1305 ad
786 1270 970 1318 gloriam,
995 1270 1088 1320 quid
1117 1271 1311 1308 commodi

294 1326 342 1363 ad
358 1328 537 1374 salutem,
560 1341 677 1378 penes
697 1342 734 1366 se
752 1330 873 1379 ipsam
895 1331 1091 1367 contineat
1110 1331 1222 1381 hujus
1244 1346 1310 1369 ve—

294 1387 455 1424 nerandi
482 1389 653 1437 mysterii
682 1390 940 1428 inscrutabilis
971 1391 1133 1428 altitudo
1159 1407 1166 1428 :
1195 1405 1310 1441 quam

293 1448 483 1498 propheta
500 1450 746 1487 considerans
764 1452 937 1502 expavit,
950 1466 1028 1489 non
1048 1454 1264 1503 penetravit
1278 1460 1309 1500 ¹3

295 1517 332 1545 et
352 1512 571 1547 Praecursor
590 1512 746 1549 Domini
765 1512 965 1563 indignum
984 1527 1023 1550 sc
1037 1513 1226 1563 judicavit
1246 1515 1312 1563 qui

295 1578 552 1619 penetraret2.

347 1630 409 1668 20.
437 1633 624 1669 Caeterum
646 1634 676 1670 si
699 1647 777 1671 non
803 1634 891 1672 licet
912 1636 1147 1685 perscrutari
1169 1636 1310 1673 divinae

293 1701 574 1729 sacramentum
595 1694 823 1741 voluntatis,
844 1696 930 1732 licet
953 1704 1077 1732 tamen
1096 1696 1237 1733 sentire
1255 1697 1312 1733 ef-

294 1750 433 1787 fectum
463 1753 612 1802 operis,
632 1754 799 1791 fructum
826 1756 999 1792 utilitatis
1026 1756 1237 1806 percipere.
1267 1760 1314 1793 Et

295 1811 398 1860 quod
422 1812 508 1849 licet
533 1814 652 1860 scire,
682 1828 760 1851 non
788 1816 877 1852 licet
901 1824 1024 1852 tacere
1049 1830 1056 1852 :
1079 1816 1167 1865 quia
1188 1820 1312 1865 gloria

1377 1164 1391 1180 »
1412 1146 1441 1184 si
1463 1155 1609 1184 tantum
1634 1149 1757 1185 fuerat
1779 1148 1873 1185 illud
1900 1148 1993 1186 Adae
2012 1157 2231 1198 peccatum,
2252 1157 2295 1185 ut
2323 1162 2392 1185 ex-

1380 1224 1394 1240 »
1413 1206 1511 1256 piari
1543 1221 1622 1245 non
1658 1217 1788 1259 posset
1819 1208 1892 1245 nisi
1924 1216 2048 1245 morte
2077 1209 2241 1255 Christi3
2277 1222 2391 1259 quam

1379 1284 1393 1299 »
1415 1267 1675 1317 expiationem
1692 1268 1848 1306 habebit
1864 1269 1989 1319 ipsum
2005 1268 2272 1315 homicidium,
2289 1269 2391 1318 quod

1380 1344 1394 1358 »
1416 1327 1452 1364 in
1473 1328 1624 1366 Christo
1645 1329 1891 1366 commissum
1912 1331 1994 1366 est?
2012 1347 2025 1362 u
2048 1328 2221 1366 Breviter
2237 1342 2395 1380 respon-

1379 1386 1535 1435 demus,
1560 1389 1686 1439 ipsum
1715 1389 1940 1439 sanguinem
1970 1402 2084 1439 quem
2115 1389 2325 1436 fuderunt,
2357 1398 2394 1426 et

1379 1449 1726 1499 interpellationem
1743 1450 1862 1500 ipsius
1878 1463 1992 1499 quem
2020 1449 2257 1486 occiderunt.
2276 1450 2394 1487 Addit

1379 1511 1491 1547 etiam
1511 1524 1518 1547 ε
1538 1527 1552 1542 α
1570 1510 1764 1560 Numquid
1781 1524 1884 1547 mors
1898 1511 2115 1547 innocentis
2143 1511 2228 1548 Filii
2251 1511 2289 1547 in
2311 1519 2394 1547 tan-

1381 1579 1495 1607 »tum
1521 1575 1604 1609 Deo
1627 1572 1729 1609 Patri
1755 1572 1916 1622 placuit,
1942 1580 1983 1608 ut
2012 1584 2081 1621 per
2103 1572 2225 1622 ipsam
2256 1585 2394 1608 recon—

1381 1648 1395 1662 »
1416 1632 1610 1668 ciliaretur
1644 1631 1772 1678 nobis,
1803 1632 1869 1681 qui
1897 1632 1970 1669 hoc
2002 1632 2200 1682 peccando
2233 1631 2394 1668 commi—

1381 1709 1396 1725 »
1417 1692 1553 1739 simus,
1583 1701 1744 1742 propter
1773 1692 1879 1741 quod
1908 1692 2094 1729 innocens
2125 1692 2314 1729 Dominus
2338 1701 2395 1729 est

1382 1770 1395 1785 »
1417 1753 1562 1789 occisus
1583 1767 1589 1788 :
1610 1766 1680 1789 nec
1698 1753 1769 1790 nisi
1787 1753 1859 1790 hoc
1883 1753 2093 1790 maximum
2119 1754 2228 1790 fieret
2254 1766 2393 1803 pecca-

1380 1832 1393 1846 υ
1416 1822 1495 1850 tum
1514 1843 1523 1860 ,
1552 1813 1645 1849 illud
1675 1815 1796 1850 multo
1823 1813 1946 1851 levius
1974 1813 2102 1863 potuit
2129 1813 2360 1863 ignoscere?
2381 1831 2394 1846 »

295 1885 423 1921 regam
445 1876 570 1910 celare
591 1874 768 1921 verbum,
792 1884 827 1911 et
843 1878 964 1924 gloria
985 1878 1057 1912 Dei
1088 1881 1312 1925 investigare
1329 1874 1356 1910 C
1377 1877 1463 1910 Non
1487 1887 1590 1910 mors
1604 1903 1613 1920 ,
1644 1874 1709 1911 sed
1739 1875 1918 1911 voluntas
1936 1874 2080 1924 placuit
2109 1882 2246 1925 sponte
2276 1875 2395 1911 mori-

294 1944 501 1968 sermonem
516 1933 566 1969 3³.
586 1933 724 1971 Fidelis
744 1948 891 1980 sermo,
909 1943 946 1972 et
959 1936 1066 1972 omni
1089 1937 1311 1985 acceptione

298 1989 451 2039 dignus!
483 1993 664 2042 quoniam
695 2008 781 2031 cum
813 1995 937 2032 adhuc
963 2004 1182 2045 peccatores
1209 2009 1312 2033 esse-

297 2063 400 2097 mus,
424 2053 656 2091 reconciliati
679 2068 810 2092 sumus
835 2059 916 2092 Deo
940 2069 1010 2107 per
1039 2063 1202 2092 mortem
1228 2056 1314 2094 Filii

297 2110 414 2160 ejus4.
437 2112 513 2151 Ubi
544 2115 824 2161 reconciliatio,
852 2124 889 2152 et
915 2116 1105 2152 remisssio
1131 2125 1313 2166 peccato-

298 2185 394 2208 rum.
419 2176 513 2209 Nam
535 2174 564 2210 si
592 2174 740 2212 dicente
761 2175 981 2225 Scriptura,
1002 2178 1167 2212 Peccata
1186 2185 1313 2212 nostra

297 2242 478 2280 separant
497 2238 594 2270 inter
615 2248 681 2270 nos
705 2244 741 2271 et
764 2238 884 2271 Deum
898 2233 935 2282 ⁵3
955 2244 1134 2272 manente
1155 2244 1313 2286 peccato

297 2305 375 2328 non
396 2301 452 2330 est
472 2295 745 2332 reconciliatio.
761 2298 805 2332 In
827 2309 905 2345 quo
924 2308 1017 2345 ergo
1039 2295 1212 2333 remissio
1227 2308 1315 2345 pec-

297 2355 496 2390 catorum?
513 2357 585 2390 Hic
605 2358 731 2400 callot,
762 2356 906 2406 inquit,
931 2360 1013 2392 novi
1037 2361 1251 2393 testamenti
1274 2362 1313 2393 ιή

297 2425 378 2447 meo
402 2419 604 2463 sanguine,
628 2421 693 2464 qui
717 2431 789 2465 pro
817 2416 922 2453 vobis
943 2415 1161 2465 effundetur
1188 2422 1227 2452 ιἰῑ
1250 2431 1310 2453 re-

297 2476 509 2510 missionem
525 2485 767 2524 peccatorum
783 2475 811 2514 ⁶.
834 2480 968 2526 Itaque
991 2475 1058 2513 ubi
1080 2477 1312 2514 reconcilia-

298 2530 349 2566 tio
364 2559 373 2576 ,
392 2531 445 2568 ibi
465 2534 637 2571 remissio
656 2544 914 2585 peccatorum.
933 2540 980 2573 Et
997 2537 1091 2586 quid
1108 2537 1191 2587 ipsa
1205 2566 1214 2583 ,
1239 2537 1313 2574 nisi

294 2589 545 2639 justificatio?
565 2596 650 2633 Sive
686 2597 803 2646 igitur
835 2598 1119 2646 reconciliatio,
1150 2598 1231 2635 sive
1253 2612 1314 2635 re-

1378 1933 1498 1978 entis,
1525 1942 1562 1970 et
1586 1933 1650 1970 illa
1672 1942 1795 1971 morte
1818 1935 2072 1985 expungentis
2097 1943 2258 1972 mortem
2273 1964 2282 1982 ,
2299 1948 2396 1985 ope-

1379 1993 1497 2030 rantis
1523 1993 1710 2041 salutem,
1741 1995 1974 2031 restituentis
2008 1995 2292 2041 innocentiam,
2324 1995 2393 2031 tri-

1381 2053 1598 2103 umphantis
1623 2055 1862 2105 principatus
1886 2064 1923 2092 et
1949 2063 2176 2106 potestates,
2197 2055 2396 2106 spoliantis

1380 2113 1547 2159 inferos,
1579 2113 1733 2150 ditantis
1762 2127 1943 2164 superos,
1971 2114 2205 2164 pacificantis
2236 2127 2322 2164 quae
2353 2114 2393 2151 in

1381 2173 1475 2210 coelo
1501 2181 1590 2210 sunt
1619 2182 1657 2210 et
1685 2187 1769 2224 quae
1795 2174 1836 2210 in
1866 2182 1989 2221 terra,
2017 2174 2146 2211 omnia
2174 2174 2396 2211 instauran-

1383 2234 1440 2270 tis.
1472 2237 1519 2271 Et
1548 2234 1731 2284 quoniam
1759 2234 1840 2271 haec
1871 2243 1947 2271 tam
1973 2233 2143 2284 pretiosa
2163 2247 2289 2281 mors,
2321 2247 2394 2270 vo-

1380 2294 1546 2332 luntarie
1574 2294 1819 2345 suscipienda
1845 2294 2028 2331 adversus
2059 2303 2283 2345 peccatum,
2316 2307 2394 2331 non

1383 2363 1510 2392 tamen
1544 2364 1697 2405 poterat
1731 2356 1813 2393 fieri
1844 2355 1916 2392 nisi
1952 2369 2022 2406 per
2052 2364 2284 2406 peccatum,
2316 2368 2394 2392 non

1381 2415 1591 2452 delectatus
1620 2416 1792 2466 quidem,
1821 2416 1887 2453 sed
1918 2425 2045 2453 tamen
2073 2415 2173 2453 bene
2198 2429 2290 2453 usus
2315 2429 2395 2452 ma-

1380 2476 1458 2513 litia
1481 2477 1774 2524 sceleratorum,
1795 2485 1833 2514 et
1859 2485 2022 2514 mortem
2053 2476 2100 2514 de
2128 2485 2269 2523 morte,
2287 2484 2325 2513 et
2348 2475 2395 2513 de

1380 2546 1538 2587 peccato
1556 2537 1752 2574 damnavit
1768 2546 1980 2588 peccatum.
2007 2540 2054 2574 Et
2077 2545 2222 2587 quanto
2240 2537 2394 2573 illorum

1381 2596 1505 2646 major
1523 2597 1704 2646 iniquitas
1717 2626 1726 2643 ,
1749 2605 1856 2633 tanto
1873 2595 1989 2645 hujus
2004 2596 2184 2633 voluntas
2203 2596 2391 2642 sanctior,

300 2652 428 2692 missio
459 2665 704 2703 peccatorum
719 2686 728 2703 ,
767 2658 845 2694 sive
872 2657 1095 2707 justificatio
1129 2658 1203 2705 sit;
1236 2659 1314 2696 sive
1332 2659 1363 2692 D
1382 2666 1418 2694 et
1438 2671 1483 2694 eo
1509 2657 1708 2707 potentior
1729 2657 1775 2693 ad
1796 2656 2023 2693 salvandum
2048 2671 2056 2694 :
2079 2665 2269 2706 quatenus
2292 2664 2395 2693 tanta

300 2711 412 2748 etiam
434 2713 668 2765 redemptio,
692 2717 753 2753 vel
777 2717 952 2756 liberatio
980 2718 1026 2755 de
1049 2719 1211 2756 vinculis
1233 2719 1315 2756 dia—

302 2770 382 2809 boli
408 2787 429 2810 a
458 2788 535 2824 quo
557 2777 698 2827 captivi
720 2778 948 2816 tenebamur
968 2780 1014 2816 ad
1036 2780 1155 2830 ipsius
1174 2781 1314 2817 volun-

306 2839 419 2872 tatem
441 2849 449 2871 :
473 2836 735 2876 intercedente
769 2849 893 2877 morte
930 2841 1123 2890 Unigeniti
1159 2841 1313 2878 obtine-

302 2903 406 2937 mus,
438 2892 635 2941 justilicati
667 2900 783 2948 gratis
818 2900 856 2937 in
886 2902 1070 2950 sanguine
1098 2901 1244 2951 ipsius3
1278 2907 1315 2937 in

302 2965 397 2999 quo,
420 2953 517 2990 sicut
543 2955 644 2993 idem
669 2959 780 3006 dicit,
812 2961 990 2997 hahemus
1024 2963 1316 3010 redemptionem

293 3025 369 3060 per
384 3019 603 3063 sangtcitzem
625 3023 717 3064 ejus,
737 3029 772 3055 et
788 3027 1043 3059 remissionem
1055 3032 1313 3070 peccatorum,

301 3076 504 3109 secundum
523 3077 670 3112 dicitius
684 3083 821 3126 gratioe
838 3082 951 3125 ejus-⁷.
972 3084 1061 3127 Cur,
1078 3082 1205 3131 inquis
1216 3113 1226 3128 ‚
1246 3095 1317 3132 per

302 3132 523 3182 sanguinem
537 3163 546 3180 ,
567 3136 672 3184 quod
693 3137 820 3185 potuit
838 3138 959 3175 facere
977 3153 1048 3189 per
1069 3142 1316 3176 sermonem?

353 3277 361 3292 ¹
383 3272 501 3307 Habac.
520 3286 583 3312 111,
609 3278 647 3313 2,
663 3276 753 3317 juxta
769 3279 873 3308 Lxx.
900 3295 945 3300 ———-
968 3283 979 3298 ²
1003 3281 1096 3309 Joan.
1121 3291 1152 3317 ῐ,
1177 3283 1229 3311 27.

304 3321 320 3343 ‘3
334 3325 450 3356 Matth.
464 3339 561 3366 xxm,
589 3332 649 3366 28,
670 3335 699 3359 et
715 3333 789 3361 Luc.
805 3342 891 3365 xxti,
916 3334 970 3361 20.
985 3349 1027 3352 -ω
1045 3338 1057 3361 7
1075 3331 1189 3372 ΕΡΙιες.
1209 3344 1237 3368 1,
1261 3336 1290 3364 7.

382 3388 474 3416 Nunc
490 3389 646 3419 contrario
664 3399 754 3420 sensu
772 3390 875 3420 locum
894 3389 977 3420 hunc
996 3390 1128 3430 Vulgata
1148 3391 1229 3431 legit.

1260 3299 1304 3302 ——
1332 3279 1344 3302 3
1367 3284 1458 3311 Prov.
1483 3291 1563 3317 xxv,
1587 3282 1617 3309 2.

1383 2717 1575 2754 mediante
1607 2717 1799 2767 potentia,
1833 2717 2036 2767 antiquum
2067 2716 2187 2762 illud,
2221 2715 2395 2766 quamvis

1382 2776 1525 2826 grande
1548 2784 1767 2826 peccatum,
1789 2776 2005 2814 necessario
2027 2784 2154 2813 tamen
2172 2776 2274 2822 huic,
2291 2774 2395 2825 quod

1382 2837 1420 2874 in
1450 2836 1600 2874 Christo
1634 2837 1878 2874 commissum
1911 2845 1986 2884 est,
2009 2836 2182 2883 cederet,
2214 2844 2394 2885 tanquam

1385 2897 1509 2934 minus
1530 2896 1679 2946 majori.
1699 2901 1777 2934 Nec
1798 2906 1956 2947 peccato
1976 2897 2055 2934 sive
2069 2896 2318 2947 peccantibus
2333 2895 2395 2932 ad-

1384 2958 1565 2995 scribitur
1587 2958 1667 2994 haec
1687 2958 1868 3005 victoria,
1889 2958 1956 2995 sed
1970 2957 2069 2994 bene
2087 2957 2210 2994 utenti
2224 2964 2395 3007 peccato,

1385 3026 1423 3055 et
1450 3026 1654 3068 peccantes
1674 3018 1825 3055 fortiter
1848 3018 2076 3068 perferenti,
2097 3026 2135 3054 et
2155 3015 2395 3054 convertenti

1383 3079 1422 3115 in
1454 3092 1565 3115 usum
1598 3078 1770 3128 pietatis,
1793 3077 1980 3127 quidquid
2006 3078 2043 3114 in
2064 3077 2192 3127 ipsum
2223 3090 2314 3113 ausa
2341 3083 2396 3112 est

1384 3138 1589 3175 crudelitas
1605 3138 1829 3188 impiorum.

1641 3297 1684 3302 —
1708 3278 1721 3305 ⁴²
1748 3282 1841 3310 Rom.
1867 3290 1898 3315 v,
1933 3281 1983 3309 10.
2003 3296 2045 3300 —-
2064 3275 2076 3298 5
2096 3276 2167 3309 isai.
2194 3288 2269 3315 mx,
2302 3279 2330 3307 2.
2353 3293 2395 3297 ⁴—
