2517 3920
1119 193 1153 227 S.
1186 190 1437 227 BERNARDI
1466 189 1667 224 ABBATIS
2330 190 2427 228 1270

1366 265 1589 301 ‘⁵⁵⁵⁰centiam
1631 263 1786 300 minime
1822 270 2015 309 tacemus,
2058 277 2233 313 magnum
2276 267 2429 315 quidem

695 326 870 366 CAPUT
900 326 999 364 XII.
1379 330 1407 363 A
1425 324 1585 374 geminae
1600 322 1849 361 confessionis
1863 321 2004 359 bonum
2017 351 2026 368 ,
2042 323 2106 359 sed
2118 324 2188 360 Dei
2203 333 2257 361 est
2273 325 2429 365 donum.

1422 385 1486 420 Ait
1506 384 1633 433 itaque
1664 398 1671 420 z
1705 385 1792 418 Non
1825 384 1988 418 declines
2018 397 2082 418 eor
2111 397 2232 419 meum
2256 386 2293 420 in
2317 387 2431 423 verba

727 453 774 481 De
788 449 976 491 Bethphage.
1423 447 1583 480 malitioe
1613 446 1668 479 acl
1684 445 1924 478 excusandas
1949 448 2212 478 excusationes
2233 449 2271 480 in
2285 459 2429 493 pecca-

403 576 464 612 30.
486 566 586 622 Quid
608 572 653 608 de
674 570 890 620 Bethphage
911 568 1031 604 dicam
1047 596 1057 614 ‚
1077 566 1204 603 viculo
1225 578 1352 602 sacer-

351 635 499 682 dotum,
522 647 634 684 quem
655 644 752 682 pene
772 629 1046 680 praeterieram,
1068 627 1134 664 ubi
1155 635 1192 663 et
1208 626 1355 663 confes-

350 697 466 733 sionis
496 700 795 736 sacramentum,
824 697 861 726 et
890 688 1135 725 sacerdotalis
1157 686 1355 724 ministerii

348 755 569 805 mysterium
583 751 818 789 continetur?
826 748 1043 798 Bethphage
1055 747 1198 797 quippe
1208 750 1354 783 Domus

348 816 477 853 buccae
492 816 773 863 interpretatur.
789 809 979 859 Scriptum
994 817 1051 845 est
1065 816 1190 844 autem
1205 822 1212 844 ε
1234 809 1356 855 Prope

350 887 405 914 est
418 876 572 914 verbum
596 879 634 909 in
655 885 717 908 ore
736 880 814 914 tuo,
840 878 876 905 et
898 875 936 905 in
958 871 1067 904 corde
1086 878 1146 904 tuo
1163 875 1187 903 ¹.
1209 872 1292 905 Non
1316 867 1354 903 in

348 938 466 974 altero
496 943 663 977 tantum,
695 931 760 968 sed
787 930 898 966 simul
924 930 962 965 in
994 937 1160 977 utroque
1192 928 1349 964 verbum

346 997 486 1034 habere
506 993 736 1031 memineris.
759 994 806 1028 Et
820 989 975 1039 quidem
996 988 1158 1026 verbum
1181 989 1218 1024 in
1237 988 1351 1025 corde

1421 509 1468 539 tls
1490 511 1515 540 7.
1548 502 1806 551 Quamobrem
1839 502 2033 539 ministros
2073 501 2181 540 verbi
2213 505 2427 544 sacerdotes

1421 573 1529 601 caute
1559 577 1711 600 necesse
1732 572 1789 599 est
1812 563 1859 599 ad
1881 571 2088 612 utrumque
2109 563 2266 613 vigilare
2285 566 2427 604 sollici-

1422 633 1499 670 t05,
1515 638 1592 674 quo
1610 623 1787 659 videlicet
1801 621 2108 672 delinquentium
2128 622 2308 661 cordibus
2323 633 2427 663 tanto

1424 683 1682 720 moderamine
1703 681 1863 719 verbum
1885 682 2032 719 timoris
2052 691 2089 719 et
2107 684 2348 724 contritionis
2366 686 2428 723 in—

1422 744 1578 794 fligant,
1604 751 1792 793 quatenus
1814 756 1880 780 eos
1901 756 2142 793 nequaquam
2163 757 2185 781 a
2205 744 2324 782 verbo
2341 759 2429 784 con-

1424 804 1595 841 fessionis
1616 811 1854 849 exterreant3
1876 803 1928 839 sic
1949 803 2065 840 corda
2085 804 2280 854 aperiant,
2301 814 2344 842 ut
2362 819 2446 844 orat

1423 877 1501 901 non
1531 864 1753 910 obstruant3
1778 863 1843 900 sed
1865 876 1936 900 nec
1961 862 2163 900 absolvant
2185 865 2298 902 etiam
2318 879 2426 903 com—

1419 934 1603 974 punctum
1616 954 1625 970 ,
1648 924 1719 961 nisi
1743 924 1909 960 viderint
1929 933 1967 961 et
1988 925 2204 962 confessum
2223 940 2230 962 :
2249 927 2425 976 quando-

1419 984 1572 1034 quidem
1595 983 1710 1020 corde
1731 983 1900 1020 creditur
1919 984 1967 1021 ad
1983 984 2190 1033 justitiam,
2211 999 2278 1022 ore
2299 995 2424 1024 autem

346 1055 557 1107 peccatoris
582 1061 763 1104 operatur
792 1050 1023 1088 salutiferam
1051 1049 1320 1086 contritionem
1342 1064 1349 1085 ε
1373 1047 1400 1082 Β
1420 1044 1607 1081 consessio
1642 1044 1684 1080 fit
1718 1043 1765 1079 ad
1797 1043 1968 1079 salutem.
1999 1043 2182 1093 Alioquin
2207 1057 2228 1081 a
2248 1054 2424 1093 mortuo,

345 1116 505 1153 verbum
522 1128 614 1151 vero
631 1114 670 1149 in
691 1125 759 1149 ore
775 1111 929 1148 noxiam
949 1111 1046 1147 tollit
1066 1109 1349 1156 confusionem,

346 1190 393 1214 ne
439 1174 622 1225 impediat
665 1171 916 1209 necessariam
956 1170 1249 1207 confessionem.
1289 1170 1352 1207 Ait

346 1237 446 1274 enim
468 1236 663 1285 Scriptura
681 1248 688 1269 ε
708 1234 776 1267 Est
787 1233 915 1280 pudor
931 1232 1120 1266 adducens
1133 1239 1350 1278 peccatum,

347 1308 381 1334 et
408 1306 461 1333 est
481 1297 606 1345 pudor
632 1295 821 1329 adducens
837 1294 1036 1341 glore'0m2.
1070 1294 1197 1328 Bonus
1225 1290 1352 1341 pudor

345 1366 421 1404 est,
443 1370 519 1407 quo
540 1366 736 1406 peccasse,
756 1360 820 1389 aut
840 1360 942 1388 certe
961 1364 1117 1401 peccare
1138 1351 1351 1387 confunde-

344 1419 395 1455 ris
415 1433 422 1455 :
442 1426 480 1453 et
498 1415 621 1453 omnis
642 1415 728 1451 licet
747 1413 936 1448 humanus
954 1410 1096 1447 arbiter
1114 1412 1210 1447 forte
1228 1410 1346 1456 absit,

343 1478 515 1515 divinum
535 1485 659 1513 tamen
678 1487 791 1524 quam
810 1473 1019 1509 humanum
1039 1480 1145 1508 tanto
1166 1485 1351 1508 verecun-

343 1537 427 1573 dius
442 1534 627 1572 revereris
641 1540 835 1583 aspectum
849 1560 858 1577 ,
874 1538 1018 1580 quanto
1033 1539 1070 1566 et
1086 1531 1211 1567 verius
1225 1534 1348 1568 Deum

342 1610 457 1647 quam
485 1595 681 1632 hominem
713 1592 854 1642 cogitas
882 1591 1103 1641 puriorema
1126 1605 1134 1627 :
1164 1599 1349 1641 tantoque

343 1671 429 1694 eum
448 1656 600 1706 gravius
618 1653 762 1691 offendi
777 1665 797 1689 a
816 1659 1019 1702 peccante,
1041 1658 1184 1700 quanto
1202 1660 1350 1687 constat

342 1717 492 1767 longius
515 1715 561 1752 ab
585 1715 650 1751 illo
671 1726 751 1750 esse
772 1725 886 1749 omne
912 1719 1123 1761 peccatum.
1152 1709 1346 1758 Hujusce-

344 1777 447 1814 modi
470 1775 605 1826 procul
627 1773 745 1810 dubio
773 1772 900 1822 pudor
928 1771 1032 1819 fugat
1063 1769 1316 1820 opprobrium
1335 1799 1345 1817 ,

1422 1112 1602 1154 tanquam
1623 1104 1687 1153 qui
1719 1117 1795 1140 non
1825 1112 1904 1150 est,
1933 1103 2035 1153 perit
2066 1103 2294 1143 confessioss.
2316 1107 2427 1154 Quis-

1419 1165 1503 1214 quis
1526 1165 1641 1214 igitur
1670 1163 1829 1201 verbum
1850 1165 1889 1200 in
1919 1177 1984 1200 ore
2006 1163 2140 1210 habet,
2172 1172 2210 1201 et
2243 1165 2280 1201 in
2312 1165 2424 1203 corde

1420 1237 1499 1260 non
1519 1223 1655 1270 habet,
1678 1231 1743 1260 aut
1770 1223 1927 1261 dolosus
1956 1232 2032 1270 est,
2053 1232 2117 1261 aut
2138 1237 2259 1262 vanus
2287 1240 2295 1261 z
2321 1226 2424 1275 quis—

1419 1285 1502 1334 quis
1520 1298 1611 1321 vero
1628 1285 1667 1320 in
1684 1283 1800 1320 corde
1813 1313 1822 1330 ,
1846 1293 1883 1321 et
1898 1298 1976 1321 non
1992 1285 2031 1321 in
2049 1297 2135 1330 ore,
2158 1293 2222 1322 aut
2237 1285 2423 1336 superbus

1419 1355 1493 1392 est,
1519 1354 1584 1382 aut
1604 1344 1771 1381 timidus.

1754 1471 1931 1510 CAPUT
1961 1471 2082 1509 XIII.

1804 1597 1852 1625 De
1871 1594 2034 1625 Bethania.

1469 1711 1530 1747 31.
1547 1714 1643 1748 Sane
1661 1722 1739 1746 non
1757 1709 1915 1745 omnino
1935 1707 2028 1759 (etsi
2046 1709 2208 1746 multum
2227 1709 2420 1762 festinem)

1415 1769 1537 1807 debeo
1560 1770 1717 1807 transire
1738 1769 1893 1806 silenter
1913 1768 2070 1805 domum
2089 1768 2334 1816 obedientiae,
2351 1773 2421 1807 Be-

341 1846 449 1887 parat
467 1836 623 1886 gloriam
638 1863 648 1881 ,
670 1834 761 1870 dum
785 1840 849 1869 aut
868 1838 1067 1881 peccatum
1088 1829 1247 1865 omnino
1266 1843 1345 1866 non
1365 1826 1392 1861 C
1413 1829 1579 1867 thaniam
1600 1829 1797 1874 videlicet,
1823 1829 2018 1865 castellum
2040 1829 2169 1865 Mariae
2185 1837 2223 1865 et
2237 1830 2415 1875 Marffiae,

340 1898 536 1942 admittit,
571 1903 636 1932 aut
668 1902 770 1930 certe
801 1892 1005 1929 admissum
1040 1898 1077 1926 et
1119 1889 1344 1939 poenitendo

340 1958 474 2008 punit,
502 1965 538 1993 et
560 1953 778 1992 confitendo
803 1951 960 2002 expellit
984 1966 992 1987 :
1020 1951 1049 1987 si
1074 1959 1199 1986 tamen
1224 1950 1345 1999 gloria

339 2019 449 2055 etiam
473 2026 602 2054 nostra
621 2016 700 2052 haec
724 2022 798 2058 est,
823 2011 1079 2048 testimonium
1102 2010 1343 2046 conscientiae:

341 2087 490 2115 nostrae.
513 2075 625 2124 Quod
645 2075 674 2111 si
694 2072 882 2123 quispiam
903 2069 1077 2107 confiteri
1094 2069 1344 2105 confunditur

338 2140 375 2175 id
413 2151 591 2188 quoque,
626 2135 726 2171 unde
759 2132 1061 2182 compungitur,
1100 2130 1183 2166 talis
1217 2130 1345 2180 pudor

338 2208 533 2249 peccatum
566 2195 740 2240 adducit,
773 2202 809 2229 et
839 2193 997 2242 gloriam
1034 2191 1080 2227 de
1112 2191 1343 2227 conscientia

335 2260 484 2310 perdit,
510 2256 664 2307 quando
688 2255 829 2291 malum
849 2253 953 2303 quod
974 2266 1021 2288 ex
1039 2251 1233 2302 profundo
1257 2264 1344 2287 cor-

334 2321 391 2356 dis
411 2317 656 2368 compunctio
681 2323 842 2352 conatur
871 2314 1081 2364 expellere,
1106 2312 1234 2362 pudor
1254 2312 1338 2348 ine-

333 2390 420 2431 ptus
459 2379 636 2416 obstruso
675 2376 862 2412 labiorum
902 2374 999 2410 ostio
1040 2386 1116 2409 non
1152 2372 1338 2421 permittit

335 2441 458 2486 exir03
487 2453 571 2476 cum
594 2451 679 2474 eum
713 2435 890 2484 exemplo
922 2433 1043 2471 David
1068 2432 1193 2469 dicere
1214 2433 1341 2482 potius

333 2509 552 2551 oporteret,
574 2501 623 2534 Et
641 2497 742 2533 labia
763 2510 846 2531 mea
867 2510 940 2531 mm
958 2493 1184 2543 prohibebo,
1211 2495 1342 2529 Domi-

333 2576 392 2607 ne,
418 2571 454 2597 tu
471 2565 573 2597 scisti
589 2559 613 2596 5.
630 2559 701 2608 Qui
723 2566 758 2594 et
780 2571 818 2594 se
836 2557 959 2606 ipsum
979 2555 1230 2603 redarguens,
1246 2563 1340 2604 puto

1412 1890 1449 1926 in
1471 1904 1549 1940 quo
1572 1894 1737 1927 Lazarus
1766 1897 1822 1925 est
1848 1888 2093 1926 resuscitatus
2112 1904 2120 1926 ε
2142 1888 2210 1926 ubi
2236 1890 2417 1927 nimirum

1412 1958 1448 1986 et
1467 1951 1664 1999 utriusque
1685 1949 1772 1986 vitae
1791 1950 1923 1999 figura,
1945 1958 1982 1986 et
2002 1950 2071 1986 Dei
2092 1963 2180 2000 erga
2200 1959 2420 2000 peccatores

1412 2010 1505 2047 mira
1538 2010 1756 2056 clementia,
1789 2023 1939 2046 necnon
1972 2018 2010 2046 et
2040 2009 2162 2047 virtus
2193 2009 2417 2048 obedientiae

1411 2086 1485 2108 una
1518 2085 1603 2108 cum
1638 2069 1823 2108 fructibus
1851 2070 2087 2120 poenitentiae
2111 2071 2414 2108 commendatur.

1411 2135 1494 2168 Hoc
1515 2145 1605 2180 ergo
1625 2131 1662 2167 in
1694 2131 1778 2167 loco
1806 2129 1975 2167 breviter
1994 2130 2209 2167 intimatum
2235 2131 2414 2177 sufficiat,

1411 2192 1515 2242 quod
1537 2192 1689 2242 quidem
1714 2204 1784 2228 nec
1807 2190 1975 2227 studium
2004 2189 2116 2227 bonae
2138 2191 2318 2235 actionis,
2346 2204 2414 2228 nec

1411 2255 1531 2290 otium
1567 2261 1705 2289 sanctae
1739 2251 2101 2301 contemplationis,
2139 2264 2210 2288 nec
2240 2251 2412 2300 lacrymae

1410 2313 1632 2364 poenitentis
1656 2320 1763 2349 extra
1784 2310 2005 2347 Bethaniam
2025 2319 2180 2361 accepta
2199 2323 2280 2347 esse
2302 2319 2413 2360 pote-

1409 2382 1500 2410 runt
1532 2373 1610 2418 illi,
1649 2372 1715 2421 qui
1753 2371 1847 2407 tanti
1881 2369 2016 2407 habuit
2047 2363 2303 2407 obedientiam
2328 2399 2338 2417 ,
2372 2378 2413 2407 ut

1410 2434 1525 2470 vitam
1558 2445 1672 2482 quam
1707 2432 1825 2481 ipsam
1863 2430 2026 2480 perdere
2058 2430 2259 2477 maluerit,
2298 2430 2414 2468 factus

1409 2492 1592 2530 obediens
1614 2491 1715 2528 Patri
1735 2503 1856 2539 usque
1877 2490 1922 2526 ad
1943 2497 2119 2526 mortem.
2142 2493 2210 2527 Hae
2231 2497 2320 2527 sunt
2339 2489 2410 2526 illae.

1408 2553 1582 2603 profecto
1617 2550 1777 2595 divitiae,
1811 2562 1904 2599 quas
1937 2562 2062 2586 sermo
2085 2549 2333 2600 propheticus
2365 2562 2411 2586 ex

333 2635 447 2672 super
467 2618 728 2670 hujuscemodi
750 2618 866 2653 stulto
884 2625 920 2652 et
942 2614 1193 2652 irrationabili
1208 2614 1336 2664 pudo-
1355 2616 1387 2650 D
1406 2612 1524 2650 verbo
1534 2611 1687 2648 Domini
1701 2611 1904 2661 pollicetur
1918 2625 1925 2646 :
1941 2609 2212 2656 consolabitur,
2225 2609 2411 2660 inquiens,

333 2696 392 2728 re,
419 2684 603 2727 Quoniam
623 2684 743 2722 tacui,
767 2678 895 2727 inquit
910 2707 919 2723 ,
942 2681 1232 2712 inveteraverunt
1252 2690 1335 2711 ossa

333 2758 414 2779 mccc
426 2744 452 2778 4.
475 2742 586 2780 [ude
604 2749 640 2777 et
657 2748 765 2789 optat
781 2739 919 2775 ostium
937 2737 1029 2788 poni
1044 2736 1335 2773 circumstantiae

332 2804 438 2840 labiis
460 2801 581 2847 snis⁵‚
603 2810 640 2837 ut
665 2801 741 2837 oris
766 2799 923 2848 januam
947 2807 983 2834 et
1004 2797 1152 2847 aperire
1184 2797 1336 2833 confes-

333 2864 426 2899 sioni
443 2892 451 2907 ,
475 2872 509 2898 ct
532 2861 742 2898 defensioni
769 2860 946 2896 claudere
968 2858 1082 2895 norit.
1106 2857 1281 2905 Denique
1302 2865 1339 2893 et

335 2930 463 2971 apcrtc
485 2922 554 2956 hoc
577 2921 697 2969 ipsum
720 2932 832 2955 orans
850 2919 945 2968 petit
965 2932 984 2954 a
1000 2916 1168 2954 Domino
1183 2945 1191 2960 ‚
1217 2916 1338 2952 sciens

336 2982 512 3018 nimirum
530 3008 538 3021 ,
564 2981 650 3028 qnia
672 2980 859 3015 consessio
880 2988 917 3015 ct
942 2977 1220 3027 magnificentia
1242 2989 1338 3026 opus

333 3040 448 3089 ojus*¹
477 3044 515 3075 lit
549 3039 649 3087 quod
672 3038 842 3074 videlicet
878 3047 1045 3074 nostram
1071 3037 1270 3082 malitiam,
1302 3045 1339 3073 et

330 3103 432 3153 qnod
455 3114 560 3149 mque
583 3099 719 3134 divina)
737 3098 914 3133 bonitatis
936 3108 970 3134 vt
993 3098 1144 3135 virtutis
1167 3098 1337 3146 magnili-

382 3252 388 3265 ¹
414 3247 504 3275 Dent.
524 3254 607 3275 xxx,
632 3242 681 3271 Η.
700 3259 739 3261 *n
758 3246 769 3260 ²
793 3240 885 3270 lla-vii.
908 3252 930 3269 ι’.
944 3264 950 3273 ,

335 3304 366 3331 3,
384 3317 424 3321 fi*
440 3295 549 3326 71‘5al.
571 3305 643 3331 cxi„
668 3295 695 3322 4.
711 3312 751 3315 -m
770 3293 783 3315 ὃ
798 3293 892 3322 saecli.
917 3303 983 3321 xvn
997 3316 1003 3326 ,
1029 3296 1082 3321 ᾘὶ.
1100 3308 1139 3312 -
1157 3297 1172 3319 9
1194 3291 1262 3321 lsai.
1284 3303 1313 3320 ιι
1328 3316 1334 3327 ‚
1357 3296 1386 3322 13.

378 3363 391 3378 ἃ
416 3356 518 3392 Alias,
537 3352 784 3398 prwsetlliorem.

1404 2677 1586 2709 Dominus
1623 2673 1732 2714 Sion,
1767 2680 1803 2706 ec
1837 2669 2089 2706 consolabitur
2121 2684 2248 2706 omnes
2280 2674 2407 2706 ruinas

1403 2735 1481 2779 ejus
1489 2746 1504 2778 ,·
1521 2741 1556 2768 et
1567 2740 1685 2780 ponet
1700 2733 1884 2766 desertum
1899 2731 1976 2777 ejas
1991 2734 2100 2779 quasi
2116 2732 2288 2775 delicim,
2307 2739 2344 2766 ec
2355 2743 2411 2767 so-

1406 2795 1600 2830 litudinem
1625 2793 1701 2837 (jus
1726 2795 1837 2839 quasi
1858 2791 2002 2826 hortum
2026 2792 2182 2826 Domini
2201 2805 2212 2826 :
2228 2792 2410 2840 gaudmm

1407 2863 1443 2889 et
1463 2856 1599 2888 loelicl'a
1621 2855 1828 2887 invenimur
1846 2852 1882 2886 in
1907 2864 1974 2894 ea,
1995 2854 2205 2898 grallarum
2226 2855 2323 2886 actio
2341 2879 2351 2895 ‚
2376 2858 2412 2886 el

1406 2929 1485 2950 vox
1506 2914 1631 2948 laudis
1648 2918 1675 2948 9.
1701 2901 1790 2948 Haec
1810 2910 1927 2959 igitur
1943 2909 2047 2946 orbis
2065 2909 2226 2954 deliciae,
2248 2909 2309 2946 hic
2326 2908 2409 2946 the-

1406 2987 1539 3011 saurus
1560 2972 1741 3018 coelestis,
1771 2971 1853 3008 haec
1877 2971 2044 3008 fidelium
2063 2969 2262 3007 haereditas
2281 2982 2408 3020 popu-

1405 3037 1551 3080 lorum,
1582 3041 1717 3069 vestrae
1739 3040 1852 3077 sunt,
1875 3030 2105 3076 charissimi,
2136 3029 2277 3067 credita
2298 3028 2406 3074 fidei,

1404 3104 1539 3132 vesti-az
1572 3092 1787 3143 prudentiae
1821 3100 1858 3128 et
1889 3090 2102 3128 fortitudini
2132 3088 2405 3126 commendata.

974 3244 1025 3269 Ἥ),
1044 3259 1080 3260 j
1103 3238 1347 3271 31'sal.xxxxx,
1372 3242 1421 3268 ln.
1440 3255 1482 3260 ’-
1500 3237 1511 3262 4
1530 3235 1608 3267 Psal.
1635 3244 1732 3269 xxxi,
1757 3237 1788 3263 3.
1806 3251 1850 3254 --ν
1866 3230 1878 3253 5
1896 3231 1975 3263 Psal.
2000 3242 2075 3269 cxi„
2097 3234 2127 3262 3.
2146 3249 2188 3254 -—
2203 3228 2218 3251 ὗ
2242 3229 2319 3261 Psal.
2344 3239 2382 3259 cx
2396 3253 2404 3267 ,
