2565 3952
73 139 146 178 465

995 135 1258 170 EPISTOLAE.

2095 138 2172 175 4456

72 236 87 253 »
106 229 181 255 non
212 213 410 264 scripsise3
439 211 520 248 sine
550 211 663 261 culpa
694 210 868 261 profecto
903 223 982 247 non
1014 209 1239 249 erit²'³tu1n
1260 225 1439 262 possum,
1456 211 1503 247 de
1525 212 1680 248 illorum
1708 212 1869 248 fratrum
1892 225 2055 249 numero
2073 227 2173 261 esse,

73 296 88 313 »
106 276 289 319 noluisse,
311 286 358 310 ne
380 272 504 309 dicam
525 271 801 322 contempsisse
822 270 1046 307 rescribere.
1067 288 1080 303 υ
1100 272 1133 306 A
1149 274 1215 324 qui
1245 273 1407 310 oderant
1435 271 1580 322 Joseph
1620 272 1658 308 in
1693 271 1809 308 corde
1841 285 1933 316 suo,
1963 286 2033 309 1166
2060 282 2173 323 pote-

71 343 152 378 Hoc
170 335 324 387 quidem
348 347 432 370 ros.

121 399 157 437 3.
189 396 261 435 Sed
292 395 386 446 quid
416 394 510 444 ego?
530 392 638 430 Istud
670 393 796 442 plane.
830 395 996 441 Negare,
1020 390 1083 427 in-

70 472 201 511 quam,
235 456 409 505 culpam,
431 467 546 503 quam
578 452 796 502 imponitis,
823 452 930 488 nullo
967 451 1083 488 modo

71 531 217 572 possem
231 546 242 564 ,
263 516 293 552 si
319 524 425 552 tanto
443 514 567 551 amico
588 513 715 563 primo
733 512 914 549 scribenti
945 513 1085 549 rescri-

70 582 159 621 bere
189 578 518 628 contempsissem.
553 579 691 614 Fateor
711 575 834 620 enim,
868 574 974 624 quod
1002 575 1085 625 pri-

72 654 172 681 mum
193 638 373 677 scribenti
393 651 482 675 vere
500 635 711 674 rescribere
732 635 949 672 debuissem
970 649 976 671 :
999 635 1084 683 sed,

71 709 184 756 prout
200 700 370 738 recolere
398 712 577 749 possum,
599 697 691 734 dum
715 697 755 733 in
781 696 888 735 L'rbe
912 711 1087 735 morare-

71 764 186 810 mini,
215 761 350 812 scripsi
380 774 450 811 ego
476 760 604 811 prior,
627 758 873 809 rescripsistis
894 758 1088 808 posterior

70 838 150 864 vo5.
175 827 261 863 Non
283 835 374 873 ergo
406 821 453 859 ad
480 834 541 858 1116
563 820 749 871 pertinuit
769 818 999 867 rescribere,
1021 819 1089 870 qui

73 886 176 939 prior
191 884 418 934 scripseram
443 897 450 920 :
473 882 538 920 sed
564 890 733 919 vestrum
763 881 834 918 fuit
855 880 1088 928 rescribere,

72 946 160 999 quia
192 945 301 997 prior
332 944 572 995 scripseram.
608 946 654 981 Et
686 942 900 993 potuissem
933 941 1089 993 quidem

71 1005 233 1046 scribere
254 1005 369 1043 etiam
392 1003 618 1042 rescribenti
644 1018 651 1040 :

70 1080 142 1120 que
161 1080 248 1104 meo
271 1066 318 1104 ad
350 1079 519 1116 unguem
546 1063 781 1101 satisfaciens
802 1063 1004 1114 responsio
1025 1076 1089 1100 ve-

70 1138 145 1168 stra
163 1128 357 1166 silentium
376 1126 468 1164 mihi
483 1125 669 1176 imposuit
686 1123 959 1175 respondendi.
975 1123 1090 1173 Quod

70 1191 100 1231 si
116 1190 167 1228 ita
188 1198 264 1235 est,
288 1190 404 1240 culpa
422 1187 514 1225 mihi
529 1186 710 1237 imposita
724 1199 784 1222 me
802 1185 982 1222 deserens
994 1214 1003 1232 ,
1019 1198 1089 1222 vos

70 1252 201 1303 incipit
228 1251 371 1288 intueri
393 1265 401 1287 :
425 1249 514 1300 quia
544 1247 820 1298 inculpabilem
849 1248 1030 1297 culpare,
1053 1255 1090 1283 et

71 1312 214 1352 sarcina
230 1311 377 1358 aliena,
402 1323 449 1347 116
470 1309 592 1346 dicam
616 1317 766 1354 vestra,
787 1320 995 1358 aggravare
1020 1307 1090 1344 hu-

73 1386 194 1412 meros
223 1371 348 1409 fratris
376 1369 593 1408 innocentis
622 1368 812 1406 voluistis.
849 1367 964 1416 Quod
994 1380 1088 1404 vero

72 1434 151 1473 vice
183 1433 256 1471 alia
287 1432 389 1470 idem
423 1445 444 1469 a
474 1444 534 1468 me
563 1431 705 1468 factum
739 1429 884 1475 dicitis;
917 1428 1008 1478 quia
1036 1427 1091 1465 rei

72 1495 253 1534 memoria
267 1493 387 1531 menti
404 1506 484 1530 non
501 1492 601 1530 inest
613 1521 622 1539 ,
640 1491 844 1542 responsio
863 1490 980 1527 deest.
996 1493 1090 1538 Quae

73 1556 103 1595 si
128 1556 226 1594 forte
245 1554 377 1592 adesse
396 1554 585 1606 potuerit,
607 1561 672 1590 aut
690 1551 904 1604 probabilis
931 1565 1091 1589 excusa—

75 1618 143 1666 tio,
169 1625 234 1656 aut
258 1617 413 1654 humilis
442 1616 651 1654 satisfactio
672 1614 804 1652 deesse
832 1627 912 1651 non
932 1614 1090 1664 poterit.

74 1678 144 1719 Sed
169 1677 366 1716 addidistis
387 1692 395 1715 :
413 1694 428 1710 «
446 1681 505 1715 En
526 1677 565 1714 in
588 1689 667 1727 quo
688 1689 760 1726 pro
783 1688 843 1712 me
869 1675 1012 1711 faceret
1025 1672 1091 1723 ju-

74 1758 90 1776 »
105 1739 214 1779 stitia.
233 1757 248 1773 υ
267 1743 316 1777 Et
335 1752 406 1790 ego
424 1753 433 1777 :
450 1738 610 1777 Interim
633 1736 746 1788 juxta
765 1749 897 1773 causas
916 1734 1090 1786 praemis-

1149 343 1235 371 rant
1255 334 1290 371 ei
1305 333 1517 383 quidquam
1536 332 1693 383 pacifice
1711 332 1818 381 loqui
1839 339 1862 369 ¹.
1884 332 2041 370 Utinam
2060 342 2098 369 et
2118 334 2171 370 sic

1151 395 1271 446 (quod
1290 408 1367 431 non
1384 394 1553 443 glorians
1573 392 1675 444 dico)
1691 406 1826 430 omnes
1842 394 1965 430 nostri
1979 394 2175 443 vestrique

1152 457 1289 493 fratres
1311 456 1501 500 facerent,
1522 464 1560 492 et
1580 468 1600 491 a
1630 455 1731 491 linea
1759 453 1975 499 charitatis,
1998 467 2072 503 qua
2094 454 2175 490 sola

1154 525 1243 567 post
1261 515 1375 552 fidem
1391 546 1399 563 ,
1418 524 1456 552 et
1474 514 1717 566 Baptismatis
1736 522 2019 551 sacramentum
2041 514 2174 550 fratres

1155 577 1354 623 dicuntur,
1377 585 1415 613 et
1442 590 1518 626 qua
1552 575 1707 625 speciali
1738 574 2069 624 consanguinitate
2104 573 2176 610 sibi

1151 638 1390 688 junguntur,
1431 651 1511 674 non
1547 637 1846 686 degenerarent,
1882 643 2177 684 metuerentque

1156 699 1262 750 quod
1279 699 1330 736 ait
1348 699 1558 750 Apostolus
1583 712 1590 734 :
1612 699 1828 733 Periculum:
1851 700 1889 732 in
1906 694 2020 744 salsis
2031 694 2175 743 smtrl'-

1156 760 1220 797 bus
1234 766 1260 797 ².
1274 761 1431 799 L'tinam
1449 760 1562 811 plane
1578 759 1652 796 hoc
1667 771 1801 795 omnes
1818 758 2001 803 facerent,
2018 764 2055 793 et
2071 770 2138 793 cor
2153 770 2174 792 a

1156 822 1324 872 cogitatu
1340 821 1475 858 doloso
1489 837 1498 869 3
1515 820 1684 870 linguam
1697 849 1706 867 ‚
1721 818 1834 869 juxta
1851 819 2045 856 Psalmum
2061 831 2176 868 quem

1158 884 1425 934 frequentant,
1460 896 1481 920 a
1512 881 1634 919 verbo
1669 894 1806 932 aspero
1840 879 2091 917 custodirent.
2114 879 2180 917 Vi-

1158 944 1299 983 dentur
1322 945 1412 991 ista,
1444 958 1529 995 quae
1550 943 1717 995 praemisi
1732 972 1742 989 ,
1764 955 1902 992 magna
1929 941 2178 992 promittere,

684 1002 750 1040 sed
770 1003 905 1053 plena,
927 1002 1089 1052 scripto·
1110 1008 1138 1042 B
1159 1015 1196 1044 et
1214 1008 1323 1044 velut
1353 1006 1400 1044 ad
1428 1005 1646 1057 peragenda
1677 1004 1843 1041 maxima
1874 1017 1913 1041 se
1945 1016 2177 1054 praeparare.

1157 1068 1231 1106 Sed
1247 1082 1293 1107 ne
1312 1067 1359 1105 de
1375 1067 1433 1105 his
1448 1066 1543 1104 illud
1560 1066 1743 1104 usitatum
1762 1065 1913 1102 dicatur
1926 1094 1936 1111 ,

1245 1190 1331 1233 Quid
1351 1196 1439 1222 131110
1455 1190 1585 1232 dignum
1599 1189 1679 1221 feret
1696 1188 1749 1220 hic
1767 1188 1940 1232 promissor
1953 1186 2063 1219 hiatu3
2079 1190 2092 1218 .”’

1158 1305 1281 1342 fateor
1298 1317 1358 1341 me
1385 1318 1463 1341 non
1479 1312 1628 1340 tantum
1650 1303 1856 1340 maximam
1872 1331 1881 1348 ,
1910 1302 1976 1339 sed
2004 1315 2075 1338 nec
2098 1315 2179 1339 1113-

1157 1379 1290 1416 gnam,
1313 1378 1383 1402 nec
1401 1364 1592 1402 modicam
1613 1363 1757 1401 habere
1780 1376 1930 1400 causam
1952 1362 2063 1399 vobis
2083 1363 2180 1400 scri-

1157 1426 1275 1465 bendi
1301 1442 1309 1464 :
1333 1440 1467 1463 earum
1497 1434 1624 1463 tamen
1654 1439 1805 1472 rerum,
1828 1438 1923 1475 quas
1944 1437 2099 1474 magnas
2121 1425 2180 1461 vel

1158 1489 1343 1526 maximas
1371 1488 1571 1526 saeculares
1602 1487 1810 1532 aestimant,
1834 1495 1871 1523 et
1899 1485 1945 1523 de
1972 1484 2113 1536 quibus
2143 1498 2182 1522 se

1159 1564 1320 1601 magnos
1337 1551 1399 1587 vel
1418 1550 1608 1586 maximos
1626 1550 1709 1586 lieri
1726 1561 1838 1599 posse
1860 1548 1926 1584 filii
1944 1547 2073 1585 saeculi
2093 1560 2181 1598 spe-

1160 1621 1259 1650 rant.
1290 1615 1357 1649 Est
1386 1620 1512 1648 tamen
1544 1624 1701 1661 magna,
1734 1618 1772 1647 et
1803 1610 1842 1646 in
1872 1617 2019 1646 tantum
2049 1620 2182 1644 causas

1159 1686 1295 1710 omnes
1322 1672 1548 1723 praecellens
1562 1702 1571 1719 ,
1598 1680 1639 1708 ut
1659 1671 1911 1708 excellentior
1932 1668 2113 1707 omnibus
2133 1667 2181 1705 ab

1157 1733 1347 1784 Apostolo
1366 1732 1516 1769 dicatur
1543 1746 1550 1768 :
1581 1739 1618 1768 et
1638 1731 1668 1768 si
1689 1730 1772 1780 ejus
1802 1743 1945 1767 nomen
1972 1729 2180 1780 quaeritur,

73 1814 128 1840 sas
143 1814 214 1853 pro
237 1814 298 1838 me
319 1800 408 1838 facit
419 1799 590 1851 justitia,
611 1799 702 1849 quia
720 1797 829 1848 apud·
849 1810 910 1833 me
931 1809 1011 1833 non
1028 1796 1089 1832 111-
1107 1794 1134 1830 C
1157 1794 1205 1832 ab
1227 1808 1273 1831 eo
1295 1794 1459 1842 charitas
1477 1793 1702 1830 nominatur
1719 1792 1748 1829 4.

71 1862 220 1901 venitur
233 1863 359 1913 culpa.
374 1865 459 1900 Jam
471 1891 480 1908 ‚
498 1861 528 1899 si
546 1874 622 1898 non
639 1872 838 1911 parcerem
852 1887 862 1904 ,
880 1866 919 1895 et
932 1858 1064 1895 laesum
1076 1886 1086 1904 ,

72 1922 172 1975 quod
191 1922 238 1961 de
257 1922 369 1961 vobis
385 1922 553 1969 dixistis,
577 1921 742 1958 amicum
764 1932 825 1956 me
849 1931 990 1955 vocare
1017 1930 1089 1968 po-

73 1984 240 2032 tuissem3
272 1992 311 2021 et
349 1983 518 2022 laesionis
558 1982 619 2020 vel
658 1980 891 2031 injuriarum
932 1992 1089 2030 poenam

73 2045 205 2084 merito
219 2045 424 2096 exigerem.
444 2044 518 2083 Sed
535 2057 652 2095 parco
669 2055 777 2080 more
794 2055 900 2088 meo,
916 2040 983 2078 sed
998 2054 1091 2078 cun-

73 2114 130 2144 cta
146 2106 257 2144 etiam
278 2120 359 2144 non
376 2115 533 2157 rogatus
554 2105 722 2142 remitto.
742 2121 758 2136 <t
771 2103 971 2141 Nullarum
984 2132 993 2149 ,
1012 2120 1026 2136 »
1048 2110 1092 2139 ut

65 2167 235 2223 dixistis,
247 2185 263 2202 «
278 2182 429 2206 memor
446 2181 531 2206 sum
548 2165 794 2216 injuriarum.
814 2183 828 2199 »
846 2168 942 2203 Nam
963 2172 1001 2201 et
1018 2164 1092 2201 hoc

73 2226 118 2264 ad
137 2236 359 2278 sequentem
378 2227 579 2264 materiam
608 2225 798 2276 pertinet,
826 2226 954 2274 utqui
981 2232 1092 2261 notas

74 2286 276 2326 simultates
310 2288 357 2326 de
383 2289 595 2325 multorum
626 2285 831 2333 cordibus,
866 2299 945 2323 non
976 2285 1090 2333 ludo,

75 2347 137 2385 sed
154 2349 253 2387 serio
275 2349 481 2387 excludere
502 2356 652 2398 satago,
675 2355 714 2385 et
734 2347 782 2384 ad
803 2346 1090 2384 excludendum

74 2420 139 2446 vos
157 2408 314 2448 incitare
344 2409 531 2456 intendo,
561 2409 671 2460 prior
700 2409 783 2459 ipse
815 2407 997 2445 omnibus
1029 2408 1091 2444 in-

75 2467 264 2521 dulgeam,
282 2480 321 2509 et
346 2471 454 2522 quod
478 2479 521 2508 ut
541 2471 604 2508 alii
632 2470 798 2518 faciant,
822 2468 981 2517 laboro,
1002 2477 1090 2507 ante

75 2529 152 2581 ipse
169 2532 317 2570 faciam.

1211 1857 1248 1893 5.
1265 1858 1357 1893 Haec
1373 1854 1465 1891 mihi
1483 1862 1580 1901 tota,
1599 1862 1636 1890 et
1649 1853 1729 1890 sola
1743 1865 1857 1890 causa
1876 1850 2070 1889 scribendi
2088 1849 2181 1896 fuit;

1157 1930 1273 1967 quam
1290 1930 1351 1954 me
1368 1929 1546 1967 personae
1560 1924 1696 1953 vestrae
1713 1915 1901 1964 integram
1920 1926 2074 1950 servare
2093 1924 2183 1948 con-

1158 1978 1235 2015 fido
1266 1992 1274 2014 :
1297 1991 1492 2028 quamque
1526 1985 1680 2013 nostros
1700 1984 1926 2024 vestrosque
1948 1972 2019 2010 sibi
2049 1971 2096 2009 ad
2123 1971 2183 2008 in-

1158 2040 1280 2077 vicem
1302 2039 1438 2076 melius
1460 2038 1574 2075 solito
1596 2045 1841 2083 servaturos,
1864 2043 1994 2072 vestro
2016 2033 2182 2070 maxime

1158 2100 1310 2148 studio,
1343 2114 1423 2138 non
1455 2100 1632 2151 despero.
1666 2102 1761 2137 Nam
1798 2105 1987 2148 quantum
2019 2095 2066 2132 ad
2098 2107 2182 2131 eam

1159 2163 1388 2205 charitatem
1414 2170 1579 2212 spectat,
1602 2174 1718 2211 quam
1740 2158 1851 2197 vobis
1877 2159 1917 2195 in
1937 2157 2069 2195 abdito
2091 2169 2183 2193 601-

1161 2223 1217 2261 1115
1238 2224 1314 2263 mei
1340 2222 1420 2272 jam
1442 2222 1489 2260 ab
1511 2222 1671 2272 antiquo
1704 2234 1882 2267 reservo;
1908 2219 2064 2256 videtur
2089 2216 2183 2253 mihi

1160 2284 1267 2336 quod
1292 2297 1402 2334 aquae
1423 2284 1573 2330 multae,
1595 2291 1638 2320 ut
1658 2283 1845 2333 scriptum
1871 2289 1946 2328 est,
1966 2293 2046 2317 non
2067 2285 2182 2329 pote-

1159 2339 1251 2383 runt
1283 2342 1369 2390 eam
1399 2345 1668 2394 exstinguere,
1702 2357 1773 2380 nec
1805 2342 1965 2379 flumina
1999 2339 2179 2378 obruere.

1159 2411 1243 2445 Hoc
1262 2407 1302 2444 in
1322 2405 1554 2457 quibusdam
1573 2405 1724 2443 casibus
1753 2404 1846 2442 mihi
1864 2416 1965 2453 saepe
1997 2408 2182 2452 expertus

1158 2469 1314 2515 videor,
1339 2468 1447 2519 quod
1477 2481 1585 2518 aquae
1608 2467 1738 2504 multae
1770 2479 1850 2503 non
1880 2471 2067 2515 poterunt
2098 2474 2182 2498 eam

1158 2529 1421 2580 exstinguere,
1454 2542 1524 2565 nec
1559 2528 1719 2565 flumina
1755 2526 1922 2564 obruere
1953 2523 1979 2561 ⁵.
2016 2522 2181 2572 Quando

127 2591 161 2630 4.
188 2592 261 2631 Sed
278 2606 431 2631 rursum
455 2592 554 2630 forte
583 2592 716 2630 dicetis
737 2607 745 2629 :
770 2595 879 2630 Itane
895 2590 1020 2642 jocari
1042 2591 1091 2628 li-
1108 2593 1141 2627 D
1158 2592 1260 2629 enim
1287 2590 1479 2641 exstingui
1498 2591 1561 2627 vel
1584 2589 1697 2627 obrui
1725 2588 1869 2639 poterit
1889 2587 2060 2624 sincerus
2091 2597 2182 2634 erga

75 2650 161 2690 bet?
179 2653 290 2692 Libet
316 2654 517 2706 equidem,
546 2654 613 2692 sed
639 2653 854 2692 vobiscum.
878 2652 1089 2692 Vobiscum

76 2721 191 2762 certe,
211 2716 278 2753 sed
298 2730 377 2754 non
403 2717 456 2754 ita
473 2730 561 2754 cum
583 2716 676 2754 aliis.
697 2720 793 2754 Nam
815 2729 903 2753 cum
928 2714 1091 2765 quibus-

76 2772 159 2812 dam
187 2777 267 2815 aliis
294 2778 520 2828 gravitatem
555 2777 763 2824 excedere,
784 2777 995 2814 vanitatem
1030 2777 1091 2813 in-

77 2847 224 2875 currere
254 2839 504 2877 formidarem
538 2855 546 2877 ε
585 2848 623 2876 at
644 2838 845 2877 vobiscum
879 2839 1088 2876 vanitatem

77 2907 152 2933 non
165 2911 323 2947 vereor3
337 2900 560 2938 charitatem
573 2929 582 2946 ,
603 2914 652 2938 ne
668 2899 840 2945 labatur,
861 2913 1086 2950 persequor.

78 2957 187 2996 Unde
203 2959 313 2998 dulce
329 2962 423 2999 mihi
443 2971 500 2999 est
520 2976 674 3012 semper
690 2961 892 2998 vobiscum
911 2961 1036 3011 loqui,
1053 2969 1091 2998 et

79 3019 245 3058 melleam
269 3022 369 3060 inter
385 3036 454 3060 nos
471 3023 665 3060 charitatis
683 3022 927 3060 dulcedinem
947 3021 1090 3072 jucun-

79 3076 133 3116 dis
151 3082 391 3121 sermonibus
407 3098 651 3122 conservare.
674 3087 800 3123 Can-eo
823 3083 925 3121 enim
938 3113 947 3131 ‚
967 3097 1090 3134 quan—

125 3226 134 3243 ¹
153 3224 234 3255 Gen.
249 3236 369 3256 xxxvii
386 3251 393 3265 ‚
416 3230 447 3259 4.

79 3271 93 3294 ⁵
108 3276 226 3310 cantic.
248 3291 328 3316 vm,
349 3283 381 3312 7.

1157 2668 1244 2700 vos,
1262 2661 1301 2690 et
1321 2653 1466 2703 ignitus
1483 2652 1558 2689 mei
1577 2651 1745 2702 pectoris
1769 2650 1928 2687 affectus
1945 2644 2182 2698 quibuslibet

1158 2715 1302 2752 sinistri
1326 2714 1494 2751 rumoris
1521 2713 1655 2750 rivulis
1678 2727 1686 2749 ε
1710 2725 1797 2749 611111
1821 2724 1892 2748 1166
1920 2722 2029 2760 aquae
2049 2707 2181 2744 multae

1159 2776 1394 2813 decimarum
1409 2775 1612 2826 potuerint
1627 2787 1715 2811 eum
1733 2773 1977 2822 exstinguere
1990 2799 2000 2817 ,
2019 2782 2089 2806 nec
2103 2768 2179 2804 im-

1158 2846 1270 2889 petus
1296 2836 1600 2887 Lingonensium
1635 2835 1840 2872 fluminum
1864 2832 2030 2869 obruere
2047 2831 2182 2868 313Νο-

1157 2900 1223 2937 stis
1251 2898 1355 2949 quod
1380 2898 1489 2944 dico,
1514 2912 1584 2935 nec
1605 2896 1656 2934 ob
1677 2895 1781 2934 aliud
1802 2895 1887 2932 dico
1902 2923 1911 2940 ,
1932 2893 2005 2930 nisi
2023 2900 2066 2929 ut
2084 2904 2182 2928 con-

1158 2961 1291 2998 stantis
1311 2959 1350 2996 in
1371 2959 1513 2996 amoris
1533 2958 1735 3010 proposito
1762 2969 1855 3006 erga
1872 2967 1943 2992 vos
1967 2952 2085 2991 animi
2106 2951 2181 2988 mei

1157 3021 1321 3071 insignia
1342 3020 1535 3067 recolens,
1565 3018 1741 3056 stabilem
1769 3017 1815 3054 de
1837 3024 1977 3054 caetero
2010 3028 2069 3051 me
2099 3025 2180 3049 esse

1158 3095 1270 3134 posse
1283 3112 1293 3130 ,
1311 3080 1519 3132 prudentia
1539 3088 1666 3118 vestra
1686 3085 1906 3130 praesumat.
1928 3080 2122 3115 Praesumo
2144 3079 2182 3109 et

467 3246 506 3250 -
526 3234 537 3249 2
557 3231 588 3260 II
607 3230 681 3261 Cor.
701 3239 758 3265 211,
781 3231 837 3258 26.
858 3244 902 3249 -—
917 3224 930 3247 3
949 3226 1117 3264 Horatius,
1136 3229 1185 3257 De
1202 3229 1279 3258 Arte
1296 3224 1436 3268 poetica,
1458 3235 1538 3256 vers.
1563 3227 1640 3256 138.
1664 3243 1703 3247 -·
1728 3222 1769 3255 4'1
1793 3225 1866 3255 Cor.
1887 3231 1952 3255 xn,
1975 3222 2115 3251 31-x111.
2135 3233 2177 3238 -—

121 3337 134 3351 ³
150 3338 225 3369 Haec
238 3338 290 3370 illa
306 3339 489 3382 iujuriarum
509 3342 628 3385 capita,
655 3342 694 3374 de
710 3342 823 3385 quibus
846 3341 1023 3375 Bernardus
1044 3342 1075 3373 111
1095 3341 1226 3386 epistola
1243 3341 1407 3385 superiori.
