2565 3952
52 182 124 221 225

984 173 1249 209 EPISTOLAE.

2080 170 2155 206 22ίῖ-

51 270 88 298 et
116 258 223 297 oneri
252 256 476 308 gravissimo
515 254 625 305 Legis
660 252 846 290 accedens
879 249 1115 302 quadi-ignis⁷³
1135 249 1313 300 Apostoli
1351 257 1424 285 tuse
1460 247 1698 297 religiositati
1733 259 1810 282 non
1843 247 2056 294 dominari,
2090 248 2155 284 sed

50 319 268 371 Evangelii,
288 326 325 355 et
355 317 463 354 auxit
484 315 780 367 perfectionem,
808 322 844 350 et
866 313 1068 352 difficulta-
1085 316 1117 350 A
1138 308 1396 361 congratulari
1419 316 1566 344 tantum
1597 306 1780 353 debeam3
1801 315 1838 343 et
1862 306 1972 356 juxta
1993 307 2153 344 verbnm

51 391 127 420 tem
144 380 292 418 minuit.
330 381 532 421 Velociter,
558 377 630 423 ait,
657 380 768 412 currit
795 388 915 411 sermo
937 379 1018 421 ejus
1041 381 1066 411 ¹.

50 446 181 482 Sermo
201 440 334 490 utique
352 447 440 476 ante
463 446 580 475 notus
597 438 635 474 in
657 436 788 473 Judaea
814 443 977 480 tantum,
999 447 1069 471 nec

51 517 91 542 se
112 516 192 554 prae
221 502 279 539 sui
311 500 468 551 quidem
492 498 699 549 gravedine
720 497 853 534 valens
874 496 977 533 ultra
1002 509 1070 532 ex-

54 563 228 609 tendere3
255 562 399 612 quippe
419 560 486 610 qui
504 568 542 596 et
559 558 678 610 ipsius
698 557 823 607 Moysi
846 570 982 594 manus
999 570 1069 594 suo

52 624 223 677 pondere
239 629 496 674 praegravatas
516 620 734 657 demitteret
760 634 768 656 :
799 619 986 668 levigatus
999 631 1070 668 per

52 686 230 737 gratiam,
260 692 297 721 et
317 683 410 720 rotis
441 680 671 732 evangelicis
691 679 975 730 superpositus,
1001 691 1069 715 ve-

51 746 185 785 lociter
199 745 238 782 in
253 757 408 782 omnem
426 752 566 781 terram
585 741 722 788 exivit,
741 749 778 777 et
793 740 833 776 in
850 740 944 776 fines
963 738 1068 776 orbis

52 817 162 846 terrae
198 806 396 844 celerrime
433 803 662 856 pervolavit.
699 801 772 840 Sed
805 801 920 851 longe
956 800 1068 837 nimis

54 867 258 919 digredior.

107 928 143 965 3.
161 930 218 965 Tu
238 926 388 976 itaque,
415 924 680 971 dilectissime,
700 936 805 960 cessa
822 921 902 973 jam
920 921 1072 959 indebi-

55 988 103 1026 tis
129 1000 189 1024 me
208 985 424 1024 honoribus
459 985 577 1036 magis
608 984 795 1031 obruere,
825 997 939 1034 quam
962 983 1073 1020 attol-

55 1050 131 1086 lere
161 1062 170 1084 :

53 1108 173 1146 amica
187 1108 276 1145 licet
297 1108 518 1154 voluntate,
540 1106 778 1144 commisces.
795 1106 875 1156 Ipsi
895 1114 1004 1151 sunt,
1025 1104 1072 1141 de

53 1169 193 1220 quibus
213 1170 320 1207 soleo
338 1169 409 1206 soli
430 1173 512 1206 Deo
532 1169 586 1206 ita
615 1168 802 1218 conqueri
827 1169 866 1205 in
890 1166 1075 1204 orationi-

52 1230 125 1268 bus
142 1246 150 1268 :
168 1233 218 1267 Et
237 1235 302 1279 quc·
328 1229 540 1266 laudabant
558 1244 637 1276 me,
669 1231 863 1266 adversum
889 1242 948 1265 me
963 1229 1075 1275 jura-

56 1291 148 1328 bant
164 1298 191 1329 ².
219 1291 280 1330 Ad
315 1304 431 1341 quam
472 1304 595 1327 meam
632 1290 915 1340 querimoniam
951 1294 1077 1327 Deum

56 1353 172 1390 audio
195 1352 494 1403 respondentem
518 1364 630 1398 mox,
650 1359 688 1387 et
708 1359 951 1388 attestantem
973 1350 1079 1400 quod

56 1426 174 1450 verax
195 1413 242 1449 sit
263 1427 271 1450 ε
298 1414 416 1458 Vere,
439 1411 588 1461 inquit,
613 1416 680 1460 qui
700 1420 736 1447 te
767 1411 1005 1458 beatificant,
1039 1416 1078 1447 in

58 1487 218 1510 errorem
244 1482 279 1509 te
299 1477 454 1509 mittunt
468 1472 494 1509 3.
520 1474 568 1508 Et
584 1484 655 1521 ego
679 1487 686 1508 :
719 1474 947 1508 Avertantur
965 1485 1076 1522 ergO,

59 1534 233 1584 inquam,
255 1537 378 1570 statim
401 1531 680 1579 erubescentes,
715 1536 782 1582 qui
799 1534 930 1569 dicunt
956 1534 1051 1569 milei
1065 1562 1076 1578 ,

58 1596 166 1644 Euge
179 1623 190 1639 ,
219 1595 350 1644 enge*⁴
372 1593 484 1642 Quod
505 1602 633 1630 tamen
653 1607 701 1630 ne
721 1602 881 1644 putetur
901 1594 939 1630 in
958 1607 1079 1644 quos-

61 1668 225 1705 cumque
260 1654 502 1692 adversarios
537 1668 559 1692 a
588 1668 650 1692 me
678 1654 914 1705 quandoque
936 1655 1080 1691 intorta

61 1715 278 1753 maledictio
320 1716 381 1753 vel
418 1715 645 1766 imprecatio
668 1745 678 1763 ,
713 1730 911 1767 exponere
956 1714 1078 1753 debeo

61 1776 222 1828 qualiter
250 1776 473 1826 intelligam.
514 1780 657 1814 Precor
692 1777 898 1823 nimirum,
928 1785 971 1814 ut
998 1776 1082 1826 qui-

1138 371 1294 408 Domini
1313 382 1413 406 unus
1435 369 1483 405 sit
1500 376 1610 419 pater
1630 375 1761 404 noster
1778 367 1816 403 in
1836 367 1964 412 coelis,
1988 378 2058 403 nos
2085 381 2155 403 au—

1137 441 1213 469 tem
1234 443 1369 468 omnes
1388 430 1523 466 fratres
1540 428 1660 465 simus
1678 442 1685 464 :
1706 440 1783 463 non
1802 427 1994 463 immerito
2011 427 2154 463 domini

1136 492 1333 543 patrisque
1356 490 1456 527 celsa
1490 489 1669 534 nomina,
1701 486 1841 538 quibus
1872 501 1933 523 ine
1962 487 2160 523 honoran-

1137 553 1228 590 dum
1245 582 1254 599 ,
1277 551 1343 589 sed
1364 564 1443 588 non
1461 549 1703 587 onerandum
1734 548 1903 599 putasti3
1925 556 2033 584 scuto
2054 561 2075 583 a
2100 561 2159 583 me

1136 613 1308 650 veritatis
1341 611 1486 662 repuli,
1514 609 1790 660 congruentius
1818 622 1890 658 pro
1910 608 1966 644 his
1989 621 2048 644 me
2083 608 2159 643 fra-

1138 683 1235 711 trem
1267 672 1472 710 nominans
1507 680 1545 708 et
1585 683 1816 708 conservum
1830 698 1839 716 ,
1874 677 1953 705 tum
1998 677 2160 718 propter

1136 733 1311 772 eamdem
1353 732 1614 770 haereditatem
1634 761 1644 778 ,
1686 739 1766 768 tum
1808 738 1970 781 propter
2010 742 2158 778 aequam

1137 794 1424 841 conditionem3
1464 801 1502 830 et
1536 806 1606 840 ne,
1637 792 1667 829 si
1706 791 1803 828 sorte
1849 789 1955 840 quod
1981 789 2051 826 Dei
2082 796 2159 832 est,

1137 869 1378 906 usurpavero
1422 854 1538 901 mihi,
1576 852 1730 891 audiam
1770 851 1818 889 ab
1857 851 1941 902 ipso
1979 865 1986 886 ε
2031 851 2071 885 Si
2094 863 2160 898 “go

1139 922 1348 964 Dominus,
1373 917 1435 954 nbi
1462 926 1516 953 est
1535 920 1648 953 timor
1671 917 1804 952 meus?
1826 919 1860 950 si
1873 922 2010 963 pater,
2031 911 2094 947 alai
2111 920 2165 947 est

1140 982 1261 1016 honor
1275 994 1382 1016 meus
1397 978 1437 1016 5?
1453 982 1501 1015 Et
1525 978 1644 1028 patris
1661 976 1818 1027 quidem
1839 974 1980 1012 habere
1999 988 2057 1010 me
2073 986 2163 1023 erga

206 1047 378 1098 alioquin
410 1047 526 1084 coetui
562 1055 598 1083 te
638 1045 919 1083 inimicantium
950 1044 1041 1081 milii
1061 1072 1070 1089 ,
1091 1047 1118 1081 B
1143 1051 1177 1079 te
1197 1042 1376 1078 affectum
1400 1053 1477 1077 non
1496 1052 1616 1089 nego,
1641 1038 1707 1075 sed
1728 1036 1998 1075 auctoritatem
2026 1047 2161 1071 renuo,

1140 1106 1218 1142 Nec
1235 1102 1336 1139 enim
1356 1110 1391 1138 te
1410 1101 1560 1138 minore
1573 1129 1583 1147 ,
1601 1108 1643 1136 ut
1659 1098 1852 1143 existimo,
1870 1110 1983 1148 quam
2000 1104 2164 1146 paterno

1142 1164 1381 1215 complector
1398 1163 1550 1199 affectu.
1574 1165 1665 1198 Haec
1682 1174 1773 1210 ergo
1790 1173 1863 1210 pro
1893 1158 1991 1195 tituli
2012 1170 2135 1194 causa.

1197 1228 1233 1263 5.
1261 1229 1344 1262 Jam
1379 1237 1473 1261 vero
1496 1231 1539 1259 ut
1562 1221 1610 1259 ad
1635 1222 1782 1271 reliqua
1801 1219 1975 1271 epistolae
2004 1227 2077 1254 tuae
2106 1230 2166 1253 re—

1146 1286 1380 1337 spondeam,
1400 1283 1574 1321 eamdem
1589 1313 1598 1330 ,
1617 1295 1733 1332 quam
1758 1289 1799 1317 tu
1825 1280 1872 1316 de
1895 1279 1991 1325 mei,
2014 1290 2167 1329 possem

1147 1355 1183 1384 et
1204 1360 1275 1396 ego
1296 1345 1462 1382 vicissim
1494 1343 1541 1381 de
1572 1344 1626 1380 tui
1658 1341 1831 1380 absentia
1860 1354 1939 1377 non
1976 1339 2169 1376 immerito

1147 1408 1272 1444 facere
1292 1405 1574 1456 querimoniam
1608 1419 1616 1441 :
1650 1403 1723 1440 nisi
1749 1401 1841 1452 quia
1861 1400 2002 1437 nostris
2030 1409 2033 1433 ί
2065 1398 2171 1447 quod

1146 1468 1228 1518 ipse
1250 1480 1329 1504 non
1347 1465 1488 1516 negas)
1508 1474 1545 1501 et
1563 1462 1765 1501 affectibus
1782 1471 1817 1499 et
1839 1459 2078 1512 profectibus
2100 1459 2171 1496 Dei

1147 1537 1205 1566 est
1221 1526 1487 1578 praeponenda
1508 1526 1700 1562 voluntas.
1724 1522 1907 1573 Alioquin
1929 1520 2085 1572 quando
2102 1534 2172 1570 ego

1147 1597 1183 1626 te
1215 1588 1396 1625 comitem
1423 1586 1516 1623 mihi
1537 1584 1804 1622 charissimum
1831 1582 2020 1632 valdeque
2046 1594 2175 1617 neces-

1146 1649 1311 1694 sarium,
1345 1648 1492 1698 quippe
1527 1644 1887 1683 obedientissimum
1919 1643 1959 1679 in
1995 1641 2171 1692 agendis,

1147 1709 1473 1748 studiosissimum
1503 1708 1541 1745 in
1573 1705 1835 1757 inquirendis,
1864 1705 1902 1741 in
1928 1702 2172 1741 conferendis

1147 1771 1396 1809 utilissimum
1412 1800 1421 1817 ,
1438 1768 1772 1820 promptissimum
1794 1767 1832 1802 in
1849 1763 2174 1806 rememorandis,

61 1851 224 1889 cumque
239 1837 460 1875 existimant
477 1837 524 1875 de
542 1852 603 1875 me
629 1852 747 1889 supra
767 1839 806 1876 id
827 1838 934 1889 quod
950 1838 1085 1875 vident
1106 1839 1133 1875 C
1153 1842 1307 1884 paterer
1335 1832 1447 1881 longe
1469 1831 1552 1867 fieri
1572 1844 1592 1866 a
1614 1842 1692 1876 me,
1712 1829 1742 1865 si
1766 1841 1843 1864 nou
1876 1835 1975 1863 esset
2002 1825 2176 1863 Christus,

61 1898 101 1936 in
119 1912 180 1936 me
195 1927 206 1946 ‚
227 1907 293 1936 aut
314 1898 478 1936 audiunt
499 1899 647 1949 aliquid
667 1913 715 1937 ex
735 1913 815 1948 me3
838 1907 1081 1946 avertantur,

62 1958 101 1996 id
117 1967 173 1997 est
189 1973 211 1997 a
240 1959 419 1997 laudibus
445 1960 540 1997 meis
566 1961 605 1997 in
633 1975 728 2012 quas
749 1961 872 2011 ignari
889 1961 1006 1998 nimie
1032 1961 1084 1997 fe-

64 2029 221 2068 runtur,
245 2021 434 2069 resiliant,
462 2030 501 2059 et
522 2021 662 2073 pedem
684 2023 894 2060 retrahant.
913 2027 1082 2072 Quomo-

65 2080 138 2119 do?
165 2082 409 2133 Quandoque
422 2082 603 2120 videlicet
623 2092 906 2134 cognoscentes
929 2084 1082 2134 plenius

37 2149 43 2152 ”
65 2155 177 2192 quem
204 2142 496 2181 immoderatius
526 2144 707 2192 laudant,
744 2153 782 2182 et
801 2152 1086 2195 consequenter

66 2202 332 2241 erubescentes
351 2205 412 2241 vel
442 2217 614 2242 errorem
635 2218 768 2253 suum,
789 2206 850 2242 vel
875 2205 987 2242 amici
1017 2204 1086 2242 de-

67 2264 292 2314 prehensam
310 2265 569 2303 inutilitatem.
592 2270 640 2303 Et
656 2267 730 2304 hoc
746 2266 863 2304 modo
878 2275 1086 2316 utrumque

67 2326 286 2363 nocentium
325 2339 468 2376 genus,
498 2335 536 2364 et
578 2327 633 2364 illi
670 2328 815 2365 scilicet
854 2328 922 2378 qui
948 2327 1086 2363 volunt

68 2386 158 2424 mihi
176 2387 300 2434 mala,
325 2395 364 2424 et
395 2400 457 2424 me
480 2387 695 2425 adulatorie
725 2388 1025 2435 commendant3
1047 2395 1085 2424 et

67 2445 106 2484 hi
133 2447 198 2497 qui
231 2448 318 2485 licet
348 2448 595 2496 innocenter,
627 2458 755 2487 tamen
790 2458 952 2496 nocent,
992 2448 1084 2486 dum

67 2506 252 2546 benevole
263 2508 511 2559 quidem,sed
532 2510 841 2559 nimielaudant3
861 2519 1086 2548 avertantur

69 2577 300 2617 retrorsum,
323 2578 361 2607 et
381 2569 612 2608 erubescant
633 2587 640 2609 :
664 2572 740 2609 hoc.
772 2580 829 2609 est
844 2601 855 2619 ,
890 2581 965 2609 tam
1002 2572 1085 2609 vilis

69 2636 107 2666 et
121 2628 290 2679 abjectus
306 2630 360 2668 eis
385 2645 590 2682 appaream
606 2662 615 2680 ‚
641 2641 831 2683 quatenus
851 2633 996 2684 pudeat
1016 2646 1082 2670 eos
1100 2634 1132 2668 D

70 2689 180 2727 talem
199 2691 253 2728 ita
267 2691 455 2738 laudasse,
474 2701 512 2730 et
532 2693 585 2730 sic
602 2693 781 2731 desinant
795 2693 876 2744 jam
899 2694 1086 2731 indiscre-

71 2757 106 2786 te
125 2750 290 2789 laudare.
312 2753 434 2803 Igitur
451 2754 636 2792 adversus
656 2764 844 2806 utrosque
863 2755 1086 2794 laudatores

70 2809 142 2849 illis
170 2825 230 2850 me
261 2813 416 2851 duobus
448 2816 599 2852 munire
633 2817 816 2853 consuevi
854 2817 1050 2854 versiculis
1077 2832 1084 2855 ε

73 2880 204 2910 contra
223 2875 432 2912 malevolos
452 2876 608 2925 quidem
641 2878 810 2927 priorem
825 2907 835 2924 ,
862 2880 1090 2915 Avertantur

76 2941 268 2971 retrorsum
295 2944 331 2972 et
352 2936 570 2973 erubescant
594 2943 660 2987 quc*
688 2942 820 2975 volunt
840 2941 935 2976 milti
954 2944 1088 2985 Μαῖα,-

76 3000 206 3031 contra
230 2993 442 3034 benevolos
461 3006 589 3034 autem
611 2999 815 3048 proferens
836 3010 1084 3051 sequentem,

77 3055 299 3092 Avertantur
319 3063 445 3094 statIm
467 3059 723 3097 erubescentes
739 3066 804 3110 qui
823 3063 954 3098 dicunt
969 3064 1063 3099 milii
1074 3093 1085 3109 ‚

77 3114 204 3163 Euge,
229 3131 332 3167 euge.

129 3173 164 3211 4.
186 3178 280 3214 Cum
309 3191 421 3229 ergo,
447 3189 490 3217 ut
527 3181 575 3218 ad
608 3190 644 3218 te
682 3191 878 3232 revertar,
910 3185 1090 3236 exemplo

130 3309 140 3325 ¹
161 3310 238 3342 Psal.
254 3322 387 3353 oxum,
413 3317 464 3347 15.
482 3315 526 3339 -”-
547 3322 558 3337 ²
577 3317 658 3348 Psat.
679 3328 734 3355 et,
754 3322 785 3350 9.
802 3336 845 3341 —
868 3316 1044 3358 3Isai.1tr,
1076 3323 1125 3351 12.
1149 3339 1192 3342 —
1214 3319 1227 3345 4
1248 3319 1327 3350 Psal.
1349 3329 1451 3356 thxa
1470 3319 1501 3348 4·

128 3369 142 3384 '
158 3371 206 3400 S¹C
224 3382 262 3402 ex
277 3375 381 3407 codice
395 3378 591 3411 Corbeiensi.
610 3380 698 3412 Alias
712 3380 866 3412 omittitur
881 3381 1054 3424 inscriptio.

241 3443 331 3467 '1·0)1.
364 3446 390 3469 1.

1150 1895 1188 1931 in
1218 1895 1356 1930 causa?
1381 1892 1485 1929 Beati
1515 1891 1616 1929 sisic
1641 1889 1972 1941 permanserimus
1994 1887 2173 1936 usquein

1150 1956 1289 2002 finem,
1324 1967 1479 2005 semper
1511 1962 1547 1989 et
1580 1951 1724 2002 ubique
1752 1959 1968 2002 quaerentes
1989 1962 2066 1986 non
2090 1961 2174 1998 quae

1149 2025 1283 2056 nostra
1313 2024 1423 2063 sunt,
1453 2014 1519 2052 sed
1545 2027 1631 2065 quae
1648 2017 1740 2051 ,Iesu
1761 2012 1913 2050 Christi.

1300 2301 1679 2359 EPISTOLA
1724 2300 1997 2357 LXXIII.

1543 2459 1588 2480 AI)
1609 2456 1783 2480 EL‘MDEM.

1153 2576 1345 2610 Rainaldum
1363 2575 1403 2607 de
1426 2575 1593 2607 eormnisso
1621 2572 1680 2604 sihi
1704 2571 1896 2615 przelationis
1922 2580 2053 2601 munere
2083 2569 2178 2600 nimis

1199 2632 1328 2664 anxium
1347 2637 1378 2662 et
1398 2629 1564 2673 querulum
1585 2628 1731 2665 instruit;
1758 2633 1928 2668 monetque
1952 2636 2045 2667 opem
2071 2631 2099 2655 ct
2128 2635 2179 2654 so‘

1201 2688 1308 2719 latium
1327 2686 1389 2717 suis
1413 2685 1517 2728 potius
1538 2682 1785 2726 impendendum
1800 2706 1807 2720 ,
1831 2692 1926 2723 quam
1949 2679 1989 2710 ab
2010 2679 2053 2710 eis
2071 2678 2177 2720 requi-

1201 2743 1349 2775 rendum.

1154 2871 1414 2911 Dilectissimo
1439 2868 1518 2905 filio
1534 2880 1604 2904 suo
1624 2863 1871 2904 Fusniacensi
1889 2860 2037 2906 abbati,
2067 2860 2180 2911 spiri-

1478 2937 1558 2965 tum
1582 2924 1817 2964 fortitudinis
1831 2930 1860 2960 ³.

1215 3063 1247 3100 1.
1279 3060 1453 3111 Plangis,
1479 3056 1723 3099 dilectissime
1749 3054 1802 3090 fili
1823 3049 2034 3096 Rainalde,
2065 3060 2181 3097 super

1159 3123 1288 3160 multis
1310 3119 1624 3159 tribulationibus
1646 3118 1740 3164 tuis,
1762 3116 1912 3167 piisque
1931 3108 2183 3161 querimoniis

1159 3197 1219 3222 me
1235 3194 1392 3235 quoque
1408 3181 1551 3220 excitas
1569 3178 1616 3217 ad
1631 3175 1907 3229 plangendum.
1930 3176 2007 3210 Nec
2024 3169 2124 3206 enini
2146 3175 2183 3202 te

1518 3334 1561 3338 -—
1577 3313 1590 3336 5
1615 3311 1753 3346 Malach.
1776 3322 1807 3347 t,
1829 3314 1860 3338 G.
