2565 3952
103 154 174 192 301
1028 148 1291 186 EPISTOLAE.
2118 160 2192 196 :302

102 232 133 270 si
156 229 265 268 vobis
293 228 373 265 haec
398 225 578 263 accidisse
606 238 654 261 ex
680 223 790 261 vobis
816 237 1087 273 cognoscerem
1102 239 1109 260 :
1126 224 1251 264 ''⁷x·os
1264 228 1447 278 perditis,
1471 237 1535 264 aut
1557 229 1744 278 ipscquid
1766 232 1919 280 perdit?
1940 234 1997 270 Fit
2014 235 2059 271 de
2077 236 2192 273 divite

101 300 277 330 caeterum
311 288 450 338 digitus
482 286 551 324 Dei
583 294 640 322 &St
670 285 739 322 iSte
763 314 773 331 ‚
807 284 967 321 Πῑῑῑίἱιῑίο
998 285 1112 334 plane
1130 286 1162 319 Α
1183 288 1313 334 ditior,
1333 288 1379 324 de
1403 287 1523 324 nobili
1544 289 1785 337 generosior,
1805 291 1944 327 clarior
1961 292 2007 329 dc
2028 294 2163 331 illustri
2183 311 2191 339 3

105 353 269 390 dexterae
295 349 453 387 Excelsi.
474 351 615 385 Datum
647 346 838 396 optimum
867 353 945 391 est,
976 354 1013 382 et
1043 345 1116 382 do-

101 426 190 452 num
216 411 450 462 perfectum,
478 421 548 445 nec
571 407 732 444 dubium
757 407 850 456 quin
877 405 1115 443 descendens

100 488 122 512 a
139 476 248 511 Patre
267 470 466 508 luminum.
488 468 638 506 Idcirco
662 468 701 504 in
723 468 848 518 ipsum
868 480 983 504 omne
1009 481 1112 517 prae-

101 534 252 572 conium
273 531 361 582 jure
383 530 605 575 referimus,
634 529 700 578 qui
724 529 812 565 facit
839 527 1029 564 mirabilia
1052 541 1115 565 so-

101 595 180 641 lus,
201 593 267 643 qui
287 591 442 630 fecitne
472 591 510 627 in
533 588 640 626 vobis
667 590 791 626 otiosa
812 587 892 638 jam
919 597 1018 626 esset
1048 602 1113 637 ea,

100 669 184 707 quae
204 653 307 705 apud
324 666 362 690 se
380 660 456 698 est,
479 652 637 701 copiosa
654 649 882 700 redemptio.

153 715 188 752 2.
217 713 316 763 Quid
347 713 464 763 igitur
493 725 592 762 opus
617 719 674 748 est
698 711 818 756 facto,
851 710 1111 757 dilectissimi,

100 776 170 815 nisi
189 784 231 813 ut
251 783 460 825 satagatur,
490 772 688 823 quomodo
717 771 908 809 laudabile
935 772 1115 823 proposi-

101 846 181 876 tum
217 836 374 886 dignum
408 842 668 884 consequatur
697 833 916 870 effectum?
955 833 1113 872 Studete

100 896 263 950 proinde
279 895 576 947 perseverantiae
592 924 602 942 ,
622 908 708 945 quae
735 895 815 932 sola
838 894 1024 931 virtutum
1044 908 1112 931 co-

101 966 270 997 ronatur.
290 961 375 995 Non
397 956 618 994 inveniatur
635 955 738 1006 apud
754 968 843 1003 vos,
867 958 933 992 Est
950 963 988 992 et
1004 958 1090 993 Non
1103 985 1113 1002 ,

1184 357 1243 395 ct,
1266 348 1372 398 quod
1404 348 1462 384 his
1494 348 1674 385 omnibus
1707 348 1830 398 majus
1857 359 1933 397 est,
1967 361 2119 390 sanctus
2152 354 2197 389 dc

1182 418 1398 459 peccatore.
1415 412 1578 459 Oportet
1592 417 1718 446 autem
1734 423 1821 446 eum
1837 412 2045 460 praeparari
2064 426 2196 462 regno,

1181 470 1287 520 quod
1308 469 1379 506 sibi
1400 478 1576 520 paratum
1599 478 1655 505 est
1676 469 1723 506 ab
1743 470 1889 519 origine
1907 471 2041 508 mundi
2056 487 2065 518 ;
2083 481 2195 521 atque

1181 530 1296 581 hujus
1313 531 1367 570 rei
1389 531 1510 580 gratia
1526 530 1720 567 modicum
1740 540 1891 582 tempus
1906 560 1915 577 ,
1936 533 2041 582 quod
2067 534 2195 570 vivere

1181 592 1297 630 habet
1314 622 1323 639 ,
1351 606 1507 630 manere
1533 592 1734 629 nobiscum
1754 608 1760 630 :
1785 593 1909 630 donec
1929 594 2062 631 abrasa
2083 608 2194 644 spur-

1181 655 1268 692 citia
1283 655 1371 690 vitae
1385 653 1575 691 saecularis
1587 683 1596 700 ,
1618 667 1660 690 ac
1680 662 1832 690 terreno
1850 653 2002 690 deterso
2020 656 2193 704 pulvere,

1183 716 1327 753 coelesti
1353 715 1541 753 mansioni
1564 716 1626 752 [iat
1647 715 1821 752 idoneus.
1846 716 1883 753 Si
1911 715 2064 765 diligitis
2081 728 2168 752 eum
2189 744 2198 761 ‚

1184 776 1399 827 gaudebitis
1426 776 1559 827 utique
1576 806 1584 822 ,
1612 777 1702 827 quia
1731 777 1837 814 vadit
1869 776 1916 813 ad
1946 780 2125 822 Patrem,
2159 785 2197 813 et

1182 839 1295 875 talem
1327 842 1491 876 Patrem.
1520 838 1610 889 Ipse
1647 838 1802 888 quidem
1831 838 1936 875 vadit
1964 838 2010 874 ad
2041 842 2194 883 Deum3

1182 899 1249 936 sed
1266 913 1335 936 vos
1357 912 1434 936 non
1462 898 1622 949 perditis
1642 913 1729 935 eum
1747 928 1756 944 ,
1777 899 1871 949 quin
1900 899 2028 949 potius
2059 899 2198 935 multos

1182 974 1253 1010 per
1274 973 1362 997 eum
1383 959 1578 1009 acquiritis
1595 959 1705 996 vobis
1723 960 1832 996 lilios.
1848 963 2048 1009 Quotquot
2068 972 2199 995 sumus

100 1029 140 1058 ut
159 1019 239 1057 sitis
261 1019 328 1056 lilii
354 1018 475 1056 Patris
495 1018 614 1055 vestri
636 1017 703 1067 qui
728 1025 785 1054 CSt
804 1017 842 1053 in
864 1017 967 1054 coeliS
981 1045 990 1063 ⁷
1014 1016 1116 1068 apud
1138 1024 1165 1058 B
1184 1023 1223 1058 in
1242 1022 1474 1059 Clara-Valle
1489 1021 1549 1058 ‘vel
1571 1021 1618 1057 de
1634 1022 1894 1067 Clara—Valle,
1916 1021 2041 1071 ipsum
2063 1021 2101 1056 in
2121 1021 2198 1057 fra-

99 1094 214 1131 quem
235 1080 420 1117 nimirum
448 1093 529 1116 non
556 1087 613 1116 est
643 1078 910 1116 transmutatio
927 1107 936 1124 ‚
965 1092 1036 1115 nec
1062 1078 1118 1115 vi-

99 1141 331 1179 cissitudinis
352 1140 614 1179 obumbratio.
645 1144 723 1178 Vos
747 1153 926 1190 quoque,
957 1140 1115 1186 fratres,

95 1202 137 1240 in
150 1202 324 1240 eamdem
343 1203 548 1252 imaginem
567 1201 892 1238 transformamini
911 1214 931 1237 a
945 1201 1117 1238 claritate

97 1263 138 1301 in
158 1263 369 1300 claritatem
386 1293 396 1309 ‚
428 1272 610 1312 tanquam
641 1276 662 1299 a
692 1262 848 1299 Domini
868 1262 1031 1311 Spiritu,
1052 1275 1119 1298 cu-

99 1332 226 1363 rantes
243 1324 350 1360 omni
364 1323 561 1373 vigilantia
578 1331 616 1359 et
635 1322 708 1372 ipsi
724 1335 803 1359 non
819 1322 985 1358 inveniri
1001 1322 1117 1367 leves,

101 1383 318 1430 instabiles,
341 1383 584 1421 fluctuantes.
615 1383 807 1433 Scriptum
826 1390 883 1419 est
911 1382 1033 1428 enim,
1055 1384 1123 1417 Vir

102 1446 248 1494 duplex
270 1447 422 1489 animo,
449 1448 668 1479 inconstans
696 1448 812 1479 estin
842 1442 1015 1478 omnibus
1043 1447 1121 1479 viis

100 1509 176 1542 suis
189 1510 199 1525 ¹
216 1520 226 1552 3
246 1513 285 1541 et
310 1517 463 1541 rursum
477 1533 487 1550 ,
517 1507 585 1539 Voe
606 1506 833 1553 ingredic’nti
856 1514 994 1540 terram
1023 1505 1120 1540 clua-

104 1567 167 1603 bus
186 1570 262 1603 viis
276 1567 308 1602 ²!
325 1569 372 1604 Et
387 1578 479 1615 ego,
498 1565 728 1612 charissimi,
747 1573 933 1615 quantum
957 1578 1121 1615 congra-

104 1628 206 1665 tulor
223 1625 354 1673 vobis,
377 1634 526 1663 tantum
553 1627 727 1676 gratulor
756 1635 794 1663 et
820 1626 933 1673 mihi,
961 1627 1052 1676 qui,
1078 1635 1122 1663 ut

103 1687 257 1738 accepi,
281 1687 419 1738 dignus
440 1686 593 1725 habitus
617 1701 699 1725 sum
723 1685 897 1724 minister
917 1686 1003 1737 eligi
1028 1700 1122 1724 con-

104 1749 175 1787 silii
195 1747 323 1798 hujus,
342 1752 389 1786 Et
411 1748 614 1786 consilium
635 1748 708 1795 do,
736 1757 773 1786 et
794 1748 981 1785 auxilium
1003 1761 1122 1799 spon-

1184 1091 1303 1129 trem,
1328 1096 1397 1119 vos
1417 1083 1456 1119 in
1477 1091 1655 1133 parentes
1675 1082 1917 1132 suscipimus.

1239 1145 1274 1181 2.
1296 1149 1345 1181 At
1367 1143 1536 1180 fortassis
1558 1143 1725 1180 metuitis
1746 1143 1903 1192 corpori
1925 1141 2007 1192 ejus
2027 1142 2116 1178 ritae
2137 1154 2198 1177 as—

1182 1205 1406 1255 peritatem,
1432 1203 1538 1253 quod
1568 1203 1751 1240 nimirum
1774 1212 1949 1240 tenerum
1978 1203 2097 1238 nostis
2121 1214 2200 1237 esse

1184 1279 1227 1301 ac
1254 1264 1472 1301 delicatum.
1503 1267 1693 1301 Caeterum
1727 1263 1774 1299 de
1806 1262 2029 1311 hujusmodi
2065 1263 2201 1298 timore

1188 1324 1328 1361 dicitur
1346 1339 1354 1360 z
1376 1324 1436 1359 Ibi
1464 1326 1744 1373 trepidaverant
1769 1328 1917 1366 timore,
1946 1322 2005 1357 alu·
2026 1336 2100 1357 mm
2120 1321 2205 1368 ¹fait

1187 1390 1300 1421 elmor
1316 1384 1344 1422 4.
1373 1384 1584 1430 Confidite‚
1607 1383 1863 1420 consolamini
1882 1398 1889 1419 :
1914 1396 1984 1433 ego
2003 1396 2068 1419 ero
2090 1383 2143 1418 illi
2166 1382 2204 1418 in

1187 1454 1336 1497 patrem
1355 1474 1364 1490 ‚
1390 1453 1429 1482 et
1450 1445 1532 1495 ipse
1557 1444 1631 1481 erit
1653 1444 1747 1480 mihi
1766 1444 1805 1480 in
1833 1444 1953 1480 filium
1967 1472 1976 1489 ,
2003 1455 2207 1493 quousque

1190 1506 1237 1543 de
1261 1506 1354 1543 meis
1373 1505 1550 1543 manibus
1571 1505 1736 1555 excipiat
1755 1518 1843 1542 eum
1862 1508 1974 1542 Pater
1991 1503 2208 1540 misericor-

1188 1569 1338 1605 diarum
1357 1576 1394 1604 et
1411 1571 1512 1604 Deus
1531 1567 1646 1604 totius
1664 1565 1952 1603 consolationis.
1974 1565 2099 1602 Nolite
2116 1578 2208 1614 crgo

1188 1630 1342 1679 lugere,
1366 1637 1404 1665 et
1428 1628 1547 1665 nolite
1578 1627 1696 1674 flere3
1726 1628 1816 1677 quia
1843 1626 2052 1665 Gaufridus
2082 1634 2208 1662 vester

1189 1691 1344 1728 festinat
1364 1690 1412 1726 ad
1433 1688 1636 1740 gaudium,
1660 1702 1740 1725 non
1769 1687 1817 1725 ad
1848 1688 2008 1724 luctum.
2038 1691 2119 1736 Ego
2141 1700 2208 1723 ero

1189 1753 1245 1790 illi
1267 1761 1390 1803 pater,
1415 1765 1486 1801 ego
1510 1759 1632 1788 mater
1647 1779 1655 1795 ‚
1686 1763 1756 1800 ego
1786 1750 1902 1786 frater
1923 1758 1960 1786 et
1982 1762 2104 1786 soror.
2128 1752 2208 1798 Ego

104 1810 187 1848 deo.
215 1810 253 1847 Si
272 1809 408 1846 videor
430 1809 691 1855 necessarius,
721 1818 787 1846 aut
807 1817 910 1846 certe
932 1809 962 1846 si
985 1809 1122 1859 dignus
1145 1811 1172 1847 C
1192 1815 1324 1851 faciam
1359 1813 1393 1850 ei
1425 1826 1545 1864 prava
1572 1812 1611 1848 in
1646 1811 1812 1856 directa,
1842 1819 1880 1847 et
1905 1823 2039 1860 aspera
2064 1809 2103 1845 in
2130 1810 2210 1846 vias

99 1870 251 1923 judicor
261 1887 272 1918 3
303 1884 384 1908 non
415 1884 551 1908 recuso
581 1870 778 1918 laborem,
804 1884 883 1908 non
907 1870 1022 1907 deero
1050 1883 1122 1920 pro

103 1931 258 1970 viribus.
292 1935 467 1970 Devotus
497 1945 678 1983 suppono
710 1932 915 1978 humeros,
946 1931 1017 1968 etsi
1043 1929 1123 1980 jam

107 1993 261 2040 fessos³,
284 1992 444 2030 sarcinae
460 1992 568 2040 huic,
596 1993 627 2030 si
647 1993 739 2030 mihi
762 1993 914 2031 coelitus
941 1992 1123 2042 impona—

105 2061 178 2091 tur.
198 2057 325 2091 Laetus
347 2062 388 2091 et
411 2052 537 2090 obviis
552 2082 561 2099 ‚
590 2062 633 2090 ut
658 2054 816 2101 dicitur,
848 2052 1026 2090 manibus
1056 2067 1124 2090 ex-

69 2122 77 2125 ·
105 2114 204 2165 cipio
219 2115 318 2151 cives
337 2123 559 2151 sanctorum
572 2143 582 2160 ,
600 2123 638 2151 et
652 2114 883 2151 domesticos
898 2114 981 2151 Dei.
1000 2118 1123 2162 Quam

104 2174 245 2222 libens,
262 2173 374 2224 juxta
394 2174 618 2211 mandatum
639 2174 932 2225 propheticum,
959 2187 1122 2210 occurro

103 2249 187 2273 cum
213 2235 376 2286 panibus
401 2235 635 2286 fugientibus
654 2250 675 2273 a
705 2236 799 2272 facie
820 2235 960 2285 gladii,
983 2248 1121 2284 aquam

105 2297 184 2335 fero
203 2296 418 2334 sitientibus
435 2295 460 2334 3.
485 2297 649 2347 Reliqua
669 2297 783 2347 posui
809 2297 848 2333 in
875 2309 943 2333 ore
970 2295 1092 2332 nostri
1110 2324 1118 2341 ,

105 2357 180 2395 imo
213 2367 251 2395 et
287 2358 406 2395 vestri
438 2358 627 2396 Gaufridi.
661 2356 860 2407 Quidquid
892 2355 1003 2393 vobis
1039 2356 1121 2393 vice

105 2427 232 2456 nostra
260 2418 400 2456 dixerit
420 2418 483 2455 ille
498 2448 508 2466 ,
530 2427 707 2456 nostrum
732 2431 811 2455 non
839 2416 1020 2454 dubitetis
1041 2429 1121 2454 esse

105 2479 315 2516 consilium.

106 2609 1124 2620 zatzwwznxtnxznwmtxwzwsmxxsun=====nx==1=2===2=z=xxx==========x====u.„==

327 2721 708 2779 EPISTOLA
765 2720 893 2778 CX.

134 2870 179 2891 ΔΙ)
199 2870 380 2895 PARENTES
404 2870 574 2894 EJUSDEM
595 2871 775 2894 GAUFRIDI
800 2869 1091 2893 CONSOLATORIA.

109 2981 181 3012 Non
191 2991 256 3012 esse
268 2992 324 3012 cur
339 2980 440 3013 filium
452 2980 633 3023 religiosum
645 2986 797 3022 tanquam
809 2978 968 3022 perditum
982 2979 1121 3020 lugeant,

320 3036 369 3067 vel
385 3035 480 3067 etiam
496 3046 552 3067 cur
571 3035 738 3066 delicatulo
755 3039 907 3065 metuant.

167 3147 199 3183 1.
222 3148 258 3184 Si
275 3148 395 3185 filium
410 3157 581 3186 vestrum
599 3153 703 3186 Deus
722 3148 809 3185 facit
824 3155 861 3184 et
878 3160 1010 3193 suum,
1032 3145 1127 3196 quid

1190 1876 1325 1926 planas
1346 1891 1354 1912 :
1375 1888 1445 1924 ego
1465 1874 1499 1910 ei
1516 1873 1647 1910 onmia
1668 1873 1720 1909 sic
1737 1870 1982 1922 temperabo,
2009 1880 2046 1908 et
2066 1872 2118 1907 sic
2137 1870 2210 1907 dis-

1192 1936 1366 1988 pensabo
1391 1964 1400 1981 ,
1438 1944 1480 1972 ut
1509 1943 1547 1971 et
1577 1934 1734 1984 spiritus
1763 1933 1965 1983 proficiat,
1994 1942 2030 1970 et
2059 1946 2200 1982 corpus

1191 2011 1271 2035 non
1293 1997 1457 2034 deficiat.
1479 1996 1655 2046 Denique
1676 1995 1817 2032 serviet
1836 1993 2005 2032 Domino
2024 1994 2063 2030 in
2084 1993 2212 2029 laetitia

1191 2067 1229 2096 et
1247 2058 1522 2104 exsultatione,
1541 2065 1578 2093 et
1595 2055 1764 2092 cantabit
1777 2055 1816 2092 in
1834 2055 1905 2092 viis
1922 2054 2099 2100 Domini,
2113 2068 2211 2103 qno-

1192 2120 1294 2157 niam
1316 2132 1454 2168 magna
1475 2126 1530 2154 est
1547 2117 1667 2167 gloria
1688 2116 1859 2154 Domini.

1204 2270 2213 2286 sununs*==uwtxxsmuxsxxm=wwx======2=sxsxxxtxvxn=xw========mvxuxxnwn=uxx

1413 2405 1789 2463 EPISTOLA
1833 2406 1987 2463 CXI.

1230 2574 1279 2597 Ex
1300 2571 1462 2596 PERSONA
1482 2571 1573 2594 ELH:
1594 2569 1768 2593 MONACHI
1788 2570 1832 2591 AD
1854 2569 2038 2593 PARENTES
2062 2568 2162 2593 SUOS.

1191 2703 1346 2732 Hortatur
1370 2706 1440 2732 eos,
1458 2706 1498 2726 ne
1524 2706 1556 2725 se
1580 2697 1648 2726 Deo
1674 2694 1790 2725 servire
1806 2693 1964 2724 volentem
1989 2692 2141 2734 impedire
2157 2699 2209 2723 aut

1223 2752 1385 2785 retrahere
1401 2755 1555 2782 conentur
1573 2760 1580 2780 :
1601 2748 1766 2790 indignum
1784 2746 1815 2778 id
1829 2746 1896 2778 fore
1911 2752 1941 2778 et
1956 2745 2177 2779 fmstraneum,

1192 2884 1324 2924 Charis
1352 2879 1579 2933 parentibus
1609 2879 1711 2922 suis,
1742 2881 1992 2916 Ixconmxxo
2022 2884 2059 2913 et
2091 2879 2208 2913 Iram

1246 2948 1386 2982 Hamas
1414 2941 1640 2987 monachus,
1664 2939 1730 2977 sed
1754 2947 1946 2989 peccator,
1968 2937 2208 2988 quotidianas

1246 3005 1440 3043 orationes
1456 3002 1485 3039 ’ἲ

1251 3146 1285 3180 1.
1309 3142 1397 3180 Sola
1418 3153 1549 3188 causa,
1572 3152 1647 3190 qua
1665 3151 1744 3175 non
1767 3137 1877 3174 liceat
1900 3134 2055 3173 obedire
2073 3148 2208 3184 pai-cn-

164 3290 174 3306 ¹
195 3287 306 3318 Jacobi
330 3299 362 3326 1,
394 3292 425 3320 8.
443 3307 488 3311 —
505 3293 522 3309 ²
539 3289 635 3321 Eccli.
655 3291 841 3327 11‚14.—
858 3286 1152 3324 3isai.xx1‚14.
1170 3284 1244 3311 -4
1266 3284 1509 3320 Psal.x1=1‚.'›.

163 3348 176 3362 “
202 3347 283 3378 Hine
302 3353 387 3389 patet
404 3349 601 3380 Bernardum
614 3350 680 3392 jam
697 3355 828 3381 senecta:
846 3350 1025 3391 ploximum
1043 3353 1116 3379 tunc
1134 3346 1240 3378 fuisse.
