2517 3936
0 2759 8 3166 v—-m--v
0 2433 9 2740 --————-——-——--2
0 2539 1 2545 ⁴
0 2492 1 2497 Α
0 2468 1 2473 ⁴
0 2279 9 2428 ³3⁶-ss
0 2330 1 2357 ⁴⁴⁴
0 2066 9 2289 mugga-sm..
0 2008 9 2076 ’.ζμ
6 1988 7 1993 1
0 1941 8 1974 .-.
0 1892 9 1901 1

77 245 151 283 873

81 327 158 362 147,
178 329 209 355 et
225 334 369 355 sermone
392 325 432 354 24
446 348 454 362 ,
477 325 510 355 in
527 325 654 357 Cantica
666 351 673 363 ,
693 326 794 358 initio.
810 327 910 365 vide,
929 329 954 359 si
974 329 1058 361 lubet
1074 355 1081 367 ‚

76 383 167 409 notas
199 376 240 407 ad
276 376 440 418 epistolam
476 379 550 410 147.
585 381 631 409 Ex
659 378 772 420 quibus
808 380 933 422 colligas
967 392 1085 413 errasse

77 429 213 464 Beslium
225 454 232 468 ‚
249 441 319 461 cum
334 429 429 468 dixit,
450 430 626 462 Gerardum
640 442 723 462 anno
743 436 753 462 1
767 436 842 466 131,
860 433 992 464 schisma
1011 445 1084 465 vero

78 490 150 516 ante
165 484 266 526 ipsum
283 495 400 514 annum
421 483 516 515 fuisse
531 485 728 516 exstinctum.

126 540 193 570 329
213 539 249 569 C.
273 538 436 580 episcopos
454 538 608 581 episcopis
624 539 878 581 superintrudere
901 541 1020 572 nititur.
1042 560 1085 564 -—

76 591 247 624 Ordericus
263 591 295 622 in
308 591 389 623 libro
408 595 461 629 13,
479 603 550 634 pag.
571 595 636 624 895
657 603 664 623 ι
684 608 696 619 «
715 596 751 623 In
766 593 921 634 plerisque
937 594 1087 627 rmnobiis

15 648 17 668 ⁵
77 659 94 672 ι
112 644 175 676 duo
193 644 324 677 abbates
339 651 560 683 surrexerunt,
579 651 609 677 et
623 645 653 676 in
675 646 839 688 episcopiis
857 646 918 677 duo
942 649 1088 689 pra‘sules

79 713 94 727 ι
111 698 152 730 de
175 698 360 741 pontificatu
382 705 581 730 certaverunt
607 710 615 730 :
644 710 778 741 quortun
804 710 882 731 unus
909 700 1089 733 adhaerebat

77 765 94 780 ι
111 754 204 788 Petro
221 752 375 784 Anat-leto
386 777 394 790 ‚
413 752 493 784 alter
511 763 586 783 vero
610 751 735 784 faxebat
763 754 916 795 Gregorio
935 757 1088 786 Innocen—

78 821 97 834 ιο
110 805 166 838 tio.
182 820 195 832 ι»
209 808 256 837 Ita
269 805 362 837 etiam
377 806 411 837 in
423 806 512 838 Actis
524 806 751 849 Episcoporum
768 808 1085 848 Cenomannensium,

13 872 15 881 ¹
58 860 302 894 'Analectorum
331 866 416 892 tomo
446 864 485 899 3,
516 872 587 903 pag.
618 864 704 899 338,
737 861 790 892 ubi
817 861 856 892 de
881 861 1028 905 Philippo
1057 863 1088 895 in

76 917 296 946 Turonensem
318 914 491 945 Ecclesiam
508 913 629 946 intruso
641 939 648 952 ‚
669 914 710 945 de
729 924 792 956 quo
809 914 948 957 epistola}
973 919 1034 948 150
1059 914 1089 948 et

82 971 96 1000 1
106 971 161 1000 51.

125 1024 195 1054 330
210 1024 252 1053 D.
267 1021 356 1064 justi.
369 1039 417 1044 —-
430 1024 477 1053 Ita
491 1027 613 1053 veteres
631 1021 705 1052 libri
717 1027 748 1052 et
766 1021 843 1052 editi
860 1021 1001 1064 plerique
1015 1033 1086 1064 pro,

78 1073 190 1118 injusti
198 1086 210 1111 ,·
223 1086 281 1118 per
294 1074 490 1117 antiphrasin
504 1081 556 1106 aut
570 1075 717 1106 ironiam.
734 1077 771 1105 In
784 1085 847 1106 uno
861 1081 966 1106 tamen
982 1075 1089 1107 codice

75 1127 260 1161 eotbertino
284 1134 393 1160 notato
420 1130 509 1160 1410
531 1128 644 1170 legitur
671 1134 857 1169 utrumque,
878 1128 989 1170 injussi
1006 1128 1090 1171 justi

77 1194 138 1214 vos
150 1182 327 1214 videamini
343 1194 356 1213 .·
373 1183 494 1226 optimo
510 1193 621 1221 sensu3
642 1192 756 1224 nempe
767 1206 775 1220 ,
796 1189 830 1212 ut
842 1193 917 1219 mos,
939 1181 993 1226 qui
1008 1183 1090 1225 justi

73 1236 169 1274 esth,
193 1235 308 1279 injusti
329 1235 516 1268 videamini.
530 1240 567 1268 In
583 1247 647 1267 uno
666 1235 880 1267 Betim-acensi
892 1236 1086 1278 simpliciter,

76 1289 199 1334 injusti.

127 1346 190 1376 331
212 1346 249 1375 B.
263 1342 443 1375 Bernardus
455 1343 644 1375 Parmensis.
658 1362 704 1366 -—
718 1342 898 1373 Bernardus
913 1344 1090 1374 Parmensis

75 1399 112 1431 in
139 1398 328 1441 quibusdam
356 1396 520 1429 codicibus
542 1397 648 1428 locum
676 1396 771 1428 babet
799 1403 870 1439 post
895 1397 1089 1429 Bernardum

77 1453 281 1496 Papiensem,
307 1452 454 1494 idemque
470 1451 630 1482 nonnullis
647 1451 753 1490 deest,
772 1457 806 1482 111
823 1451 855 1482 in
881 1451 1004 1483 duobus
1021 1453 1088 1483 Col-

74 1506 219 1539 bertinis.
234 1506 386 1549 Ughellus
398 1517 469 1538 eum
489 1506 548 1538 sul>
563 1506 660 1538 finem
676 1506 878 1548 pontificatus
891 1506 1047 1538 Paschalis
1061 1510 1091 1538 II

75 1559 193 1592 obiisse
208 1560 295 1592 dicit.

124 1617 191 1646 332
213 1615 255 1646 A.
282 1613 570 1647 Camaudulienses.
584 1633 631 1637 ——
645 1617 693 1645 tta
714 1613 780 1645 fere
797 1613 920 1645 codices
945 1619 1087 1652 vetere53

74 1668 222 1712 quidam,
247 1666 537 1700 camaudulienses.
565 1668 713 1701 Notiores
739 1674 811 1699 sunt
837 1668 1089 1700 Camaldulenses

75 1729 109 1754 et
129 1722 402 1754 Vallumbrosanae
423 1722 552 1754 Ordinis
581 1725 612 1754 S.
639 1722 802 1754 Benedicti
826 1722 1089 1764 Congregationes

76 1777 110 1809 in
123 1777 214 1810 Italia
229 1777 300 1809 duae
310 1802 318 1816 ‚
336 1788 433 1820 quam
455 1783 490 1809 ut
502 1777 653 1808 illustrari
667 1776 729 1808 hoe
745 1777 816 1808 loco
834 1776 982 1808 debeant.

113 1833 193 1862 ·332
213 1832 255 1862 A.
275 1829 507 1862 Cluniacenses.
522 1849 568 1853 -——
583 1833 658 1862 Non
684 1836 729 1861 est
755 1830 879 1862 silentio
900 1830 1088 1872 praetermit-

74 1884 206 1918 tendum
218 1884 304 1926 quod
324 1884 365 1915 de
383 1883 428 1916 eis
443 1883 502 1915 hac
523 1884 687 1916 occasione
702 1883 799 1916 refert
815 1883 986 1915 Ordericus
1008 1883 1089 1915 libro

28 1963 32 1966 -
79 1942 121 1972 13
132 1963 141 1978 ‚
159 1949 244 1970 anno
261 1941 362 1971 1134.
377 1953 392 1966 ἰ
407 1938 646 1977 Cluniacenses,
665 1954 678 1966 »ι
696 1938 816 1980 inquit,
837 1953 849 1965 a
865 1944 899 1969 ut
913 1938 1088 1969 Innocentii

76 2007 91 2021 n
109 1992 280 2024 adventum
295 1998 528 2034 eognoverunt,
547 1992 706 2034 sexaginta
723 2003 820 2034 equos
837 2003 891 2023 seu
904 1992 1004 2022 mulos
1018 2001 1089 2022 cum

76 2062 93 2074 n
113 2046 199 2079 omni
224 2051 379 2089 apparatu
402 2056 542 2087 congruo
564 2049 657 2088 Papae
683 2052 713 2077 et
735 2045 947 2077 cardinalibus
969 2044 1088 2076 clericis

51 2105 58 2110 '
74 2114 90 2128 ι
107 2100 360 2138 destinaverunt,
380 2107 412 2131 et
428 2110 525 2141 usque
538 2099 578 2131 ad
591 2111 679 2131 suam
698 2099 859 2132 basilicam
872 2099 1088 2131 favorabiliter

72 2169 90 2180 »ι
107 2154 316 2186 deduxerunt.
331 2156 423 2185 Tunc
445 2152 564 2184 ibidem
584 2153 731 2185 undecim
749 2153 860 2185 diebus
882 2157 1000 2196 Papam
1016 2164 1088 2185 cum

74 2222 92 2234 τ’
106 2207 171 2240 suis
187 2207 392 2239 detinuerunt
403 2231 411 2244 ‚
427 2206 652 2249 ecclesiamque
669 2218 785 2239 noram
798 2207 832 2238 in
850 2207 972 2238 honore
989 2207 1088 2238 sancti

74 2276 91 2288 n
107 2262 192 2294 Petri
208 2261 436 2304 Apostolorum
452 2260 606 2303 principis
617 2261 658 2292 ab
680 2261 791 2293 eodem
808 2272 881 2293 cum
899 2261 1016 2303 ingenti
1032 2260 1086 2292 tri-

74 2329 89 2343 »
105 2316 204 2359 pudio
232 2315 404 2359 populique
439 2315 616 2358 frequentia
653 2316 794 2348 dedicari
824 2316 978 2348 fecerunt.
1007 2316 1086 2347 Inde

73 2383 89 2397 u
103 2380 250 2412 magnam
262 2369 481 2401 auctoritatem
503 2370 588 2412 apud
607 2370 764 2402 occiduos
783 2371 975 2413 promeruit,
1001 2370 1086 2412 quod

36 2437 38 2439 >
61 2420 88 2451 i·
104 2434 124 2455 a
147 2423 407 2456 Cluniacensibus
429 2427 522 2455 Petro
547 2424 734 2467 praepositus
759 2424 863 2456 fuerit.
890 2424 943 2456 Ab
968 2424 1085 2455 eisdem

72 2477 222 2520 »quippe
241 2480 352 2509 Petrus
368 2478 483 2509 Leonis
506 2478 539 2508 in
565 2477 700 2520 pueritia
723 2478 878 2510 enutritus
899 2478 1034 2516 coaluit,
1054 2484 1085 2510 et

72 2543 88 2557 ι·
103 2541 214 2562 eorum
236 2529 349 2562 habitu
372 2542 409 2562 ac
433 2530 628 2574 professione
649 2531 822 2563 monachus
841 2531 969 2563 exstitit.
999 2547 1011 2558 n
1038 2535 1084 2563 Ita

71 2581 134 2615 ille.
150 2583 203 2615 Ad
215 2583 299 2616 idem
311 2585 449 2626 pertinet
465 2585 550 2627 quod
564 2588 673 2617 Petrus
687 2585 888 2617 Venerabilis
898 2610 906 2623 ,
926 2585 979 2627 qui
992 2585 1084 2627 hujus

70 2637 262 2679 exceptionis
274 2643 384 2669 auctor
396 2638 532 2677 exstitit,
549 2638 583 2669 in
594 2639 721 2670 laudem
733 2639 873 2671 Cluniaci
889 2639 1082 2681 pronuntiat.

71 2703 86 2718 ι
107 2692 238 2722 Factum
263 2696 328 2729 est,
358 2705 372 2718 ι»
397 2690 519 2733 inquit,
548 2705 562 2718 α
590 2703 609 2723 3
633 2693 681 2723 sui
706 2692 881 2735 principio,
901 2702 965 2722 non
983 2692 1084 2723 solum

70 2759 89 2771 a
105 2750 307 2776 externorum
327 2744 500 2788 hospitium
510 2770 518 2785 ‚
534 2757 600 2778 non
611 2753 735 2778 tantum
751 2746 997 2788 confugientium
1013 2756 1083 2789 asy-

71 2810 86 2824 1·
103 2797 188 2836 1111ος
207 2797 263 2832 sed
273 2822 281 2837 ‚
298 2804 332 2830 ut
343 2799 389 2831 sic
400 2799 524 2841 loquar,
539 2799 702 2842 publicum
715 2799 895 2843 reipublicae
908 2799 1083 2831 christiana}

71 2864 86 2878 ι
105 2852 265 2890 erarium,
284 2867 297 2880 ι
314 2852 390 2884 libri
406 2856 425 2885 4
452 2854 584 2897 epistola
601 2858 657 2887 27.

117 2907 184 2937 332
214 2909 256 2938 A.
275 2911 307 2939 et
331 2906 385 2948 qui
402 2906 442 2938 de
458 2907 786 2950 Majori-Monasterio
803 2913 886 2939 sunt.
900 2927 946 2930 —
958 2908 1084 2949 Insigne

69 2958 294 2990 monasterium
319 2970 420 3002 prope
445 2960 558 2992 urbem
582 2964 747 2996 Turonum
771 2972 790 2992 a
812 2967 919 2992 sancto
943 2961 1082 2992 Martino

69 3010 229 3043 eonditum
240 3035 249 3049 ‚
269 3011 320 3044 cui
335 3018 412 3048 tunc
423 3020 558 3055 praeerat
574 3014 645 3046 Odo
661 3014 771 3053 abbas,
793 3014 833 3045 ad
846 3024 939 3055 quem
952 3013 1083 3055 epistola

71 3066 150 3096 397.
168 3064 222 3099 Ab
247 3064 309 3098 hoe
333 3066 524 3099 monasterio
549 3067 731 3110 pendebant
750 3067 877 3110 plurimi
902 3066 1079 3109 prioratus,

69 3117 124 3159 qui
148 3118 315 3160 quamdam
337 3120 434 3151 veluti
451 3122 726 3163 congregationem
742 3120 982 3152 constituebant.
1000 3122 1082 3152 Nam

69 3171 246 3203 Bernardus
259 3172 430 3215 insigniora
443 3180 565 3205 tantum
578 3174 768 3206 monasteria
780 3173 831 3205 hic
845 3180 1080 3205 commemorat.

116 3226 183 3255 332
201 3227 243 3257 A.
262 3225 493 3259 cistercienses.
507 3247 553 3250 —
567 3231 605 3259 In
622 3227 746 3259 duobus
764 3226 952 3258 Colbertinis
972 3231 1003 3256 et
1019 3236 1081 3256 uno

69 3277 242 3310 Sorbonico
269 3279 395 3322 legitur,
425 3279 640 3317 Cistellenses;
668 3281 750 3312 unde
768 3280 906 3311 effictum
932 3279 964 3309 in
990 3278 1081 3310 editis

67 3329 134 3363 fere
152 3332 299 3365 omnibus
311 3357 319 3373 ,
343 3332 598 3372 Cistemblenses,
618 3335 672 3377 qui
694 3342 724 3366 et
743 3335 842 3366 altero
861 3342 967 3364 errore
983 3331 1082 3363 additi

69 3390 141 3416 sunt
166 3391 255 3428 post,
290 3386 509 3418 cistercienses
534 3399 546 3418 .·
573 3388 661 3430 quasi
687 3388 801 3420 diversi
828 3392 947 3424 essent,
976 3385 1081 3427 quiin

70 3437 256 3480 quibusdam
281 3439 443 3473 codicibus
473 3441 702 3480 Cinci-cieuses,
733 3442 765 3474 in
788 3441 855 3472 aliis
885 3437 1080 3472 Cistellenses

484 3568 502 3579 o

556 248 822 284 LECTIONES
852 250 1127 286 VARIANTES
1156 252 1215 286 ET
1245 253 1388 290 NOTAE
1417 256 1662 293 FUSIORES.

2071 265 2139 300 sm

1149 330 1344 369 dicebantur,
1368 333 1484 373 xulgari
1511 340 1584 365 111110
1608 335 1768 367 1003111110.
1791 338 2007 370 Cistercienscs
2029 343 2143 383 quippe

1150 383 1223 414 dicti
1239 390 1310 415 suut
1331 384 1525 416 cistellenses
1549 387 1588 417 ab
1612 391 1791 418 Hermanno
1819 391 1979 425 0101130110,
2008 393 2037 422 in
2065 394 2143 423 libro

1149 436 1241 466 tertio
1259 436 1297 467 de
1313 437 1473 469 miraculis
1492 441 1524 469 B.
1544 440 1650 470 Mariae
1669 440 1897 478 Lauduncnsis,
1922 454 1989 484 rap.
2009 448 2040 478 7'.
2065 446 2146 486 apud

1150 489 1340 527 Perat-dum,
1374 501 1444 532 pag.
1483 495 1563 528 10³,
1595 493 1676 534 apud
1706 492 1878 524 Robcrtum
1907 495 1944 524 dc
1975 499 2079 526 Monte
2108 497 2147 527 ad

1150 550 1264 572 aunum
1301 545 1406 581 1140,
1427 544 1582 574 ‚tlonaclii
1609 544 1647 576 ‹le
1677 545 1798 576 Cistellli
1829 557 1835 577 ;
1864 547 1936 578 dit-ti
1963 556 2028 578 sunt
2056 551 2146 580 etiam

1155 593 1266 624 Cistell
1287 596 1319 626 in
1346 597 1512 628 Monastici
1536 599 1699 640 Anglicani
1720 605 1804 630 tomo
1825 600 1943 641 primo,
1964 611 2033 642 pag.
2060 605 2123 632 703
2139 627 2147 637 ,

1152 647 1211 678 col.
1236 651 1264 679 1.

1202 703 1266 731 332
1296 703 1335 731 A.
1363 702 1582 734 Cadumenses.
1599 722 1641 725 —
1658 704 1812 735 Cadomus
1824 728 1830 738 .
1851 704 1958 735 cixitas
1975 711 2021 736 est
2038 705 2075 736 ad
2095 706 2150 736 ssu-

1153 754 1237 784 vium
1255 754 1386 785 Olenam
1405 756 1437 786 in
1455 756 1618 793 ἱΝο11511ἰει,
1639 756 1724 787 11311(1
1744 757 1852 799 procul
1876 757 1915 787 ab
1939 760 2082 796 Oceano,
2103 771 2151 791 ce-

1153 806 1231 837 lebri
1259 807 1418 839 academia
1445 808 1484 839 ab
1510 820 1592 840 anno
1619 811 1704 841 14:33
1726 810 1869 851 insignita
1890 821 1897 841 :
1923 810 1954 840 in
1978 812 2063 852 cujus
2080 812 2152 842 sub-

1155 859 1246 891 urbio
1263 866 1361 892 exstat
1387 862 1513 903 insignis
1532 863 1658 894 Ordinis
1681 864 1778 894 sancti
1798 864 1957 895 Benedicti
1974 864 2097 895 abbatia
2110 891 2117 903 ,
2137 877 2153 896 3

1155 913 1322 945 (3011101010
1360 917 1599 958 (ἶοῑιἾιιτῑ-51010,
1634 916 1801 960 provincia:
1830 918 1916 948 istius
1949 917 2026 948 duce
2063 925 2154 960 atque

1155 969 1328 1009 Anglorum
1355 981 1444 1011 rege.
1464 970 1522 1001 sub
1545 971 1634 1002 titulo
1659 971 1926 1013 Sancti-Stephani
1950 978 2126 1003 constructa
2146 983 2152 1002 :

1154 1022 1241 1064 cujus
1274 1024 1393 1065 primus
1422 1023 1519 1055 abbas
1549 1024 1756 1059 Lanfrancus.
1788 1036 1825 1055 cx
1852 1025 1957 1056 Priore
1986 1025 2152 1062 Beccensi,

1152 1078 1351 1119 postmodum
1373 1078 1574 1121 archipaesul
1594 1079 1832 1111 Cantuariensis.
1852 1079 1942 1109 Plura
1967 1078 2004 1109 de
2022 1090 2077 1115 eo,
2097 1079 2150 1109 de.-

1154 1142 1214 1173 que
1233 1132 1420 1164 Cadomensi
1445 1144 1498 1164 seu
1524 1133 1709 1165 Cadumensi
1735 1132 2003 1175 Sancti-Stephani
2029 1133 2152 1164 abbatia

1154 1185 1266 1216 videsis
1282 1186 1314 1217 in
1329 1187 1410 1217 110115
1427 1187 1466 1218 ad
1480 1191 1584 1230 Opera
1599 1188 1694 1230 ipsius
1712 1186 1890 1223 Laufrauci,
1913 1192 1943 1217 et
1962 1187 1991 1217 in
2009 1189 2118 1218 λ’011511
2128 1188 2153 1218 ia

1153 1238 1215 1281 pia.
1243 1239 1486 1271 Cadumensium
1514 1241 1546 1271 in
1574 1240 1763 1272 Abrinccnsi
1789 1240 1910 1271 dioecesi
1938 1241 2154 1271 saviniacense

1155 1293 1274 1335 insigne
1299 1299 1372 1324 tunc
1403 1295 1645 1332 monasterium,
1673 1310 1685 1319 r«
1714 1293 1752 1325 de
1778 1304 1838 1335 quo
1865 1295 1928 1335 jam
1958 1294 2107 1335 plurima.
2143 1312 2153 1319 ..

1154 1347 1257 1389 inquit
1285 1348 1468 1389 Peregrinus
1503 1349 1534 1378 iu
1563 1348 1700 1379 Historia
1734 1347 1942 1384 romanensi,
1975 1353 2058 1377 tomo
2092 1350 2131 1377 10
2145 1371 2152 1384 ,

1156 1400 1313 1443 Spicilegii
1330 1411 1400 1442 pag.
1420 1403 1484 1431 372
1500 1425 1507 1437 ,
1530 1416 1542 1427 «
1563 1410 1741 1442 processere
1760 1399 1964 1436 monasteria,
1989 1410 2024 1429 ex
2044 1399 2156 1440 quibus

1157 1472 1172 1482 n
1191 1455 1319 1486 abbates
1336 1454 1525 1485 conveniunt
1547 1455 1586 1485 ad
1604 1455 1773 1496 capitulum
1785 1479 1792 1491 ,
1817 1461 1847 1485 01
1872 1453 1960 1484 ssoret
1985 1452 2027 1484 ibi
2046 1453 2132 1484 Ordo
2147 1480 2154 1489 ,

1157 1524 1170 1535 »
1192 1515 1222 1540 et
1238 1519 1346 1539 eorum
1365 1508 1480 1549 ubique
1493 1507 1592 1539 dulcis
1606 1507 1725 1538 redolet
1739 1506 1856 1549 opinio.
1874 1521 1888 1532 u
1901 1509 1969 1537 Hoc
1982 1505 2156 1537 coenobiutn

1156 1573 1226 1594 cum
1244 1562 1369 1603 triginta
1393 1561 1460 1592 aliis
1484 1561 1544 1592 sibi
1561 1560 1708 1602 subjectis
1728 1560 1813 1591 Serlo
1831 1558 1927 1589 abbas
1945 1558 2158 1589 cisterciensi.-

1156 1614 1214 1645 bus
1232 1614 1375 1656 adjunxit
1393 1625 1474 1645 anno
1496 1616 1578 1645 1148
1593 1638 1600 1652 ‚
1622 1613 1738 1644 ibidem
1754 1623 1824 1654 pag.
1844 1614 1921 1643 374.

1206 1672 1269 1701 332
1290 1673 1331 1701 A.
1351 1669 1550 1700 Tironenses.
1566 1686 1607 1690 ·-
1622 1670 1669 1698 Ex
1683 1678 1719 1698 eo
1742 1666 1997 1697 monasteriorum
2011 1665 2155 1707 insignio-

1154 1735 1225 1755 rum
1250 1733 1380 1754 numero
1414 1722 1508 1753 etiam
1540 1727 1614 1752 tunc
1647 1727 1713 1751 erat
1737 1720 1908 1751 Tironense
1936 1721 2156 1751 monasterium

1155 1777 1294 1809 dioecesis
1311 1775 1509 1808 Carnotensis
1521 1799 1528 1813 ‚
1548 1774 1591 1805 sic
1610 1774 1725 1804 dictum
1740 1773 1779 1804 ab
1799 1784 1888 1804 amne
1905 1772 2130 1815 praeterssuente
2144 1798 2152 1811 ‚

1154 1832 1188 1863 in
1215 1842 1295 1874 pago
1325 1829 1511 1867 Perticensi‚
1539 1827 1698 1859 conditum
1727 1826 1893 1869 apiissimo
1919 1825 2030 1857 abbate
2057 1826 2156 1868 primo

1155 1884 1335 1923 Bernardo,
1365 1884 1450 1925 cujus
1477 1883 1550 1914 vita
1576 1888 1677 1912 exstat
1698 1892 1768 1912 cum
1791 1880 1872 1912 notis
1894 1880 2055 1917 Soucheti,
2082 1880 2156 1912 effe-

1156 1946 1302 1982 ctumque
1328 1938 1415 1981 quasi
1441 1936 1600 1979 cujusdam
1622 1935 1867 1978 congregationis
1893 1941 2001 1977 caput,
2030 1934 2068 1966 de
2096 1945 2156 1976 quo

1155 1995 1211 2023 Ivo
1237 1991 1435 2025 Carnotensis
1465 1990 1591 2021 antistes
1615 1989 1647 2020 in
1676 1989 1806 2031 epistola
1834 1991 1912 2019 229.
1940 1987 2157 2019 Tironensium

1155 2046 1380 2078 monachorum
1409 2044 1590 2086 religionem
1619 2042 1725 2073 laudat
1752 2041 1888 2073 Jacobus
1915 2052 1933 2072 a
1961 2041 2099 2072 Yitriaco
2125 2042 2156 2073 iu

1155 2101 1257 2143 capite
1284 2103 1326 2131 20
1350 2099 1494 2131 Historia¹
1511 2097 1731 2129 Occidentalis.
1754 2099 1823 2126 Hoc
1843 2095 2036 2134 coenohium,
2062 2097 2105 2126 uti
2128 2103 2157 2127 et

1155 2153 1521 2196 Majus-Monastcrium,
1544 2150 1673 2181 florebat
1695 2149 1751 2180 sub
1773 2148 1972 2180 Benedictina
1991 2159 2157 2191 congrega-

1155 2208 1240 2239 tione
1266 2207 1371 2239 Sancti
1388 2205 1509 2241 Mauri,
1534 2203 1763 2235 adolescenttuu
1787 2201 1976 2233 scholarium
1990 2202 2155 2233 seminario

1154 2261 1346 2303 insignitum.

1203 2318 1267 2347 332
1287 2318 1328 2346 Α.
1354 2312 1595 2345 Saviniaccnses.
1612 2329 1650 2333 —
1669 2310 1791 2353 Duplex
1814 2309 1873 2341 hoc
1898 2310 2023 2340 nomine
2046 2321 2152 2340 mona-

1153 2368 1281 2400 sterium
1299 2374 1343 2399 051
1359 2367 1392 2398 111
1408 2366 1526 2402 Gallia,
1543 2365 1673 2396 alterum
1690 2365 1722 2394 in
1741 2364 1864 2394 dimcesi
1887 2363 2082 2405 Lugdunensi
2094 2387 2100 2399 ,
2121 2364 2151 2394 in

1152 2420 1340 2454 Abrinceusi
1359 2419 1491 2450 alterum
1502 2443 1509 2455 ‚
1526 2418 1564 2448 de
1579 2428 1639 2458 quo
1660 2416 1709 2447 hic
1723 2415 1940 2457 intelligendus
1954 2416 2128 2446 Rerum-dus
2140 2441 2148 2453 ‚

1151 2476 1245 2508 situm
1266 2476 1298 2506 in
1318 2473 1454 2505 confinio
1471 2471 1672 2503 Normanniae
1685 2495 1692 2507 ‚
1713 2470 1902 2506 Armoricae,
1924 2475 1953 2499 et
1976 2471 2149 2500 Cenoman-

1151 2540 1273 2560 uorum.
1291 2527 1459 2559 Conditum
1474 2524 1530 2555 fuit
1547 2534 1630 2554 anno
1657 2527 1689 2553 11
1704 2526 1740 2553 12
1765 2533 1782 2552 a
1805 2521 1944 2563 piissimo
1967 2520 2079 2551 abbate
2096 2521 2150 2551 Vi<

1150 2584 1205 2615 tali
1223 2594 1230 2614 :
1250 2583 1337 2625 cujus
1353 2590 1509 2612 successor
1529 2577 1714 2614 Gausridus,
1743 2586 1775 2606 se
1799 2586 1915 2615 suaque
1938 2575 2127 2605 monasteria
2140 2599 2149 2612 ‚

1150 2648 1281 2669 numero
1298 2633 1511 2667 novemdecim
1529 2636 1593 2669 (tot
1609 2631 1690 2661 enim
1705 2630 1769 2671 ipse
1785 2629 1992 2660 construxisse
2005 2627 2150 2669 perhibe-

1150 2691 1214 2733 tur)
1235 2687 1492 2723 (Iistercieusibus
1509 2684 1650 2727 subjecit.
1667 2683 1767 2724 Hujus
1790 2681 1968 2712 monasterii
1987 2680 2149 2711 historiam

1150 2743 1266 2775 videsis
1280 2742 1364 2785 apud
1386 2739 1560 2773 Arthurum
1579 2737 1620 2768 du
1638 2735 1793 2768 Monstier
1816 2735 1851 2764 in
1862 2734 2007 2765 Neustria
2020 2733 2082 2775 pia.
2100 2736 2149 2765 De

1151 2799 1248 2830 altero
1270 2795 1432 2828 Saviniaco
1448 2794 1480 2824 in
1499 2791 1627 2834 epistola
1646 2792 1720 2821 173.
1740 2791 1777 2818 10
1799 2787 1965 2819 Monastici
1986 2786 2150 2827 Anglicani

1150 2859 1236 2884 tomo
1254 2854 1283 2888 1,
1302 2860 1371 2892 pag.
1396 2849 1473 2882 704,
1490 2844 1723 2876 Saviniacenses
1741 2847 1814 2872 ante
1836 2851 1923 2871 suam
1948 2851 2018 2870 cum
2038 2840 2151 2870 Cister-

1150 2903 1308 2936 ciensibus
1325 2901 1475 2933 unionem
1491 2898 1637 2929 dicuntur
1653 2895 1746 2926 fuisse
1768 2894 1807 2925 de
1824 2893 1943 2925 OrdIne
1960 2892 2127 2924 Tironensi
2140 2917 2148 2930 ‚

1150 2970 1213 3001 quo
1235 2969 1274 2989 ex
1295 2954 1484 2988 monasterio
1505 2953 1609 2994 plures
1632 2957 1698 2980 tum
1720 2947 1854 2979 abbatiae
1877 2947 2068 2989 pendebant.
2094 2947 2151 2977 His

1149 3011 1296 3044 omnibus
1314 3007 1478 3050 Religiosis
1489 3030 1496 3043 ‚
1513 3004 1565 3046 qui
1585 3001 1804 3034 Innocentium
1820 3006 2034 3042 agnoverunt,
2052 3003 2151 3031 Gran-

1149 3067 1181 3098 di
1198 3069 1380 3098 Montenses
1405 3060 1490 3092 addit
1510 3056 1664 3090 Ernaldus
1676 3080 1684 3095 ,
1709 3055 1742 3086 in
1761 3054 1848 3086 libro
1866 3054 2002 3085 secundo
2025 3053 2063 3084 de
2077 3053 2150 3084 Vita

1149 3123 1180 3152 S.
1206 3116 1379 3154 Bernardi,
1396 3126 1427 3145 n.
1449 3115 1505 3144 45.

1221 3173 1263 3202 34
1290 3172 1324 3201 C.
1357 3180 1398 3199 an
1431 3175 1659 3197 ‹smnnnnxcu
1681 3173 1831 3193 comrrm
1858 3170 2075 3190 moravorum.
2103 3177 2146 3181 —

1148 3226 1251 3267 Hujus
1271 3221 1408 3254 nominis
1436 3230 1554 3251 nonum
1572 3217 1641 3258 (alii
1657 3215 1815 3246 decimum
1837 3224 1904 3244 essc
1924 3213 2066 3251 volunt),
2094 3211 2148 3252 qui

1148 3277 1303 3310 suadente
1332 3273 1475 3306 Gerardo
1502 3267 1733 3312 Engolismensi
1762 3266 1908 3308 episcopo
1933 3270 2034 3306 partes
2063 3268 2148 3294 Ana-

1148 3329 1220 3361 cleti
1243 3328 1413 3363 tuebatur,
1443 3330 1474 3356 et
1493 3321 1678 3354 Innocentio
1707 3318 1906 3351 adhaerentes
1937 3315 2074 3357 graviter
2101 3314 2147 3344 in-

1148 3382 1297 3416 festabat.
1316 3385 1398 3423 Lege
1414 3379 1522 3409 Vitam
1543 3378 1575 3408 S.
1596 3372 1767 3409 Bernardi,
1790 3371 1844 3401 lib.
1862 3374 1892 3406 2,
1914 3379 1984 3410 cap.
2007 3372 2036 3398 6.
2053 3367 2148 3407 Quod

1151 3446 1224 3468 vero
1243 3429 1536 3467 Malmesburiensis
1551 3453 1558 3467 ‚
1580 3427 1618 3459 de
1639 3425 1777 3468 Regibus
1796 3422 1889 3464 Angl.
1905 3421 1985 3452 libro
2002 3424 2033 3457 5,
2053 3419 2148 3450 refert
