2517 3936
36 201 110 241 809

748 194 1097 232 EPISTOLARUM
1126 195 1390 230 APPENDIX.

2033 197 2110 233 810

35 280 115 321 dari
145 290 222 316 non
251 284 424 328 poteram
454 274 502 311 ab
530 272 688 310 infantia
709 286 768 309 me
797 273 936 308 vixisse
970 270 1471 319 vel³⁹³descendentes,qui
1489 270 1540 307 sic.
1559 271 1764 320 provident
1796 271 1947 308 illorum
1971 286 2112 323 corpo-

37 355 104 394 ρει·
128 344 362 376 momentum
393 334 577 384 temporis
591 362 600 378 ,
634 333 671 369 in
700 345 777 382 quo
799 345 877 368 non
912 344 1031 368 essem
1052 337 1079 369 A
1105 330 1223 376 ribus,
1240 340 1279 367 ut
1301 344 1378 367 nou
1399 330 1574 368 delii-iant
1596 332 1634 368 in
1654 333 1716 369 via
1733 348 1740 369 ε
1759 334 1851 370 alios
1872 347 1964 369 vero
1985 347 2114 370 asceu-

37 407 211 452 0peratus
233 396 293 433 vel
319 391 491 444 rapinam
507 422 516 438 ‚
544 393 604 429 vel
626 392 728 429 aliud
755 406 854 442 opus
888 393 1033 428 mortis.

35 459 150 500 Valde
168 457 307 496 etenim
336 454 536 504 diligebam
564 467 790 503 congressus
811 462 847 489 et
873 466 1039 489 eonven-

37 517 297 562 tusvanitatiS,
318 515 545 566 spectacula,
561 513 684 563 jocos,
700 515 790 559 otia,
811 512 928 550 verba
950 521 1038 562 apta

37 580 145 625 risui,
166 591 242 616 non
271 577 408 613 fructui
438 591 446 612 ε
479 589 565 612 raro
593 588 725 611 verum
749 574 893 619 (licere,
915 574 1039 624 pluri-

38 652 137 679 mum
157 637 325 682 mentiri3
339 635 491 685 jurare,
512 634 711 685 perjurare
726 663 735 679 ,
766 634 895 671 [avere
908 663 917 679 ,
941 633 1039 670 adu-

37 700 128 746 hri,
155 707 193 736 et
220 697 354 735 similia
377 712 384 733 :
414 709 499 746 quse
522 704 660 732 cuncta
681 709 725 732 ex
745 695 911 745 quodam
934 708 1039 731 (Ὄιη-

38 758 196 800 muniet
219 756 371 794 assiduo
398 769 492 799 usu,
522 755 746 792 facietenus
774 768 852 791 non
886 763 1043 805 peccata

0 844 5 853 ·
39 817 276 874 mutabam,
299 817 364 855 sed
392 817 499 867 quasi
526 816 708 866 quasdam
741 817 930 853 societatis
951 816 1044 853 asse-

39 887 143 920 ctatae
169 887 207 916 et
233 877 436 915 mundanae
457 876 661 928 probitatis
682 877 845 914 fiicetias.
869 876 1042 915 Sciebam

40 948 159 980 nmen
180 938 261 976 haec
276 937 424 983 eadem,
447 952 533 975 cum
555 938 655 975 inter
669 942 790 976 Deum
809 947 987 988 separent
1007 946 1045 974 et

39 999 245 1045 hominem,
264 999 452 1036 vanitates
472 1012 553 1036 esse
573 1008 610 1035 et
631 999 795 1036 insanias
818 999 938 1035 salsas.
959 1002 1044 1035 Ma-

36 1060 119 1114 1⁸⁰ss
145 1068 273 1106 taceo,
295 1059 420 1097 cordis
450 1059 627 1097 videlieet
654 1061 858 1106 elationes,
892 1060 1047 1096 cemula-
1065 1064 1091 1097 Β

41 1121 180 1168 t'mueS,
200 1119 289 1157 odia
305 1149 314 1166 ,
337 1119 592 1157 dissensiones
605 1150 614 1168 ‚
633 1120 905 1166 detractiones,
925 1120 1051 1170 turpi-

41 1181 175 1233 loquia.
195 1183 319 1218 Taceo
340 1181 501 1231 pessima
525 1181 799 1231 cogitationum
831 1190 867 1217 et
886 1194 1047 1231 operum

42 1242 109 1282 luti
121 1250 159 1280 et
174 1240 313 1287 lateris,
335 1242 374 1278 in
401 1241 542 1292 quibus
562 1243 712 1279 occulte
742 1250 780 1278 et
800 1242 966 1292 pessime
987 1255 1051 1278 oc-

40 1300 214 1355 cupabar,
235 1310 338 1340 totus
357 1302 476 1339 lutum
493 1332 502 1349 ,
527 1303 592 1353 qui
618 1316 688 1352 per
707 1302 854 1351 singula
874 1315 1052 1339 momen-

43 1372 96 1412 ta,
112 1371 294 1414 quantum
322 1363 360 1399 in
385 1376 445 1400 me
475 1371 576 1408 erat,
596 1376 644 1400 ex
673 1362 857 1414 operibus
884 1363 978 1400 meis
1004 1362 1051 1400 ad

25 1425 185 1465 ’πίθηκε
224 1423 362 1460 mortis
402 1422 659 1474 properabam
701 1424 943 1474 supplicium.
978 1423 1050 1460 Sed

44 1483 210 1523 misertus
226 1484 298 1520 mei
318 1487 430 1521 Pater
442 1483 802 1531 misericordiarum,
822 1498 881 1521 me
897 1484 1051 1521 tandem

43 1543 221 1591 u'sitavit,
246 1552 284 1581 et
317 1544 432 1581 traxit
462 1544 507 1582 ad
533 1545 682 1582 Filium.

92 1604 125 1643 7.
157 1603 271 1642 vides
310 1617 420 1655 ergo,
467 1614 610 1655 quanta
638 1604 716 1654 jam
753 1605 882 1642 fecerit
916 1606 1052 1642 animae

45 1669 149 1707 Pater
177 1664 326 1713 bonus,
370 1666 437 1716 qui
466 1665 764 1703 misericorditer
799 1675 974 1716 ereptum
1006 1666 1052 1703 de

30 1724 260 1766 'fluminibus
301 1725 509 1776 Babylonis
528 1755 538 1773 ‚
581 1726 866 1764 misericordius
912 1727 1053 1764 locavit

46 1787 85 1827 ἸΙ
113 1787 350 1826 Clara-Valle
373 1787 477 1838 apud
514 1787 640 1825 fontes
673 1788 892 1826 Salvatoris.
922 1789 1053 1825 Clara—

1105 391 1259 436 dentes,
1281 392 1347 441 qui
1374 392 1427 427 sie
1453 400 1591 441 regunt
1618 394 1843 430 eorumdem
1871 394 2039 439 animos,
2071 403 2113 430 ut

1105 452 1351 502 postmodum
1377 466 1462 489 eum
1486 453 1576 502 ipsis
1591 453 1803 502 glorientur
1821 463 1858 491 et
1881 467 2056 504 corpora.

1159 512 1194 548 8.
1222 515 1300 561 Ego
1331 521 1480 558 autem,
1515 522 1660 562 quanto
1683 514 1900 563 diligentius
1927 513 1972 550 de
1993 513 2052 549 (lie
2077 514 2112 549 iu

1107 571 1205 608 diem
1239 573 1394 609 intueor
1420 581 1494 609 tam
1523 572 1642 610 bcatae
1668 575 1756 611 vita·
1781 589 1988 625 pauperes,
2011 584 2116 612 tauto

1107 633 1222 669 eredo
1243 646 1309 669 eos
1326 633 1531 683 perfectius
1559 647 1628 683 per
1654 636 1783 672 onmia
1800 636 1989 674 Christum
2012 640 2118 688 sequi

1108 702 1146 730 et
1164 707 1310 743 sapere,
1331 702 1367 730 et
1387 694 1500 731 certis
1516 693 1680 743 conjicio
1699 696 1865 741 iudiciis,
1882 698 1919 734 in
1942 699 2121 736 omnibus

1110 768 1196 803 quse
1217 763 1346 804 agunt,
1370 767 1481 792 veros
1502 755 1694 792 ministros
1716 757 1784 793 Dei
1805 770 2002 808 apparere.
2025 763 2117 796 Nam

1111 815 1201 852 dum
1222 824 1358 852 vacant
1374 815 1562 861 orationi,
1589 816 1626 852 in
1653 817 1786 867 spiritu
1806 827 1843 854 ct
1863 820 2020 858 veritate
2039 827 2122 860 Deo

1110 876 1240 925 loqui,
1272 884 1308 912 et
1335 884 1415 912 tum
1447 889 1492 913 ex
1520 886 1664 914 secreta
1693 886 1731 914 et
1758 880 1879 917 amica
1907 883 2007 932 apud
2035 898 2120 922 eum

1112 936 1335 981 locutione,
1368 944 1446 973 tum
1480 950 1525 973 ex
1562 937 1693 974 luunili
1725 940 1840 977 modo
1865 955 1904 978 se
1927 943 2118 992 habendi,

1114 998 1227 1047 plane
1266 1005 1453 1046 apparent
1486 998 1555 1034 Dei
1585 1011 1665 1035 esse
1695 999 1896 1039 familiares
1927 1012 1964 1040 et
2000 1007 2123 1045 amici.

1118 1062 1216 1094 Dum
1251 1071 1343 1095 vero
1375 1058 1610 1095 manifestius
1642 1060 1838 1099 laudantes
1868 1067 1989 1102 Deum
2021 1069 2124 1118 psal—

1119 1118 1257 1155 modiae
1275 1127 1364 1155 suut
1387 1119 1546 1166 intenti3
1569 1134 1682 1170 quam
1706 1135 1825 1171 purus
1854 1125 1922 1171 sit,
1948 1135 1985 1163 et
2012 1142 2124 1178 quam

1119 1181 1270 1217 sei-uns
1305 1180 1342 1216 iu
1377 1179 1541 1229 idipsum
1581 1181 1738 1218 affectus
1773 1185 1931 1231 mentis,
1960 1190 2128 1226 ostendit

1118 1253 1253 1277 eorum
1275 1240 1400 1276 omnis
1421 1240 1595 1290 corporis
1610 1250 1742 1287 status,
1761 1243 1797 1279 in
1817 1247 1921 1282 omui
1941 1248 2076 1286 timore
2093 1261 2131 1289 et

1120 1301 1331 1338 reverentia
1355 1301 1565 1337 sanctitatis
1587 1316 1593 1337 :
1614 1302 1781 1339 ostendit
1807 1313 1843 1340 et
1867 1305 2036 1355 ipsorum
2067 1310 2128 1347 di-

1120 1362 1272 1399 stinctio
1294 1374 1459 1407 morosa,
1478 1369 1515 1398 et
1538 1362 1574 1398 in
1595 1363 1748 1411 psalmis
1766 1364 1996 1413 modulatio,
2016 1383 2129 1419 quam

1119 1423 1245 1460 dulcia
1263 1421 1434 1459 faucibus
1451 1423 1530 1459 suis
1556 1423 1707 1473 eloquia
1726 1425 1816 1471 Dei,
1838 1439 1954 1477 super
1975 1431 2048 1466 mel
2073 1433 2131 1469 ori

1120 1498 1202 1522 suo.
1239 1487 1341 1521 Dum
1374 1497 1439 1520 eos
1473 1484 1599 1534 itaque
1638 1486 1814 1533 attendo,
1846 1487 1993 1527 diurnis
2028 1492 2132 1531 horis

1120 1546 1395 1595 nocturnisque
1427 1545 1564 1595 vigiliis
1591 1545 1638 1582 ab
1667 1556 1754 1584 ante
1787 1549 1954 1587 medium
1988 1555 2132 1602 noetis,

1120 1619 1241 1656 usque
1257 1605 1304 1642 ad
1326 1605 1488 1656 primam
1508 1605 1597 1652 (liei,
1621 1607 1719 1643 facto
1736 1607 1904 1647 brevitor
1919 1611 2134 1662 intervallo,

1121 1675 1195 1704 tam
1225 1675 1368 1713 sancte,
1390 1675 1465 1703 tam
1483 1666 1768 1716 infatigabiliter
1784 1671 1988 1720 psallentes
2012 1688 2019 1709 z
2042 1676 2134 1713 mihi

1121 1727 1275 1778 quidem
1293 1728 1409 1778 paulo
1427 1728 1552 1764 minus
1574 1727 1622 1764 ab
1639 1730 1800 1778 angelis,
1821 1732 1883 1768 sed
1906 1734 1992 1783 plus
2013 1738 2134 1775 multo

1120 1788 1302 1825 videntur
1316 1802 1429 1837 quam
1448 1788 1634 1826 homines.
1653 1791 1764 1838 Quod
1782 1801 1907 1830 autem
1921 1805 2008 1832 sunt
2022 1797 2135 1848 hujus

46 1848 154 1888 Vallis
168 1848 270 1886 enim
284 1877 294 1894 ,
311 1848 381 1885 etsi
401 1847 611 1885 secundum
637 1848 800 1898 speciem
820 1848 895 1885 loci
918 1849 987 1885 sita
1007 1848 1055 1885 sit
1077 1852 1104 1888 C
1124 1858 1198 1886 tam
1222 1850 1433 1894 continuae,
1459 1858 1533 1886 tam
1557 1851 1709 1897 alacris,
1730 1861 1767 1889 et
1797 1862 1870 1891 tam
1896 1869 2046 1908 semper
2072 1875 2134 1897 re-

31 1909 86 1962 Ιὶιι
105 1909 201 1947 valle
215 1939 225 1958 ,
257 1917 384 1946 tamen
415 1908 664 1946 fundamenta
685 1908 768 1958 ejus
786 1908 824 1945 in
855 1907 1053 1946 montibus

46 1970 202 2017 fluctis,
240 1969 352 2020 cujus
388 1978 521 2020 portas
560 1969 683 2019 diligit
719 1968 908 2006 Dominus
938 1982 1054 2019 super

33 2025 160 2079 {mlta
185 2025 434 2069 tabernacula
465 2028 599 2068 Jacob.
621 2029 798 2068 Gloriosa
835 2029 934 2066 dicta
966 2037 1055 2066 sunt

17 2089 97 2155 ἶὼ
113 2104 157 2130 ea
187 2105 196 2128 :
226 2092 317 2142 quia
336 2091 375 2128 in
405 2103 449 2128 ea
469 2090 658 2140 gloriosus
685 2098 722 2125 et
745 2088 926 2125 mirabilis
950 2092 1055 2126 Deus

49 2151 203 2203 gloriosa
219 2161 403 2203 operatur
428 2150 629 2188 mirabilia.
645 2149 701 2187 Ibi
714 2150 816 2186 enim
833 2158 980 2186 veteres
996 2150 1056 2186 in-

35 2203 126 2268 :snni
137 2212 297 2250 redeunt
308 2212 355 2250 ad
367 2225 453 2258 cor3
463 2220 500 2248 et
514 2211 601 2248 lieet
615 2211 731 2247 bomo
743 2224 877 2246 eorum
887 2210 1055 2247 exterior

22 2270 328 2324 ''corrumpatum
357 2272 518 2310 interior
541 2280 667 2308 tamen
695 2271 919 2317 renascitur,
937 2279 994 2318 et,
1014 2279 1056 2307 ut

38 2330 171 2375 ¹Vfl'bis
190 2343 277 2372 utar
294 2335 486 2385 Apostoli,
507 2342 704 2370 renovatur
716 2335 762 2369 (le
779 2335 840 2368 die
860 2334 897 2368 in
911 2335 1010 2368 diem
1029 2339 1053 2379 ¹,

38 2392 90 2444 ,in
111 2407 197 2432 eum
216 2395 292 2446 qui*
309 2393 518 2432 secundum
540 2397 663 2431 Deum
688 2401 836 2429 creatus
853 2401 910 2429 est
927 2392 1053 2429 homi-

38 2448 135 2493 soem
152 2461 179 2493 ².
197 2455 258 2494 Ibi
277 2454 435 2506 superbi
451 2455 715 2501 humiliantur,
740 2453 793 2490 ibi
821 2462 1054 2504 paupertan—

39 2523 116 2575 3tur
143 2516 304 2564 divites,
335 2516 390 2554 ibi
425 2529 616 2567 pauperes
645 2516 978 2565 evangelizantur,
1018 2523 1055 2552 et

40 2578 288 2628 'peecatorum
320 2577 490 2615 tenebrae
518 2585 825 2614 transmutantur
849 2576 887 2612 in
913 2576 1051 2612 lucem.

1120 1909 1242 1945 centis
1284 1909 1514 1955 tolerantiae,
1549 1911 1654 1960 quod
1679 1913 1772 1949 tanti
1800 1924 1888 1951 sunt
1910 1917 2070 1957 fervoris
2099 1931 2136 1958 et

1121 1968 1247 2005 meriti
1265 1984 1274 2015 3
1293 1982 1371 2005 non
1393 1969 1571 2007 humanae
1591 1972 1788 2021 potentiae,
1808 1974 1873 2010 sed
1896 1980 2064 2016 muneris
2083 1991 2139 2019 est

1122 2028 1255 2065 divini.
1276 2032 1376 2066 Dum
1405 2043 1498 2067 vero
1525 2040 1613 2067 sunt
1633 2032 1671 2068 in
1693 2033 1870 2082 lectione,
1893 2036 2028 2075 leniter
2044 2041 2141 2078 liau-

1125 2089 1202 2126 rire
1221 2089 1403 2126 videntur
1423 2099 1460 2127 et
1489 2091 1693 2130 affluenter
1718 2094 1872 2143 quidem
1895 2111 2011 2147 aquas
2039 2103 2140 2140 Siloe

1125 2164 1210 2187 eum
1229 2151 1383 2188 silentio
1407 2152 1581 2199 fluentes,
1598 2162 1634 2190 et
1648 2154 1684 2190 in
1702 2155 1816 2192 vitam
1837 2159 2012 2198 salientes
2033 2172 2140 2201 aeter-

1123 2225 1223 2248 nam.
1242 2211 1399 2248 Illorum
1421 2226 1513 2249 vero
1533 2213 1732 2264 dispositio
1753 2225 1788 2253 et
1808 2217 1958 2257 habitus
1980 2221 2136 2261 ‹lemon-

1123 2280 1258 2317 strant,
1276 2285 1409 2309 omnes
1424 2286 1488 2310 eos
1506 2287 1586 2311 esse
1600 2276 1711 2312 unius
1730 2278 1898 2326 magistri
1911 2280 2131 2332 discipulos,

1124 2332 1297 2369 docentis
1315 2332 1352 2368 in
1372 2346 1506 2369 eorum
1530 2334 1723 2382 cordibus,
1742 2345 1779 2373 et
1799 2337 1960 2377 (licentis
1983 2356 1990 2376 :
2013 2348 2130 2392 Azali,

1124 2395 1268 2438 Israel,
1301 2402 1338 2428 ec
1365 2402 1448 2428 tace
1473 2394 1499 2430 4.
1532 2398 1673 2432 Tacent
1700 2398 1798 2434 enim
1823 2408 1860 2435 et
1891 2402 2076 2450 audiunt,
2099 2416 2136 2443 (Vt

1121 2452 1370 2502 sapientiores
1401 2454 1498 2489 siunt

1533 2468 1540 2490 :
1575 2455 1757 2504 quoniam
1791 2459 1948 2497 audiens
1984 2465 2136 2514 sapiens

1122 2512 1332 2563 sapientior
1348 2513 1431 2550 erit.

1175 2576 1211 2611 9.
1230 2574 1374 2611 Dileete
1389 2574 1439 2611 mi
1455 2605 1464 2621 ,
1487 2575 1578 2625 quid
1603 2576 1671 2613 lios
1694 2586 1767 2615 tam
1789 2579 1908 2619 beatae
1930 2584 2017 2622 vitae
2034 2600 2132 2636 pau-

41 2626 113 2681 ’Δᾷ
129 2636 227 2676 hanc
253 2638 369 2689 igitur
393 2637 551 2675 domum
581 2651 601 2674 a
628 2636 768 2674 finibus
790 2645 899 2673 terrae
921 2636 1055 2686 ingens
1074 2648 1107 2682 D
1125 2648 1236 2686 peres
1259 2634 1382 2672 credis
1400 2635 1520 2672 videri
1548 2637 1607 2672 vel
1631 2637 1703 2674 dici
1722 2653 1855 2689 posse,
1879 2645 2034 2692 quando
2055 2661 2136 2685 ma-

7 2732 10 2733 ⁷
41 2690 346 2736 ‘lietbeatorum
364 2711 577 2749 pauperum
594 2697 819 2734 convenerit
834 2696 1054 2743 multitudo,

57 2754 331 2807 &regionibus
352 2767 580 2808 congregata
602 2766 639 2794 et
655 2756 898 2804 nationibu53
916 2757 1056 2794 horum

43 2823 176 2855 ‚tamen
201 2832 269 2856 cor
295 2832 414 2856 unum
440 2827 479 2856 et
498 2819 624 2855 anima
652 2832 727 2856 una
749 2827 825 2863 est,
851 2827 892 2854 ut
921 2818 968 2855 de
989 2818 1060 2855 hac

44 2874 168 2938 “thmo
191 2879 406 2930 specialiter
432 2878 505 2916 dici
534 2879 655 2929 possit
676 2891 684 2913 t
705 2881 803 2914 Ecce
833 2881 1061 2926 alienigenae

59 2946 95 2975 et
111 2939 234 2987 Ἔγνω,
255 2950 292 2977 et
299 2943 465 2991 populas
477 2940 709 2988 AEtlu'opum,
725 2937 931 2986 leificermet
942 2941 1018 2975 illic
1031 2938 1058 2976 3.

47 3000 146 3062 lJm’e
168 2999 282 3050 igitur
314 2999 500 3038 habitatio
523 3008 581 3037 est
607 3000 645 3036 in
673 3013 714 3036 ea
745 2999 954 3036 laetantium
977 3013 1061 3036 om-

47 3057 174 3116 inium,
191 3074 270 3099 non
289 3062 394 3099 inani
412 3061 555 3099 laetitia.
578 3060 761 3098 Perennis
781 3061 881 3097 enim
905 3060 1058 3105 laetitiae,

48 3125 184 3176 ,etmae
212 3120 260 3158 ad
288 3121 405 3158 coelos
421 3120 653 3158 ascensionis
666 3119 744 3169 jam
764 3127 898 3169 coeptae
915 3128 1058 3155 certam

49 3190 162 3230 'Spem
179 3179 339 3228 habent,
362 3194 475 3231 quam
495 3181 535 3218 in
561 3180 796 3218 Clara-Valle
815 3180 1059 3216 invenerunt.

63 3241 200 3280 sulam
228 3243 371 3290 Jacob,
400 3253 438 3282 et
466 3244 622 3294 angelos
649 3243 686 3280 in
704 3257 768 3288 ea,
791 3243 885 3279 alios
905 3240 1060 3292 quidem

1123 2710 1242 2734 nuum
1261 2709 1414 2733 suarum
1432 2697 1619 2734 inhaerent
1641 2698 1850 2747 laboribus,
1872 2705 2027 2752 quamlo
2044 2719 2138 2746 eunt

1125 2756 1171 2793 ad
1192 2769 1322 2806 opera,
1348 2757 1404 2792 vel
1425 2757 1609 2794 redeunt?
1625 2759 1662 2795 in
1682 2760 1821 2810 quibus
1838 2764 2018 2803 omuibus
2040 2783 2134 2806 eon—

1126 2825 1211 2863 stat,
1229 2830 1293 2854 eos
1314 2830 1392 2853 non
1415 2830 1483 2854 suo
1505 2817 1592 2854 duci
1611 2820 1761 2869 spiritu,
1781 2822 1846 2858 sed
1863 2823 2006 2864 divino.
2027 2830 2135 2868 Certe

1129 2887 1202 2914 tam
1225 2877 1384 2927 patienti
1412 2878 1540 2914 animo
1558 2908 1567 2924 ,
1596 2887 1670 2916 tam
1698 2882 1848 2930 placido
1880 2893 1916 2921 et
1949 2887 2137 2928 immobili

1127 2939 1258 2984 vultu,
1280 2946 1354 2975 tam
1374 2948 1504 2975 sancto
1529 2948 1567 2976 et
1589 2941 1694 2977 suavi
1722 2942 1857 2980 ordine
1884 2956 2021 2984 cuncta
2053 2963 2138 3000 per-

1127 3006 1270 3048 agunt,
1305 3007 1347 3035 ut
1394 2999 1463 3035 etsi
1497 3012 1576 3036 sese
1615 3001 1823 3050 plurimum
1854 3018 2057 3046 exerceant
2089 3013 2135 3048 ad

1128 3072 1259 3109 opera,
1285 3059 1347 3095 vix
1367 3068 1493 3096 tamen
1511 3061 1569 3097 vel
1587 3063 1733 3099 moveri
1750 3067 2057 3117 perpenduntur,
2077 3075 2136 3110 rel

1127 3120 1276 3169 gravari
1304 3120 1341 3156 in
1370 3120 1520 3170 aliquo,
1548 3124 1848 3174 quanticumque
1869 3128 1943 3164 sint
1975 3130 2136 3171 labores.

1128 3180 1241 3219 L'nde
1267 3181 1510 3218 manifestum
1544 3191 1622 3230 est,
1648 3184 1687 3220 in
1716 3185 1806 3235 ipsis
1831 3187 1938 3224 illum
1966 3200 2135 3230 sanetum

1130 3242 1282 3291 operari
1301 3242 1500 3293 Spiritum,
1523 3244 1589 3293 qui
1610 3244 1779 3295 disponit
1797 3248 1924 3285 onmia
1943 3252 2109 3289 suaviter
2132 3268 2139 3289 :

111 3380 120 3396 ¹
136 3377 166 3407 11
184 3377 322 3414 Cor.1v‚
344 3380 394 3409 16.
414 3397 459 3401 —-
478 3383 490 3398 ⁷·
506 3377 619 3420 Eplies.
645 3379 765 3413 1v‚2'4.
786 3395 829 3398 -
849 3374 860 3396 3
875 3376 955 3407 Psal.
977 3387 1122 3411 mxxvi.
1143 3379 1172 3408 4.
1197 3395 1234 3399 ψ·
1254 3378 1266 3403 ³
1283 3381 1376 3409 Prov.
1402 3389 1427 3413 1,
1451 3382 1482 3409 5.
