2565 3952
153 152 169 185 ἑ
179 151 200 185 Γ)
903 153 1162 189 PRAEFATIO
1206 155 1498 192 GENERALIS.
2210 164 2221 199 ’1
2232 165 2253 199 (3

157 261 172 276 υ
202 240 408 283 Leodium
429 241 512 282 fuit
532 273 541 292 ,
561 242 777 296 profectus
802 246 914 282 est...
934 242 1097 285 Exinde
1128 244 1296 288 rediens
1318 248 1594 290 Innocentius
1617 250 1670 291 ad
1695 250 1895 304 Calliam,
1916 252 2076 308 diuque
2102 258 2248 297 Autis-

156 340 171 354 »
198 319 357 361 siodori
390 325 696 371 commoratus,
732 333 830 361 cum
858 325 1027 375 tempus
1053 325 1274 365 convocati
1303 324 1495 377 concilii,
1513 326 1633 380 quod
1662 328 1708 368 in
1736 328 1965 371 festivitate
1989 330 2101 373 beati
2128 333 2249 375 Lucae

154 418 170 433 υ
195 400 460 453 evangelistae.
478 400 619 441 Remis
645 399 936 441 celebraturus
960 405 1071 453 erat,
1095 403 1484 457 appropinquaret,
1516 405 1740 447 conciliato
1757 407 1878 460 prius
1899 409 2013 462 apud
2030 411 2249 452 Turonum

153 497 169 513 »
197 479 403 520 Gaufrido
435 479 678 520 MarteHO...
705 491 855 520 rursus
879 492 956 533 per
981 481 1352 534 Aurelianensem,
1375 484 1749 538 Stampensemque
1773 485 1941 528 rediens
1960 489 2246 541 proxinciam,

153 576 168 592 »
195 570 278 599 sua·
301 559 523 612 praesentia
552 559 740 599 Parisins
778 558 1022 600 illustravit.
1066 579 1082 594 »
1122 561 1287 601 Interea
1328 561 1518 615 Philippi
1548 562 1659 615 regis
1686 562 1895 617 designati
1933 577 2048 606 mors
2082 566 2247 607 accidit.

153 656 169 671 «
198 638 348 678 Mortis
364 636 492 691 hujus
512 637 659 678 audito
678 638 829 679 nuntio
843 670 853 689 ,
876 640 990 692 Papa
1010 638 1345 692 praeeordialiter
1364 645 1584 694 permotus
1601 673 1610 693 ,
1631 642 1762 683 mittit
1780 655 1803 683 a
1831 643 1960 684 latere
1979 656 2056 685 suo
2072 644 2126 686 ad
2143 657 2246 686 0011-

152 735 167 751 »
195 715 420 757 solandum
442 727 585 769 regem
604 716 865 757 venerabiles
883 717 1118 771 episcopos,
1142 717 1401 760 Gaufridum
1417 719 1780 773 Catalaunensem,
1803 725 1843 762 et
1860 722 2107 764 Mattheeum
2121 723 2253 765 Alba-

150 814 166 829 »
195 807 382 836 nensem.
417 797 564 836 »Tum
584 796 737 837 Remos
763 795 1004 850 profectus,
1027 797 1074 838 in
1092 797 1311 852 frequenti
1339 797 1506 851 synodo
1538 797 1806 840 Ludovicum
1835 812 1978 854 regem
2007 801 2252 844 solemniter

143 873 327 926 inungit.
348 874 516 914 Litterae
537 873 788 915 obedientiae
808 879 849 916 et
872 874 975 916 fidei
991 875 1153 917 indices
1175 876 1213 917 ei
1228 877 1461 917 mittuntur
1480 889 1504 917 a
1528 876 1730 918 Lotliario
1754 877 2112 932 Alamannorum,
2135 885 2177 922 et
2195 879 2248 921 ab

145 953 329 994 Henrico
342 953 596 1007 Anglorum,
614 953 848 1009 itidemque
866 954 919 996 ab
937 955 1189 997 Hildefonso
1208 957 1372 997 seniore
1388 956 1610 1009 citerioris,
1630 961 1671 998 et
1684 956 1854 1011 juniore
1872 958 2087 1001 interioris
2102 961 2251 1015 Hispa-

142 1033 224 1073 niae
244 1031 433 1086 regibus.
462 1032 529 1074 Ad
548 1032 636 1074 haec
664 1034 827 1088 ingenti
849 1034 1007 1088 gaudio
1030 1034 1283 1077 Pontificem
1300 1039 1546 1076 recrearunt
1572 1054 1587 1069 «
1617 1035 2069 1079 excellentissimorum
2093 1040 2249 1080 eremi-

148 1129 165 1146 »
194 1115 337 1153 tarum
372 1112 707 1153 Cartusiensium
744 1113 921 1165 litterae,
951 1127 1047 1168 quae
1081 1127 1159 1169 per
1188 1113 1417 1169 quemdam
1456 1112 1742 1155 venerabilem
1776 1114 1972 1156 abbatem
2005 1115 2057 1158 de
2091 1115 2251 1158 Ordine

149 1208 166 1224 »
193 1189 429 1230 Cistellensi
444 1189 606 1242 delatae,
625 1195 666 1231 et
684 1191 731 1231 in
753 1191 932 1231 concilio
949 1204 1026 1245 per
1041 1191 1299 1234 Gaufridum
1311 1193 1611 1234 Carnotensem
1628 1194 1875 1248 episcopum
1893 1194 2075 1235 recitatae
2095 1199 2208 1236 sunt.
2228 1214 2244 1230 »

143 1267 288 1310 Abbas
305 1269 384 1309 iste
401 1273 490 1310 erat
509 1271 866 1322 Pontiniacensis,
894 1283 1047 1325 nempe
1065 1273 1212 1324 Hugo,
1231 1275 1281 1312 ut
1304 1274 1515 1312 testantur
1531 1271 1697 1323 litterae,
1720 1284 1827 1326 quas
1845 1272 1958 1313 idem
1978 1273 2250 1328 Chronogra-

142 1347 256 1403 phus
278 1347 411 1389 refert
436 1349 482 1389 in
510 1348 596 1389 fine
622 1349 723 1391 libri
752 1348 943 1390 secundi.
966 1349 1101 1392 Addit
1124 1350 1249 1392 initio
1276 1349 1412 1398 tertii,
1434 1350 1733 1391 Innocentium
1758 1350 1888 1405 paulo
1907 1355 2005 1405 post
2022 1353 2252 1394 concilium

141 1426 362 1479 Remense,
377 1427 556 1469 Romam
566 1428 798 1482 repetiisse.
811 1447 826 1462 «
846 1427 927 1470 Sed
941 1429 1043 1483 quia
1058 1430 1226 1480 Petrus,
1247 1427 1431 1482 injustus
1450 1428 1734 1480 com-icarius,
1752 1428 1981 1469 maximam
1996 1434 2159 1484 partem
2173 1430 2255 1472 sihi

149 1522 166 1539 »
192 1505 426 1547 sociaverat
446 1507 630 1548 civitatis
647 1539 657 1559 ,
682 1509 958 1549 Innocentius
979 1507 1196 1549 ecclesiam
1222 1506 1339 1548 beati
1355 1506 1487 1559 Petri,
1504 1507 1548 1547 in
1567 1519 1654 1561 qua
1668 1506 1806 1548 divini
1825 1508 2050 1550 sacerdotii
2070 1509 2256 1564 dignitas

149 1600 166 1617 »
190 1582 404 1637 pendebat
422 1616 432 1637 ,
454 1584 570 1626 solus
590 1597 666 1639 per
682 1598 726 1626 50
745 1585 934 1627 obtinuit
963 1600 972 1626 :
993 1587 1146 1627 Petrus
1161 1598 1265 1627 vero
1280 1586 1576 1627 Lateranensis
1598 1585 1745 1640 palatii
1759 1586 1916 1639 sedem,
1939 1587 1992 1629 ad
2012 1601 2143 1642 quam
2171 1590 2253 1631 im-

148 1680 164 1697 »
187 1662 360 1716 perialis
379 1663 587 1705 celsitudo
606 1665 806 1718 pertinet,
826 1665 1066 1719 occupavit.
1087 1665 1298 1705 »Exstant
1319 1663 1398 1704 hac
1415 1662 1469 1704 de
1486 1675 1531 1704 re
1545 1663 1698 1705 litterae
1715 1663 1905 1705 Lotharii
1922 1665 2190 1719 imperatoris
2210 1668 2256 1708 in

141 1745 258 1782 tomo
270 1746 389 1783 sexto
408 1742 635 1797 spicilegii,
654 1744 699 1784 in
712 1743 872 1798 quibus
882 1733 1118 1785 Norbertus
1134 1742 1479 1796 archiepiscopus
1490 1740 1868 1796 Magdeburgensis
1881 1743 2119 1785 cancellarii
2132 1745 2258 1788 titulo

142 1818 345 1874 afficitur,
367 1833 520 1876 nempe
539 1822 652 1863 11005
690 1835 817 1876 agens
838 1823 1053 1864 Brunonis
1077 1820 1341 1863 Coloniensis
1355 1853 1366 1873 ,
1390 1825 1439 1862 ut
1462 1820 1620 1875 legitur
1633 1821 1676 1862 in
1697 1820 1907 1862 Chronico
1925 1823 2145 1876 saxonice,
2181 1825 2258 1878 (1111

141 1900 288 1941 Bruno
302 1900 348 1941 in
367 1900 535 1941 Italiam
554 1913 652 1942 cum
673 1903 934 1956 Imperatore
954 1901 1172 1957 profectus
1188 1913 1275 1942 non
1289 1900 1443 1941 fuerat.
1460 1902 1623 1941 Verum
1640 1901 1916 1942 Innocentius
1932 1901 2260 1945 0111111110011511·

142 1978 247 2033 lens,
261 1981 380 2022 Pisas
391 1993 434 2022 se
452 1981 646 2034 contulit,
663 1982 811 2036 ibique
829 1981 883 2023 ad
900 1986 1081 2023 mortem
1099 1993 1237 2036 usque
1248 1980 1363 2022 Petri
1380 1978 1624 2021 demoratus
1641 1983 1717 2030 est,
1728 1978 1773 2020 id
1793 1983 1855 2020 est
1872 1978 1926 2021 ad
1942 1992 2102 2021 annum
2129 1983 2255 2024 1137.

201 2059 350 2100 XLIV.
385 2061 538 2100 Petrus
572 2060 733 2102 interea
756 2061 983 2115 temporis,
1006 2073 1081 2101 seu
1114 2059 1366 2111 Anacletus,
1400 2058 1510 2099 nihil
1538 2071 1625 2099 non
1652 2057 1844 2110 molitur,
1879 2063 1929 2099 ut
1959 2071 2256 2115 quoscumque

141 2137 396 2191 insigniores
434 2139 550 2180 viros
590 2138 644 2180 ad
673 2144 814 2193 partes
844 2152 941 2181 suas
989 2139 1209 2193 adjungat.
1248 2140 1311 2179 Ex
1348 2138 1558 2192 episcopis
1590 2138 1629 2178 ei
1662 2136 1838 2178 adhaesit
1876 2137 2084 2179 Girardus
2119 2139 2260 2192 Engo-

141 2216 374 2270 lismensis,
404 2218 602 2272 quicum
636 2218 763 2273 legati
794 2231 950 2260 munus
982 2217 1063 2260 sub
1088 2216 1370 2259 Pontificibus
1399 2217 1607 2271 proximis
1626 2216 1846 2270 gessisset,
1866 2215 1974 2257 illud
1991 2215 2105 2257 idem
2119 2217 2188 2258 1·οΙ
2205 2217 2256 2258 ab

140 2296 344 2337 Anacleto
367 2297 596 2351 impetrare
613 2298 657 2338 in
680 2299 791 2339 votis
811 2298 978 2339 habuit.
996 2297 1116 2339 Idem
1138 2296 1416 2339 Gufflelmum
1435 2295 1711 2336 Pictax‘orum
1725 2295 1924 2335 comitem
1938 2294 1993 2336 ad
2007 2296 2258 2338 Anacletum

140 2376 363 2430 pertraxit.
386 2378 594 2418 Praeterea
610 2377 844 2430 Rogerium
860 2376 1026 2430 Apuliae
1046 2376 1198 2418 ducem
1228 2380 1275 2416 ut
1301 2373 1383 2415 sibi
1396 2373 1641 2415 conciliaret
1656 2373 1898 2426 AnacletUS,
1929 2386 2118 2416 sororem
2138 2387 2258 2417 suam

141 2454 181 2495 ei
199 2453 377 2496 tradidit
392 2468 585 2508 uxorem,
608 2467 793 2510 cumque
812 2455 961 2496 Siciliae
982 2467 1126 2508 regem
1145 2455 1392 2506 coronavit,
1424 2457 1529 2494 teste
1547 2451 1752 2495 Orderico
1769 2453 1816 2493 in
1832 2451 1944 2494 libro
1955 2452 2209 2496 duodecimo
2226 2453 2254 2496 ¹.

141 2533 192 2573 111
207 2532 396 2587 epistolis
409 2533 601 2575 Anacleti
619 2515 872 2575 Pontificem
891 2545 934 2575 se
954 2533 1144 2585 ferentis,
1164 2545 1260 2587 quae
1278 2545 1424 2574 onmes
1441 2532 1486 2573 in
1506 2531 1650 2572 codice
1668 2531 1885 2573 Casinensi
1905 2530 2132 2586 habentur,
2153 2546 2257 2588 par-

103 2625 106 2627 ·
141 2611 221 2653 tim
244 2611 360 2666 apud
381 2614 616 2654 Baronium
638 2611 776 2665 editae,
801 2625 888 2654 una
911 2616 988 2663 est,
1023 2611 1069 2652 in
1087 2624 1174 2665 qua
1194 2611 1467 2652 vehementer
1490 2610 1770 2664 conqueritur
1785 2608 1838 2650 de
1865 2607 2016 2650 abbate
2038 2610 2228 2653 farfensi
2244 2645 2254 2663 ,

142 2704 272 2747 quem
293 2725 303 2746 ,
325 2694 428 2748 quia
450 2693 533 2735 sibi
557 2694 796 2735 contrarius
817 2698 907 2734 erat
924 2725 934 2745 ,
960 2711 975 2727 «
999 2690 1193 2733 Ecclesiae
1228 2690 1364 2732 funda
1396 2689 1620 2745 percussit,
1646 2708 1660 2723 »
1687 2687 1733 2729 id
1760 2692 1846 2740 est,
1874 2707 1889 2722 «
1911 2690 2256 2732 excommunica-

148 2788 164 2805 »
189 2770 317 2812 tionis
339 2772 546 2813 sententia
577 2771 890 2813 condemnavit.
920 2791 934 2806 υ

201 2851 327 2893 XLV.
346 2853 426 2893 Tot
441 2844 655 2906 tantaeque
671 2851 824 2905 turbae,
846 2863 953 2906 quas
967 2850 1106 2892 fusius
1122 2849 1302 2891 fortasse
1319 2861 1450 2903 quam
1466 2848 1585 2890 locus
1602 2851 1833 2902 pateretur,
1852 2846 1921 2888 hic
1938 2845 2254 2902 descripsimus,

143 2929 327 2971 multum
350 2931 509 2984 negotii
530 2931 748 2972 Bernardo
766 2931 1026 2972 facesserunt
1045 2961 1054 2981 ‚
1077 2930 1154 2984 qui
1173 2929 1313 2970 varias
1330 2927 1530 2983 epistolas
1548 2927 1885 2981 circumquaque
1903 2926 2071 2980 scripsit
2089 2926 2143 2968 ad
2161 2939 2257 2968 con-

145 3007 349 3050 ciliandos
377 3010 626 3051 Innocentio
656 3010 968 3062 schismaticos,
1006 3014 1048 3050 et
1079 3008 1359 3051 continendos
1390 3008 1437 3048 in
1465 3006 1608 3048 officio
1637 3005 1808 3057 fideles3
1835 3005 1954 3046 varia
1980 3006 2081 3046 item
2103 3006 2256 3047 itinera

145 3085 333 3140 ejusdem
350 3088 409 3129 rei
434 3101 560 3129 causa
579 3089 787 3144 suscepit,
806 3094 854 3131 ut
873 3102 925 3131 ex
942 3087 1221 3144 sequentibus
1239 3087 1430 3143 epistolis
1442 3118 1453 3140 ,
1472 3091 1512 3128 et
1531 3099 1582 3128 ex
1599 3086 1708 3127 Vitae
1726 3084 1840 3126 libro
1858 3084 2065 3137 secundo,
2085 3096 2205 3139 capp.
2229 3087 2254 3123 (5

147 3169 188 3206 et
206 3169 228 3208 7
239 3199 250 3218 ,
268 3166 540 3221 intelligitur.

195 3333 202 3351 ¹
221 3333 410 3365 ordericus
424 3358 432 3374 ,
450 3333 512 3366 lib.
536 3338 590 3374 12,
609 3344 690 3376 pag.
714 3338 785 3367 498.
