2517 3920
328 207 426 243 1379

1088 206 1121 239 S.
1154 204 1353 238 BERNAR
1361 204 1408 237 DI
1438 202 1640 237 ABBATIS

2312 201 2409 238 1380

322 282 451 327 liceat,
476 281 642 331 perfecta
663 280 700 316 iu
722 280 826 316 bono
848 280 1108 326 confirmatio,
1127 288 1167 316 ut
1191 279 1244 315 nil
1267 278 1388 315 de-⁶'¹
1403 278 1468 328 qui
1486 278 1524 314 in
1546 278 1618 314 hoc
1638 277 1845 326 glorietur?
1860 280 1937 312 Aut
1955 275 2038 321 ubi,
2054 284 2119 312 aut
2137 276 2291 325 quando
2307 277 2409 314 istud

323 342 370 378 sit
386 340 466 390 jam
489 340 594 390 quod
616 339 743 377 libeat.
767 344 874 377 Tunc
898 339 1050 376 demum
1075 339 1242 389 perfecta
1262 338 1336 374 erit
1354 339 1387 372 A
1404 337 1625 374 obtinetur?
1643 335 1929 386 Numquidnam
1950 335 1988 371 in
2011 335 2085 372 hoe
2105 336 2269 372 saeculo?
2290 337 2362 375 Sed
2382 337 2412 374 si

324 402 525 447 voluntas,
549 415 636 438 cum
659 401 771 451 plene
797 401 909 437 fuerit
932 399 1055 444 bona,
1078 408 1114 435 et
1134 399 1232 435 bene
1253 399 1338 448 ple-

328 475 388 498 na.
410 461 535 499 Habet
553 461 741 511 siquidem
758 460 900 511 duplex
916 461 955 496 in
976 474 1014 497 se
1035 459 1181 496 bonum
1199 458 1245 495 ab
1265 458 1341 494 ini-

330 523 383 558 tio
412 523 470 559 sui
493 537 500 558 :
523 536 642 558 unum
673 521 827 571 quidem
858 521 1034 570 generale
1062 534 1108 557 ex
1133 520 1213 556 sola
1236 532 1341 555 crea-

329 582 454 629 tione,
477 582 582 632 quod
614 597 635 619 a
669 582 773 618 bono
808 582 949 618 scilicet
983 585 1064 618 Deo
1099 594 1176 616 non
1212 579 1340 630 potuit

327 643 448 679 creari
477 643 548 680 nisi
583 643 702 689 bona,
727 642 938 679 secundum
972 641 1077 691 quod
1107 640 1201 676 vidit
1237 643 1340 677 Deus

328 712 463 740 cuncta
481 717 566 754 quae
587 704 746 749 fecerat,
765 712 801 739 et
818 711 926 739 erant
948 702 1056 738 valde
1074 701 1178 737 bona
1193 708 1201 722 ¹
1217 716 1226 747 3
1249 701 1341 737 alte-

328 777 414 799 rum
444 764 606 813 speciale
638 777 685 800 ex
716 763 889 800 libertate
922 762 1088 806 arbitrii,
1120 761 1158 797 in
1190 773 1265 811 qua
1294 759 1341 797 ad

327 823 530 872 imaginem
559 824 690 872 utique
717 824 836 873 ipsius
868 824 933 872 qui
966 822 1133 871 creavit,
1155 829 1211 857 est
1247 834 1342 856 con-

330 882 419 919 dita.
458 883 569 930 Quod
610 883 641 919 si
677 882 827 919 duobus
868 883 925 919 his
962 881 1074 918 bonis
1108 881 1262 917 accedat
1305 888 1343 916 et

331 943 508 988 tertium,
538 943 738 979 conversio
769 943 911 979 scilicet
934 942 980 978 ad
1012 945 1255 986 Creatorem,
1283 954 1343 976 re-

332 1001 529 1051 putabitur
557 1016 635 1039 non
666 1003 857 1038 immerito
890 1002 1056 1051 perfecte
1084 1000 1214 1037 bona:
1242 999 1345 1036 bona

1406 399 1492 449 quis
1522 407 1620 436 esset
1650 397 1890 447 hujusmodi,
1909 395 2030 446 major
2059 404 2157 433 esset
2189 397 2329 443 Paulo,
2348 397 2416 447 qui

1407 461 1612 496 confitetur
1632 459 1761 495 dicens
1780 473 1787 495 :
1809 458 1996 504 Perficere
2015 466 2138 493 autem
2160 470 2235 493 non
2257 460 2413 494 invenio.

1408 519 1601 569 Numquid
1631 518 1753 557 Adam
1779 518 1817 554 in
1839 517 2038 567 paradiso?
2060 516 2134 555 Sed
2153 517 2183 554 si
2204 515 2414 564 habuisset,

1410 594 1604 631 nunquam
1631 580 1862 617 exsulasseta
1888 592 1909 615 a
1931 577 2123 628 paradiso.

1768 705 1947 744 CAPUT
1976 704 2071 744 VII.

1451 833 1563 860 I'trum
1583 830 1674 871 primi
1693 828 1835 860 homines
1853 829 1885 859 in
1904 827 2049 871 paradiso
2068 827 2149 858 trina
2166 827 2219 858 illa
2237 827 2380 859 libertate

1611 883 1733 925 praediti
1752 882 1887 920 fuerint,
1910 889 1941 913 et
1959 888 2029 924 post
2048 888 2223 924 peccatum.

1468 1004 1529 1040 21.
1552 1007 1660 1040 'Nunc
1690 1003 1796 1039 locus
1829 1011 1886 1045 est
1914 1001 2141 1052 pervidendi
2173 1002 2278 1052 quod
2307 1016 2420 1053 supra

332 1061 512 1098 nimirum
532 1062 568 1098 in
592 1062 858 1106 universitate,
878 1062 1012 1098 melior
1036 1062 1073 1097 in
1095 1074 1164 1098 suo
1185 1073 1345 1110 genere,
1364 1066 1391 1099 B
1413 1063 1649 1109 distulimus,
1669 1072 1798 1100 utrum
1824 1064 1966 1100 scilicet
1992 1071 2090 1100 totas
2117 1071 2193 1100 tres
2220 1063 2303 1100 illas
2329 1078 2421 1114 quas

333 1121 478 1170 optima
493 1122 534 1158 in
549 1122 605 1158 sui
620 1122 900 1158 ordinatione*.
916 1125 980 1158 Est
999 1130 1125 1158 autem
1141 1120 1346 1166 ordinatio,

334 1181 555 1218 omnimoda
584 1183 785 1218 conversio
816 1182 1025 1218 voluntatis
1058 1181 1103 1218 ad
1134 1185 1284 1227 Deum,
1311 1189 1348 1217 ct

334 1253 381 1276 ex
399 1249 477 1278 tota
492 1255 531 1278 se
550 1243 767 1279 voluntaria
785 1242 1000 1291 devotaque
1023 1240 1226 1290 subjectio.
1251 1240 1348 1278 Huic

332 1314 425 1338 vero
457 1311 531 1339 tam
565 1304 743 1352 perfectae
766 1302 924 1351 justitiae
953 1301 1127 1348 debetur,
1150 1302 1228 1338 imo
1256 1300 1344 1350 jun—

333 1361 433 1410 gitur
457 1363 589 1412 gloriae
613 1363 840 1412 plenitudo:
860 1363 949 1413 quia
969 1363 1020 1399 sic
1045 1376 1084 1399 se
1112 1363 1345 1415 comitantur

334 1421 412 1457 duo
438 1423 526 1467 ista,
551 1432 593 1459 ut
621 1437 690 1460 nec
715 1423 872 1472 justitiae
904 1424 1022 1473 possit
1054 1422 1185 1459 haberi
1215 1423 1344 1472 perfe—

334 1481 409 1517 ctio
423 1511 432 1527 ,
448 1483 518 1519 nisi
538 1484 575 1519 in
595 1484 708 1532 plena
727 1483 864 1531 gloria,
884 1497 953 1519 nec
972 1483 1101 1532 gloriae
1119 1482 1342 1532 plenitudo,

333 1540 476 1591 absque
508 1544 675 1592 perfecta
701 1542 859 1591 justitia.
893 1542 1030 1579 Merito
1063 1541 1228 1591 (lenique¹
1262 1541 1344 1577 talis

329 1601 479 1649 justitia
507 1616 584 1639 non
616 1603 688 1639 erit
716 1603 797 1639 sine
825 1603 964 1652 gloria,
988 1616 1073 1638 cum
1106 1602 1225 1650 gloria
1256 1615 1345 1637 vera

333 1675 413 1698 non
434 1662 498 1708 sit,
516 1663 585 1699 nisi
607 1663 653 1699 de
673 1663 738 1699 tali
754 1662 912 1711 justitia.
931 1661 1044 1699 L‘nde
1062 1670 1162 1698 reete
1180 1661 1316 1698 dicitur
1335 1676 1342 1696 :
1371 1684 1374 1687 >

333 1725 446 1758 Beati
469 1728 534 1770 qui
555 1728 721 1759 esuriunt
738 1733 772 1758 ec
791 1727 923 1758 sitiunt
938 1727 1145 1768 sastilium,
1165 1726 1343 1769 quomam

338 1787 412 1830 ipsi
428 1783 700 1819 saturabuntur
713 1789 738 1819 ².

1415 1123 1580 1160 diximus
1617 1123 1832 1169 libertates,
1866 1124 1904 1160 id
1939 1132 2014 1170 est,
2047 1122 2216 1170 arbitrii,
2250 1125 2418 1170 consilii,

1415 1183 1649 1233 complaciti3
1667 1184 1725 1220 vel
1746 1184 1826 1220 aliis
1845 1184 2086 1230 nominibus,
2102 1198 2124 1221 a
2143 1184 2383 1230 necessitate,
2401 1200 2421 1222 a

1417 1254 1592 1294 peccam,
1615 1259 1637 1281 a
1659 1246 1831 1291 miseria,
1856 1246 1969 1296 primi
1991 1245 2165 1282 homines
2186 1245 2223 1281 in
2247 1245 2421 1295 paradiso

1417 1304 1646 1342 habuerint:
1667 1319 1714 1342 an
1745 1314 1891 1342 tantum
1921 1305 2034 1351 duas,
2057 1319 2103 1342 an
2134 1319 2247 1342 unani
2279 1306 2422 1343 solum-

1413 1366 1542 1402 modo.
1561 1370 1608 1403 Et
1629 1367 1674 1403 de
1698 1367 1823 1416 prima
1849 1366 2003 1416 quidem
2032 1367 2139 1403 nulla
2160 1365 2240 1415 jam
2265 1367 2423 1416 quaestio

1413 1435 1489 1473 est,
1508 1427 1537 1463 si
1560 1427 1848 1463 meminerimus
1867 1440 1982 1476 quam
2008 1436 2139 1477 aperte
2159 1435 2197 1463 et
2209 1425 2321 1476 justis
2340 1441 2423 1464 eam

1413 1496 1450 1523 et
1471 1487 1736 1538 peccatoribus
1757 1488 1879 1524 inesse
1905 1488 2113 1537 aequaliter,
2133 1487 2229 1524 ratio
2250 1488 2426 1538 superior

1414 1547 1622 1584 edocuerit.
1656 1551 1712 1585 De
1747 1547 1895 1584 duabus
1936 1548 2092 1597 reliquis
2128 1547 2313 1597 quaeritur
2347 1561 2425 1584 non

1411 1608 1602 1644 immerito
1617 1638 1626 1654 ,
1650 1622 1696 1644 an
1720 1622 1886 1657 unquam
1909 1621 1971 1644 eas
1991 1607 2111 1645 Adam
2133 1607 2330 1653 habuerit,
2361 1616 2427 1644 aut

1411 1668 1560 1714 ambas,
1584 1677 1650 1706 aut
1669 1670 1728 1705 vel
1761 1682 1888 1705 unam.
1918 1673 2011 1706 Nam
2039 1670 2069 1705 si
2096 1669 2240 1705 nullam
2271 1668 2424 1714 habuit,

1412 1728 1504 1777 quid
1522 1728 1670 1764 amisit?
1684 1727 1841 1764 Arbitrii
1860 1728 1993 1777 utique
2012 1727 2224 1764 libertatem
2243 1736 2317 1764 tam
2339 1736 2427 1778 post

1413 1797 1609 1837 peccatum
1625 1818 1634 1834 ,
1656 1802 1770 1838 quam
1796 1797 1882 1824 ante
1904 1802 2054 1838 semper
2077 1788 2199 1825 tenuit
2223 1788 2426 1825 inconcus-

391 1843 455 1880 20·
491 1848 580 1881 HaeC
615 1843 740 1880 autem
776 1851 865 1880 SUsst
897 1843 961 1878 illst
993 1843 1070 1879 (JUO
1110 1856 1196 1891 quse
1232 1855 1346 1891 SUPPa
1370 1851 1396 1886 C
1417 1862 1508 1885 sam.
1531 1849 1567 1886 Si
1591 1863 1681 1898 ergo
1703 1849 1755 1885 nil
1778 1849 1925 1894 amisit,
1943 1849 2035 1898 quid
2065 1850 2099 1885 ei
2123 1848 2248 1885 obfuit
2264 1848 2425 1898 eJectum

336 1904 641 1949 nominavimus,
663 1917 796 1940 verum
827 1906 987 1952 Sapere,
1011 1912 1048 1939 et
1074 1903 1231 1952 plenum
1254 1906 1346 1939 Pos-

337 1975 376 1997 se
399 1976 406 1998 :
430 1971 471 1998 ut
491 1966 629 2012 Sapere
652 1963 698 1999 ad
717 1962 925 2011 justitiam,
949 1966 1062 1999 Posse
1094 1962 1280 1998 reseratur
1302 1961 1349 1997 ad

338 2022 509 2070 gloriam.
543 2023 613 2059 Sed
643 2027 784 2060 Verum
818 2032 855 2059 et
883 2023 1042 2059 Plenum
1076 2022 1203 2057 addita
1238 2029 1346 2067 sunt,

337 2081 499 2117 alterum
518 2082 563 2118 ad
585 2082 865 2119 distinctionem
890 2082 1084 2131 sapientiae
1102 2082 1246 2125 carnis,
1263 2094 1348 2130 quae

340 2154 442 2176 mors
458 2141 557 2188 est33
579 2142 745 2191 itemque
765 2143 959 2192 sapientiae
979 2141 1111 2178 mundi
1125 2171 1134 2187 ,
1154 2155 1238 2190 quae
1259 2142 1349 2177 stul—

341 2200 420 2235 titia
446 2199 550 2250 apud
574 2205 698 2238 Deum
715 2203 743 2246 4,
766 2216 842 2251 qua
873 2211 910 2238 et
941 2202 1132 2251 sapientes
1161 2202 1263 2252 apud
1288 2215 1348 2238 se·-

338 2261 519 2310 metipsos
546 2270 635 2298 sunt
655 2262 850 2307 homines,
874 2267 1084 2310 sapienta,
1111 2263 1287 2312 inquam,
1312 2272 1353 2297 ιιῑ

328 2321 641 2367 υᾖισὶαηῐηπιίαῧι
661 2324 821 2360 alterum
844 2323 1054 2360 adillorum
1078 2324 1347 2368 differentiam,

337 2381 383 2417 de
408 2381 547 2430 quibus
575 2383 713 2419 dicitur
730 2412 739 2428 ,
768 2385 942 2419 Potentes
965 2393 1138 2431 potenter
1166 2392 1350 2418 taz-menta

332 2442 566 2491 patientta-⁶.
600 2448 694 2481 Nam
731 2459 864 2481 verum
897 2449 1059 2494 Sapere,
1090 2453 1155 2481 aut
1190 2445 1347 2494 plenum

338 2506 452 2538 Posse
476 2505 633 2540 omnino
655 2518 732 2540 non
748 2505 998 2541 inveniuntur
1015 2533 1023 2549 ,
1042 2505 1112 2541 nisi
1136 2504 1200 2540 ubi
1222 2503 1346 2540 libero

338 2561 495 2599 arbitrio
509 2562 587 2612 jam
608 2565 671 2600 illa
695 2564 771 2601 duo
791 2564 995 2614 conjuncta
1019 2573 1130 2610 sunt,
1149 2578 1235 2614 quae
1255 2565 1346 2601 item

1416 1909 1528 1945 fuisse
1561 1909 1607 1945 de
1638 1908 1845 1958 paradiso?
1864 1909 1976 1957 Quod
2009 1910 2038 1946 si
2070 1923 2186 1946 unam
2216 1908 2426 1959 quamlibet

1415 1969 1566 2005 illarum
1594 1968 1748 2015 habuit,
1770 1969 1966 2018 quomodo
1988 1970 2135 2006 amisit?
2156 1973 2252 2007 Nam
2280 1978 2426 2007 certum

1416 2038 1470 2066 est
1496 2030 1583 2079 quia
1608 2043 1655 2066 ex
1681 2043 1759 2079 quo
1785 2031 1976 2080 peccavit,
1997 2044 2068 2067 nec
2093 2044 2114 2067 a
2135 2038 2292 2081 peccato
2314 2043 2427 2080 pror-

1416 2103 1501 2135 sus,
1536 2103 1605 2127 nec
1631 2104 1653 2126 a
1680 2090 1829 2127 miseria
1862 2091 2026 2128 manens'
2051 2091 2088 2127 in
2123 2103 2306 2140 corpore,
2330 2089 2426 2126 liber

1417 2150 1498 2187 fuit.
1517 2153 1704 2188 Caeterum
1722 2151 1939 2187 nullatenus
1951 2179 1961 2197 ,
1976 2163 2260 2200 quamcumque
2276 2150 2425 2187 illarum

1417 2211 1532 2247 semel
1555 2211 1767 2260 acceperit,
1786 2210 1960 2248 amittere
1980 2211 2117 2261 potuit.
2139 2210 2320 2260 Alioquin
2338 2223 2426 2260 per—

1416 2271 1556 2307 fectum
1576 2284 1646 2307 nee
1666 2275 1826 2321 Sapere,
1847 2285 1916 2308 nec
1931 2275 2068 2318 Posse,
2083 2270 2195 2321 juxta
2216 2270 2321 2320 quod
2340 2270 2427 2320 qui—

1417 2331 1502 2367 dem
1525 2331 1603 2367 duo
1632 2331 1712 2367 liaec
1741 2332 1916 2381 superius
1943 2332 2100 2369 definita
2127 2329 2425 2376 sunt,habuisse

1417 2392 1682 2437 convincitur3
1702 2391 1768 2440 qui
1796 2392 1979 2429 nimirum
2001 2401 2039 2429 et
2060 2393 2157 2429 velle
2177 2392 2303 2442 potuit
2322 2391 2426 2440 quod

1416 2465 1494 2488 non
1517 2451 1664 2497 debuit,
1684 2460 1722 2488 et
1742 2452 1911 2502 recipere
1929 2452 2034 2502 quod
2059 2452 2193 2489 noluit.
2214 2456 2275 2490 An
2298 2450 2426 2488 dicen-

1414 2511 1484 2547 dus
1502 2520 1558 2548 est
1579 2513 1708 2562 aliquo
1725 2511 1881 2561 quidem
1900 2512 2017 2549 modo
2036 2513 2119 2549 illas
2139 2511 2338 2558 habuisse,
2359 2510 2425 2548 sed

1413 2572 1503 2621 quia
1532 2585 1610 2608 non
1641 2572 1830 2622 plenarie,
1862 2573 2032 2622 potuisse
2061 2572 2266 2610 amittere?
2302 2570 2425 2608 Habet

338 2623 512 2671 superius
534 2625 850 2670 memoravimus,
872 2625 1034 2661 liberum
1059 2624 1233 2661 videlicet
1259 2638 1348 2661 con·
1364 2631 1397 2664 D
1414 2632 1602 2682 siquidem
1627 2645 1867 2682 unaquaeque
1887 2633 2039 2670 illarum
2061 2633 2159 2670 duos
2175 2631 2336 2682 gradus,
2359 2644 2424 2669 su-

339 2681 482 2728 silium,
499 2683 741 2734 liberumque
762 2685 1044 2736 complacitum.
1068 2685 1198 2721 Solum
1220 2685 1349 2735 profe-

338 2750 398 2778 cto
429 2743 589 2780 dixerim
619 2759 708 2782 vere
736 2747 969 2796 sapientem,
992 2747 1179 2796 pleneque
1209 2754 1349 2795 poten—

340 2808 434 2847 tem,
449 2803 509 2838 cui
522 2802 602 2851 jam
621 2818 699 2841 non
718 2813 865 2842 tantum
883 2806 980 2842 velle
999 2804 1147 2854 adjacet
1164 2819 1210 2841 ex
1227 2805 1347 2841 libero

339 2859 516 2907 arbitrio,
540 2864 605 2899 sed
623 2878 670 2900 ex
687 2866 842 2915 reliquis
863 2878 1016 2915 quoque
1034 2865 1186 2902 duobus
1202 2865 1349 2902 invenit

337 2926 373 2954 et
399 2921 598 2968 perlicere,
621 2924 712 2961 dum
732 2939 802 2962 nec
822 2927 918 2962 velle
938 2926 1063 2962 valeat
1083 2925 1187 2975 quod
1206 2927 1347 2963 malum

338 2979 408 3025 sit,
442 2993 511 3016 nec
544 2995 671 3020 carere
707 2986 810 3034 quod
845 2987 935 3023 velit
955 3002 963 3023 ε
986 2999 1151 3036 quorum
1185 2987 1348 3024 alterum

338 3046 462 3075 estex
486 3039 659 3078 libertate
688 3045 855 3091 consilii,
882 3046 921 3082 id
943 3055 998 3083 est
1027 3060 1160 3083 verum
1183 3049 1345 3097 Sapere3

337 3097 499 3135 alterum
519 3113 565 3135 ex
583 3100 757 3138 libertate
774 3105 1010 3153 complaciti,
1027 3106 1168 3142 scilicet
1188 3107 1346 3156 plenum

336 3160 463 3195 Posse.
478 3159 551 3196 Sed
570 3161 654 3210 quis
672 3162 754 3198 talis
773 3171 829 3199 est
846 3176 889 3200 ac
907 3173 1032 3203 tantus
1050 3167 1088 3203 in
1105 3166 1346 3216 hominibus,

1415 2693 1607 2743 periorem
1624 2700 1662 2728 et
1686 2692 1921 2729 inferiorem.
1941 2693 2124 2743 Superior
2150 2691 2304 2729 libertas
2333 2704 2427 2728 con—

1418 2753 1488 2789 silii
1507 2761 1582 2799 est,
1601 2766 1679 2789 non
1694 2766 1806 2803 posse
1827 2766 1984 2802 peccare
2000 2768 2008 2789 :
2031 2752 2202 2799 inferior,
2217 2764 2329 2802 posse
2347 2763 2425 2788 non

1417 2826 1586 2862 peccare.
1608 2817 1704 2850 Item
1722 2812 1898 2862 superior
1914 2811 2068 2849 libertas
2089 2811 2330 2862 complaciti,
2346 2822 2424 2848 nou

1416 2886 1528 2923 posse
1549 2872 1698 2909 turbari
1720 2888 1728 2909 :
1748 2872 1919 2916 inferior,
1939 2885 2052 2921 posse
2070 2885 2148 2908 non
2172 2870 2330 2908 turbari.
2348 2874 2424 2908 Ita-
2444 2873 2461 2899 ‘-

1416 2946 1489 2983 que
1507 2933 1728 2969 inferiorem
1753 2931 1952 2980 utriusque
1978 2930 2163 2967 libertatis
2189 2929 2347 2980 gradum
2371 2929 2423 2967 si-

1415 2992 1494 3028 mul
1521 3005 1608 3028 cum
1636 2991 1751 3041 plena
1776 2989 1950 3027 libertate
1979 2989 2129 3026 arbitrii
2151 2990 2268 3026 homo
2299 2989 2338 3025 in
2367 2987 2425 3024 sui

1415 3051 1635 3087 conditione
1664 3049 1831 3100 accepit,
1850 3057 1887 3086 et
1913 3049 1959 3085 de
1985 3058 2149 3098 utroque
2174 3049 2319 3086 corruit
2338 3060 2423 3084 cum

1414 3112 1599 3162 peccavit.
1625 3111 1778 3148 Corruit
1805 3118 1932 3147 autem
1957 3109 2004 3146 de
2032 3122 2144 3159 posse
2168 3122 2247 3146 non
2267 3119 2423 3160 peccare

1413 3173 1453 3209 in
1473 3185 1550 3208 non
1571 3184 1682 3221 posse
1703 3183 1781 3207 non
1802 3183 1980 3220 peccare,
2002 3169 2138 3207 amissa
2157 3183 2206 3207 ex
2226 3177 2308 3206 toto
2331 3179 2424 3205 con-

389 3291 396 3305 ι
413 3288 493 3318 Gen·
512 3299 521 3317 ¹
535 3312 542 3324 '
561 3291 616 3319 3¹·
632 3307 674 3311 ’‘
692 3295 704 3311 ²
719 3290 835 3321 Halm·
854 3303 884 3328 γ’
907 3296 937 3322 ss.
957 3292 1363 3335 >-'5Itom.x·111‚fl,-„j
1384 3303 1483 3332 [Cor.
1501 3312 1538 3331 ixi
1553 3325 1560 3337 ‚
1583 3303 1690 3331 19..>--
1709 3298 1721 3321 5
1736 3303 1852 3332 Jerem.
1875 3312 1920 3337 iv,
1945 3303 1999 3332 22.
2015 3318 2059 3323 ——
2077 3297 2092 3321 ⁶
2107 3301 2179 3341 Sap.
2198 3309 2230 3328 vt
2244 3321 2252 3335 ‚
2270 3298 2300 3327 7.

387 3351 400 3365 ⁴
421 3346 506 3377 Alias
519 3371 526 3383 ,
549 3360 581 3377 ei
590 3347 640 3378 sul
656 3357 744 3379 esset.
