2565 3952
75 191 143 228 197
992 185 1257 221 1ἰΡῙὸΤΟ[,.Έ.
2103 183 2174 220 1538

1102 260 1219 339 Xpie
1240 264 1369 297 volant
1393 265 1511 297 zw'mc
1534 266 1571 297 ite
1600 263 1755 306 (laissa,
1779 267 2174 312 persecalionen1sm-

66 338 440 350 ..........................
446 333 1088 347 ,,,..

318 445 695 503 EPISTOLA
733 441 818 501 L?

449 587 496 609 AD
526 586 687 609 1-:1531111-:11

472 679 555 704 [Inde
574 686 673 711 supra.

63 775 200 809 Postulat
225 781 258 806 ut
289 773 526 818 archiepiscopo
552 774 645 806 liccat
670 773 709 806 ad
739 774 852 806 Sedent
879 774 1085 817 apostolicam

489 829 661 872 appellare.

115 934 329 987 Oportebat
349 935 506 986 quidem
523 966 532 983 ‚
557 937 588 973 si
610 937 659 974 ita
679 946 817 974 vestra?
835 937 961 975 'visum
983 938 1081 974 fuis—

63 1006 120 1036 set
133 997 366 1036 Auctoritati
379 1026 389 1043 ,
412 1006 455 1034 ut
471 998 510 1034 in
529 998 646 1034 vestri
662 999 866 1048 praesentia
881 1012 994 1035 causa
1015 999 1080 1035 do-

1157 327 1301 357 timmcr
1317 329 1324 343 ¹
1343 323 1357 358 Ρ
1379 324 1589 372 Quousque
1609 323 1841 372 relinquitur
1861 323 1968 371 xirga
1998 330 2178 372 peccato-

1154 396 1238 418 rum
1266 395 1383 432 super
1408 391 1551 419 sortem
1571 381 1795 431 justorum?
1817 384 1910 430 Quis
1930 382 1995 418 det
2014 390 2056 417 ut
2077 389 2176 417 stare

1153 443 1339 494 incipiant
1353 442 1449 492 justi
1470 441 1486 465 ¹¹
1516 443 1701 480 adversus
1725 457 1791 480 cos
1818 444 1882 493 qui
1909 457 1947 480 se
1978 442 2174 492 angustia-

1150 506 1321 541 verunt?
1352 504 1447 552 Quis
1476 503 1556 553 jam
1592 504 1689 541 ferat
1724 513 1866 541 tantam
1902 505 2003 540 inter
2036 503 2173 539 coelum

1151 574 1370 615 terramque
1386 565 1632 612 discordiam,
1652 574 1694 602 ut
1718 564 2000 602 exsultantibus
2022 563 2178 612 Angelis

1151 639 1268 676 super
1279 626 1550 663 emendatione
1565 627 1772 673 malorum,
1791 627 1856 663 lilii
1871 625 1992 664 Adam
2013 624 2179 660 fremant

1153 697 1192 725 et
1212 687 1434 725 tabescant?
1455 688 1571 736 Quasi
1595 701 1672 725 non
1701 688 1749 724 sit
1769 701 1901 738 passus
1917 690 2026 723 ,ῖς-5115
2044 684 2176 735 pacifi-

1153 761 1242 785 cans
1262 748 1302 784 in
1321 747 1505 797 sanguine
1527 761 1596 784 suo
1618 762 1704 798 quse
1722 748 1760 784 in
1782 757 1883 785 terra
1905 755 2013 792 sunt,
2032 753 2070 782 et
2089 758 2175 795 quae

1152 809 1191 845 in
1218 809 1341 855 coe103
1363 817 1428 845 aut
1452 808 1489 844 in
1515 808 1599 858 ipso
1627 812 1731 845 Deus
1750 822 1829 845 non
1855 809 1969 845 fuerit
1987 805 2175 844 mundum

1152 870 1406 906 reconcilians
1427 868 1511 906 sibi.
1539 869 1784 907 Laudabatur
1803 869 2001 920 quondam
2027 868 2176 905 archie-

1149 931 1332 981 piscopus
1358 931 1397 966 in
1428 929 1626 967 desideriis
1647 931 1784 967 anima?
1804 945 1906 977 suae,
1931 939 1968 967 et
1990 930 2028 966 in
2051 942 2175 966 seecu-

1148 992 1218 1028 lari
1243 993 1321 1029 vita
1351 1000 1388 1028 et
1414 991 1549 1028 habitu
1575 991 1890 1029 lmnedicebatur.
1910 996 1961 1030 At
1980 1004 2085 1028 nunc
2104 988 2176 1028 sub

63 1059 155 1097 mini
171 1059 404 1096 Senonensis
420 1058 700 1105 discuteretur3
719 1072 766 1096 ne
788 1059 961 1097 infensus
980 1059 1085 1096 vide·
1106 1057 1132 1091 B
1150 1054 1290 1105 pannis
1312 1054 1482 1090 infantiae
1497 1058 1589 1091 Jesu
1612 1054 1798 1104 quzeritur
1817 1053 1979 1091 simonia
1992 1083 2001 1100 ,
2021 1061 2059 1090 et
2076 1052 2176 1089 inter

61 1120 149 1158 licet
168 1119 284 1170 Regi,
310 1120 350 1156 in
374 1120 490 1170 Regis
519 1120 725 1170 praesentia
750 1129 787 1156 et
814 1120 987 1170 potentia
1007 1120 1084 1157 suis

59 1194 133 1231 pro
162 1194 202 1218 se
225 1180 452 1217 adversariis
480 1194 759 1231 responsurus,
780 1181 941 1218 traditus
966 1181 1084 1219 homo

58 1241 258 1279 videretur
273 1242 312 1278 in
330 1242 495 1279 animam
513 1242 757 1279 inimicorum
777 1242 872 1292 ejus.
896 1243 969 1281 Sed
989 1257 1085 1293 quo-

63 1302 188 1348 niam,
225 1310 269 1339 ut
304 1302 514 1339 tenendum
550 1303 868 1353 irrefragabiliter
891 1303 1081 1353 quidquid

59 1362 286 1414 praecipitis,
307 1363 361 1400 sic
381 1362 613 1413 sperandum
642 1363 909 1400 indubitanter
932 1363 1080 1400 bonum

59 1423 108 1460 de
127 1422 234 1459 omni
249 1435 291 1459 re
307 1435 422 1473 quam
445 1422 650 1460 decernitis
667 1438 675 1460 :
695 1423 732 1460 id
750 1423 874 1460 solum
897 1438 920 1461 a
941 1432 1080 1471 vestra,

59 1487 183 1531 Pater,
210 1483 352 1534 pietate
379 1483 555 1534 deposcit
580 1484 774 1531 omnium,
796 1485 862 1534 qui
887 1484 990 1535 apud
1011 1498 1081 1522 nos

59 1558 140 1583 esse
163 1544 358 1592 videntur,
375 1545 661 1594 Religiosorum
687 1545 900 1592 humilitas,
925 1554 968 1582 ut
991 1545 1021 1582 si
1042 1559 1081 1582 se

61 1605 109 1644 ad
137 1605 289 1643 vultum
317 1605 417 1642 forte
444 1607 614 1656 potentis
636 1606 704 1658 (ut
733 1606 894 1658 assolet)
920 1607 1083 1644 senserit

61 1666 316 1718 praegravari,
354 1667 564 1717 confugere
599 1667 672 1704 sibi
707 1668 821 1705 liceat
856 1667 904 1704 ad
935 1668 1080 1705 viscera

58 1727 180 1766 Patris
193 1749 204 1775 ,-
226 1727 333 1778 quod
353 1728 488 1778 utique
508 1727 692 1766 hactenus
722 1742 909 1780 oppresso
936 1729 1083 1767 nemini

13 1802 18 1805 ·
59 1795 238 1838 negatum
258 1788 489 1826 audivimus.
508 1790 690 1840 Alioquin
712 1791 842 1828 videat
859 1790 1003 1841 Joseph
1022 1791 1082 1828 vir
1103 1796 1130 1832 C

55 1846 203 1898 justus,-
231 1848 325 1899 quid
348 1848 421 1888 sibi
448 1849 563 1887 etiam
588 1864 693 1888 nunc
721 1851 941 1888 faciendum
966 1852 1014 1888 sit
1035 1851 1082 1889 de

60 1922 183 1960 puero
203 1918 243 1947 et
266 1919 388 1948 matre
408 1910 513 1961 ejus,
536 1913 627 1962 quia
647 1926 734 1950 ecce
761 1913 877 1950 etiam
908 1926 1013 1950 nune
1041 1913 1081 1950 in

61 1971 273 2010 Senonensi
292 1972 494 2022 provincia
521 1973 693 2011 Christus
713 1974 902 2024 quaeritur
927 1973 975 2011 ad
995 1987 1083 2024 per-

58 2031 241 2069 dendum.
256 2036 352 2070 Nam
365 2062 376 2079 ,
396 2042 440 2070 ut
457 2034 564 2084 quod
583 2048 720 2072 verum
743 2044 822 2082 est,
841 2035 1079 2072 manifestius

35 2127 43 2130 .
59 2093 322 2143 proferamus,
344 2097 428 2132 Rex
446 2094 485 2131 in
507 2095 798 2146 archiepiscopo
816 2110 863 2133 ex
884 2109 929 2133 eo
946 2105 1079 2146 aperte

59 2166 199 2190 novam
231 2155 414 2204 persequi
443 2156 669 2206 religionem
700 2156 949 2206 dignoscitur,
975 2157 1081 2207 quod

59 2226 146 2250 eum
171 2214 210 2250 in
239 2214 399 2265 antiqua
424 2217 597 2253 saeculari
623 2218 918 2254 conversatione
945 2227 983 2255 et
1009 2218 1079 2255 ha-

62 2272 167 2322 bitu,
198 2275 297 2313 sicut
325 2278 551 2326 promoveri
577 2277 830 2316 omnimodeb
856 2279 998 2325 voluit,
1027 2279 1081 2316 sic

61 2334 109 2372 ab
127 2336 233 2373 omni
258 2338 414 2387 penitus
439 2347 617 2377 securum
650 2340 896 2378 infestatione
923 2340 1078 2377 dimisit.

128 2461 696 2475 stzvn=1=mmm=======mv=un=wmnsxx
703 2467 1035 2476 =x=zx====xm=vt=n=1====
1042 2467 1080 2475 --ε

289 2552 675 2610 EPISTOLA
727 2553 846 2612 LI.c

254 2686 303 2708 AD
332 2686 582 2711 HAIMERICUM
610 2688 897 2713 CANCELLARIL‘M

466 2766 550 2805 Euae
568 2789 666 2814 supra.

15 2851 17 2881 Ι
61 2853 150 2892 Viro
169 2855 309 2893 illustri
333 2861 577 2906 Hsnmmco,
596 2868 736 2897 sanctae
764 2864 950 2898 Romanae
973 2859 1079 2898 Sedis

113 2917 351 2966 cancellario,
367 2922 594 2957 Bmmnncs
611 2920 728 2958 abbas
746 2921 870 2958 dictus
889 2921 936 2958 de
951 2922 1080 2959 Clara—

113 2978 240 3038 Valle,
266 2981 426 3018 salutem
444 3010 454 3028 ,
485 2990 524 3019 et
556 2982 587 3019 si
613 2982 706 3033 quid
735 2984 837 3021 valet
865 2983 1080 3034 peccatoris

115 3040 249 3070 oratio.

114 3140 322 3190 Quousque
342 3141 456 3179 durat
484 3142 550 3181 illa
579 3144 770 3182 sententia
802 3159 810 3182 :
846 3147 988 3182 Omnes
1013 3150 1080 3195 qui

112 3284 122 3300 ¹
139 3283 171 3311 Π
187 3281 269 3314 Tim.
288 3295 349 3322 111,
373 3287 426 3316 12.
441 3301 490 3309 -—·
508 3291 522 3308 ²
539 3288 636 3319 Eeeli.
653 3300 724 3319 xm
738 3313 746 3325 ‚
769 3291 826 3321 24.

1152 1123 1352 1152 nascentes
1384 1114 1547 1152 virtutes
1584 1123 1851 1151 emortuorum
1888 1115 1949 1151 vel
1989 1113 2176 1151 cadavera

1151 1175 1334 1211 vitiorum
1368 1182 1562 1211 scrutatur
1592 1175 1743 1211 curiosa
1773 1175 1926 1211 malitia.
1957 1174 2104 1212 Videtis
2137 1181 2174 1210 et

1151 1250 1254 1273 nunc
1279 1245 1378 1272 stare
1400 1239 1529 1273 Jesum
1556 1236 1595 1272 in
1622 1236 1772 1286 signum
1795 1236 1854 1273 cui
1881 1235 2174 1272 contradicitur.

1151 1299 1224 1332 Per
1244 1297 1370 1346 ipsum
1392 1309 1462 1332 vos
1490 1295 1651 1332 obsecro
1668 1326 1676 1342 ,
1700 1310 1770 1346 pro
1790 1297 1875 1346 ipso
1903 1295 2078 1346 supplico
2104 1309 2177 1331 vo-

1150 1356 1220 1394 bis.
1240 1356 1367 1394 Habet
1385 1356 1577 1406 siquidem
1599 1364 1635 1393 et
1653 1356 1756 1393 unde
1774 1357 1882 1393 illum
1903 1357 2174 1401 revereamini,

1151 1427 1187 1455 et
1204 1418 1307 1454 unde
1328 1418 1382 1454 illi
1400 1417 1669 1453 misereamini.
1691 1420 1792 1455 State
1811 1431 1883 1468 pro
1903 1417 1985 1467 ipso
2006 1430 2111 1454 nunc
2136 1417 2175 1453 in

1150 1479 1374 1516 defensione
1390 1477 1682 1528 Archiepiscopi
1694 1507 1703 1524 ,
1723 1478 1782 1514 cui
1801 1478 2035 1528 quandoque
2052 1486 2090 1514 et
2107 1491 2176 1514 vos

1149 1539 1299 1577 adstare
1326 1538 1476 1576 habetis
1503 1538 1542 1575 in
1570 1539 1855 1575 examinatione
1876 1539 2008 1576 vestri.
2030 1539 2177 1577 Valete.

1372 1821 1750 1878 EPISTOLA
1796 1818 1942 1876 LII.c

1535 1981 1583 2003 AD
1613 1980 1788 2002 Erum-331.

1149 2107 1342 2151 Episcopum
1356 2108 1584 2139 Caruotensem
1602 2115 1668 2136 non
1684 2103 1848 2136 affectasse
1870 2103 2098 2147 profectionem
2121 2108 2174 2137 Je-

1195 2162 1466 2204 rosolymitauam.
1495 2159 1603 2191 Causis
1628 2166 1659 2191 et
1683 2159 1815 2202 negotiis
1840 2159 1974 2201 publicis
2002 2159 2123 2191 absolvi
2144 2171 2177 2192 se

1196 2223 1297 2259 rogat.

1202 2346 1358 2385 Amicus
1379 2353 1506 2382 vester
1523 2353 1560 2382 et
1578 2352 1710 2381 noster
1728 2343 1908 2380 dominus
1926 2344 2174 2381 Caruotensis

1149 2405 1378 2459 episcopusf
1397 2407 1520 2443 voluit
1544 2405 1656 2443 vobis
1685 2406 1800 2441 ctiam
1827 2417 1898 2454 per
1925 2417 1986 2440 me
2019 2413 2167 2441 certum

1149 2470 1229 2506 lieri
1241 2499 1249 2515 ,
1268 2468 1357 2519 quia
1373 2467 1412 2504 id
1431 2467 1537 2517 quod
1559 2467 1605 2503 de
1626 2466 1710 2516 ipso
1727 2480 1748 2503 a
1764 2463 1995 2515 quibusdam
2013 2465 2172 2503 domino

1145 2535 1258 2581 Papae
1290 2542 1515 2581 persuasum
1549 2529 1663 2565 fuisse
1696 2527 1974 2577 cognovimtiS,
2005 2534 2048 2562 ut
2081 2539 2169 2563 eum

1094 2592 1127 2626 D
1147 2592 1325 2629 videlicet
1355 2589 1637 2638 Jcrosolymam
1667 2588 1909 2638 permitteret
1951 2587 2168 2637 proticisci,

1146 2667 1219 2691 nec
1239 2653 1297 2690 sui
1318 2652 1433 2688 fuerit
1463 2650 1602 2695 studii,
1630 2663 1701 2686 nec
1725 2648 1948 2685 voluntatis.
1966 2648 2080 2697 Quod
2102 2649 2175 2686 etsi

1147 2716 1311 2753 multum
1334 2713 1541 2759 voluisset,
1557 2711 1751 2762 proficisci
1773 2719 1901 2747 tamen
1919 2723 1998 2747 non
2019 2719 2174 2760 poterat

1148 2777 1221 2814 nisi
1244 2789 1329 2813 cum
1353 2774 1461 2825 gravi
1485 2773 1666 2811 scandalo
1693 2772 1867 2809 omnium
1888 2770 1955 2821 qui
1977 2771 2079 2821 apud
2100 2785 2172 2808 nos

1149 2846 1238 2876 sunt
1270 2836 1490 2881 bonorum,
1526 2834 1781 2871 metuentium
1819 2831 1965 2882 quippe
1998 2845 2047 2868 ne
2084 2833 2172 2882 plus

1147 2898 1238 2937 mali
1257 2896 1341 2947 ejus
1362 2896 1534 2934 absentia
1556 2895 1697 2932 faceret
1714 2893 1809 2939 suis,
1832 2905 1947 2943 quam
1968 2890 2062 2928 boni
2083 2893 2173 2929 alie-

1147 2961 1206 2997 nis
1230 2957 1447 3010 praesentia.
1480 2959 1573 2993 Haec
1599 2969 1671 3005 pro
1700 2955 1897 3005 episcopo.
1920 2955 2107 2990 Caeterum
2133 2962 2174 2989 ut

1147 3030 1185 3058 et
1204 3034 1276 3071 pro
1300 3032 1360 3055 me
1385 3016 1530 3067 aliquid
1552 3017 1692 3066 loquar
1715 3014 1927 3052 secundum
1946 3012 2051 3064 quod
2076 3014 2173 3051 Scri-

1147 3091 1263 3133 ptura
1298 3079 1507 3123 admonet,
1541 3079 1747 3123 Miserere,
1783 3075 1985 3124 inquiens,
2028 3078 2172 3109 {mimae

1147 3153 1226 3180 ttcoe
1252 3144 1412 3191 placens
1444 3142 1576 3186 Dco23
1608 3137 1786 3188 placetne
1820 3134 1931 3172 vobis
1966 3143 2010 3171 ut
2049 3134 2171 3170 causis

1242 3290 1257 3307 ³
1272 3284 1394 3327 Scripta
1408 3293 1492 3314 anno
1509 3281 1626 3313 Chm'sti
1647 3282 1657 3311 l
1671 3283 1680 3311 1
1694 3283 1749 3311 28.
1767 3297 1813 3302 ——
1833 3279 1849 3300 ¹³
1865 3277 1954 3310 Alias
1966 3301 1973 3314 ,
1998 3273 2169 3306 commode·

111 3336 125 3353 '²
142 3334 263 3377 Scripta
281 3347 364 3369 anno
377 3338 494 3371 Christi
515 3343 526 3372 l
539 3344 618 3373 128.
633 3360 681 3364 —-
696 3341 711 3361 ‘¹
730 3342 868 3374 Additur
881 3342 957 3374 alias
971 3368 978 3381 ‚
997 3342 1030 3372 ιίι
1045 3345 1167 3385 magna
1193 3340 1375 3370 constantia
1389 3351 1399 3374 ;
1415 3338 1470 3369 sed
1485 3337 1571 3368 deest
1588 3336 1620 3367 in
1635 3333 1866 3375 manuscriptis,

109 3390 124 3406 ε
139 3387 257 3430 Scripta
281 3390 363 3423 circa
383 3403 502 3425 annum
526 3397 628 3427 1128.
658 3414 703 3418 ——
721 3390 733 3412 f
747 3396 920 3428 Gaut'ridus
940 3406 949 3428 ε’
968 3395 1050 3428 infra
1072 3395 1203 3439 epistola
1230 3399 1286 3426 55.
1309 3411 1354 3417 —-
1369 3394 1383 3418 ἕ
1401 3391 1523 3433 Scripta
1544 3390 1626 3421 circa
1651 3398 1768 3419 anuum
1803 3389 1903 3417 1128.
