2517 3936
78 192 175 229 1277
626 199 948 238 EXHORTATIO
978 205 1044 238 AD
1077 207 1271 243 MILITES
1299 211 1494 247 TEMPLI.

72 277 178 311 Tunc
189 281 315 310 autem
329 274 480 310 coeleste
493 274 709 324 depositum
724 292 856 315 secure
869 289 905 317 et
919 282 1130 319 lidcliter⁵³⁰
1145 292 1182 320 ct
1203 285 1318 331 illud,
1341 289 1611 326 Fortitudinem
1640 307 1758 331 meam
1782 313 1818 332 m

71 333 263 371 custodire
280 334 473 379 sufficitis,
491 335 520 370 si
540 348 778 386 nequaquam
798 340 845 376 de
861 342 942 391 ipsa
958 352 1082 380 vestra
1104 345 1135 377 A
1152 348 1243 390 (suia
1263 347 1362 380 Deus
1387 358 1576 395 susceptor
1602 365 1726 398 nec-11³5·
1749 359 1845 392 Deus
1866 375 1965 397 mmm
2003 371 2128 402 miser*

70 391 275 443 prudentia
309 393 368 428 vel
394 393 637 441 fortitudine,
669 397 735 433 sed
756 398 803 434 (le
836 401 903 436 Dei
935 410 1080 439 tantuin
1150 405 1277 438 cordia
1291 413 1588 453 ‹yusprczweniec
1608 424 1664 445 me
1681 418 1692 433 ²
1711 428 1717 448 :
1734 423 1767 449 cl
1791 416 1877 454 ilcin
1913 391 2005 457 25¹!le
2025 395 2088 460 nil
2107 383 2147 445 Ἰ.-

71 451 263 502 adjutorio
284 451 427 502 ubique
442 455 670 503 praesumitis
686 484 695 501 ,
716 457 876 495 scientes
893 461 981 509 quia
1002 475 1080 498 non
1893 448 1902 463 '
1925 445 1936 456 L
2063 443 2070 457 Ι
2086 441 2142 471 ω’

69 512 109 549 in
129 512 354 550 fortitudine
375 526 443 550 sua
465 513 716 552 roborabitur
741 518 819 563 vir,
848 528 885 555 et
906 520 993 557 idco
1023 522 1081 558 di-

2047 230 2142 267 1278

1821 302 1834 334 l
1854 309 1888 335 le
1909 310 2110 343 cmtmlsam
2128 340 2139 354 ‚

1148 465 1309 500 Domine
1318 493 1329 509 ,
1345 480 1420 501 mm
1435 467 1539 503 nobis
1547 499 1558 514 ,
1576 473 1643 506 sed
1655 479 1796 510 nomini
1810 486 1868 512 tuo
1882 483 1930 515 da
1945 486 2100 529 glossam
2116 486 2124 506 ³
2140 503 2146 522 :

1148 531 1190 558 ut
1209 537 1247 559 m
1276 525 1452 563 omnibus
1487 528 1533 564 sit
1562 529 1640 579 ipse
1669 531 1910 581 benedictus,
1943 542 2005 588 qni
2034 543 2143 580 (locet

71 581 199 610 centes
224 586 311 610 cum
340 574 552 624 propheta,
587 578 771 612 Dominus
790 578 1077 623 firmamentmn
1148 596 1281 620 manus
1305 594 1449 623 vestras
1480 587 1526 623 ad
1549 591 1745 639 praelium,
1773 603 1810 630 ct
1836 596 1972 634 ‹li‹¹itos
1999 610 2145 639 vestros

71 646 193 668 meam
204 661 216 678 ,
241 641 277 668 et
295 632 477 682 refugium
495 647 617 670 mcum
634 663 646 680 ,
671 645 708 671 et
729 635 906 674 liberator
924 653 1024 675 meus
1043 647 1050 660 ¹
1068 656 1076 677 :
1146 642 1193 678 ad
1212 641 1355 681 bellum
1369 646 1396 682 ⁴.
1876 624 1896 646 Ό
2046 631 2052 635 ⁸

118 764 128 780 ¹
150 759 232 791 Psal.
250 771 339 800 xvn,
365 765 395 793 2.
410 782 452 786 —
472 768 485 784 ²
506 763 589 795 Psal.
612 774 711 801 tvm,
737 767 790 803 10,
812 768 863 796 11.
879 785 925 788 —
940 764 954 787 3
975 768 1055 798 Psal.
1076 779 1179 806 cxm,
1201 772 1232 800 9.
1248 788 1293 792 ——
1310 771 1323 797 4
1342 773 1422 804 Psal.
1440 786 1559 812 cxmn,
1584 782 1612 808 1.

546 971 670 1006 FINIS
703 972 1109 1008 EXHORTATIOMS
1140 975 1208 1008 AD
1243 976 1439 1014 MILITES
1476 982 1667 1017 TEMPLI.

773 1552 1436 1647 ADMONITIO

676 1766 724 1800 IN
769 1766 1083 1814 SUBSEQUEIN'S
1125 1768 1425 1804 OPUSCULUM
1466 1771 1546 1804 vll,

116 2071 152 2107 1.
184 2067 345 2107 Primus
375 2068 568 2107 Bernardi
597 2068 701 2107 fetus
736 2078 795 2107 est
827 2068 989 2107 libellus
1021 2083 1212 2121 sequens,
1245 2072 1454 2122 inscriptus
1483 2091 1499 2105 u
1525 2071 1574 2110 de
1597 2072 1796 2113 Gradibus
1827 2077 2100 2128 Humilitatis‚
2124 2100 2139 2115 υ

59 2135 297 2187 primusque
318 2136 552 2174 nominatur
584 2144 674 2174 tuin
699 2149 723 2173 a
750 2134 951 2173 Bernardo
976 2135 1076 2185 ipso,
1101 2144 1189 2174 tum
1217 2150 1240 2173 a
1262 2135 1457 2175 Gaufrido
1480 2138 1689 2187 monacho,
1718 2141 1800 2190 ejus
1820 2141 1918 2180 Vitae
1942 2146 2140 2195 scriptore.

62 2199 256 2239 Bel-nardi
274 2200 356 2239 haec
377 2200 501 2241 verba
531 2210 626 2239 sunt
651 2202 692 2239 in
714 2200 880 2252 epistola
901 2200 1053 2239 decima
1083 2211 1241 2249 octava,
1263 2202 1314 2240 ad
1344 2203 1512 2242 Petrum
1543 2204 1780 2243 cardinalem
1807 2224 1815 2244 :
1838 2226 1853 2241 «
1877 2208 1927 2245 Et
1950 2219 1993 2246 ut
2017 2212 2143 2249 sciatis

64 2284 82 2300 n
113 2266 214 2319 quid
235 2269 402 2320 petatis,
427 2269 507 2306 scio
524 2282 588 2306 me
605 2268 798 2319 scripsisse
819 2266 1024 2314 libellum,
1056 2268 1126 2319 qui
1146 2267 1376 2307 inscribitur
1400 2269 1449 2307 de
1472 2269 1703 2308 Humilitatc¹
1718 2301 1727 2317 ,
1753 2281 1791 2309 et
1818 2281 1988 2323 quatuor
2008 2276 2144 2313 Homi-

64 2350 82 2366 n
116 2331 208 2381 lias,
230 2350 247 2366 υ
265 2341 340 2372 etc.
366 2334 457 2372 Haec
471 2333 637 2385 epistola
659 2332 734 2372 sub
757 2347 910 2371 annum
932 2335 1033 2372 1127
1047 2342 1208 2372 exarata
1224 2343 1295 2372 est.
1325 2335 1542 2373 Gaufridus
1560 2350 1653 2374 vero
1676 2337 1716 2373 in
1736 2336 1837 2375 libro
1857 2340 1973 2376 tertio
1995 2338 2042 2377 dc
2059 2342 2142 2390 ejus

61 2398 170 2447 Vita,
189 2413 275 2451 cap.
300 2401 339 2448 8,
359 2418 376 2434 α
401 2398 442 2438 Si
462 2401 552 2452 quis
568 2430 578 2448 ,
605 2418 622 2433 u
644 2400 801 2451 inquit,
826 2418 843 2434 «
875 2413 988 2438 nosse
1010 2398 1230 2448 desiderat,
1253 2415 1376 2452 quam
1405 2401 1591 2440 sollicitus
1612 2401 1662 2439 ab
1683 2403 1794 2440 initio
1816 2405 1874 2441 sui
1897 2405 2018 2455 ipsius
2039 2404 2138 2455 diju-

63 2483 82 2499 υ
112 2464 263 2504 dicator
279 2474 319 2504 et
338 2473 532 2506 scrutator
548 2466 740 2505 exstiterit
757 2497 766 2513 ,
790 2467 970 2517 primum
992 2480 1093 2517 opus
1112 2466 1220 2505 illius
1247 2466 1296 2505 de
1316 2468 1515 2506 Gradibus
1538 2468 1781 2506 Huinilitatis
1800 2470 1990 2520 inspiciat.
2018 2489 2032 2502 »
2060 2471 2141 2509 Ra-

62 2533 214 2572 tionem
238 2531 407 2584 hujusce
430 2531 537 2572 tituli
557 2531 689 2572 reddit
707 2532 780 2572 Vir
802 2541 958 2571 sanctus
984 2534 1025 2570 in
1054 2532 1230 2572 Censura
1258 2547 1328 2572 seu
1351 2534 1641 2573 Retractatione
1663 2533 1777 2581 libri,
1807 2549 1927 2584 quam
1948 2536 1987 2572 in
2011 2536 2138 2576 fronte

55 2599 192 2651 operis
211 2598 361 2652 praefigi
379 2597 521 2638 voluit.
553 2603 655 2638 Cum
686 2600 796 2637 enim
825 2599 1032 2651 quoddam
1051 2599 1225 2639 verbum
1239 2631 1248 2648 ,
1273 2602 1385 2652 quasi
1405 2615 1425 2638 e
1447 2599 1647 2651 Scriptura
1677 2614 1782 2637 sacra
1813 2599 2036 2650 prolatum,
2067 2603 2137 2652 ipsi

64 2665 291 2714 excidisset,
311 2673 351 2704 et
368 2664 588 2718 quamdam
609 2665 659 2704 de
684 2664 896 2718 Seraphim
916 2667 1201 2717 expositionem
1216 2697 1225 2713 ,
1250 2681 1373 2718 quam
1396 2666 1436 2703 in
1459 2664 1643 2703 Patribus
1662 2678 1742 2702 non
1760 2663 1926 2716 legerat,
1956 2665 2141 2705 adduxis—

63 2740 145 2780 set;
171 2731 248 2771 hoc
263 2739 481 2783 comperto,
505 2731 777 2770 incunctanter
799 2732 1037 2771 sententiam
1059 2733 1142 2784 ipse
1173 2746 1286 2770 suam
1310 2730 1521 2769 emendare
1544 2744 1623 2767 non
1652 2729 1865 2767 dubitavit.
1888 2730 2040 2769 Tantus
2059 2742 2142 2771 erat

61 2798 104 2836 in
132 2807 264 2837 sancto
290 2797 459 2836 Doctore
478 2797 655 2835 veritatis
683 2796 820 2836 amor!
846 2806 957 2836 tanta
986 2799 1028 2835 in
1059 2797 1196 2836 Patres
1221 2795 1465 2835 reverentia!
1491 2796 1562 2833 Hic
1584 2794 1786 2833 Mauricus
1806 2796 1977 2847 graviter
2006 2807 2142 2836 monet

63 2863 246 2916 exemplo
261 2862 454 2902 Bernardi
473 2871 652 2901 auctores
671 2864 854 2915 mysticos
873 2879 916 2902 ac
939 2863 1176 2916 theologicos
1197 2862 1422 2909 nonnullos,
1454 2880 1468 2894 α
1494 2862 1563 2912 qui
1587 2859 1648 2898 vel
1674 2862 1711 2897 in
1740 2859 1994 2905 litteralibus,
2020 2861 2085 2899 vel
2100 2864 2140 2900 in

66 2948 84 2964 n
115 2930 315 2969 altissimis
338 2928 545 2982 theologiae
566 2943 679 2967 sacrae
699 2930 878 2967 sensibus
903 2930 1096 2968 novitates
1127 2943 1205 2967 non
1236 2928 1365 2967 solum
1386 2927 1580 2965 inducunt
1596 2957 1604 2972 ,
1634 2925 1701 2963 sed
1731 2927 1849 2963 etiam
1879 2928 2138 2976 profitentur:

67 3014 86 3031 ι»
117 2997 217 3036 dum
248 2994 495 3043 Bernardus,
517 2994 718 3047 theologia
745 2993 935 3034 divinitus
967 2996 1097 3035 infusa
1122 2994 1330 3046 praeditus,
1354 2995 1393 3031 in
1425 3007 1539 3031 sensu
1568 2993 1732 3043 mystico
1764 2991 1871 3042 quod
1902 3007 1922 3028 a
1956 2992 2140 3029 Patribus

69 3080 86 3097 υ
118 3078 200 3102 non
228 3070 452 3114 acceperat,
486 3070 714 3112 suspectum
737 3060 882 3109 hahet,
913 3076 983 3099 nec
1019 3062 1109 3099 satis
1130 3060 1252 3098 credit
1283 3073 1360 3097 suae
1389 3058 1628 3095 conscientiae
1658 3056 1830 3102 factum,
1862 3055 1984 3093 doner
2013 3071 2095 3093 scin
2117 3072 2139 3094 a

67 3147 84 3163 u
117 3143 157 3168 se
186 3129 446 3181 excogitatam
475 3135 719 3166 retractaret.
757 3144 773 3159 u
804 3126 1047 3179 Quanquam
1080 3126 1156 3163 alio
1183 3126 1223 3162 in
1249 3124 1333 3161 loco
1366 3122 1557 3173 quiddam
1593 3120 1764 3171 amplius
1794 3120 1865 3157 sibi
1900 3120 2013 3157 licere
2042 3135 2136 3170 per-

66 3196 194 3244 misit,
219 3208 365 3247 nempe
393 3195 435 3232 in
457 3194 536 3231 fine
562 3192 823 3231 homiliarum
851 3207 971 3244 super
1002 3195 1139 3230 Missus
1162 3201 1234 3236 est,
1266 3189 1335 3227 uhi
1362 3190 1415 3226 ita
1437 3190 1490 3226 ait
1509 3219 1516 3233 ,
1540 3208 1554 3221 <a
1580 3187 1618 3224 Si
1644 3186 1742 3239 quid
1761 3186 1908 3224 dictum
1931 3196 1980 3223 est
2002 3195 2137 3236 praeter

69 3279 86 3294 υ
119 3261 271 3309 Patres,
287 3259 397 3312 quod
415 3274 495 3298 non
513 3260 562 3298 sit
583 3268 719 3298 contra
732 3259 869 3297 Patres
888 3277 894 3305 ;
918 3272 987 3296 nec
1005 3256 1190 3295 Patribus
1210 3254 1396 3301 arbitror,
1418 3268 1488 3291 nec
1508 3255 1694 3304 cuiquam
1712 3252 1912 3302 displicere
1929 3250 2094 3287 debere:
2116 3270 2129 3281 »

67 3335 106 3367 et
131 3328 172 3366 in
194 3325 357 3379 epistola
375 3327 664 3379 septuagesima
686 3326 867 3377 septima,
891 3343 905 3357 ιι
930 3323 1033 3362 Sane
1054 3323 1109 3361 ibi
1134 3321 1408 3371 unusquisque
1438 3321 1478 3357 in
1509 3333 1579 3357 suo
1610 3332 1725 3356 sensu
1754 3330 1910 3355 seculus
1935 3315 2109 3353 abundet
2124 3347 2132 3362 ,
