2565 3952
1043 199 1288 235 EPISTOLA.
2155 214 2166 232 x
2182 215 2209 237 11

140 300 229 332 nes
250 321 260 341 ,
297 279 495 330 nedum
527 278 743 346 ingenui
773 295 829 325 ac
866 275 1100 332 nobiles,
1135 275 1434 325 christiana*
1459 274 1577 322 ritfe
1604 291 1701 341 pro
1728 292 1823 322 suo
1852 275 2052 344 quique
2078 288 2215 327 statu

139 358 457 408 documenta
483 355 745 405 haurient.
778 353 893 403 Hoc
919 364 1135 402 auctore
1167 369 1262 420 per
1293 363 1342 400 te
1374 348 1554 418 plebes
1580 349 1781 398 clericis
1802 390 1812 408 ,
1850 350 2025 399 clerici
2052 369 2218 402 sacer-

138 434 373 494 dotibus,
405 431 703 484 sacerdotes
731 431 842 479 Deo
875 430 927 477 in
967 448 1024 478 ea
1052 448 1156 498 qua
1183 438 1395 496 oportet
1421 425 1717 475 humilitate
1747 425 1968 493 subjecti
1995 440 2152 478 erunt
2179 431 2212 476 ¹.

137 512 198 561 [n
226 510 555 561 monasteriis
592 520 641 558 et
678 506 806 556 locis
836 506 1093 572 religiosis
1121 503 1419 554 servabitur
1446 501 1605 562 ordo,
1636 501 1917 570 disciplina
1951 503 2210 570 vigilabit.

137 588 306 656 Super
330 604 490 655 prava
518 603 678 654 opera
704 595 755 633 et
791 582 1039 649 dogmata
1079 599 1299 631 censura
1327 579 1677 629 ecclesiastica
1701 577 1930 645 vigebit,
1967 591 2018 629 et
2047 593 2217 631 vestra

138 665 374 732 ipsorum
401 662 690 731 apostolica
720 659 967 709 mandata
997 671 1046 708 et
1083 659 1355 716 instituta,
1395 674 1453 705 ea
1484 674 1588 725 qua
1615 654 1836 721 dignum
1863 668 1940 705 est
1964 657 2218 707 sollicitu÷

139 739 263 789 dine
309 737 737 788 observabuntur
775 739 812 785 2.
857 737 971 786 Hoc
1017 734 1152 786 duce
1200 732 1463 783 increduli
1502 743 1881 782 convertentur
1917 732 1984 782 ad
2025 732 2214 795 fidem,

141 817 367 885 perversi
415 814 814 865 ordinabuntur
868 812 933 863 ad
984 810 1391 870 rectitudinem,
1434 808 1670 858 subversi
1721 807 1788 857 ad
1830 809 2101 859 veritatem
2140 829 2218 859 re-

137 891 497 951 vocabuntur,
563 890 901 940 subversores
963 890 1171 940 invictis
1222 886 1519 938 rationibus
1567 886 1984 948 convincentur,
2036 899 2095 937 ut
2140 889 2218 937 vel

139 967 490 1018 emendentur
514 968 634 1037 ipsi,
665 968 704 1016 si
734 965 845 1016 fieri
871 978 1076 1035 potest3
1107 967 1186 1015 sin
1213 966 1414 1025 minus,
1445 961 1673 1032 perdant
1697 963 2067 1012 auctoritatem
2092 964 2221 1013 alios

137 1043 498 1094 subvertendi.
518 1044 764 1113 Denique
788 1043 890 1092 hoc
917 1041 1137 1092 doctore
1166 1041 1391 1092 cessabit
1417 1039 1657 1096 ambitio,
1688 1038 2002 1089 dominandi
2028 1039 2217 1101 libido,

138 1119 435 1189 cupiditas3
469 1138 564 1170 nec
597 1118 882 1186 dignitates
912 1118 1239 1180 honoribus,
1271 1118 1362 1168 sed
1387 1116 1699 1176 virtutibus,
1733 1114 1824 1165 sed
1850 1135 1975 1165 cura
2001 1128 2051 1166 et
2079 1117 2221 1166 solli-

137 1196 375 1247 citudine
404 1195 826 1247 aestimabuntur.
858 1198 1034 1263 Atque
1072 1196 1144 1244 ita
1172 1193 1385 1244 demum
1412 1193 1642 1242 Ecclesia
1679 1192 1734 1240 in
1772 1210 1890 1241 eum
1922 1190 2222 1243 reflorescet

139 1285 364 1336 statum,
396 1274 489 1342 qui
516 1272 905 1321 sanctissimum
932 1270 1274 1330 Pontificem,
1315 1270 1407 1338 qui
1438 1266 1820 1327 Alexandrum,
1850 1268 1944 1336 qni
1972 1268 2216 1330 Petrum,

136 1350 243 1399 imo
267 1349 360 1418 qui
385 1360 437 1399 et
459 1348 730 1398 Christum
756 1347 867 1416 ejus
900 1365 1155 1416 sponsum
1181 1344 1382 1395 deceat.

205 1425 267 1476 Id
294 1425 402 1475 fere
430 1424 729 1495 perfectum
762 1436 814 1474 et
841 1422 1145 1474 absolutum
1179 1421 1452 1472 Bernardo
1477 1421 1704 1481 vivente,
1734 1432 2033 1486 satagente,
2063 1420 2222 1469 colla-

135 1501 392 1563 borante;
426 1520 524 1552 nec
561 1500 787 1551 dubium
819 1500 952 1570 quin
989 1499 1151 1550 modo
1190 1499 1357 1548 simile
1385 1496 1517 1568 quid
1550 1497 1850 1564 contingat,
1881 1497 1923 1545 si
1950 1496 2221 1546 Bernardo

135 1596 318 1629 vocem
342 1590 393 1629 et
417 1578 786 1629 auctoritatem
814 1577 1073 1644 integram
1099 1576 1343 1626 restituat
1367 1572 1688 1624 Alexander.
1720 1573 1870 1622 Hanc
1899 1591 2081 1622 vocem
2107 1572 2225 1622 Ber—

136 1654 308 1705 nardo
338 1655 648 1706 tribuerunt
678 1654 857 1704 Patres
892 1652 1085 1722 synodi
1125 1652 1450 1722 Stampensis
1470 1692 1480 1711 ,
1523 1669 1643 1699 cum
1669 1649 1836 1699 dubio
1862 1648 2119 1699 Pontifice
2150 1649 2226 1697 in-

136 1731 303 1782 vicem
330 1730 665 1793 dissidentes,
694 1749 849 1781 voces
875 1730 1162 1780 universim
1188 1747 1306 1779 suas
1333 1740 1384 1778 et
1412 1745 1503 1777 sua
1529 1727 1730 1795 quique
1756 1724 2009 1791 suffragia
2034 1725 2089 1773 in
2115 1724 2225 1793 ejus

137 1825 228 1857 ore
277 1826 336 1857 ac
384 1808 645 1859 sententia
694 1819 1069 1876 reposuerunt.
1115 1803 1368 1856 Eamdem
1406 1822 1529 1853 mox
1569 1820 1753 1851 vocem
1798 1800 1897 1850 sibi
1935 1801 2224 1870 propitiam

137 1884 299 1934 sensit
325 1884 671 1936 Innocentius
697 1884 763 1945 II,
793 1885 887 1954 qui
925 1884 1092 1934 sancti
1128 1882 1297 1931 Patris
1334 1878 1715 1950 praedicatione
1741 1890 1791 1928 et
1816 1878 2131 1928 auctoritate
2159 1877 2224 1927 ab

137 1960 387 2011 omnibus
426 1961 643 2012 tandem
680 1980 780 2030 pro
817 1962 1054 2029 legitimo
1093 1957 1353 2009 Pontifice
1401 1957 1642 2024 agnitus,
1685 1953 1921 2024 ejusdem
1958 1955 2140 2021 lingua
2176 1966 2227 2003 et

139 2039 340 2088 calamo
387 2057 515 2088 usus
563 2050 639 2088 est
683 2038 937 2089 adversus
987 2036 1282 2088 schismatis
1333 2034 1584 2103 reliquias
1605 2073 1615 2093 ,
1645 2031 1897 2081 adversus
1950 2042 2225 2080 nascentes

137 2114 359 2164 haereses
393 2125 552 2184 atque
586 2132 810 2164 errores.
845 2113 977 2164 Inde
1010 2110 1313 2163 Bernardus
1349 2110 1514 2160 evasit
1552 2109 1825 2159 oraculum
1867 2126 1926 2157 ac
1962 2107 2225 2175 interpres

137 2190 532 2251 Conciliorum,
566 2190 906 2251 Senonensis,
937 2189 1240 2249 Remensis,
1274 2199 1325 2237 et
1348 2188 1611 2247 valiorum;
1658 2184 1791 2234 adeo
1821 2196 1878 2234 ut
1904 2202 1964 2233 ex
1994 2183 2104 2251 ejus
2135 2201 2226 2231 ore

136 2265 434 2336 penderent
458 2266 566 2316 fere
594 2267 791 2328 omnia,
813 2266 1056 2335 nihilque
1083 2266 1139 2314 in
1153 2263 1404 2323 Ecclesia,
1435 2275 1527 2312 aut
1550 2263 1605 2310 in
1631 2261 1764 2310 aulis
1790 2278 1974 2326 regum
2000 2278 2059 2309 ac
2083 2259 2227 2327 prin-

136 2343 314 2412 cipum
334 2383 345 2405 ,
377 2343 484 2392 imo
509 2360 607 2392 nec
641 2343 698 2391 in
722 2342 942 2411 privatis
968 2341 1076 2390 fere
1108 2338 1320 2389 familiis
1339 2377 1350 2399 ,
1380 2337 1580 2406 absque
1617 2336 1728 2404 ejus
1769 2335 1992 2384 consilio
2019 2347 2069 2384 et
2109 2353 2225 2383 sen-

136 2419 300 2469 tentia
344 2430 632 2486 gereretur.
677 2417 830 2468 Vidit
878 2417 1028 2466 illum
1077 2417 1246 2465 Roma
1288 2432 1400 2464 non
1446 2412 1603 2462 semel
1645 2431 1655 2460 2
1710 2429 1828 2481 quae
1865 2423 2125 2479 quantum
2177 2411 2224 2459 ei

136 2494 385 2546 tribuerit
402 2535 413 2557 ,
438 2494 520 2545 vel
545 2513 609 2545 ex
634 2494 736 2544 hoc
765 2494 878 2543 solo
904 2492 1098 2561 conjici
1125 2502 1320 2560 potest,
1339 2488 1488 2559 quod
1510 2488 1767 2537 Anacleto
1794 2487 2075 2547 exstincto,
2103 2506 2223 2536 cum

136 2572 408 2622 Victorem
432 2569 1003 2641 pseudo-pontificem,
1032 2568 1303 2637 usurpatis
1332 2564 1631 2633 insignibus
1659 2561 1939 2622 nudatum,
1969 2561 2037 2611 ad
2062 2563 2226 2611 Inno-

138 2647 298 2697 centii
326 2646 489 2716 pedes
519 2645 862 2708 adduxisset,
898 2657 1045 2696 tanta
1078 2644 1222 2715 apud
1257 2645 1527 2713 Romanos
1559 2642 1614 2690 in
1645 2640 1938 2689 reverentia
1971 2638 2224 2707 deinceps

136 2722 350 2773 habitus
378 2736 483 2785 est,
512 2735 572 2774 ut
596 2723 662 2773 ab
691 2722 940 2774 omnibus
955 2724 1161 2772 Auctor
1184 2722 1329 2791 pacis
1355 2730 1405 2770 et
1428 2720 1581 2768 Pater
1605 2716 1789 2786 patriae
1814 2715 2215 2784 praedicaretur.

140 2799 384 2869 Denique
416 2821 440 2846 α
468 2811 750 2849 exeuntem
786 2801 953 2849 Roma
990 2799 1354 2868 prosequitur,
1395 2795 1614 2846 deducit
1641 2794 1812 2843 clerus
1832 2832 1842 2852 ,
1872 2793 2102 2842 honorat
2124 2811 2221 2861 po-

139 2897 163 2920 »
188 2876 374 2944 pulus,
414 2877 661 2926 universa
696 2875 947 2927 nobilitas
984 2876 1285 2926 comitatur.
1316 2874 1501 2942 Neque
1533 2871 1672 2920 enim
1696 2880 1907 2938 poterat
1938 2869 2048 2917 sine
2085 2886 2224 2917 com-

137 2972 160 2996 »
187 2952 334 3001 muni
358 2971 584 3003 moerore
613 2952 828 3014 dimitti,
857 2953 951 3022 qui
980 2953 1254 3003 colebatur
1278 2967 1456 2999 amore
1486 2945 1808 2997 communi3.
1838 2967 1861 2990 »
1888 2945 1936 2994 O
1969 2944 2010 2993 si
2035 2943 2222 2993 eodem

134 3026 356 3089 honore,
374 3027 558 3079 eadem
582 3029 875 3078 reverentia
903 3027 1064 3078 modo
1092 3039 1449 3078 tractarentur
1466 3026 1875 3094 legerenturque
1904 3020 2218 3071 sanctiss-imi

134 3102 377 3153 Doctoris
412 3101 564 3153 libri!
599 3104 847 3168 Quantus
872 3103 997 3153 inde
1027 3104 1262 3165 fructus,
1293 3114 1492 3172 quanta
1518 3100 1717 3150 utilitas
1748 3101 1803 3148 in
1831 3095 2218 3165 rempublicam

133 3177 471 3229 christianam
496 3177 851 3230 redundaret!
885 3180 1056 3240 Certe,
1088 3179 1268 3249 quoad
1292 3179 1342 3227 in
1371 3177 1526 3227 nobis
1552 3176 1670 3237 fuit,
1691 3176 1850 3225 sacris
1876 3174 1987 3242 ejus
2004 3172 2216 3239 scriptis

189 3356 199 3370 ¹
219 3354 276 3387 De
296 3352 630 3399 Considerati0ne‚
652 3353 716 3390 lil).
741 3355 762 3390 3
778 3382 787 3399 ,
813 3367 894 3403 cap.
918 3355 952 3389 5.
971 3376 1019 3382 —-
1045 3361 1054 3375 ²
1080 3353 1175 3390 Ibid.
1200 3367 1281 3403 cap.
1306 3354 1337 3389 l.
1370 3375 1408 3379 -—
1434 3351 1444 3373 3
1466 3351 1560 3387 Vitae
1580 3349 1677 3385 libro
1699 3350 1740 3396 2,
1762 3362 1842 3397 cap.
1875 3362 1903 3383 s,
