2565 3952
137 153 186 188 37
897 154 1157 188 PREFATIO
1192 153 1483 188 GENERxLIS.

278 367 300 416 S
332 365 407 406 IV.
444 387 499 393 —
533 376 590 405 DE
622 374 873 404 SCHISMATE
907 372 1126 403 ANACLETI
1159 372 1244 400 PER
1276 371 1482 401 SANCTL‘M
1530 370 1805 400 uERNARDcM
1838 370 2106 400 compnnsso.

196 555 412 596 XXXVII.
447 553 538 594 Etsi
554 553 778 605 Baronius,
794 552 953 607 aliique
974 552 1201 606 scriptores
1219 550 1486 592 ecclesiastici
1504 582 1514 602 ,
1536 549 1589 591 de
1614 550 1837 592 schismate
1852 583 1862 603 ,
1884 556 1981 605 post
2002 553 2182 593 Honorii
2202 553 2243 593 II

137 634 317 687 obitum,
337 646 448 674 anno
476 635 489 673 1
507 635 602 683 130,
626 633 924 674 Innocentium
947 632 1059 672 inter
1078 635 1120 672 et
1141 628 1394 672 Anacletum
1416 627 1613 681 conflato,
1634 628 1768 669 multa
1785 629 2016 682 scripsere3
2040 630 2246 671 nonnulla

137 718 280 755 tamen
309 710 508 766 ampliori
538 711 817 765 explicatione
846 714 997 764 egent,
1029 721 1125 764 quae
1153 721 1205 749 ex
1234 714 1429 750 veterum
1455 715 1832 751 monumentorum
1846 710 2024 752 lectione
2048 712 2245 765 supplere

137 791 403 844 conabimur,
434 790 488 833 ad
515 790 790 832 illustrandas
815 789 1024 832 Bernardi
1046 788 1128 830 hoc
1155 789 1208 830 de
1235 793 1488 844 argumento
1507 789 1721 843 epistolas.
1744 791 1886 844 Atque
1909 794 1958 830 ut
1974 789 2123 831 ordine
2142 803 2244 844 pro-

136 869 257 913 cedat
274 870 425 921 oratio,
454 869 594 924 primo
614 868 790 924 quidem
811 867 1135 924 inquirendum,
1163 869 1310 923 quales
1327 868 1558 921 Gregorius
1575 867 1628 909 de
1645 872 1789 909 sancto
1811 868 1973 923 Angelo
1992 868 2217 909 cardinalis
2236 902 2244 915 ,

137 955 179 992 et
212 951 365 992 Petrus
392 949 546 991 Leonis
580 947 711 1005 (nam
738 948 828 990 haec
856 948 1095 990 Innocentii
1127 952 1169 989 et
1204 947 1396 989 Anacleti
1419 947 1557 1001 prima
1576 947 1751 987 nomina
1773 946 1915 1002 erant]
1942 951 2038 988 ante
2067 947 2249 989 schisma

137 1029 312 1070 fuerint.
351 1027 516 1070 Deinde
552 1028 732 1082 propius
768 1027 1075 1069 consideranda
1118 1026 1358 1068 Innocentii
1392 1025 1562 1077 electio,
1597 1024 1773 1080 ejusque
1803 1024 2035 1067 accidentia
2068 1031 2108 1067 et
2144 1039 2248 1067 con-

139 1106 349 1158 ditiones,
391 1110 521 1161 atque
553 1105 745 1148 Anacleti
776 1105 1005 1160 oppositio.
1046 1107 1267 1147 Postremo
1305 1103 1413 1159 quid
1456 1102 1610 1145 exinde
1645 1109 1921 1146 consecutum
1956 1106 2035 1156 sit,
2069 1106 2248 1146 investi-

140 1185 344 1240 gaudum.

199 1263 438 1304 XXXVIII.
457 1264 610 1304 Petrus
629 1262 796 1312 Leonis,
819 1274 871 1303 cx
895 1267 1020 1316 gente
1040 1262 1228 1303 Leonina
1247 1263 1479 1315 Romanus,
1499 1262 1772 1304 exmonacho
1794 1263 2055 1304 Cluniacensi
2084 1268 2248 1303 creatus

142 1344 206 1382 est
220 1341 410 1394 primum
437 1338 500 1396 (si
521 1339 748 1394 Onuphrio
776 1337 1019 1394 credimus)
1041 1352 1065 1380 a
1091 1340 1285 1381 Paschali
1319 1342 1389 1393 II,
1418 1341 1624 1382 diaconus
1652 1341 1880 1382 cardinalis
1908 1342 1975 1382 tit.
2010 1346 2254 1382 sanctoruni

142 1420 304 1461 Cosmae
321 1423 363 1460 et
377 1419 576 1460 Damiani
593 1434 601 1459 :
621 1418 722 1460 dein
740 1431 764 1459 a
785 1418 958 1461 Callisto
982 1420 1040 1471 II,
1060 1418 1288 1472 presbyter
1316 1418 1545 1460 cardinalis
1567 1424 1720 1460 sanctae
1741 1420 1883 1460 Mariae
1902 1423 2020 1460 trans
2039 1419 2224 1461 Tiberim
2243 1454 2251 1466 .

145 1498 212 1539 tit.
233 1497 421 1550 Callisti,
454 1509 566 1539 anno
595 1499 721 1540 1120.
751 1515 766 1532 «
789 1497 887 1538 Fuit
914 1497 985 1538 hic
1014 1498 1190 1550 PetrUS,
1218 1516 1233 1531 »
1260 1497 1325 1538 uti
1354 1510 1406 1538 ex
1440 1498 1651 1539 Chronico
1668 1499 1995 1539 Mauriniacensi
2020 1498 2222 1541 discimus
2244 1533 2253 1551 ,

153 1594 169 1611 «
198 1577 316 1618 Petri
334 1575 474 1629 filius,
503 1575 584 1617 filii
604 1576 771 1617 Leonis.
794 1577 879 1617 Leo
902 1588 1004 1616 vero
1027 1588 1051 1616 a
1076 1575 1296 1618 Judaismo
1317 1576 1486 1630 pascha,
1519 1596 1533 1611 »
1559 1576 1605 1618 id
1625 1581 1686 1617 est
1706 1577 1948 1627 transitum,
1980 1596 1995 1612 «
2024 1577 2181 1619 faciens
2202 1578 2253 1619 ad

152 1674 168 1689 ιι
194 1654 436 1708 Christum,
454 1667 479 1695 a
496 1655 636 1696 Leone
659 1653 896 1709 baptizari,
919 1658 960 1695 et
982 1653 1073 1708 ejus
1099 1656 1271 1696 nomine
1289 1656 1446 1696 meruit
1474 1655 1686 1709 insigniri.
1710 1674 1724 1690 »
1749 1656 1932 1696 Leonem
1957 1657 2016 1697 IX
2042 1657 2254 1711 interpre-

147 1739 250 1777 tare.
283 1755 299 1770 «
324 1736 405 1777 Hic
421 1736 502 1788 vir,
529 1754 544 1770 »
571 1735 730 1776 scilicet
746 1736 830 1776 Leo
847 1747 899 1775 ex
919 1736 941 1776 J
946 1733 1100 1780 udaeis,
1131 1753 1146 1768 α
1170 1735 1271 1789 quia
1291 1735 1598 1776 scientissimus
1620 1740 1709 1775 erat
1724 1767 1734 1787 ,
1755 1735 1799 1775 in
1821 1735 1940 1775 curia
1956 1736 2144 1776 Romana
2162 1749 2254 1776 ma-

153 1833 169 1848 »
198 1813 381 1869 gnificus
399 1813 592 1866 effectus,
615 1814 763 1868 genuit
781 1813 921 1855 filium
937 1813 1108 1856 nomine
1129 1817 1319 1867 Petrum,
1341 1826 1503 1867 magnae
1520 1813 1657 1865 famae,
1678 1825 1927 1866 magnaeque
1944 1814 2143 1866 potentiae
2163 1819 2259 1868 pest

154 1912 170 1928 »
199 1892 411 1935 futurum.
434 1894 494 1934 Ea
520 1897 770 1947 tempestate
798 1893 911 1934 inter
931 1905 1073 1947 regem
1092 1894 1444 1942 Teutonicorum,
1480 1892 1558 1946 qui
1589 1904 1640 1932 ex
1672 1891 1934 1932 successione
1956 1891 2095 1932 Caroli
2115 1893 2256 1946 Magni

154 1990 170 2006 »
193 1972 485 2014 Romanorum
496 1972 703 2027 patricius
717 1976 820 2025 erat,
834 1976 874 2013 et
883 1972 1110 2014 Ecclesiam
1120 1973 1355 2014 Romanam
1367 1972 1438 2013 illa
1452 1971 1819 2013 turbulentissima
1830 1970 1881 2012 de
1891 1972 2154 2013 investituris
2166 1978 2258 2013 orta

156 2068 172 2083 »
197 2053 261 2091 est
278 2048 444 2091 seditio.
468 2051 520 2091 In
539 2062 626 2104 qua
644 2051 713 2091 vir
729 2050 800 2091 ille
822 2051 867 2091 in
887 2055 1055 2092 tantum
1072 2052 1200 2092 armis
1218 2056 1432 2103 strenuus,
1455 2051 1632 2092 consilio
1647 2050 1870 2105 providus,
1897 2055 1938 2092 et
1957 2051 2150 2092 Ecclesiae
2175 2052 2259 2093 'Rcn

154 2146 171 2162 »
197 2140 332 2169 manae
350 2127 488 2169 fidelis
504 2129 679 2181 exstitit,
695 2133 744 2170 ut
752 2129 790 2169 ei
800 2141 897 2169 cum
911 2129 1072 2170 caeteris
1086 2129 1412 2183 munitionibus,
1426 2142 1522 2185 quae
1539 2131 1683 2172 Romae
1697 2134 1810 2183 sunt,
1831 2129 1946 2170 illam
1958 2142 2145 2184 quoque,
2163 2143 2259 2184 qua]

155 2227 172 2243 »
195 2207 314 2250 illius
332 2207 454 2250 urbis
473 2207 646 2249 videtur
664 2207 857 2250 obtinere
883 2208 1233 2260 similitudinem,
1258 2211 1415 2250 turrim
1439 2209 1535 2251 dico
1561 2210 1790 2251 Crescentii
1807 2242 1817 2263 ,
1837 2222 1934 2264 quae
1961 2222 1984 2250 a
2001 2214 2120 2264 parte
2152 2209 2254 2250 Gal-

155 2307 172 2323 »
196 2287 352 2329 liarum
366 2289 412 2329 in
427 2292 548 2342 parte
563 2287 750 2329 Tiberini
764 2288 906 2342 pontis
924 2288 1003 2329 sita
1019 2293 1096 2341 est,
1110 2290 1224 2342 Papa
1244 2289 1540 2341 committeret,
1559 2293 1601 2329 et
1614 2301 1712 2330 eum
1728 2301 1815 2343 prae
1831 2289 1992 2329 caeteris
2008 2288 2260 2329 familiarem

156 2386 172 2402 »
196 2365 387 2409 haberet.
408 2368 497 2408 Hac
525 2368 744 2409 occasione
768 2367 1022 2409 mirabiliter
1040 2380 1306 2420 excrescens,
1328 2367 1521 2422 quotidie
1547 2368 1615 2408 sui
1641 2367 1793 2408 melior
1817 2366 2097 2419 efficiebatur,
2128 2372 2168 2408 et
2188 2367 2257 2408 (li-

155 2465 172 2481 »
196 2446 327 2499 vitiis,
346 2445 699 2501 possessionibus,
719 2445 956 2488 honoribus
974 2445 1343 2500 augmentabatur.
1370 2464 1385 2481 2>
1408 2446 1506 2486 Haec
1529 2443 1825 2499 praemittenda
1844 2444 2033 2496 suerunt,
2056 2445 2260 2498 quoniam

151 2537 203 2567 ex
218 2525 336 2567 Petri
354 2537 521 2580 genere,
540 2527 564 2567 J
569 2525 775 2579 udaismo,
795 2526 986 2581 potentia
999 2558 1010 2578 ,
1029 2530 1149 2566 turre
1163 2523 1393 2566 Crescentii
1410 2522 1564 2579 <arcem
1578 2522 1900 2576 Sancti-Angeli
1923 2520 2154 2577 appellant]
2175 2536 2259 2576 qua

152 2603 378 2645 Anacletus
395 2616 439 2649 se
460 2603 697 2657 tutabatur,
716 2603 874 2659 pendet
897 2604 959 2645 rei
987 2608 1113 2657 gestae
1132 2605 1298 2645 notitia.
1320 2604 1465 2657 Pergit
1488 2602 1850 2657 Chronographus
1872 2602 2218 2643 Mauriniacensis
2249 2616 2255 2640 :

158 2701 174 2717 «
196 2684 314 2724 Inter
328 2688 522 2725 caeteram
541 2682 750 2735 sobolem,
767 2682 888 2737 cujus
902 2682 1088 2737 plurima
1104 2682 1382 2724 multitudine
1408 2694 1535 2723 sexus
1560 2682 1786 2736 utriusque
1808 2694 1831 2722 a
1852 2681 2111 2735 quibusdam
2130 2683 2255 2722 Anti—

157 2780 173 2795 »
198 2760 383 2802 christus
403 2761 683 2815 gloriabatur,
704 2763 852 2816 genuit
875 2762 989 2803 hunc
1008 2764 1199 2814 Petrum,
1216 2762 1268 2803 <le
1287 2774 1374 2816 quo
1394 2773 1532 2802 sermo
1547 2774 1661 2801 nunc
1678 2765 1740 2802 est
1767 2775 1775 2801 ε
1797 2761 1873 2815 qui
1888 2760 2040 2801 litteris
2064 2759 2256 2809 traditus,

160 2859 174 2874 υ
199 2853 223 2881 a
245 2839 507 2894 quibusdam
531 2839 783 2881 Antichristi
814 2839 1100 2894 praeambulus
1128 2841 1436 2895 appellabatur.
1475 2862 1489 2875 υ
1522 2842 1612 2881 Hoc
1641 2840 1883 2881 convicium
1918 2854 1968 2879 ex
1992 2851 2256 2893 consequen-

152 2918 268 2960 tibus
288 2932 364 2960 seu
384 2931 436 2960 ex
454 2923 611 2960 eventu
636 2920 675 2960 ei
702 2919 952 2973 impositum
979 2920 1230 2961 existimem.
1265 2940 1280 2955 «
1314 2923 1396 2961 Iste
1420 2920 1552 2962 studii
1577 2921 1711 2973 gratia
1733 2919 1888 2961 Gallias
1915 2924 2042 2973 atque
2072 2920 2233 2960 Parist·-
2256 2950 2259 2954 ν

160 3016 175 3032 »
200 2997 306 3039 adiit
328 3013 336 3038 :
356 3002 396 3039 et
419 3010 518 3039 cum
535 2998 800 3052 repatriaret,
823 2997 939 3052 apud
960 2998 1225 3049 Cluniacum,
1241 2998 1501 3040 ditissimum
1518 3004 1647 3053 atque
1673 2999 1984 3040 sanctissimum
2001 2997 2256 3040 csruobium.

161 3095 175 3110 »
200 3075 482 3117 monachilem
503 3075 700 3116 habitum
730 3075 887 3117 induit.
910 3076 1233 3131 Aliquantisper
1256 3077 1363 3118 inibi
1392 3078 1661 3131 regularibus
1687 3077 2027 3118 institutionibus
2045 3076 2258 3117 imbutus.

162 3173 176 3187 »
203 3166 227 3194 a
242 3156 358 3208 Papa
374 3154 567 3196 Paschali
584 3156 626 3195 Π
650 3156 783 3208 patris
809 3155 1097 3196 admonitione
1116 3156 1347 3197 retrahitur
1366 3155 1421 3196 ad
1449 3156 1611 3196 curiam
1628 3169 1638 3208 3
1663 3160 1703 3196 et
1720 3155 1945 3196 cardinalis
1962 3154 2137 3195 eftectus
2156 3158 2180 3192 t·;
2198 3166 2234 3192 rs:
2253 3178 2256 3179 ν

163 3254 177 3267 »
203 3247 306 3289 pore
327 3235 490 3290 Callisti
509 3237 648 3290 Papae,
668 3247 765 3276 cum
787 3234 935 3276 eodem
956 3234 1176 3288 Gregorio,
1199 3235 1275 3288 qui
1297 3238 1441 3287 postea
1458 3234 1734 3274 Innocentius
1754 3234 1821 3283 II,
1842 3232 1993 3271 missus
2018 3230 2071 3270 ad
2087 3230 2254 3279 Gallis,

164 3332 178 3345 »
205 3312 405 3366 Carnoti,
436 3313 691 3368 Belvacique
720 3314 898 3356 concilia
925 3313 1167 3355 celebravit.
1203 3332 1215 3346 υ
1242 3311 1367 3353 Nulla
1397 3311 1464 3352 hic
1489 3311 1648 3351 mentio
1674 3309 1724 3350 de
1756 3310 1879 3350 titulo
1915 3308 2081 3349 diac-‘mi
2114 3306 2256 3347 cardi-—
