<?xml version="1.0" encoding="UTF-8"?>
<!DOCTYPE html PUBLIC "-//W3C//DTD XHTML 1.0 Transitional//EN"
    "http://www.w3.org/TR/xhtml1/DTD/xhtml1-transitional.dtd">
<html xmlns="http://www.w3.org/1999/xhtml" xml:lang="en" lang="en">
 <head>
  <title>
</title>
<meta http-equiv="Content-Type" content="text/html;charset=utf-8" />
  <meta name='ocr-system' content='tesseract 3.04.00' />
  <meta name='ocr-capabilities' content='ocr_page ocr_carea ocr_par ocr_line ocrx_word'/>
</head>
<body>
  <div class='ocr_page' id='page_1' title='image "./operaomniapostho01bernuoft/operaomniapostho01bernuoft_0577.png"; bbox 0 0 2517 3936; ppageno 0'>
   <div class='ocr_carea' id='block_1_1' title="bbox 83 173 182 211">
    <p class='ocr_par' dir='ltr' id='par_1_1' title="bbox 83 173 182 211">
     <span class='ocr_line' id='line_1_1' title="bbox 83 173 182 211; baseline -0.01 -1"><span class='ocrx_word' id='word_1_1' title='bbox 83 173 182 211; x_wconf 75' lang='lat'><strong>1137</strong></span> 
     </span>
    </p>
   </div>
   <div class='ocr_carea' id='block_1_2' title="bbox 799 176 1439 214">
    <p class='ocr_par' dir='ltr' id='par_1_2' title="bbox 799 176 1439 214">
     <span class='ocr_line' id='line_1_2' title="bbox 799 176 1439 214; baseline 0.006 -4"><span class='ocrx_word' id='word_1_2' title='bbox 799 176 964 211; x_wconf 78' lang='lat' dir='ltr'><strong>SERMO</strong></span> <span class='ocrx_word' id='word_1_3' title='bbox 993 177 1058 211; x_wconf 88' lang='lat' dir='ltr'>DE</span> <span class='ocrx_word' id='word_1_4' title='bbox 1088 176 1391 214; x_wconf 60' lang='lat' dir='ltr'>CONVERSIO)</span> <span class='ocrx_word' id='word_1_5' title='bbox 1400 182 1439 214; x_wconf 82' lang='lat' dir='ltr'>E.</span> 
     </span>
    </p>
   </div>
   <div class='ocr_carea' id='block_1_3' title="bbox 2053 192 2150 230">
    <p class='ocr_par' dir='ltr' id='par_1_3' title="bbox 2053 192 2150 230">
     <span class='ocr_line' id='line_1_3' title="bbox 2053 192 2150 230; baseline 0.041 -4"><span class='ocrx_word' id='word_1_6' title='bbox 2053 192 2150 230; x_wconf 85' lang='lat'>1138</span> 
     </span>
    </p>
   </div>
   <div class='ocr_carea' id='block_1_4' title="bbox 81 249 2152 368">
    <p class='ocr_par' dir='ltr' id='par_1_4' title="bbox 81 249 2152 368">
     <span class='ocr_line' id='line_1_4' title="bbox 81 249 2152 312; baseline 0.005 -25"><span class='ocrx_word' id='word_1_7' title='bbox 81 263 191 301; x_wconf 84' lang='lat' dir='ltr'>aequo</span> <span class='ocrx_word' id='word_1_8' title='bbox 207 249 335 287; x_wconf 88' lang='lat' dir='ltr'>animo</span> <span class='ocrx_word' id='word_1_9' title='bbox 353 257 452 286; x_wconf 89' lang='lat' dir='ltr'>stare</span> <span class='ocrx_word' id='word_1_10' title='bbox 471 249 615 299; x_wconf 88' lang='lat' dir='ltr'>possit,</span> <span class='ocrx_word' id='word_1_11' title='bbox 638 258 676 286; x_wconf 90' lang='lat' dir='ltr'>et</span> <span class='ocrx_word' id='word_1_12' title='bbox 692 251 830 300; x_wconf 82' lang='lat' dir='ltr'>gratias</span> <span class='ocrx_word' id='word_1_13' title='bbox 852 265 963 301; x_wconf 80' lang='lat' dir='ltr'>agere</span> <span class='ocrx_word' id='word_1_14' title='bbox 977 252 1141 289; x_wconf 80' lang='lat' dir='ltr'>C1·ea-⁴⁸‘&#39;</span> <span class='ocrx_word' id='word_1_15' title='bbox 1153 253 1298 290; x_wconf 87' lang='lat' dir='ltr'>sionem</span> <span class='ocrx_word' id='word_1_16' title='bbox 1314 282 1323 299; x_wconf 93' lang='lat'>,</span> <span class='ocrx_word' id='word_1_17' title='bbox 1341 267 1425 303; x_wconf 87' lang='lat' dir='ltr'>quae</span> <span class='ocrx_word' id='word_1_18' title='bbox 1441 255 1497 291; x_wconf 88' lang='lat' dir='ltr'>sui</span> <span class='ocrx_word' id='word_1_19' title='bbox 1513 256 1630 305; x_wconf 88' lang='lat' dir='ltr'>ipsius</span> <span class='ocrx_word' id='word_1_20' title='bbox 1645 257 1781 306; x_wconf 88' lang='lat' dir='ltr'>oblita,</span> <span class='ocrx_word' id='word_1_21' title='bbox 1796 270 1833 298; x_wconf 91' lang='lat' dir='ltr'>et</span> <span class='ocrx_word' id='word_1_22' title='bbox 1851 265 1999 312; x_wconf 70' lang='lat' dir='ltr'>penitus</span> <span class='ocrx_word' id='word_1_23' title='bbox 2019 269 2152 307; x_wconf 68' lang='lat' dir='ltr'>absens</span> 
     </span>
     <span class='ocr_line' id='line_1_5' title="bbox 82 308 2152 368; baseline 0.007 -20"><span class='ocrx_word' id='word_1_24' title='bbox 82 310 181 348; x_wconf 85' lang='lat' dir='ltr'>tori?</span> <span class='ocrx_word' id='word_1_25' title='bbox 204 308 305 357; x_wconf 86' lang='lat' dir='ltr'>Quid</span> <span class='ocrx_word' id='word_1_26' title='bbox 322 322 415 346; x_wconf 71' lang='lat' dir='ltr'>vero</span> <span class='ocrx_word' id='word_1_27' title='bbox 433 317 490 346; x_wconf 91' lang='lat' dir='ltr'>est</span> <span class='ocrx_word' id='word_1_28' title='bbox 517 321 605 345; x_wconf 87' lang='lat' dir='ltr'>caro</span> <span class='ocrx_word' id='word_1_29' title='bbox 622 309 714 355; x_wconf 89' lang='lat' dir='ltr'>ista,</span> <span class='ocrx_word' id='word_1_30' title='bbox 738 310 809 346; x_wconf 90' lang='lat' dir='ltr'>nisi</span> <span class='ocrx_word' id='word_1_31' title='bbox 827 310 1086 361; x_wconf 86' lang='lat' dir='ltr'>corruptibilis</span> <span class='ocrx_word' id='word_1_32' title='bbox 1104 312 1136 346; x_wconf 88' lang='lat' dir='ltr'>A</span> <span class='ocrx_word' id='word_1_33' title='bbox 1153 312 1223 349; x_wconf 87' lang='lat' dir='ltr'><strong>sibi</strong></span> <span class='ocrx_word' id='word_1_34' title='bbox 1243 342 1251 358; x_wconf 89' lang='lat'><strong><em>‚</em></strong></span> <span class='ocrx_word' id='word_1_35' title='bbox 1288 314 1325 349; x_wconf 93' lang='lat' dir='ltr'>in</span> <span class='ocrx_word' id='word_1_36' title='bbox 1361 315 1607 364; x_wconf 76' lang='lat' dir='ltr'>longinquam</span> <span class='ocrx_word' id='word_1_37' title='bbox 1640 319 1810 366; x_wconf 82' lang='lat' dir='ltr'>profecta</span> <span class='ocrx_word' id='word_1_38' title='bbox 1840 332 1895 359; x_wconf 81' lang='lat' dir='ltr'>est</span> <span class='ocrx_word' id='word_1_39' title='bbox 1931 327 2152 368; x_wconf 55' lang='lat' dir='ltr'>regionem?</span> 
     </span>
    </p>
   </div>
   <div class='ocr_carea' id='block_1_5' title="bbox 69 369 1084 962">
    <p class='ocr_par' dir='ltr' id='par_1_5' title="bbox 69 369 1084 962">
     <span class='ocr_line' id='line_1_6' title="bbox 80 369 1084 421; baseline 0 -14"><span class='ocrx_word' id='word_1_40' title='bbox 80 369 254 421; x_wconf 87' lang='lat' dir='ltr'>quaedam</span> <span class='ocrx_word' id='word_1_41' title='bbox 276 369 422 415; x_wconf 88' lang='lat' dir='ltr'>tunica,</span> <span class='ocrx_word' id='word_1_42' title='bbox 443 382 517 418; x_wconf 92' lang='lat' dir='ltr'>qua</span> <span class='ocrx_word' id='word_1_43' title='bbox 534 369 748 405; x_wconf 79' lang='lat' dir='ltr'>vestimur?</span> <span class='ocrx_word' id='word_1_44' title='bbox 768 378 834 406; x_wconf 89' lang='lat' dir='ltr'>aut</span> <span class='ocrx_word' id='word_1_45' title='bbox 858 370 950 420; x_wconf 89' lang='lat' dir='ltr'>quid</span> <span class='ocrx_word' id='word_1_46' title='bbox 977 371 1084 420; x_wconf 87' lang='lat' dir='ltr'>lepra</span> 
     </span>
     <span class='ocr_line' id='line_1_7' title="bbox 77 427 1083 480; baseline -0.001 -12"><span class='ocrx_word' id='word_1_47' title='bbox 77 431 158 468; x_wconf 86' lang='lat' dir='ltr'>haec</span> <span class='ocrx_word' id='word_1_48' title='bbox 183 442 371 480; x_wconf 86' lang='lat' dir='ltr'>corporea</span> <span class='ocrx_word' id='word_1_49' title='bbox 391 429 518 465; x_wconf 87' lang='lat' dir='ltr'>electis</span> <span class='ocrx_word' id='word_1_50' title='bbox 536 427 717 465; x_wconf 91' lang='lat' dir='ltr'>omnibus</span> <span class='ocrx_word' id='word_1_51' title='bbox 742 430 982 476; x_wconf 77' lang='lat' dir='ltr'>aestimanda,</span> <span class='ocrx_word' id='word_1_52' title='bbox 1011 431 1083 467; x_wconf 90' lang='lat' dir='ltr'>nisi</span> 
     </span>
     <span class='ocr_line' id='line_1_8' title="bbox 78 488 1081 540; baseline 0 -13"><span class='ocrx_word' id='word_1_53' title='bbox 78 498 245 540; x_wconf 84' lang='lat' dir='ltr'>paternae</span> <span class='ocrx_word' id='word_1_54' title='bbox 260 489 366 538; x_wconf 82' lang='lat' dir='ltr'>virga</span> <span class='ocrx_word' id='word_1_55' title='bbox 386 488 659 538; x_wconf 83' lang='lat' dir='ltr'>correptionis,</span> <span class='ocrx_word' id='word_1_56' title='bbox 678 497 716 525; x_wconf 89' lang='lat' dir='ltr'>et</span> <span class='ocrx_word' id='word_1_57' title='bbox 731 490 908 538; x_wconf 74' lang='lat' dir='ltr'>purgatio</span> <span class='ocrx_word' id='word_1_58' title='bbox 929 490 1053 527; x_wconf 87' lang='lat' dir='ltr'>cordis</span> <span class='ocrx_word' id='word_1_59' title='bbox 1067 493 1081 527; x_wconf 66' lang='grc' dir='ltr'><strong><em>Ρ</em></strong></span> 
     </span>
     <span class='ocr_line' id='line_1_9' title="bbox 76 547 1082 597; baseline 0 -10"><span class='ocrx_word' id='word_1_60' title='bbox 76 549 155 596; x_wconf 92' lang='lat' dir='ltr'>Ibi,</span> <span class='ocrx_word' id='word_1_61' title='bbox 173 549 226 586; x_wconf 89' lang='lat' dir='ltr'>ibi</span> <span class='ocrx_word' id='word_1_62' title='bbox 242 548 439 586; x_wconf 86' lang='lat' dir='ltr'>tribulatio</span> <span class='ocrx_word' id='word_1_63' title='bbox 456 548 682 594; x_wconf 75' lang='lat' dir='ltr'>vehemens,</span> <span class='ocrx_word' id='word_1_64' title='bbox 701 547 957 597; x_wconf 87' lang='lat' dir='ltr'>etjustissima</span> <span class='ocrx_word' id='word_1_65' title='bbox 972 563 1082 587; x_wconf 86' lang='lat' dir='ltr'>causa</span> 
     </span>
     <span class='ocr_line' id='line_1_10' title="bbox 76 608 1082 656; baseline -0.002 -8"><span class='ocrx_word' id='word_1_66' title='bbox 76 611 220 648; x_wconf 92' lang='lat' dir='ltr'>doloris</span> <span class='ocrx_word' id='word_1_67' title='bbox 236 618 312 656; x_wconf 90' lang='lat' dir='ltr'>est,</span> <span class='ocrx_word' id='word_1_68' title='bbox 332 623 418 646; x_wconf 90' lang='lat' dir='ltr'>cum</span> <span class='ocrx_word' id='word_1_69' title='bbox 437 608 622 645; x_wconf 78' lang='lat' dir='ltr'>excitatus</span> <span class='ocrx_word' id='word_1_70' title='bbox 639 622 659 644; x_wconf 89' lang='lat' dir='ltr'>a</span> <span class='ocrx_word' id='word_1_71' title='bbox 680 621 817 645; x_wconf 88' lang='lat' dir='ltr'>somno</span> <span class='ocrx_word' id='word_1_72' title='bbox 843 610 990 646; x_wconf 89' lang='lat' dir='ltr'>miserae</span> <span class='ocrx_word' id='word_1_73' title='bbox 1009 623 1082 647; x_wconf 70' lang='lat' dir='ltr'>vo-</span> 
     </span>
     <span class='ocr_line' id='line_1_11' title="bbox 75 668 1081 722; baseline -0.002 -14"><span class='ocrx_word' id='word_1_74' title='bbox 75 670 231 722; x_wconf 89' lang='lat' dir='ltr'>luptatis</span> <span class='ocrx_word' id='word_1_75' title='bbox 243 698 253 716; x_wconf 89' lang='lat'>‚</span> <span class='ocrx_word' id='word_1_76' title='bbox 276 670 495 707; x_wconf 88' lang='lat' dir='ltr'>interiorem</span> <span class='ocrx_word' id='word_1_77' title='bbox 515 668 675 719; x_wconf 81' lang='lat' dir='ltr'>coeperit</span> <span class='ocrx_word' id='word_1_78' title='bbox 691 668 776 718; x_wconf 91' lang='lat' dir='ltr'>quis</span> <span class='ocrx_word' id='word_1_79' title='bbox 791 668 1081 719; x_wconf 80' lang='lat' dir='ltr'>deprehendere</span> 
     </span>
     <span class='ocr_line' id='line_1_12' title="bbox 73 729 1081 782; baseline -0.002 -13"><span class='ocrx_word' id='word_1_80' title='bbox 73 731 216 782; x_wconf 87' lang='lat' dir='ltr'>lepram</span> <span class='ocrx_word' id='word_1_81' title='bbox 230 760 239 777; x_wconf 90' lang='lat'>‚</span> <span class='ocrx_word' id='word_1_82' title='bbox 259 743 375 780; x_wconf 89' lang='lat' dir='ltr'>quam</span> <span class='ocrx_word' id='word_1_83' title='bbox 393 729 464 767; x_wconf 90' lang='lat' dir='ltr'>sibi</span> <span class='ocrx_word' id='word_1_84' title='bbox 483 729 564 780; x_wconf 89' lang='lat' dir='ltr'>ipse</span> <span class='ocrx_word' id='word_1_85' title='bbox 590 729 712 766; x_wconf 87' lang='lat' dir='ltr'>multo</span> <span class='ocrx_word' id='word_1_86' title='bbox 733 729 861 766; x_wconf 89' lang='lat' dir='ltr'>studio</span> <span class='ocrx_word' id='word_1_87' title='bbox 884 738 922 766; x_wconf 91' lang='lat' dir='ltr'>et</span> <span class='ocrx_word' id='word_1_88' title='bbox 949 729 1081 768; x_wconf 83' lang='lat' dir='ltr'>labore</span> 
     </span>
     <span class='ocr_line' id='line_1_13' title="bbox 71 788 1079 842; baseline 0.001 -14"><span class='ocrx_word' id='word_1_89' title='bbox 71 791 256 842; x_wconf 76' lang='lat' dir='ltr'>quaesivit.</span> <span class='ocrx_word' id='word_1_90' title='bbox 270 791 379 828; x_wconf 89' lang='lat' dir='ltr'>Licet</span> <span class='ocrx_word' id='word_1_91' title='bbox 393 790 493 827; x_wconf 86' lang='lat' dir='ltr'>enim</span> <span class='ocrx_word' id='word_1_92' title='bbox 509 802 623 826; x_wconf 90' lang='lat' dir='ltr'>nemo</span> <span class='ocrx_word' id='word_1_93' title='bbox 642 788 768 826; x_wconf 90' lang='lat' dir='ltr'>oderit</span> <span class='ocrx_word' id='word_1_94' title='bbox 783 803 936 826; x_wconf 88' lang='lat' dir='ltr'>carnem</span> <span class='ocrx_word' id='word_1_95' title='bbox 955 804 1079 838; x_wconf 91' lang='lat' dir='ltr'>suam,</span> 
     </span>
     <span class='ocr_line' id='line_1_14' title="bbox 72 848 1080 899; baseline -0.001 -11"><span class='ocrx_word' id='word_1_96' title='bbox 72 849 138 888; x_wconf 92' lang='lat' dir='ltr'>sed</span> <span class='ocrx_word' id='word_1_97' title='bbox 162 851 285 887; x_wconf 89' lang='lat' dir='ltr'>multo</span> <span class='ocrx_word' id='word_1_98' title='bbox 313 850 441 887; x_wconf 90' lang='lat' dir='ltr'>minus</span> <span class='ocrx_word' id='word_1_99' title='bbox 468 848 594 886; x_wconf 90' lang='lat' dir='ltr'>odisse</span> <span class='ocrx_word' id='word_1_100' title='bbox 614 848 759 899; x_wconf 88' lang='lat' dir='ltr'>poterit</span> <span class='ocrx_word' id='word_1_101' title='bbox 788 848 913 886; x_wconf 89' lang='lat' dir='ltr'>anima</span> <span class='ocrx_word' id='word_1_102' title='bbox 942 859 1080 887; x_wconf 88' lang='lat' dir='ltr'>semet-</span> 
     </span>
     <span class='ocr_line' id='line_1_15' title="bbox 69 911 759 962; baseline 0.001 -15"><span class='ocrx_word' id='word_1_103' title='bbox 69 911 203 962; x_wconf 83' lang='lat' dir='ltr'><strong>ipsam.</strong></span> <span class='ocrx_word' id='word_1_104' title='bbox 756 914 759 915; x_wconf 68' lang='grc'>’</span> 
     </span>
    </p>
   </div>
   <div class='ocr_carea' id='block_1_6' title="bbox 437 1039 717 1079">
    <p class='ocr_par' dir='ltr' id='par_1_6' title="bbox 437 1039 717 1079">
     <span class='ocr_line' id='line_1_16' title="bbox 437 1039 717 1079; baseline -0.007 -1"><span class='ocrx_word' id='word_1_105' title='bbox 437 1039 617 1078; x_wconf 74' lang='lat' dir='ltr'>CAPL&#39;T</span> <span class='ocrx_word' id='word_1_106' title='bbox 646 1039 717 1079; x_wconf 78' lang='lat' dir='ltr'>IV.</span> 
     </span>
    </p>
   </div>
   <div class='ocr_carea' id='block_1_7' title="bbox 114 1161 1031 1260">
    <p class='ocr_par' dir='ltr' id='par_1_7' title="bbox 114 1161 1031 1260">
     <span class='ocr_line' id='line_1_17' title="bbox 114 1161 1031 1205; baseline -0.001 -11"><span class='ocrx_word' id='word_1_107' title='bbox 114 1162 210 1205; x_wconf 86' lang='lat' dir='ltr'>Quod</span> <span class='ocrx_word' id='word_1_108' title='bbox 224 1162 354 1205; x_wconf 82' lang='lat' dir='ltr'>diligens</span> <span class='ocrx_word' id='word_1_109' title='bbox 371 1163 583 1205; x_wconf 84' lang='lat' dir='ltr'>iniquitatem,</span> <span class='ocrx_word' id='word_1_110' title='bbox 603 1162 670 1194; x_wconf 88' lang='lat' dir='ltr'>odit</span> <span class='ocrx_word' id='word_1_111' title='bbox 683 1161 819 1193; x_wconf 86' lang='lat' dir='ltr'>animam</span> <span class='ocrx_word' id='word_1_112' title='bbox 829 1186 837 1201; x_wconf 92' lang='lat'>‚</span> <span class='ocrx_word' id='word_1_113' title='bbox 859 1167 889 1193; x_wconf 86' lang='lat' dir='ltr'>et</span> <span class='ocrx_word' id='word_1_114' title='bbox 905 1172 1031 1194; x_wconf 87' lang='lat' dir='ltr'>carnem</span> 
     </span>
     <span class='ocr_line' id='line_1_18' title="bbox 136 1216 1004 1260; baseline -0.001 -11"><span class='ocrx_word' id='word_1_115' title='bbox 136 1228 225 1249; x_wconf 87' lang='lat' dir='ltr'>suam</span> <span class='ocrx_word' id='word_1_116' title='bbox 242 1229 250 1249; x_wconf 74' lang='grc' dir='ltr'>ε</span> <span class='ocrx_word' id='word_1_117' title='bbox 268 1224 299 1249; x_wconf 89' lang='grc'>61</span> <span class='ocrx_word' id='word_1_118' title='bbox 314 1217 354 1249; x_wconf 89' lang='lat' dir='ltr'>de</span> <span class='ocrx_word' id='word_1_119' title='bbox 367 1217 550 1260; x_wconf 85' lang='lat' dir='ltr'>poenitentia</span> <span class='ocrx_word' id='word_1_120' title='bbox 567 1216 760 1249; x_wconf 83' lang='lat' dir='ltr'>infructuosa</span> <span class='ocrx_word' id='word_1_121' title='bbox 773 1223 843 1259; x_wconf 88' lang='lat' dir='ltr'>post</span> <span class='ocrx_word' id='word_1_122' title='bbox 858 1223 1004 1249; x_wconf 84' lang='lat' dir='ltr'>mortem.</span> 
     </span>
    </p>
   </div>
   <div class='ocr_carea' id='block_1_8' title="bbox 64 1329 1076 1807">
    <p class='ocr_par' dir='ltr' id='par_1_8' title="bbox 64 1329 1076 1807">
     <span class='ocr_line' id='line_1_19' title="bbox 119 1329 1074 1381; baseline -0.003 -11"><span class='ocrx_word' id='word_1_123' title='bbox 119 1334 156 1370; x_wconf 90' lang='lat'>5.</span> <span class='ocrx_word' id='word_1_124' title='bbox 177 1337 228 1370; x_wconf 92' lang='lat' dir='ltr'>At</span> <span class='ocrx_word' id='word_1_125' title='bbox 244 1332 342 1369; x_wconf 90' lang='lat' dir='ltr'>forte</span> <span class='ocrx_word' id='word_1_126' title='bbox 360 1331 527 1381; x_wconf 82' lang='lat' dir='ltr'>aliquem</span> <span class='ocrx_word' id='word_1_127' title='bbox 545 1338 698 1367; x_wconf 77' lang='lat' dir='ltr'>moveat</span> <span class='ocrx_word' id='word_1_128' title='bbox 714 1329 810 1366; x_wconf 92' lang='lat' dir='ltr'>illud</span> <span class='ocrx_word' id='word_1_129' title='bbox 830 1329 876 1367; x_wconf 88' lang='lat' dir='ltr'>de</span> <span class='ocrx_word' id='word_1_130' title='bbox 898 1330 1048 1368; x_wconf 84' lang='lat' dir='ltr'>Psalmo</span> <span class='ocrx_word' id='word_1_131' title='bbox 1066 1345 1074 1367; x_wconf 91' lang='lat'>:</span> 
     </span>
     <span class='ocr_line' id='line_1_20' title="bbox 71 1393 1075 1443; baseline -0.001 -14"><span class='ocrx_word' id='word_1_132' title='bbox 71 1393 148 1440; x_wconf 74' lang='lat' dir='ltr'>Qui</span> <span class='ocrx_word' id='word_1_133' title='bbox 167 1395 297 1443; x_wconf 81' lang='lat' dir='ltr'>diligit</span> <span class='ocrx_word' id='word_1_134' title='bbox 320 1396 578 1441; x_wconf 78' lang='lat' dir='ltr'>iniquitatem,</span> <span class='ocrx_word' id='word_1_135' title='bbox 611 1393 691 1427; x_wconf 79' lang='lat' dir='ltr'>odit</span> <span class='ocrx_word' id='word_1_136' title='bbox 723 1395 892 1427; x_wconf 77' lang='lat' dir='ltr'>animam</span> <span class='ocrx_word' id='word_1_137' title='bbox 922 1405 1030 1427; x_wconf 78' lang='lat' dir='ltr'>suam</span> <span class='ocrx_word' id='word_1_138' title='bbox 1050 1397 1075 1428; x_wconf 88' lang='lat'>¹.</span> 
     </span>
     <span class='ocr_line' id='line_1_21' title="bbox 65 1451 1072 1502; baseline -0.002 -12"><span class='ocrx_word' id='word_1_139' title='bbox 65 1454 145 1502; x_wconf 87' lang='lat' dir='ltr'>Ego</span> <span class='ocrx_word' id='word_1_140' title='bbox 164 1461 292 1490; x_wconf 90' lang='lat' dir='ltr'>autem</span> <span class='ocrx_word' id='word_1_141' title='bbox 311 1451 397 1489; x_wconf 91' lang='lat' dir='ltr'>dico</span> <span class='ocrx_word' id='word_1_142' title='bbox 411 1481 420 1499; x_wconf 93' lang='lat'>‚</span> <span class='ocrx_word' id='word_1_143' title='bbox 445 1451 527 1489; x_wconf 93' lang='lat' dir='ltr'>odit</span> <span class='ocrx_word' id='word_1_144' title='bbox 541 1460 579 1489; x_wconf 91' lang='lat' dir='ltr'>et</span> <span class='ocrx_word' id='word_1_145' title='bbox 596 1464 763 1488; x_wconf 88' lang='lat' dir='ltr'>carnem.</span> <span class='ocrx_word' id='word_1_146' title='bbox 790 1455 851 1489; x_wconf 90' lang='lat' dir='ltr'>An</span> <span class='ocrx_word' id='word_1_147' title='bbox 871 1465 951 1488; x_wconf 89' lang='lat' dir='ltr'>non</span> <span class='ocrx_word' id='word_1_148' title='bbox 971 1451 1072 1497; x_wconf 87' lang='lat' dir='ltr'>odit,</span> 
     </span>
     <span class='ocr_line' id='line_1_22' title="bbox 66 1511 1076 1563; baseline -0.001 -13"><span class='ocrx_word' id='word_1_149' title='bbox 66 1513 127 1550; x_wconf 86' lang='lat' dir='ltr'>cui</span> <span class='ocrx_word' id='word_1_150' title='bbox 151 1513 334 1563; x_wconf 83' lang='lat' dir='ltr'>gehennae</span> <span class='ocrx_word' id='word_1_151' title='bbox 359 1513 535 1550; x_wconf 88' lang='lat' dir='ltr'>cumulos</span> <span class='ocrx_word' id='word_1_152' title='bbox 551 1521 743 1549; x_wconf 88' lang='lat' dir='ltr'>mercatur</span> <span class='ocrx_word' id='word_1_153' title='bbox 761 1511 802 1548; x_wconf 89' lang='lat' dir='ltr'>in</span> <span class='ocrx_word' id='word_1_154' title='bbox 818 1511 920 1558; x_wconf 83' lang='lat' dir='ltr'>dies,</span> <span class='ocrx_word' id='word_1_155' title='bbox 951 1520 988 1549; x_wconf 83' lang='lat' dir='ltr'>et</span> <span class='ocrx_word' id='word_1_156' title='bbox 1014 1513 1076 1549; x_wconf 91' lang='lat' dir='ltr'>cui</span> 
     </span>
     <span class='ocr_line' id='line_1_23' title="bbox 66 1572 1075 1622; baseline -0.003 -11"><span class='ocrx_word' id='word_1_157' title='bbox 66 1573 275 1611; x_wconf 89' lang='lat' dir='ltr'>secundum</span> <span class='ocrx_word' id='word_1_158' title='bbox 314 1573 493 1611; x_wconf 87' lang='lat' dir='ltr'>duritiam</span> <span class='ocrx_word' id='word_1_159' title='bbox 528 1586 635 1610; x_wconf 87' lang='lat' dir='ltr'>suam</span> <span class='ocrx_word' id='word_1_160' title='bbox 663 1581 702 1609; x_wconf 93' lang='lat' dir='ltr'>et</span> <span class='ocrx_word' id='word_1_161' title='bbox 730 1586 798 1609; x_wconf 92' lang='lat' dir='ltr'>cor</span> <span class='ocrx_word' id='word_1_162' title='bbox 828 1572 1075 1622; x_wconf 83' lang='lat' dir='ltr'>impoenitens</span> 
     </span>
     <span class='ocr_line' id='line_1_24' title="bbox 66 1633 1072 1671; baseline 0 0"><span class='ocrx_word' id='word_1_163' title='bbox 66 1633 295 1671; x_wconf 82' lang='lat' dir='ltr'>thesaurizat</span> <span class='ocrx_word' id='word_1_164' title='bbox 306 1634 402 1671; x_wconf 87' lang='lat' dir='ltr'>iram</span> <span class='ocrx_word' id='word_1_165' title='bbox 417 1634 456 1671; x_wconf 93' lang='lat' dir='ltr'>in</span> <span class='ocrx_word' id='word_1_166' title='bbox 472 1633 533 1670; x_wconf 94' lang='lat' dir='ltr'>die</span> <span class='ocrx_word' id='word_1_167' title='bbox 546 1634 636 1670; x_wconf 85' lang='lat' dir='ltr'>irae?</span> <span class='ocrx_word' id='word_1_168' title='bbox 653 1636 840 1671; x_wconf 85' lang='lat' dir='ltr'>Caeterum</span> <span class='ocrx_word' id='word_1_169' title='bbox 852 1633 926 1670; x_wconf 92' lang='lat' dir='ltr'>hoe</span> <span class='ocrx_word' id='word_1_170' title='bbox 942 1633 1072 1671; x_wconf 91' lang='lat' dir='ltr'>odium</span> 
     </span>
     <span class='ocr_line' id='line_1_25' title="bbox 66 1694 1075 1745; baseline 0 -13"><span class='ocrx_word' id='word_1_171' title='bbox 66 1702 143 1732; x_wconf 87' lang='lat' dir='ltr'>tam</span> <span class='ocrx_word' id='word_1_172' title='bbox 167 1695 310 1742; x_wconf 90' lang='lat' dir='ltr'>carnis,</span> <span class='ocrx_word' id='word_1_173' title='bbox 327 1709 443 1745; x_wconf 91' lang='lat' dir='ltr'>quam</span> <span class='ocrx_word' id='word_1_174' title='bbox 464 1695 621 1741; x_wconf 86' lang='lat' dir='ltr'>animae,</span> <span class='ocrx_word' id='word_1_175' title='bbox 650 1707 728 1731; x_wconf 92' lang='lat' dir='ltr'>nou</span> <span class='ocrx_word' id='word_1_176' title='bbox 751 1694 790 1731; x_wconf 94' lang='lat' dir='ltr'>in</span> <span class='ocrx_word' id='word_1_177' title='bbox 817 1694 980 1741; x_wconf 88' lang='lat' dir='ltr'>affectu,</span> <span class='ocrx_word' id='word_1_178' title='bbox 1009 1695 1075 1732; x_wconf 92' lang='lat' dir='ltr'>sed</span> 
     </span>
     <span class='ocr_line' id='line_1_26' title="bbox 64 1755 1075 1807; baseline -0.001 -14"><span class='ocrx_word' id='word_1_179' title='bbox 64 1755 105 1793; x_wconf 90' lang='lat' dir='ltr'>in</span> <span class='ocrx_word' id='word_1_180' title='bbox 135 1756 274 1793; x_wconf 89' lang='lat' dir='ltr'>effectu</span> <span class='ocrx_word' id='word_1_181' title='bbox 299 1756 430 1807; x_wconf 90' lang='lat' dir='ltr'>potius</span> <span class='ocrx_word' id='word_1_182' title='bbox 454 1755 664 1793; x_wconf 88' lang='lat' dir='ltr'>invenitur.</span> <span class='ocrx_word' id='word_1_183' title='bbox 693 1755 753 1794; x_wconf 90' lang='lat' dir='ltr'>Sic</span> <span class='ocrx_word' id='word_1_184' title='bbox 782 1755 965 1792; x_wconf 90' lang='lat' dir='ltr'>nimirum</span> <span class='ocrx_word' id='word_1_185' title='bbox 992 1755 1075 1792; x_wconf 92' lang='lat' dir='ltr'>odit</span> 
     </span>
    </p>
   </div>
   <div class='ocr_carea' id='block_1_9' title="bbox 1147 374 2151 1029">
    <p class='ocr_par' dir='ltr' id='par_1_9' title="bbox 1148 374 2151 725">
     <span class='ocr_line' id='line_1_27' title="bbox 1153 374 2150 437; baseline 0.016 -28"><span class='ocrx_word' id='word_1_186' title='bbox 1153 374 1232 410; x_wconf 85' lang='lat' dir='ltr'>Erit</span> <span class='ocrx_word' id='word_1_187' title='bbox 1261 382 1386 410; x_wconf 87' lang='lat' dir='ltr'>autem</span> <span class='ocrx_word' id='word_1_188' title='bbox 1409 388 1494 411; x_wconf 88' lang='lat' dir='ltr'>cum</span> <span class='ocrx_word' id='word_1_189' title='bbox 1517 375 1554 411; x_wconf 89' lang='lat' dir='ltr'>in</span> <span class='ocrx_word' id='word_1_190' title='bbox 1577 378 1814 427; x_wconf 72' lang='lat' dir='ltr'>semetipsam</span> <span class='ocrx_word' id='word_1_191' title='bbox 1838 395 1987 421; x_wconf 72' lang='lat' dir='ltr'>reversa</span> <span class='ocrx_word' id='word_1_192' title='bbox 2009 402 2150 437; x_wconf 71' lang='lat' dir='ltr'>cogno-</span> 
     </span>
     <span class='ocr_line' id='line_1_28' title="bbox 1151 435 2150 484; baseline 0.016 -16"><span class='ocrx_word' id='word_1_193' title='bbox 1151 441 1250 479; x_wconf 85' lang='lat' dir='ltr'>scet,</span> <span class='ocrx_word' id='word_1_194' title='bbox 1281 447 1394 483; x_wconf 87' lang='lat' dir='ltr'>quam</span> <span class='ocrx_word' id='word_1_195' title='bbox 1426 435 1630 472; x_wconf 85' lang='lat' dir='ltr'>crudeliter</span> <span class='ocrx_word' id='word_1_196' title='bbox 1661 437 1806 475; x_wconf 79' lang='lat' dir='ltr'>miserae</span> <span class='ocrx_word' id='word_1_197' title='bbox 1838 444 2048 482; x_wconf 68' lang='lat' dir='ltr'>venationis</span> <span class='ocrx_word' id='word_1_198' title='bbox 2078 448 2150 484; x_wconf 81' lang='lat' dir='ltr'>ol)-</span> 
     </span>
     <span class='ocr_line' id='line_1_29' title="bbox 1149 495 2149 550; baseline 0.016 -22"><span class='ocrx_word' id='word_1_199' title='bbox 1149 501 1254 529; x_wconf 89' lang='lat' dir='ltr'>tentu</span> <span class='ocrx_word' id='word_1_200' title='bbox 1277 495 1545 531; x_wconf 67' lang='lat' dir='ltr'>evisceraverit</span> <span class='ocrx_word' id='word_1_201' title='bbox 1565 497 1818 547; x_wconf 81' lang='lat' dir='ltr'>semetipsam.</span> <span class='ocrx_word' id='word_1_202' title='bbox 1841 504 1971 550; x_wconf 72' lang='lat' dir='ltr'>Neque</span> <span class='ocrx_word' id='word_1_203' title='bbox 1994 507 2093 543; x_wconf 88' lang='lat' dir='ltr'>enim</span> <span class='ocrx_word' id='word_1_204' title='bbox 2112 508 2149 544; x_wconf 88' lang='lat' dir='ltr'>id</span> 
     </span>
     <span class='ocr_line' id='line_1_30' title="bbox 1148 554 2148 613; baseline 0.015 -25"><span class='ocrx_word' id='word_1_205' title='bbox 1148 554 1290 590; x_wconf 87' lang='lat' dir='ltr'>sentire</span> <span class='ocrx_word' id='word_1_206' title='bbox 1311 562 1485 603; x_wconf 78' lang='lat' dir='ltr'>poterat,</span> <span class='ocrx_word' id='word_1_207' title='bbox 1504 555 1594 592; x_wconf 87' lang='lat' dir='ltr'>dum</span> <span class='ocrx_word' id='word_1_208' title='bbox 1617 557 1729 593; x_wconf 70' lang='lat' dir='ltr'>vilem</span> <span class='ocrx_word' id='word_1_209' title='bbox 1749 571 1962 598; x_wconf 86' lang='lat' dir='ltr'>muscarum</span> <span class='ocrx_word' id='word_1_210' title='bbox 1984 566 2148 613; x_wconf 74' lang='lat' dir='ltr'>praedam</span> 
     </span>
     <span class='ocr_line' id='line_1_31' title="bbox 1149 613 2151 664; baseline 0.014 -15"><span class='ocrx_word' id='word_1_211' title='bbox 1149 613 1340 651; x_wconf 89' lang='lat' dir='ltr'>desiderio</span> <span class='ocrx_word' id='word_1_212' title='bbox 1358 623 1514 664; x_wconf 88' lang='lat' dir='ltr'>captans</span> <span class='ocrx_word' id='word_1_213' title='bbox 1539 616 1763 664; x_wconf 82' lang='lat' dir='ltr'>insatiabili,</span> <span class='ocrx_word' id='word_1_214' title='bbox 1785 632 2010 659; x_wconf 85' lang='lat' dir='ltr'>aranearum</span> <span class='ocrx_word' id='word_1_215' title='bbox 2034 625 2151 663; x_wconf 88' lang='lat' dir='ltr'>instar</span> 
     </span>
     <span class='ocr_line' id='line_1_32' title="bbox 1149 674 2148 725; baseline 0.013 -16"><span class='ocrx_word' id='word_1_216' title='bbox 1149 686 1196 709; x_wconf 85' lang='lat' dir='ltr'>ex</span> <span class='ocrx_word' id='word_1_217' title='bbox 1213 674 1422 711; x_wconf 76' lang='lat' dir='ltr'>visceribus</span> <span class='ocrx_word' id='word_1_218' title='bbox 1443 676 1610 725; x_wconf 86' lang='lat' dir='ltr'>propriis</span> <span class='ocrx_word' id='word_1_219' title='bbox 1638 677 1809 716; x_wconf 79' lang='lat' dir='ltr'>intexere</span> <span class='ocrx_word' id='word_1_220' title='bbox 1832 681 1924 717; x_wconf 84' lang='lat' dir='ltr'>retia</span> <span class='ocrx_word' id='word_1_221' title='bbox 1944 682 2148 722; x_wconf 72' lang='lat' dir='ltr'>videretur.</span> 
     </span>
    </p>

    <p class='ocr_par' dir='ltr' id='par_1_10' title="bbox 1147 735 2151 1029">
     <span class='ocr_line' id='line_1_33' title="bbox 1203 735 2151 793; baseline 0.012 -23"><span class='ocrx_word' id='word_1_222' title='bbox 1203 735 1238 771; x_wconf 88' lang='grc'>6.</span> <span class='ocrx_word' id='word_1_223' title='bbox 1262 735 1343 771; x_wconf 84' lang='grc' dir='ltr'><strong>Ε111</strong></span> <span class='ocrx_word' id='word_1_224' title='bbox 1363 743 1489 771; x_wconf 86' lang='lat' dir='ltr'>autem</span> <span class='ocrx_word' id='word_1_225' title='bbox 1510 735 1569 772; x_wconf 88' lang='lat' dir='ltr'>hic</span> <span class='ocrx_word' id='word_1_226' title='bbox 1587 735 1731 774; x_wconf 86' lang='lat' dir='ltr'>reditus</span> <span class='ocrx_word' id='word_1_227' title='bbox 1751 738 1830 775; x_wconf 90' lang='lat' dir='ltr'>sine</span> <span class='ocrx_word' id='word_1_228' title='bbox 1849 738 1967 778; x_wconf 88' lang='lat' dir='ltr'>dubio</span> <span class='ocrx_word' id='word_1_229' title='bbox 1988 743 2047 779; x_wconf 63' lang='lat' dir='ltr'>vel</span> <span class='ocrx_word' id='word_1_230' title='bbox 2065 754 2151 793; x_wconf 85' lang='lat' dir='ltr'>post</span> 
     </span>
     <span class='ocr_line' id='line_1_34' title="bbox 1148 796 2146 852; baseline 0.011 -22"><span class='ocrx_word' id='word_1_231' title='bbox 1148 803 1311 832; x_wconf 86' lang='lat' dir='ltr'>mortem</span> <span class='ocrx_word' id='word_1_232' title='bbox 1338 811 1346 832; x_wconf 76' lang='lat' dir='ltr'><em>z</em></span> <span class='ocrx_word' id='word_1_233' title='bbox 1370 809 1457 832; x_wconf 89' lang='lat' dir='ltr'>cum</span> <span class='ocrx_word' id='word_1_234' title='bbox 1478 796 1677 843; x_wconf 71' lang='lat' dir='ltr'>universa,</span> <span class='ocrx_word' id='word_1_235' title='bbox 1698 798 1836 848; x_wconf 87' lang='lat' dir='ltr'>quibus</span> <span class='ocrx_word' id='word_1_236' title='bbox 1859 801 1905 837; x_wconf 88' lang='lat' dir='ltr'>ad</span> <span class='ocrx_word' id='word_1_237' title='bbox 1934 804 2146 852; x_wconf 79' lang='lat' dir='ltr'>vagandum</span> 
     </span>
     <span class='ocr_line' id='line_1_35' title="bbox 1148 854 2146 909; baseline 0.01 -18"><span class='ocrx_word' id='word_1_238' title='bbox 1148 854 1268 901; x_wconf 82' lang='lat' dir='ltr'>foras,</span> <span class='ocrx_word' id='word_1_239' title='bbox 1294 864 1331 893; x_wconf 91' lang='lat' dir='ltr'>et</span> <span class='ocrx_word' id='word_1_240' title='bbox 1359 856 1548 893; x_wconf 77' lang='lat' dir='ltr'>inutiliter</span> <span class='ocrx_word' id='word_1_241' title='bbox 1578 871 1657 894; x_wconf 87' lang='lat' dir='ltr'>sese</span> <span class='ocrx_word' id='word_1_242' title='bbox 1690 860 1978 909; x_wconf 88' lang='lat' dir='ltr'>occupandum,</span> <span class='ocrx_word' id='word_1_243' title='bbox 2002 863 2038 899; x_wconf 90' lang='lat' dir='ltr'>in</span> <span class='ocrx_word' id='word_1_244' title='bbox 2066 878 2146 902; x_wconf 85' lang='lat' dir='ltr'>eam</span> 
     </span>
     <span class='ocr_line' id='line_1_36' title="bbox 1148 918 2148 973; baseline 0.01 -20"><span class='ocrx_word' id='word_1_245' title='bbox 1148 930 1232 966; x_wconf 82' lang='lat' dir='ltr'>quae</span> <span class='ocrx_word' id='word_1_246' title='bbox 1254 918 1426 967; x_wconf 79' lang='lat' dir='ltr'>praeterit</span> <span class='ocrx_word' id='word_1_247' title='bbox 1443 918 1557 967; x_wconf 88' lang='lat' dir='ltr'>hujus</span> <span class='ocrx_word' id='word_1_248' title='bbox 1577 920 1711 956; x_wconf 90' lang='lat' dir='ltr'>mundi</span> <span class='ocrx_word' id='word_1_249' title='bbox 1733 921 1891 970; x_wconf 79' lang='lat' dir='ltr'>figuram</span> <span class='ocrx_word' id='word_1_250' title='bbox 1909 924 2035 973; x_wconf 73' lang='lat' dir='ltr'>egredi</span> <span class='ocrx_word' id='word_1_251' title='bbox 2056 940 2148 963; x_wconf 89' lang='lat' dir='ltr'>con-</span> 
     </span>
     <span class='ocr_line' id='line_1_37' title="bbox 1147 978 2148 1029; baseline 0.01 -16"><span class='ocrx_word' id='word_1_252' title='bbox 1147 986 1340 1024; x_wconf 78' lang='lat' dir='ltr'>sueverat,</span> <span class='ocrx_word' id='word_1_253' title='bbox 1363 978 1459 1015; x_wconf 88' lang='lat' dir='ltr'>ostia</span> <span class='ocrx_word' id='word_1_254' title='bbox 1476 980 1651 1029; x_wconf 89' lang='lat' dir='ltr'>corporis</span> <span class='ocrx_word' id='word_1_255' title='bbox 1669 980 1793 1017; x_wconf 85' lang='lat' dir='ltr'>clausa</span> <span class='ocrx_word' id='word_1_256' title='bbox 1811 991 1944 1029; x_wconf 86' lang='lat' dir='ltr'>erunt,</span> <span class='ocrx_word' id='word_1_257' title='bbox 1961 993 2001 1021; x_wconf 92' lang='lat' dir='ltr'>ut</span> <span class='ocrx_word' id='word_1_258' title='bbox 2018 998 2148 1023; x_wconf 90' lang='lat' dir='ltr'>neces-</span> 
     </span>
    </p>
   </div>
   <div class='ocr_carea' id='block_1_10' title="bbox 1098 1030 2147 1094">
    <p class='ocr_par' dir='ltr' id='par_1_11' title="bbox 1098 1030 2147 1094">
     <span class='ocr_line' id='line_1_38' title="bbox 1098 1030 2147 1094; baseline 0.01 -22"><span class='ocrx_word' id='word_1_259' title='bbox 1098 1030 1126 1065; x_wconf 88' lang='grc' dir='ltr'>Β</span> <span class='ocrx_word' id='word_1_260' title='bbox 1148 1037 1246 1073; x_wconf 90' lang='lat' dir='ltr'>sario</span> <span class='ocrx_word' id='word_1_261' title='bbox 1266 1047 1415 1074; x_wconf 89' lang='lat' dir='ltr'>maneat</span> <span class='ocrx_word' id='word_1_262' title='bbox 1434 1038 1472 1074; x_wconf 91' lang='lat' dir='ltr'>in</span> <span class='ocrx_word' id='word_1_263' title='bbox 1496 1052 1534 1075; x_wconf 93' lang='lat' dir='ltr'>se</span> <span class='ocrx_word' id='word_1_264' title='bbox 1551 1040 1630 1089; x_wconf 87' lang='lat' dir='ltr'>ipsa</span> <span class='ocrx_word' id='word_1_265' title='bbox 1649 1069 1658 1086; x_wconf 89' lang='lat'>‚</span> <span class='ocrx_word' id='word_1_266' title='bbox 1689 1041 1748 1077; x_wconf 92' lang='lat' dir='ltr'>cui</span> <span class='ocrx_word' id='word_1_267' title='bbox 1771 1042 1897 1078; x_wconf 87' lang='lat' dir='ltr'>nullus</span> <span class='ocrx_word' id='word_1_268' title='bbox 1924 1041 2003 1092; x_wconf 82' lang='lat' dir='ltr'>jam</span> <span class='ocrx_word' id='word_1_269' title='bbox 2021 1054 2147 1094; x_wconf 84' lang='lat' dir='ltr'>pateat</span> 
     </span>
    </p>
   </div>
   <div class='ocr_carea' id='block_1_11' title="bbox 1140 1097 2145 1813">
    <p class='ocr_par' dir='ltr' id='par_1_12' title="bbox 1140 1097 2145 1813">
     <span class='ocr_line' id='line_1_39' title="bbox 1145 1097 2144 1151; baseline 0.009 -18"><span class='ocrx_word' id='word_1_270' title='bbox 1145 1097 1270 1134; x_wconf 76' lang='lat' dir='ltr'>exitus</span> <span class='ocrx_word' id='word_1_271' title='bbox 1291 1112 1311 1134; x_wconf 93' lang='lat' dir='ltr'>a</span> <span class='ocrx_word' id='word_1_272' title='bbox 1332 1111 1370 1134; x_wconf 89' lang='lat' dir='ltr'>se</span> <span class='ocrx_word' id='word_1_273' title='bbox 1396 1098 1489 1148; x_wconf 87' lang='lat' dir='ltr'>ipsa.</span> <span class='ocrx_word' id='word_1_274' title='bbox 1512 1102 1653 1135; x_wconf 70' lang='lat' dir='ltr'>Verum</span> <span class='ocrx_word' id='word_1_275' title='bbox 1674 1099 1704 1136; x_wconf 88' lang='lat' dir='ltr'>is</span> <span class='ocrx_word' id='word_1_276' title='bbox 1725 1100 1877 1149; x_wconf 89' lang='lat' dir='ltr'>quidem</span> <span class='ocrx_word' id='word_1_277' title='bbox 1899 1104 2144 1151; x_wconf 86' lang='lat' dir='ltr'>perniciosis-</span> 
     </span>
     <span class='ocr_line' id='line_1_40' title="bbox 1145 1157 2145 1214; baseline 0.008 -21"><span class='ocrx_word' id='word_1_278' title='bbox 1145 1157 1261 1195; x_wconf 89' lang='lat' dir='ltr'>simus</span> <span class='ocrx_word' id='word_1_279' title='bbox 1279 1159 1351 1194; x_wconf 90' lang='lat' dir='ltr'>erit</span> <span class='ocrx_word' id='word_1_280' title='bbox 1365 1158 1527 1204; x_wconf 86' lang='lat' dir='ltr'>reditus,</span> <span class='ocrx_word' id='word_1_281' title='bbox 1544 1167 1580 1195; x_wconf 89' lang='lat' dir='ltr'>et</span> <span class='ocrx_word' id='word_1_282' title='bbox 1594 1159 1743 1196; x_wconf 86' lang='lat' dir='ltr'>miseria</span> <span class='ocrx_word' id='word_1_283' title='bbox 1758 1161 2010 1211; x_wconf 88' lang='lat' dir='ltr'>sempiterna,</span> <span class='ocrx_word' id='word_1_284' title='bbox 2028 1178 2145 1214; x_wconf 87' lang='lat' dir='ltr'>quan-</span> 
     </span>
     <span class='ocr_line' id='line_1_41' title="bbox 1145 1216 2143 1274; baseline 0.008 -21"><span class='ocrx_word' id='word_1_285' title='bbox 1145 1217 1193 1254; x_wconf 89' lang='lat' dir='ltr'>do</span> <span class='ocrx_word' id='word_1_286' title='bbox 1211 1216 1290 1267; x_wconf 89' lang='lat' dir='ltr'>jam</span> <span class='ocrx_word' id='word_1_287' title='bbox 1312 1219 1537 1268; x_wconf 83' lang='lat' dir='ltr'>poenitentia</span> <span class='ocrx_word' id='word_1_288' title='bbox 1554 1218 1687 1256; x_wconf 89' lang='lat' dir='ltr'>haberi</span> <span class='ocrx_word' id='word_1_289' title='bbox 1707 1222 1869 1270; x_wconf 85' lang='lat' dir='ltr'>poterit,</span> <span class='ocrx_word' id='word_1_290' title='bbox 1893 1223 1950 1271; x_wconf 73' lang='lat' dir='ltr'>agi</span> <span class='ocrx_word' id='word_1_291' title='bbox 1970 1237 2046 1260; x_wconf 91' lang='lat' dir='ltr'>non</span> <span class='ocrx_word' id='word_1_292' title='bbox 2070 1238 2143 1274; x_wconf 89' lang='lat' dir='ltr'>po—</span> 
     </span>
     <span class='ocr_line' id='line_1_42' title="bbox 1145 1278 2143 1330; baseline 0.008 -16"><span class='ocrx_word' id='word_1_293' title='bbox 1145 1278 1244 1315; x_wconf 81' lang='lat' dir='ltr'>terit.</span> <span class='ocrx_word' id='word_1_294' title='bbox 1267 1278 1343 1316; x_wconf 73' lang='lat' dir='ltr'>[bi</span> <span class='ocrx_word' id='word_1_295' title='bbox 1364 1279 1465 1315; x_wconf 91' lang='lat' dir='ltr'>enim</span> <span class='ocrx_word' id='word_1_296' title='bbox 1488 1279 1609 1315; x_wconf 89' lang='lat' dir='ltr'>deerit</span> <span class='ocrx_word' id='word_1_297' title='bbox 1637 1293 1776 1330; x_wconf 89' lang='lat' dir='ltr'>corpus</span> <span class='ocrx_word' id='word_1_298' title='bbox 1791 1311 1800 1327; x_wconf 91' lang='lat'>‚</span> <span class='ocrx_word' id='word_1_299' title='bbox 1834 1290 1938 1319; x_wconf 87' lang='lat' dir='ltr'>aetus</span> <span class='ocrx_word' id='word_1_300' title='bbox 1962 1297 2040 1320; x_wconf 90' lang='lat' dir='ltr'>non</span> <span class='ocrx_word' id='word_1_301' title='bbox 2060 1286 2143 1322; x_wconf 86' lang='lat' dir='ltr'>erit.</span> 
     </span>
     <span class='ocr_line' id='line_1_43' title="bbox 1145 1338 2145 1387; baseline 0.006 -12"><span class='ocrx_word' id='word_1_302' title='bbox 1145 1341 1242 1376; x_wconf 91' lang='lat' dir='ltr'>Sane</span> <span class='ocrx_word' id='word_1_303' title='bbox 1279 1338 1345 1375; x_wconf 88' lang='lat' dir='ltr'>ubi</span> <span class='ocrx_word' id='word_1_304' title='bbox 1382 1340 1485 1376; x_wconf 91' lang='lat' dir='ltr'>nulla</span> <span class='ocrx_word' id='word_1_305' title='bbox 1522 1339 1635 1376; x_wconf 88' lang='lat' dir='ltr'>fuerit</span> <span class='ocrx_word' id='word_1_306' title='bbox 1673 1342 1770 1377; x_wconf 87' lang='lat' dir='ltr'>actio</span> <span class='ocrx_word' id='word_1_307' title='bbox 1792 1370 1801 1387; x_wconf 91' lang='lat'>‚</span> <span class='ocrx_word' id='word_1_308' title='bbox 1838 1355 1906 1378; x_wconf 88' lang='lat' dir='ltr'>nec</span> <span class='ocrx_word' id='word_1_309' title='bbox 1943 1344 2145 1381; x_wconf 84' lang='lat' dir='ltr'>satisfactio</span> 
     </span>
     <span class='ocr_line' id='line_1_44' title="bbox 1145 1399 2145 1454; baseline 0.008 -20"><span class='ocrx_word' id='word_1_310' title='bbox 1145 1399 1300 1448; x_wconf 91' lang='lat' dir='ltr'>quidem</span> <span class='ocrx_word' id='word_1_311' title='bbox 1329 1399 1405 1435; x_wconf 90' lang='lat' dir='ltr'>ulla</span> <span class='ocrx_word' id='word_1_312' title='bbox 1432 1400 1574 1449; x_wconf 87' lang='lat' dir='ltr'>poterit</span> <span class='ocrx_word' id='word_1_313' title='bbox 1601 1400 1776 1437; x_wconf 73' lang='lat' dir='ltr'>inveniri.</span> <span class='ocrx_word' id='word_1_314' title='bbox 1804 1403 1992 1450; x_wconf 87' lang='lat' dir='ltr'>Quocirca</span> <span class='ocrx_word' id='word_1_315' title='bbox 2021 1406 2145 1454; x_wconf 81' lang='lat' dir='ltr'>poeni-</span> 
     </span>
     <span class='ocr_line' id='line_1_45' title="bbox 1145 1459 2144 1514; baseline 0.006 -19"><span class='ocrx_word' id='word_1_316' title='bbox 1145 1459 1301 1496; x_wconf 88' lang='lat' dir='ltr'>tentiam</span> <span class='ocrx_word' id='word_1_317' title='bbox 1321 1459 1476 1509; x_wconf 90' lang='lat' dir='ltr'>quidem</span> <span class='ocrx_word' id='word_1_318' title='bbox 1493 1459 1655 1505; x_wconf 87' lang='lat' dir='ltr'>habere,</span> <span class='ocrx_word' id='word_1_319' title='bbox 1683 1460 1811 1497; x_wconf 91' lang='lat' dir='ltr'>dolere</span> <span class='ocrx_word' id='word_1_320' title='bbox 1835 1470 1891 1497; x_wconf 83' lang='lat' dir='ltr'>est</span> <span class='ocrx_word' id='word_1_321' title='bbox 1918 1477 1925 1498; x_wconf 92' lang='lat'>:</span> <span class='ocrx_word' id='word_1_322' title='bbox 1955 1476 2039 1500; x_wconf 90' lang='lat' dir='ltr'>nam</span> <span class='ocrx_word' id='word_1_323' title='bbox 2062 1478 2144 1514; x_wconf 82' lang='lat' dir='ltr'>poe-</span> 
     </span>
     <span class='ocr_line' id='line_1_46' title="bbox 1143 1518 2143 1573; baseline 0.006 -19"><span class='ocrx_word' id='word_1_324' title='bbox 1143 1518 1341 1554; x_wconf 86' lang='lat' dir='ltr'>nitentiam</span> <span class='ocrx_word' id='word_1_325' title='bbox 1363 1531 1495 1567; x_wconf 78' lang='lat' dir='ltr'>agere,</span> <span class='ocrx_word' id='word_1_326' title='bbox 1519 1518 1728 1556; x_wconf 89' lang='lat' dir='ltr'>remedium</span> <span class='ocrx_word' id='word_1_327' title='bbox 1759 1519 1901 1557; x_wconf 86' lang='lat' dir='ltr'>doloris</span> <span class='ocrx_word' id='word_1_328' title='bbox 1925 1530 1990 1558; x_wconf 86' lang='lat' dir='ltr'>est.</span> <span class='ocrx_word' id='word_1_329' title='bbox 2014 1526 2143 1573; x_wconf 70' lang='lat' dir='ltr'>Neque</span> 
     </span>
     <span class='ocr_line' id='line_1_47' title="bbox 1143 1578 2142 1620; baseline 0.006 -6"><span class='ocrx_word' id='word_1_330' title='bbox 1143 1579 1244 1615; x_wconf 90' lang='lat' dir='ltr'>enim</span> <span class='ocrx_word' id='word_1_331' title='bbox 1275 1579 1418 1615; x_wconf 83' lang='lat' dir='ltr'>carenti</span> <span class='ocrx_word' id='word_1_332' title='bbox 1445 1578 1619 1616; x_wconf 90' lang='lat' dir='ltr'>manibus</span> <span class='ocrx_word' id='word_1_333' title='bbox 1648 1580 1720 1616; x_wconf 86' lang='lat' dir='ltr'>erit</span> <span class='ocrx_word' id='word_1_334' title='bbox 1740 1580 1837 1616; x_wconf 89' lang='lat' dir='ltr'>ultra</span> <span class='ocrx_word' id='word_1_335' title='bbox 1866 1581 1991 1618; x_wconf 73' lang='lat' dir='ltr'>levare</span> <span class='ocrx_word' id='word_1_336' title='bbox 2019 1596 2085 1619; x_wconf 90' lang='lat' dir='ltr'>cor</span> <span class='ocrx_word' id='word_1_337' title='bbox 2105 1585 2142 1620; x_wconf 91' lang='lat' dir='ltr'>in</span> 
     </span>
     <span class='ocr_line' id='line_1_48' title="bbox 1142 1639 2142 1690; baseline 0.005 -15"><span class='ocrx_word' id='word_1_338' title='bbox 1142 1639 1282 1676; x_wconf 87' lang='lat' dir='ltr'>coelum</span> <span class='ocrx_word' id='word_1_339' title='bbox 1300 1653 1385 1675; x_wconf 90' lang='lat' dir='ltr'>cum</span> <span class='ocrx_word' id='word_1_340' title='bbox 1401 1639 1599 1686; x_wconf 80' lang='lat' dir='ltr'>manibus3</span> <span class='ocrx_word' id='word_1_341' title='bbox 1619 1639 1684 1676; x_wconf 88' lang='lat' dir='ltr'>sed</span> <span class='ocrx_word' id='word_1_342' title='bbox 1701 1640 1871 1690; x_wconf 88' lang='lat' dir='ltr'>quisquis</span> <span class='ocrx_word' id='word_1_343' title='bbox 1892 1650 1977 1678; x_wconf 88' lang='lat' dir='ltr'>ante</span> <span class='ocrx_word' id='word_1_344' title='bbox 1997 1641 2142 1681; x_wconf 89' lang='lat' dir='ltr'>obitum</span> 
     </span>
     <span class='ocr_line' id='line_1_49' title="bbox 1141 1700 2141 1754; baseline 0.004 -17"><span class='ocrx_word' id='word_1_345' title='bbox 1141 1701 1266 1738; x_wconf 87' lang='lat' dir='ltr'>carnis</span> <span class='ocrx_word' id='word_1_346' title='bbox 1295 1714 1372 1737; x_wconf 92' lang='lat' dir='ltr'>non</span> <span class='ocrx_word' id='word_1_347' title='bbox 1406 1700 1561 1737; x_wconf 89' lang='lat' dir='ltr'>redierit</span> <span class='ocrx_word' id='word_1_348' title='bbox 1591 1700 1638 1737; x_wconf 88' lang='lat' dir='ltr'>ad</span> <span class='ocrx_word' id='word_1_349' title='bbox 1669 1714 1708 1738; x_wconf 89' lang='lat' dir='ltr'>se</span> <span class='ocrx_word' id='word_1_350' title='bbox 1730 1704 1884 1750; x_wconf 83' lang='lat' dir='ltr'>ipsum,</span> <span class='ocrx_word' id='word_1_351' title='bbox 1923 1702 1959 1738; x_wconf 92' lang='lat' dir='ltr'>in</span> <span class='ocrx_word' id='word_1_352' title='bbox 1991 1716 2030 1740; x_wconf 89' lang='lat' dir='ltr'>se</span> <span class='ocrx_word' id='word_1_353' title='bbox 2059 1704 2141 1754; x_wconf 88' lang='lat' dir='ltr'>ipso</span> 
     </span>
     <span class='ocr_line' id='line_1_50' title="bbox 1140 1762 2141 1813; baseline 0.004 -15"><span class='ocrx_word' id='word_1_354' title='bbox 1140 1771 1293 1799; x_wconf 88' lang='lat' dir='ltr'>maneat</span> <span class='ocrx_word' id='word_1_355' title='bbox 1310 1775 1462 1798; x_wconf 87' lang='lat' dir='ltr'>necesse</span> <span class='ocrx_word' id='word_1_356' title='bbox 1478 1770 1534 1798; x_wconf 89' lang='lat' dir='ltr'>est</span> <span class='ocrx_word' id='word_1_357' title='bbox 1553 1762 1592 1798; x_wconf 91' lang='lat' dir='ltr'>in</span> <span class='ocrx_word' id='word_1_358' title='bbox 1616 1770 1814 1798; x_wconf 86' lang='lat' dir='ltr'>aeternum.</span> <span class='ocrx_word' id='word_1_359' title='bbox 1836 1762 1907 1799; x_wconf 85' lang='lat' dir='ltr'>Sed</span> <span class='ocrx_word' id='word_1_360' title='bbox 1925 1762 1962 1798; x_wconf 90' lang='lat' dir='ltr'>in</span> <span class='ocrx_word' id='word_1_361' title='bbox 1983 1765 2082 1813; x_wconf 84' lang='lat' dir='ltr'>quali</span> <span class='ocrx_word' id='word_1_362' title='bbox 2103 1779 2141 1802; x_wconf 90' lang='lat' dir='ltr'>se</span> 
     </span>
    </p>
   </div>
   <div class='ocr_carea' id='block_1_12' title="bbox 64 1815 2140 1873">
    <p class='ocr_par' dir='ltr' id='par_1_13' title="bbox 64 1815 2140 1873">
     <span class='ocr_line' id='line_1_51' title="bbox 64 1815 2140 1873; baseline 0.003 -18"><span class='ocrx_word' id='word_1_363' title='bbox 64 1825 103 1854; x_wconf 89' lang='lat' dir='ltr'>et</span> <span class='ocrx_word' id='word_1_364' title='bbox 134 1816 380 1867; x_wconf 85' lang='lat' dir='ltr'>phreneticus</span> <span class='ocrx_word' id='word_1_365' title='bbox 413 1830 567 1854; x_wconf 75' lang='lat' dir='ltr'>carnem</span> <span class='ocrx_word' id='word_1_366' title='bbox 603 1830 710 1854; x_wconf 81' lang='lat' dir='ltr'>suam</span> <span class='ocrx_word' id='word_1_367' title='bbox 727 1845 736 1862; x_wconf 88' lang='lat'>‚</span> <span class='ocrx_word' id='word_1_368' title='bbox 777 1830 865 1853; x_wconf 81' lang='lat' dir='ltr'>cum</span> <span class='ocrx_word' id='word_1_369' title='bbox 897 1815 969 1853; x_wconf 74' lang='lat' dir='ltr'>Sibi</span> <span class='ocrx_word' id='word_1_370' title='bbox 999 1816 1072 1867; x_wconf 73' lang='lat' dir='ltr'>ipsi</span> <span class='ocrx_word' id='word_1_371' title='bbox 1092 1824 1119 1860; x_wconf 94' lang='lat' dir='ltr'>C</span> <span class='ocrx_word' id='word_1_372' title='bbox 1139 1822 1251 1872; x_wconf 82' lang='lat' dir='ltr'>ipso?</span> <span class='ocrx_word' id='word_1_373' title='bbox 1271 1821 1429 1869; x_wconf 83' lang='lat' dir='ltr'>Qualem</span> <span class='ocrx_word' id='word_1_374' title='bbox 1452 1835 1532 1858; x_wconf 87' lang='lat' dir='ltr'>sese</span> <span class='ocrx_word' id='word_1_375' title='bbox 1554 1821 1684 1858; x_wconf 87' lang='lat' dir='ltr'>fecerit</span> <span class='ocrx_word' id='word_1_376' title='bbox 1711 1822 1750 1858; x_wconf 91' lang='lat' dir='ltr'>in</span> <span class='ocrx_word' id='word_1_377' title='bbox 1773 1821 1842 1858; x_wconf 90' lang='lat' dir='ltr'>hac</span> <span class='ocrx_word' id='word_1_378' title='bbox 1869 1822 1965 1868; x_wconf 61' lang='lat' dir='ltr'>rita,</span> <span class='ocrx_word' id='word_1_379' title='bbox 1992 1825 2140 1873; x_wconf 87' lang='lat' dir='ltr'>qualem</span> 
     </span>
    </p>
   </div>
   <div class='ocr_carea' id='block_1_13' title="bbox 64 1876 1075 2414">
    <p class='ocr_par' dir='ltr' id='par_1_14' title="bbox 64 1876 1075 2414">
     <span class='ocr_line' id='line_1_52' title="bbox 64 1876 1073 1923; baseline 0 -9"><span class='ocrx_word' id='word_1_380' title='bbox 64 1890 197 1914; x_wconf 89' lang='lat' dir='ltr'>manus</span> <span class='ocrx_word' id='word_1_381' title='bbox 223 1877 364 1914; x_wconf 89' lang='lat' dir='ltr'>inferre</span> <span class='ocrx_word' id='word_1_382' title='bbox 397 1876 574 1923; x_wconf 90' lang='lat' dir='ltr'>laborat,</span> <span class='ocrx_word' id='word_1_383' title='bbox 604 1876 763 1914; x_wconf 88' lang='lat' dir='ltr'>rationis</span> <span class='ocrx_word' id='word_1_384' title='bbox 796 1876 1073 1914; x_wconf 87' lang='lat' dir='ltr'>deliberatione</span> 
     </span>
     <span class='ocr_line' id='line_1_53' title="bbox 64 1937 1072 1989; baseline -0.001 -13"><span class='ocrx_word' id='word_1_385' title='bbox 64 1938 200 1989; x_wconf 89' lang='lat' dir='ltr'>sopita.</span> <span class='ocrx_word' id='word_1_386' title='bbox 233 1941 294 1975; x_wconf 92' lang='lat' dir='ltr'>An</span> <span class='ocrx_word' id='word_1_387' title='bbox 322 1951 416 1976; x_wconf 89' lang='lat' dir='ltr'>vero</span> <span class='ocrx_word' id='word_1_388' title='bbox 449 1938 603 1989; x_wconf 84' lang='lat' dir='ltr'>gravior</span> <span class='ocrx_word' id='word_1_389' title='bbox 633 1938 711 1975; x_wconf 89' lang='lat' dir='ltr'>ulla</span> <span class='ocrx_word' id='word_1_390' title='bbox 741 1938 942 1989; x_wconf 88' lang='lat' dir='ltr'>phrenesis</span> <span class='ocrx_word' id='word_1_391' title='bbox 963 1937 1072 1987; x_wconf 90' lang='lat' dir='ltr'>judi-</span> 
     </span>
     <span class='ocr_line' id='line_1_54' title="bbox 64 1998 1074 2050; baseline -0.001 -14"><span class='ocrx_word' id='word_1_392' title='bbox 64 2007 191 2046; x_wconf 86' lang='lat' dir='ltr'>catur,</span> <span class='ocrx_word' id='word_1_393' title='bbox 217 2011 333 2048; x_wconf 89' lang='lat' dir='ltr'>quam</span> <span class='ocrx_word' id='word_1_394' title='bbox 358 1998 638 2049; x_wconf 81' lang='lat' dir='ltr'>impoenitentia</span> <span class='ocrx_word' id='word_1_395' title='bbox 658 1998 810 2045; x_wconf 86' lang='lat' dir='ltr'>cordis,</span> <span class='ocrx_word' id='word_1_396' title='bbox 834 2008 872 2036; x_wconf 85' lang='lat' dir='ltr'>et</span> <span class='ocrx_word' id='word_1_397' title='bbox 888 1998 1074 2050; x_wconf 91' lang='lat' dir='ltr'>peccandi</span> 
     </span>
     <span class='ocr_line' id='line_1_55' title="bbox 65 2059 1075 2109; baseline 0 -13"><span class='ocrx_word' id='word_1_398' title='bbox 65 2059 255 2097; x_wconf 88' lang='lat' dir='ltr'>obstinata</span> <span class='ocrx_word' id='word_1_399' title='bbox 280 2059 488 2096; x_wconf 82' lang='lat' dir='ltr'>voluntas?</span> <span class='ocrx_word' id='word_1_400' title='bbox 515 2059 711 2109; x_wconf 89' lang='lat' dir='ltr'>Siquidem</span> <span class='ocrx_word' id='word_1_401' title='bbox 742 2073 880 2097; x_wconf 87' lang='lat' dir='ltr'>manus</span> <span class='ocrx_word' id='word_1_402' title='bbox 909 2060 1075 2096; x_wconf 88' lang='lat' dir='ltr'>nefarias</span> 
     </span>
     <span class='ocr_line' id='line_1_56' title="bbox 65 2119 1073 2171; baseline -0.001 -13"><span class='ocrx_word' id='word_1_403' title='bbox 65 2119 188 2170; x_wconf 86' lang='lat' dir='ltr'>injicit</span> <span class='ocrx_word' id='word_1_404' title='bbox 205 2120 277 2158; x_wconf 89' lang='lat' dir='ltr'>sibi</span> <span class='ocrx_word' id='word_1_405' title='bbox 303 2121 399 2171; x_wconf 83' lang='lat' dir='ltr'>ipsi,</span> <span class='ocrx_word' id='word_1_406' title='bbox 426 2134 497 2157; x_wconf 88' lang='grc'><strong>1166</strong></span> <span class='ocrx_word' id='word_1_407' title='bbox 526 2134 702 2167; x_wconf 82' lang='lat' dir='ltr'>carnem,</span> <span class='ocrx_word' id='word_1_408' title='bbox 732 2120 798 2158; x_wconf 90' lang='lat' dir='ltr'>sed</span> <span class='ocrx_word' id='word_1_409' title='bbox 824 2129 991 2157; x_wconf 86' lang='lat' dir='ltr'>mentem</span> <span class='ocrx_word' id='word_1_410' title='bbox 1014 2121 1073 2157; x_wconf 91' lang='lat' dir='ltr'>la-</span> 
     </span>
     <span class='ocr_line' id='line_1_57' title="bbox 67 2181 1072 2232; baseline -0.001 -13"><span class='ocrx_word' id='word_1_411' title='bbox 67 2189 170 2220; x_wconf 88' lang='lat' dir='ltr'>cerat</span> <span class='ocrx_word' id='word_1_412' title='bbox 193 2189 232 2218; x_wconf 91' lang='lat' dir='ltr'>et</span> <span class='ocrx_word' id='word_1_413' title='bbox 254 2181 438 2218; x_wconf 85' lang='lat' dir='ltr'>corrodit.</span> <span class='ocrx_word' id='word_1_414' title='bbox 470 2181 508 2219; x_wconf 92' lang='lat' dir='ltr'>Si</span> <span class='ocrx_word' id='word_1_415' title='bbox 532 2181 663 2218; x_wconf 76' lang='lat' dir='ltr'>vidisti</span> <span class='ocrx_word' id='word_1_416' title='bbox 686 2181 882 2218; x_wconf 89' lang='lat' dir='ltr'>hominem</span> <span class='ocrx_word' id='word_1_417' title='bbox 903 2182 1072 2232; x_wconf 87' lang='lat' dir='ltr'>scalpere</span> 
     </span>
     <span class='ocr_line' id='line_1_58' title="bbox 67 2242 1071 2293; baseline 0 -14"><span class='ocrx_word' id='word_1_418' title='bbox 67 2255 223 2289; x_wconf 89' lang='lat' dir='ltr'>manus,</span> <span class='ocrx_word' id='word_1_419' title='bbox 257 2250 296 2279; x_wconf 90' lang='lat' dir='ltr'>et</span> <span class='ocrx_word' id='word_1_420' title='bbox 326 2256 449 2292; x_wconf 91' lang='lat' dir='ltr'>usque</span> <span class='ocrx_word' id='word_1_421' title='bbox 487 2242 535 2279; x_wconf 88' lang='lat' dir='ltr'>ad</span> <span class='ocrx_word' id='word_1_422' title='bbox 574 2243 799 2293; x_wconf 80' lang='lat' dir='ltr'>sanguinem</span> <span class='ocrx_word' id='word_1_423' title='bbox 835 2243 1071 2289; x_wconf 87' lang='lat' dir='ltr'>confricare,</span> 
     </span>
     <span class='ocr_line' id='line_1_59' title="bbox 67 2301 1074 2340; baseline 0 -1"><span class='ocrx_word' id='word_1_424' title='bbox 67 2302 283 2340; x_wconf 87' lang='lat' dir='ltr'>evidentem</span> <span class='ocrx_word' id='word_1_425' title='bbox 311 2301 429 2339; x_wconf 91' lang='lat' dir='ltr'>habes</span> <span class='ocrx_word' id='word_1_426' title='bbox 460 2303 499 2339; x_wconf 90' lang='lat' dir='ltr'>in</span> <span class='ocrx_word' id='word_1_427' title='bbox 533 2316 579 2340; x_wconf 91' lang='lat' dir='ltr'>eo</span> <span class='ocrx_word' id='word_1_428' title='bbox 613 2302 900 2340; x_wconf 86' lang='lat' dir='ltr'>similitudinem</span> <span class='ocrx_word' id='word_1_429' title='bbox 937 2304 1074 2339; x_wconf 86' lang='lat' dir='ltr'>animae</span> 
     </span>
     <span class='ocr_line' id='line_1_60' title="bbox 65 2363 1075 2414; baseline 0 -14"><span class='ocrx_word' id='word_1_430' title='bbox 65 2363 258 2414; x_wconf 86' lang='lat' dir='ltr'>peccantis</span> <span class='ocrx_word' id='word_1_431' title='bbox 284 2375 517 2413; x_wconf 83' lang='lat' dir='ltr'>expressam.</span> <span class='ocrx_word' id='word_1_432' title='bbox 548 2363 657 2402; x_wconf 90' lang='lat' dir='ltr'>Cedit</span> <span class='ocrx_word' id='word_1_433' title='bbox 683 2363 870 2414; x_wconf 37' lang='lat' dir='ltr'>siquid-em</span> <span class='ocrx_word' id='word_1_434' title='bbox 897 2363 1075 2413; x_wconf 78' lang='lat' dir='ltr'>voluptas</span> 
     </span>
    </p>
   </div>
   <div class='ocr_carea' id='block_1_14' title="bbox 41 2423 1074 2474">
    <p class='ocr_par' dir='ltr' id='par_1_15' title="bbox 41 2423 1074 2474">
     <span class='ocr_line' id='line_1_61' title="bbox 41 2423 1074 2474; baseline 0 -14"><span class='ocrx_word' id='word_1_435' title='bbox 41 2449 45 2453; x_wconf 88' lang='lat'><em>-</em></span> <span class='ocrx_word' id='word_1_436' title='bbox 65 2423 129 2460; x_wconf 90' lang='lat' dir='ltr'>illa</span> <span class='ocrx_word' id='word_1_437' title='bbox 142 2423 282 2468; x_wconf 86' lang='lat' dir='ltr'>dolori,</span> <span class='ocrx_word' id='word_1_438' title='bbox 300 2431 339 2460; x_wconf 90' lang='lat' dir='ltr'>et</span> <span class='ocrx_word' id='word_1_439' title='bbox 357 2424 527 2461; x_wconf 87' lang='lat' dir='ltr'>succedit</span> <span class='ocrx_word' id='word_1_440' title='bbox 542 2423 709 2474; x_wconf 89' lang='lat' dir='ltr'>pruritui</span> <span class='ocrx_word' id='word_1_441' title='bbox 723 2423 925 2461; x_wconf 80' lang='lat' dir='ltr'>cruciatus.</span> <span class='ocrx_word' id='word_1_442' title='bbox 941 2426 1074 2473; x_wconf 67' lang='lat' dir='ltr'>Neque</span> 
     </span>
    </p>
   </div>
   <div class='ocr_carea' id='block_1_15' title="bbox 66 2483 1076 2594">
    <p class='ocr_par' dir='ltr' id='par_1_16' title="bbox 66 2483 1076 2594">
     <span class='ocr_line' id='line_1_62' title="bbox 66 2483 1076 2534; baseline -0.001 -13"><span class='ocrx_word' id='word_1_443' title='bbox 66 2483 106 2521; x_wconf 90' lang='lat' dir='ltr'>id</span> <span class='ocrx_word' id='word_1_444' title='bbox 121 2483 346 2534; x_wconf 70' lang='lat' dir='ltr'>ignorabat,</span> <span class='ocrx_word' id='word_1_445' title='bbox 362 2484 429 2521; x_wconf 90' lang='lat' dir='ltr'>sed</span> <span class='ocrx_word' id='word_1_446' title='bbox 451 2484 715 2522; x_wconf 85' lang='lat' dir='ltr'>dissimulabat</span> <span class='ocrx_word' id='word_1_447' title='bbox 734 2485 796 2521; x_wconf 93' lang='lat' dir='ltr'>ille</span> <span class='ocrx_word' id='word_1_448' title='bbox 817 2484 908 2521; x_wconf 91' lang='lat' dir='ltr'>dum</span> <span class='ocrx_word' id='word_1_449' title='bbox 926 2484 1076 2534; x_wconf 87' lang='lat' dir='ltr'>scalpe-</span> 
     </span>
     <span class='ocr_line' id='line_1_63' title="bbox 68 2544 1076 2594; baseline -0.001 -13"><span class='ocrx_word' id='word_1_450' title='bbox 68 2552 137 2581; x_wconf 85' lang='lat' dir='ltr'>ret.</span> <span class='ocrx_word' id='word_1_451' title='bbox 169 2544 229 2582; x_wconf 90' lang='lat' dir='ltr'>Sic</span> <span class='ocrx_word' id='word_1_452' title='bbox 258 2544 494 2590; x_wconf 87' lang='lat' dir='ltr'>laceramus,</span> <span class='ocrx_word' id='word_1_453' title='bbox 529 2545 583 2582; x_wconf 91' lang='lat' dir='ltr'>sic</span> <span class='ocrx_word' id='word_1_454' title='bbox 611 2545 876 2582; x_wconf 76' lang='lat' dir='ltr'>exulceramus</span> <span class='ocrx_word' id='word_1_455' title='bbox 908 2544 1076 2594; x_wconf 87' lang='lat' dir='ltr'>propriis</span> 
     </span>
    </p>
   </div>
   <div class='ocr_carea' id='block_1_16' title="bbox 1140 1880 2144 2595">
    <p class='ocr_par' dir='ltr' id='par_1_17' title="bbox 1140 1880 2144 2595">
     <span class='ocr_line' id='line_1_64' title="bbox 1140 1880 2142 1931; baseline 0.003 -13"><span class='ocrx_word' id='word_1_456' title='bbox 1140 1881 1331 1918; x_wconf 75' lang='lat' dir='ltr'>invenerit</span> <span class='ocrx_word' id='word_1_457' title='bbox 1348 1881 1479 1917; x_wconf 75' lang='lat' dir='ltr'>exiens</span> <span class='ocrx_word' id='word_1_458' title='bbox 1497 1880 1544 1917; x_wconf 85' lang='lat' dir='ltr'>ab</span> <span class='ocrx_word' id='word_1_459' title='bbox 1561 1881 1630 1917; x_wconf 89' lang='lat' dir='ltr'>hac</span> <span class='ocrx_word' id='word_1_460' title='bbox 1652 1881 1728 1917; x_wconf 81' lang='lat' dir='ltr'>vita</span> <span class='ocrx_word' id='word_1_461' title='bbox 1748 1895 1755 1917; x_wconf 76' lang='grc' dir='ltr'>ε</span> <span class='ocrx_word' id='word_1_462' title='bbox 1778 1880 1851 1917; x_wconf 87' lang='grc'><strong>11151</strong></span> <span class='ocrx_word' id='word_1_463' title='bbox 1867 1882 1970 1931; x_wconf 88' lang='lat' dir='ltr'>quod</span> <span class='ocrx_word' id='word_1_464' title='bbox 1987 1883 2142 1921; x_wconf 87' lang='lat' dir='ltr'>fortasse</span> 
     </span>
     <span class='ocr_line' id='line_1_65' title="bbox 1141 1941 2142 1990; baseline 0.002 -12"><span class='ocrx_word' id='word_1_465' title='bbox 1141 1942 1214 1979; x_wconf 88' lang='lat' dir='ltr'>erit</span> <span class='ocrx_word' id='word_1_466' title='bbox 1236 1954 1513 1990; x_wconf 85' lang='lat' dir='ltr'>nonnunquam</span> <span class='ocrx_word' id='word_1_467' title='bbox 1541 1941 1710 1978; x_wconf 82' lang='lat' dir='ltr'>deterior</span> <span class='ocrx_word' id='word_1_468' title='bbox 1732 1956 1739 1978; x_wconf 89' lang='lat'>:</span> <span class='ocrx_word' id='word_1_469' title='bbox 1764 1954 1852 1978; x_wconf 90' lang='lat' dir='ltr'>nam</span> <span class='ocrx_word' id='word_1_470' title='bbox 1879 1942 2014 1979; x_wconf 87' lang='lat' dir='ltr'>melior</span> <span class='ocrx_word' id='word_1_471' title='bbox 2042 1957 2142 1981; x_wconf 84' lang='lat' dir='ltr'>nun-</span> 
     </span>
     <span class='ocr_line' id='line_1_66' title="bbox 1142 2001 2143 2052; baseline 0.002 -13"><span class='ocrx_word' id='word_1_472' title='bbox 1142 2016 1256 2052; x_wconf 86' lang='lat' dir='ltr'>quam</span> <span class='ocrx_word' id='word_1_473' title='bbox 1275 2002 1359 2039; x_wconf 89' lang='lat' dir='ltr'>erit.</span> <span class='ocrx_word' id='word_1_474' title='bbox 1383 2001 1507 2039; x_wconf 87' lang='lat' dir='ltr'>Habet</span> <span class='ocrx_word' id='word_1_475' title='bbox 1530 2003 1629 2038; x_wconf 92' lang='lat' dir='ltr'>enim</span> <span class='ocrx_word' id='word_1_476' title='bbox 1651 2001 1722 2038; x_wconf 92' lang='grc'><strong>1106</strong></span> <span class='ocrx_word' id='word_1_477' title='bbox 1744 2002 1868 2051; x_wconf 89' lang='lat' dir='ltr'>ipsum</span> <span class='ocrx_word' id='word_1_478' title='bbox 1883 2030 1893 2047; x_wconf 85' lang='lat'>‚</span> <span class='ocrx_word' id='word_1_479' title='bbox 1917 2003 2021 2052; x_wconf 89' lang='lat' dir='ltr'>quod</span> <span class='ocrx_word' id='word_1_480' title='bbox 2042 2017 2143 2041; x_wconf 85' lang='lat' dir='ltr'>nunc</span> 
     </span>
     <span class='ocr_line' id='line_1_67' title="bbox 1141 2062 2141 2113; baseline 0.003 -15"><span class='ocrx_word' id='word_1_481' title='bbox 1141 2062 1272 2113; x_wconf 87' lang='lat' dir='ltr'>ponit,</span> <span class='ocrx_word' id='word_1_482' title='bbox 1294 2062 1528 2112; x_wconf 87' lang='lat' dir='ltr'>quandoque</span> <span class='ocrx_word' id='word_1_483' title='bbox 1550 2062 1718 2112; x_wconf 86' lang='lat' dir='ltr'>recipere</span> <span class='ocrx_word' id='word_1_484' title='bbox 1734 2075 1894 2111; x_wconf 85' lang='lat' dir='ltr'>corpus,</span> <span class='ocrx_word' id='word_1_485' title='bbox 1917 2076 1994 2099; x_wconf 86' lang='lat' dir='ltr'>non</span> <span class='ocrx_word' id='word_1_486' title='bbox 2017 2072 2141 2101; x_wconf 88' lang='lat' dir='ltr'>tamen</span> 
     </span>
     <span class='ocr_line' id='line_1_68' title="bbox 1142 2122 2140 2174; baseline 0.001 -14"><span class='ocrx_word' id='word_1_487' title='bbox 1142 2123 1189 2160; x_wconf 90' lang='lat' dir='ltr'>ad</span> <span class='ocrx_word' id='word_1_488' title='bbox 1209 2123 1493 2174; x_wconf 82' lang='lat' dir='ltr'>poenitentiam,</span> <span class='ocrx_word' id='word_1_489' title='bbox 1519 2122 1584 2159; x_wconf 85' lang='lat' dir='ltr'>sed</span> <span class='ocrx_word' id='word_1_490' title='bbox 1603 2122 1648 2158; x_wconf 89' lang='lat' dir='ltr'>ad</span> <span class='ocrx_word' id='word_1_491' title='bbox 1669 2135 1821 2172; x_wconf 83' lang='lat' dir='ltr'>poenam</span> <span class='ocrx_word' id='word_1_492' title='bbox 1845 2137 1852 2158; x_wconf 92' lang='lat'>:</span> <span class='ocrx_word' id='word_1_493' title='bbox 1878 2122 1940 2159; x_wconf 89' lang='lat' dir='ltr'>ubi</span> <span class='ocrx_word' id='word_1_494' title='bbox 1961 2124 2140 2161; x_wconf 88' lang='lat' dir='ltr'>nimirum</span> 
     </span>
     <span class='ocr_line' id='line_1_69' title="bbox 1140 2182 2143 2234; baseline 0.001 -14"><span class='ocrx_word' id='word_1_495' title='bbox 1140 2183 1286 2234; x_wconf 88' lang='lat' dir='ltr'>peceati</span> <span class='ocrx_word' id='word_1_496' title='bbox 1319 2183 1437 2234; x_wconf 87' lang='lat' dir='ltr'>ipsius</span> <span class='ocrx_word' id='word_1_497' title='bbox 1470 2191 1507 2219; x_wconf 88' lang='lat' dir='ltr'>et</span> <span class='ocrx_word' id='word_1_498' title='bbox 1542 2182 1665 2219; x_wconf 88' lang='lat' dir='ltr'>carnis</span> <span class='ocrx_word' id='word_1_499' title='bbox 1698 2182 1982 2232; x_wconf 85' lang='lat' dir='ltr'>quodammodo</span> <span class='ocrx_word' id='word_1_500' title='bbox 2014 2184 2143 2221; x_wconf 88' lang='lat' dir='ltr'>similis</span> 
     </span>
     <span class='ocr_line' id='line_1_70' title="bbox 1140 2242 2144 2292; baseline 0.001 -12"><span class='ocrx_word' id='word_1_501' title='bbox 1140 2243 1336 2280; x_wconf 70' lang='lat' dir='ltr'>videbitur</span> <span class='ocrx_word' id='word_1_502' title='bbox 1357 2256 1436 2280; x_wconf 91' lang='lat' dir='ltr'>esse</span> <span class='ocrx_word' id='word_1_503' title='bbox 1455 2243 1625 2280; x_wconf 84' lang='lat' dir='ltr'>conditio</span> <span class='ocrx_word' id='word_1_504' title='bbox 1644 2258 1651 2279; x_wconf 78' lang='lat' dir='ltr'><em>z</em></span> <span class='ocrx_word' id='word_1_505' title='bbox 1669 2251 1710 2279; x_wconf 88' lang='lat' dir='ltr'>ut</span> <span class='ocrx_word' id='word_1_506' title='bbox 1726 2242 2048 2292; x_wconf 85' lang='lat' dir='ltr'>quemadmodum</span> <span class='ocrx_word' id='word_1_507' title='bbox 2069 2245 2144 2281; x_wconf 89' lang='lat' dir='ltr'>cul-</span> 
     </span>
     <span class='ocr_line' id='line_1_71' title="bbox 1140 2304 2144 2355; baseline -0.002 -14"><span class='ocrx_word' id='word_1_508' title='bbox 1140 2318 1190 2355; x_wconf 91' lang='lat' dir='ltr'>pa</span> <span class='ocrx_word' id='word_1_509' title='bbox 1207 2318 1360 2354; x_wconf 84' lang='lat' dir='ltr'>semper</span> <span class='ocrx_word' id='word_1_510' title='bbox 1380 2304 1510 2354; x_wconf 90' lang='lat' dir='ltr'>puniri</span> <span class='ocrx_word' id='word_1_511' title='bbox 1537 2304 1697 2353; x_wconf 86' lang='lat' dir='ltr'>poterit,</span> <span class='ocrx_word' id='word_1_512' title='bbox 1728 2316 1797 2339; x_wconf 84' lang='grc'><strong>1166</strong></span> <span class='ocrx_word' id='word_1_513' title='bbox 1816 2317 1984 2352; x_wconf 89' lang='lat' dir='ltr'>unquam</span> <span class='ocrx_word' id='word_1_514' title='bbox 2003 2305 2144 2353; x_wconf 85' lang='lat' dir='ltr'>poterit</span> 
     </span>
     <span class='ocr_line' id='line_1_72' title="bbox 1141 2363 2142 2415; baseline 0 -14"><span class='ocrx_word' id='word_1_515' title='bbox 1141 2365 1305 2415; x_wconf 80' lang='lat' dir='ltr'>expiari3</span> <span class='ocrx_word' id='word_1_516' title='bbox 1329 2365 1380 2401; x_wconf 85' lang='grc'>516</span> <span class='ocrx_word' id='word_1_517' title='bbox 1401 2377 1469 2400; x_wconf 89' lang='grc'><strong>1166</strong></span> <span class='ocrx_word' id='word_1_518' title='bbox 1490 2364 1526 2399; x_wconf 90' lang='lat' dir='ltr'>in</span> <span class='ocrx_word' id='word_1_519' title='bbox 1549 2376 1710 2413; x_wconf 89' lang='lat' dir='ltr'>corpore</span> <span class='ocrx_word' id='word_1_520' title='bbox 1726 2363 1932 2412; x_wconf 88' lang='lat' dir='ltr'>aliquando</span> <span class='ocrx_word' id='word_1_521' title='bbox 1954 2372 2142 2401; x_wconf 89' lang='lat' dir='ltr'>tormenta</span> 
     </span>
     <span class='ocr_line' id='line_1_73' title="bbox 1142 2423 2139 2474; baseline -0.001 -12"><span class='ocrx_word' id='word_1_522' title='bbox 1142 2426 1244 2462; x_wconf 91' lang='lat' dir='ltr'>finiri</span> <span class='ocrx_word' id='word_1_523' title='bbox 1258 2454 1267 2471; x_wconf 83' lang='lat'>‚</span> <span class='ocrx_word' id='word_1_524' title='bbox 1300 2439 1368 2462; x_wconf 86' lang='lat' dir='ltr'>nec</span> <span class='ocrx_word' id='word_1_525' title='bbox 1404 2437 1543 2474; x_wconf 84' lang='lat' dir='ltr'>eorpus</span> <span class='ocrx_word' id='word_1_526' title='bbox 1573 2425 1695 2473; x_wconf 81' lang='lat' dir='ltr'>ipsun]</span> <span class='ocrx_word' id='word_1_527' title='bbox 1730 2423 1916 2459; x_wconf 75' lang='lat' dir='ltr'>exinaniri</span> <span class='ocrx_word' id='word_1_528' title='bbox 1945 2425 2068 2461; x_wconf 69' lang='lat' dir='ltr'>valeat</span> <span class='ocrx_word' id='word_1_529' title='bbox 2101 2426 2139 2461; x_wconf 90' lang='lat' dir='ltr'>in</span> 
     </span>
     <span class='ocr_line' id='line_1_74' title="bbox 1143 2483 2141 2533; baseline -0.003 -10"><span class='ocrx_word' id='word_1_530' title='bbox 1143 2487 1356 2523; x_wconf 88' lang='lat' dir='ltr'>tormentis.</span> <span class='ocrx_word' id='word_1_531' title='bbox 1377 2485 1513 2522; x_wconf 77' lang='lat' dir='ltr'>Merito</span> <span class='ocrx_word' id='word_1_532' title='bbox 1534 2483 1686 2533; x_wconf 85' lang='lat' dir='ltr'>quidem</span> <span class='ocrx_word' id='word_1_533' title='bbox 1708 2483 1803 2519; x_wconf 89' lang='lat' dir='ltr'>ultio</span> <span class='ocrx_word' id='word_1_534' title='bbox 1823 2483 2052 2533; x_wconf 87' lang='lat' dir='ltr'>sempiterna</span> <span class='ocrx_word' id='word_1_535' title='bbox 2073 2484 2141 2520; x_wconf 91' lang='lat' dir='ltr'>de-</span> 
     </span>
     <span class='ocr_line' id='line_1_75' title="bbox 1143 2542 2143 2595; baseline -0.003 -12"><span class='ocrx_word' id='word_1_536' title='bbox 1143 2547 1294 2592; x_wconf 71' lang='lat' dir='ltr'>saeviet,</span> <span class='ocrx_word' id='word_1_537' title='bbox 1316 2545 1419 2595; x_wconf 85' lang='lat' dir='ltr'>quod</span> <span class='ocrx_word' id='word_1_538' title='bbox 1439 2557 1633 2593; x_wconf 86' lang='lat' dir='ltr'>nunquam</span> <span class='ocrx_word' id='word_1_539' title='bbox 1652 2543 1770 2592; x_wconf 86' lang='lat' dir='ltr'>possit</span> <span class='ocrx_word' id='word_1_540' title='bbox 1790 2543 1900 2591; x_wconf 87' lang='lat' dir='ltr'>culpa</span> <span class='ocrx_word' id='word_1_541' title='bbox 1917 2542 2055 2589; x_wconf 83' lang='lat' dir='ltr'>deleri3</span> <span class='ocrx_word' id='word_1_542' title='bbox 2074 2557 2143 2580; x_wconf 85' lang='lat' dir='ltr'>nec</span> 
     </span>
    </p>
   </div>
   <div class='ocr_carea' id='block_1_17' title="bbox 67 2602 2145 2655">
    <p class='ocr_par' dir='ltr' id='par_1_18' title="bbox 67 2602 2145 2655">
     <span class='ocr_line' id='line_1_76' title="bbox 67 2602 2145 2655; baseline -0.001 -14"><span class='ocrx_word' id='word_1_543' title='bbox 67 2603 244 2642; x_wconf 87' lang='lat' dir='ltr'>manibus</span> <span class='ocrx_word' id='word_1_544' title='bbox 266 2604 411 2642; x_wconf 89' lang='lat' dir='ltr'>animas</span> <span class='ocrx_word' id='word_1_545' title='bbox 426 2605 596 2643; x_wconf 89' lang='lat' dir='ltr'>infelices</span> <span class='ocrx_word' id='word_1_546' title='bbox 616 2620 623 2642; x_wconf 91' lang='lat'>:</span> <span class='ocrx_word' id='word_1_547' title='bbox 643 2606 716 2643; x_wconf 91' lang='lat' dir='ltr'>nisi</span> <span class='ocrx_word' id='word_1_548' title='bbox 735 2605 841 2655; x_wconf 88' lang='lat' dir='ltr'>quod</span> <span class='ocrx_word' id='word_1_549' title='bbox 865 2613 971 2642; x_wconf 88' lang='lat' dir='ltr'>tanto</span> <span class='ocrx_word' id='word_1_550' title='bbox 991 2618 1077 2655; x_wconf 78' lang='lat' dir='ltr'>gra—</span> <span class='ocrx_word' id='word_1_551' title='bbox 1092 2615 1125 2649; x_wconf 91' lang='lat' dir='ltr'>D</span> <span class='ocrx_word' id='word_1_552' title='bbox 1144 2606 1355 2644; x_wconf 84' lang='lat' dir='ltr'>substantia</span> <span class='ocrx_word' id='word_1_553' title='bbox 1389 2605 1513 2642; x_wconf 83' lang='lat' dir='ltr'>carnis</span> <span class='ocrx_word' id='word_1_554' title='bbox 1546 2602 1694 2639; x_wconf 80' lang='lat' dir='ltr'>deficiet</span> <span class='ocrx_word' id='word_1_555' title='bbox 1711 2631 1720 2647; x_wconf 83' lang='lat'>‚</span> <span class='ocrx_word' id='word_1_556' title='bbox 1756 2615 1802 2638; x_wconf 88' lang='grc'>116</span> <span class='ocrx_word' id='word_1_557' title='bbox 1841 2602 1951 2637; x_wconf 85' lang='grc'><strong>51111111</strong></span> <span class='ocrx_word' id='word_1_558' title='bbox 1989 2611 2145 2651; x_wconf 76' lang='lat' dir='ltr'>cogatur</span> 
     </span>
    </p>
   </div>
   <div class='ocr_carea' id='block_1_18' title="bbox 66 2664 1079 3257">
    <p class='ocr_par' dir='ltr' id='par_1_19' title="bbox 66 2664 1079 3257">
     <span class='ocr_line' id='line_1_77' title="bbox 66 2664 1077 2716; baseline 0.001 -15"><span class='ocrx_word' id='word_1_559' title='bbox 66 2664 171 2711; x_wconf 86' lang='lat' dir='ltr'>vius,</span> <span class='ocrx_word' id='word_1_560' title='bbox 192 2673 338 2714; x_wconf 90' lang='lat' dir='ltr'>quanto</span> <span class='ocrx_word' id='word_1_561' title='bbox 358 2666 608 2703; x_wconf 80' lang='lat' dir='ltr'>excellentior</span> <span class='ocrx_word' id='word_1_562' title='bbox 624 2674 680 2702; x_wconf 90' lang='lat' dir='ltr'>est</span> <span class='ocrx_word' id='word_1_563' title='bbox 697 2666 903 2716; x_wconf 88' lang='lat' dir='ltr'>spiritualis</span> <span class='ocrx_word' id='word_1_564' title='bbox 924 2674 1077 2702; x_wconf 89' lang='lat' dir='ltr'>creatu-</span> 
     </span>
     <span class='ocr_line' id='line_1_78' title="bbox 68 2724 1076 2776; baseline 0 -14"><span class='ocrx_word' id='word_1_565' title='bbox 68 2738 131 2771; x_wconf 88' lang='lat' dir='ltr'>ra;</span> <span class='ocrx_word' id='word_1_566' title='bbox 152 2733 190 2762; x_wconf 87' lang='lat' dir='ltr'>et</span> <span class='ocrx_word' id='word_1_567' title='bbox 203 2725 265 2761; x_wconf 92' lang='lat' dir='ltr'>cui</span> <span class='ocrx_word' id='word_1_568' title='bbox 282 2724 474 2762; x_wconf 85' lang='lat' dir='ltr'>difficilius</span> <span class='ocrx_word' id='word_1_569' title='bbox 488 2726 699 2763; x_wconf 85' lang='lat' dir='ltr'>medeatur.</span> <span class='ocrx_word' id='word_1_570' title='bbox 716 2730 848 2776; x_wconf 68' lang='lat' dir='ltr'>Neque</span> <span class='ocrx_word' id='word_1_571' title='bbox 866 2726 903 2763; x_wconf 88' lang='lat' dir='ltr'>id</span> <span class='ocrx_word' id='word_1_572' title='bbox 921 2725 1076 2776; x_wconf 86' lang='lat' dir='ltr'>quidem</span> 
     </span>
     <span class='ocr_line' id='line_1_79' title="bbox 67 2784 1076 2835; baseline 0 -13"><span class='ocrx_word' id='word_1_573' title='bbox 67 2784 349 2822; x_wconf 85' lang='lat' dir='ltr'>inimicitiarum</span> <span class='ocrx_word' id='word_1_574' title='bbox 366 2785 492 2822; x_wconf 87' lang='lat' dir='ltr'>studio</span> <span class='ocrx_word' id='word_1_575' title='bbox 509 2786 676 2835; x_wconf 79' lang='lat' dir='ltr'>gerimus</span> <span class='ocrx_word' id='word_1_576' title='bbox 687 2815 696 2833; x_wconf 91' lang='lat'>‚</span> <span class='ocrx_word' id='word_1_577' title='bbox 718 2785 784 2822; x_wconf 89' lang='lat' dir='ltr'>sed</span> <span class='ocrx_word' id='word_1_578' title='bbox 801 2794 960 2835; x_wconf 86' lang='lat' dir='ltr'>stupore</span> <span class='ocrx_word' id='word_1_579' title='bbox 976 2799 1076 2835; x_wconf 88' lang='lat' dir='ltr'>quo-</span> 
     </span>
     <span class='ocr_line' id='line_1_80' title="bbox 70 2844 1076 2896; baseline 0.001 -14"><span class='ocrx_word' id='word_1_580' title='bbox 70 2844 156 2882; x_wconf 86' lang='lat' dir='ltr'>dam</span> <span class='ocrx_word' id='word_1_581' title='bbox 180 2845 481 2883; x_wconf 89' lang='lat' dir='ltr'>insensibilitatis</span> <span class='ocrx_word' id='word_1_582' title='bbox 508 2846 680 2883; x_wconf 86' lang='lat' dir='ltr'>internae.</span> <span class='ocrx_word' id='word_1_583' title='bbox 708 2846 861 2884; x_wconf 88' lang='lat' dir='ltr'>Effusus</span> <span class='ocrx_word' id='word_1_584' title='bbox 887 2846 1076 2896; x_wconf 86' lang='lat' dir='ltr'>siquidem</span> 
     </span>
     <span class='ocr_line' id='line_1_81' title="bbox 69 2905 1078 2957; baseline 0.001 -14"><span class='ocrx_word' id='word_1_585' title='bbox 69 2905 217 2943; x_wconf 86' lang='lat' dir='ltr'>animus</span> <span class='ocrx_word' id='word_1_586' title='bbox 242 2905 382 2943; x_wconf 90' lang='lat' dir='ltr'>damna</span> <span class='ocrx_word' id='word_1_587' title='bbox 409 2907 597 2944; x_wconf 89' lang='lat' dir='ltr'>interiora</span> <span class='ocrx_word' id='word_1_588' title='bbox 625 2920 705 2944; x_wconf 89' lang='lat' dir='ltr'>non</span> <span class='ocrx_word' id='word_1_589' title='bbox 726 2907 841 2944; x_wconf 87' lang='lat' dir='ltr'>sentit</span> <span class='ocrx_word' id='word_1_590' title='bbox 865 2922 872 2944; x_wconf 91' lang='lat'><strong>:</strong></span> <span class='ocrx_word' id='word_1_591' title='bbox 899 2907 988 2957; x_wconf 89' lang='lat' dir='ltr'>quia</span> <span class='ocrx_word' id='word_1_592' title='bbox 1009 2920 1078 2944; x_wconf 80' lang='lat' dir='ltr'>nec</span> 
     </span>
     <span class='ocr_line' id='line_1_82' title="bbox 68 2965 1075 3014; baseline 0 -10"><span class='ocrx_word' id='word_1_593' title='bbox 68 2965 171 3004; x_wconf 87' lang='lat' dir='ltr'>intus</span> <span class='ocrx_word' id='word_1_594' title='bbox 185 2975 242 3004; x_wconf 89' lang='lat' dir='ltr'>est</span> <span class='ocrx_word' id='word_1_595' title='bbox 253 2995 264 3014; x_wconf 89' lang='lat'>‚</span> <span class='ocrx_word' id='word_1_596' title='bbox 281 2967 400 3004; x_wconf 92' lang='lat' dir='ltr'>sedin</span> <span class='ocrx_word' id='word_1_597' title='bbox 414 2976 551 3004; x_wconf 88' lang='lat' dir='ltr'>ventre</span> <span class='ocrx_word' id='word_1_598' title='bbox 567 2967 726 3005; x_wconf 87' lang='lat' dir='ltr'>forsitan</span> <span class='ocrx_word' id='word_1_599' title='bbox 738 2997 748 3014; x_wconf 95' lang='lat'>,</span> <span class='ocrx_word' id='word_1_600' title='bbox 763 2976 827 3004; x_wconf 89' lang='lat' dir='ltr'>aut</span> <span class='ocrx_word' id='word_1_601' title='bbox 842 2966 912 3004; x_wconf 88' lang='lat' dir='ltr'>sub</span> <span class='ocrx_word' id='word_1_602' title='bbox 930 2975 1075 3004; x_wconf 84' lang='lat' dir='ltr'>ventre.</span> 
     </span>
     <span class='ocr_line' id='line_1_83' title="bbox 69 3027 1079 3078; baseline 0.001 -15"><span class='ocrx_word' id='word_1_603' title='bbox 69 3027 246 3077; x_wconf 85' lang='lat' dir='ltr'>Denique</span> <span class='ocrx_word' id='word_1_604' title='bbox 260 3035 299 3064; x_wconf 93' lang='lat' dir='ltr'>et</span> <span class='ocrx_word' id='word_1_605' title='bbox 312 3027 464 3065; x_wconf 87' lang='lat' dir='ltr'>animus</span> <span class='ocrx_word' id='word_1_606' title='bbox 477 3027 735 3078; x_wconf 89' lang='lat' dir='ltr'>quorumdam</span> <span class='ocrx_word' id='word_1_607' title='bbox 748 3028 786 3064; x_wconf 90' lang='lat' dir='ltr'>in</span> <span class='ocrx_word' id='word_1_608' title='bbox 802 3027 942 3078; x_wconf 90' lang='lat' dir='ltr'>patinis</span> <span class='ocrx_word' id='word_1_609' title='bbox 954 3057 964 3075; x_wconf 92' lang='lat'>‚</span> <span class='ocrx_word' id='word_1_610' title='bbox 979 3041 1079 3078; x_wconf 91' lang='lat' dir='ltr'>quo-</span> 
     </span>
     <span class='ocr_line' id='line_1_84' title="bbox 71 3086 1079 3125; baseline 0 -2"><span class='ocrx_word' id='word_1_611' title='bbox 71 3086 243 3124; x_wconf 86' lang='lat' dir='ltr'>rumdam</span> <span class='ocrx_word' id='word_1_612' title='bbox 260 3087 299 3123; x_wconf 92' lang='lat' dir='ltr'>in</span> <span class='ocrx_word' id='word_1_613' title='bbox 320 3087 457 3124; x_wconf 92' lang='lat' dir='ltr'>loculis</span> <span class='ocrx_word' id='word_1_614' title='bbox 476 3087 686 3125; x_wconf 82' lang='lat' dir='ltr'>invenitur.</span> <span class='ocrx_word' id='word_1_615' title='bbox 716 3088 787 3124; x_wconf 70' lang='lat' dir='ltr'>Ubi</span> <span class='ocrx_word' id='word_1_616' title='bbox 807 3097 863 3124; x_wconf 83' lang='lat' dir='ltr'>est</span> <span class='ocrx_word' id='word_1_617' title='bbox 883 3088 1079 3123; x_wconf 78' lang='lat' dir='ltr'>thesaurus</span> 
     </span>
     <span class='ocr_line' id='line_1_85' title="bbox 71 3146 1079 3197; baseline 0.001 -15"><span class='ocrx_word' id='word_1_618' title='bbox 71 3155 175 3191; x_wconf 79' lang='lat' dir='ltr'>tuus,</span> <span class='ocrx_word' id='word_1_619' title='bbox 203 3147 350 3197; x_wconf 86' lang='lat' dir='ltr'>inquit,</span> <span class='ocrx_word' id='word_1_620' title='bbox 373 3146 426 3184; x_wconf 79' lang='lat' dir='ltr'>ibi</span> <span class='ocrx_word' id='word_1_621' title='bbox 452 3157 508 3184; x_wconf 81' lang='lat' dir='ltr'>est</span> <span class='ocrx_word' id='word_1_622' title='bbox 536 3157 572 3184; x_wconf 84' lang='lat' dir='ltr'>et</span> <span class='ocrx_word' id='word_1_623' title='bbox 599 3162 662 3184; x_wconf 86' lang='lat' dir='ltr'>cor</span> <span class='ocrx_word' id='word_1_624' title='bbox 687 3157 792 3184; x_wconf 80' lang='lat' dir='ltr'>tuum</span> <span class='ocrx_word' id='word_1_625' title='bbox 809 3153 835 3184; x_wconf 78' lang='lat'>2.</span> <span class='ocrx_word' id='word_1_626' title='bbox 864 3147 966 3196; x_wconf 92' lang='lat' dir='ltr'>Quid</span> <span class='ocrx_word' id='word_1_627' title='bbox 986 3159 1079 3183; x_wconf 67' lang='lat' dir='ltr'>vero</span> 
     </span>
     <span class='ocr_line' id='line_1_86' title="bbox 73 3206 1078 3257; baseline 0.001 -14"><span class='ocrx_word' id='word_1_628' title='bbox 73 3206 232 3253; x_wconf 89' lang='lat' dir='ltr'>mirum,</span> <span class='ocrx_word' id='word_1_629' title='bbox 259 3206 289 3243; x_wconf 90' lang='lat' dir='ltr'>si</span> <span class='ocrx_word' id='word_1_630' title='bbox 309 3206 506 3257; x_wconf 89' lang='lat' dir='ltr'>propriam</span> <span class='ocrx_word' id='word_1_631' title='bbox 527 3207 685 3244; x_wconf 90' lang='lat' dir='ltr'>minime</span> <span class='ocrx_word' id='word_1_632' title='bbox 707 3208 844 3244; x_wconf 90' lang='lat' dir='ltr'>sentiat</span> <span class='ocrx_word' id='word_1_633' title='bbox 865 3207 991 3244; x_wconf 81' lang='lat' dir='ltr'>anima</span> <span class='ocrx_word' id='word_1_634' title='bbox 1012 3207 1078 3243; x_wconf 88' lang='lat' dir='ltr'>lae-</span> 
     </span>
    </p>
   </div>
   <div class='ocr_carea' id='block_1_19' title="bbox 123 3342 721 3379">
    <p class='ocr_par' dir='ltr' id='par_1_20' title="bbox 123 3342 721 3379">
     <span class='ocr_line' id='line_1_87' title="bbox 123 3342 721 3379; baseline 0.003 -7"><span class='ocrx_word' id='word_1_635' title='bbox 123 3347 132 3362; x_wconf 82' lang='lat'>¹</span> <span class='ocrx_word' id='word_1_636' title='bbox 150 3342 229 3373; x_wconf 89' lang='lat' dir='ltr'>Psal.</span> <span class='ocrx_word' id='word_1_637' title='bbox 246 3352 283 3379; x_wconf 84' lang='lat' dir='ltr'>x,</span> <span class='ocrx_word' id='word_1_638' title='bbox 311 3347 343 3373; x_wconf 85' lang='grc'><strong>6.</strong></span> <span class='ocrx_word' id='word_1_639' title='bbox 372 3360 415 3364; x_wconf 91' lang='lat'>—-</span> <span class='ocrx_word' id='word_1_640' title='bbox 433 3348 445 3364; x_wconf 85' lang='lat'>²</span> <span class='ocrx_word' id='word_1_641' title='bbox 462 3342 648 3379; x_wconf 61' lang='lat' dir='ltr'>Mamm-1,</span> <span class='ocrx_word' id='word_1_642' title='bbox 669 3346 721 3374; x_wconf 81' lang='lat'>21.</span> 
     </span>
    </p>
   </div>
   <div class='ocr_carea' id='block_1_20' title="bbox 1144 2662 2143 2776">
    <p class='ocr_par' dir='ltr' id='par_1_21' title="bbox 1144 2662 2143 2776">
     <span class='ocr_line' id='line_1_88' title="bbox 1145 2662 2143 2707; baseline -0.004 -3"><span class='ocrx_word' id='word_1_643' title='bbox 1145 2668 1259 2704; x_wconf 82' lang='lat' dir='ltr'>etiam</span> <span class='ocrx_word' id='word_1_644' title='bbox 1294 2666 1449 2703; x_wconf 83' lang='lat' dir='ltr'>afflictio</span> <span class='ocrx_word' id='word_1_645' title='bbox 1477 2664 1600 2701; x_wconf 85' lang='lat' dir='ltr'>carnis</span> <span class='ocrx_word' id='word_1_646' title='bbox 1626 2662 1831 2699; x_wconf 88' lang='lat' dir='ltr'>terminari.</span> <span class='ocrx_word' id='word_1_647' title='bbox 1862 2665 1974 2707; x_wconf 82' lang='lat' dir='ltr'>Haec,</span> <span class='ocrx_word' id='word_1_648' title='bbox 2010 2663 2143 2700; x_wconf 85' lang='lat' dir='ltr'>fratres</span> 
     </span>
     <span class='ocr_line' id='line_1_89' title="bbox 1144 2721 2085 2776; baseline -0.006 -11"><span class='ocrx_word' id='word_1_649' title='bbox 1144 2728 1240 2773; x_wconf 87' lang='lat' dir='ltr'>mei,</span> <span class='ocrx_word' id='word_1_650' title='bbox 1265 2727 1329 2776; x_wconf 88' lang='lat' dir='ltr'>qui</span> <span class='ocrx_word' id='word_1_651' title='bbox 1352 2734 1486 2776; x_wconf 69' lang='lat' dir='ltr'>pavet,</span> <span class='ocrx_word' id='word_1_652' title='bbox 1509 2732 1633 2769; x_wconf 74' lang='lat' dir='ltr'>cavet3</span> <span class='ocrx_word' id='word_1_653' title='bbox 1654 2723 1719 2776; x_wconf 89' lang='lat' dir='ltr'>qui</span> <span class='ocrx_word' id='word_1_654' title='bbox 1739 2721 1913 2772; x_wconf 73' lang='lat' dir='ltr'>negligit,</span> <span class='ocrx_word' id='word_1_655' title='bbox 1940 2721 2085 2759; x_wconf 86' lang='lat' dir='ltr'>incidit.</span> 
     </span>
    </p>
   </div>
   <div class='ocr_carea' id='block_1_21' title="bbox 1526 2848 1774 2887">
    <p class='ocr_par' dir='ltr' id='par_1_22' title="bbox 1526 2848 1774 2887">
     <span class='ocr_line' id='line_1_90' title="bbox 1526 2848 1774 2887; baseline -0.012 0"><span class='ocrx_word' id='word_1_656' title='bbox 1526 2848 1702 2887; x_wconf 65' lang='lat' dir='ltr'>CAPUT</span> <span class='ocrx_word' id='word_1_657' title='bbox 1724 2848 1774 2885; x_wconf 66' lang='lat' dir='ltr'>V.</span> 
     </span>
    </p>
   </div>
   <div class='ocr_carea' id='block_1_22' title="bbox 1145 2971 2150 3066">
    <p class='ocr_par' dir='ltr' id='par_1_23' title="bbox 1145 2971 2150 3066">
     <span class='ocr_line' id='line_1_91' title="bbox 1145 2971 2150 3018; baseline -0.004 -10"><span class='ocrx_word' id='word_1_658' title='bbox 1145 2977 1240 3018; x_wconf 89' lang='lat' dir='ltr'>Quod</span> <span class='ocrx_word' id='word_1_659' title='bbox 1262 2976 1371 3007; x_wconf 65' lang='lat' dir='ltr'>vermis</span> <span class='ocrx_word' id='word_1_660' title='bbox 1390 2972 1583 3015; x_wconf 80' lang='lat' dir='ltr'>conscientiae</span> <span class='ocrx_word' id='word_1_661' title='bbox 1599 2972 1632 3002; x_wconf 90' lang='grc'>111</span> <span class='ocrx_word' id='word_1_662' title='bbox 1656 2971 1800 3014; x_wconf 83' lang='lat' dir='ltr'>praesenti</span> <span class='ocrx_word' id='word_1_663' title='bbox 1817 2971 1924 3002; x_wconf 83' lang='lat' dir='ltr'>sentiri</span> <span class='ocrx_word' id='word_1_664' title='bbox 1948 2982 1984 3003; x_wconf 89' lang='lat' dir='ltr'>ac</span> <span class='ocrx_word' id='word_1_665' title='bbox 2004 2972 2150 3005; x_wconf 65' lang='lat' dir='ltr'>suffocari</span> 
     </span>
     <span class='ocr_line' id='line_1_92' title="bbox 1239 3024 2051 3066; baseline -0.004 -6"><span class='ocrx_word' id='word_1_666' title='bbox 1239 3029 1331 3060; x_wconf 87' lang='lat' dir='ltr'>debet</span> <span class='ocrx_word' id='word_1_667' title='bbox 1341 3053 1348 3066; x_wconf 93' lang='lat'>‚</span> <span class='ocrx_word' id='word_1_668' title='bbox 1367 3038 1430 3058; x_wconf 85' lang='grc'><strong>11011</strong></span> <span class='ocrx_word' id='word_1_669' title='bbox 1443 3026 1475 3057; x_wconf 89' lang='grc'>111</span> <span class='ocrx_word' id='word_1_670' title='bbox 1490 3025 1750 3057; x_wconf 82' lang='lat' dir='ltr'>immortalitatem</span> <span class='ocrx_word' id='word_1_671' title='bbox 1766 3024 1863 3056; x_wconf 69' lang='lat' dir='ltr'>foveri</span> <span class='ocrx_word' id='word_1_672' title='bbox 1877 3036 1911 3056; x_wconf 87' lang='lat' dir='ltr'>ac</span> <span class='ocrx_word' id='word_1_673' title='bbox 1930 3026 2051 3057; x_wconf 84' lang='lat' dir='ltr'>nutriri.</span> 
     </span>
    </p>
   </div>
   <div class='ocr_carea' id='block_1_23' title="bbox 1149 3137 2147 3250">
    <p class='ocr_par' dir='ltr' id='par_1_24' title="bbox 1149 3137 2147 3250">
     <span class='ocr_line' id='line_1_93' title="bbox 1202 3137 2147 3190; baseline -0.007 -10"><span class='ocrx_word' id='word_1_674' title='bbox 1202 3144 1235 3180; x_wconf 79' lang='lat'>7.</span> <span class='ocrx_word' id='word_1_675' title='bbox 1259 3146 1311 3180; x_wconf 72' lang='lat' dir='ltr'>[t</span> <span class='ocrx_word' id='word_1_676' title='bbox 1327 3153 1417 3190; x_wconf 80' lang='lat' dir='ltr'>ergo</span> <span class='ocrx_word' id='word_1_677' title='bbox 1438 3138 1638 3176; x_wconf 87' lang='lat' dir='ltr'>redeamus</span> <span class='ocrx_word' id='word_1_678' title='bbox 1658 3138 1706 3175; x_wconf 89' lang='lat' dir='ltr'>ad</span> <span class='ocrx_word' id='word_1_679' title='bbox 1726 3150 1859 3174; x_wconf 78' lang='lat' dir='ltr'>vocem</span> <span class='ocrx_word' id='word_1_680' title='bbox 1880 3137 1981 3174; x_wconf 90' lang='lat' dir='ltr'>uude</span> <span class='ocrx_word' id='word_1_681' title='bbox 1997 3150 2147 3187; x_wconf 85' lang='lat' dir='ltr'>proces-</span> 
     </span>
     <span class='ocr_line' id='line_1_94' title="bbox 1149 3196 2145 3250; baseline -0.008 -10"><span class='ocrx_word' id='word_1_682' title='bbox 1149 3203 1265 3241; x_wconf 87' lang='lat' dir='ltr'>simus</span> <span class='ocrx_word' id='word_1_683' title='bbox 1287 3217 1294 3238; x_wconf 86' lang='lat'>:</span> <span class='ocrx_word' id='word_1_684' title='bbox 1317 3199 1473 3250; x_wconf 79' lang='lat' dir='ltr'>expedit</span> <span class='ocrx_word' id='word_1_685' title='bbox 1502 3198 1613 3236; x_wconf 90' lang='lat' dir='ltr'>nobis</span> <span class='ocrx_word' id='word_1_686' title='bbox 1639 3199 1813 3249; x_wconf 86' lang='lat' dir='ltr'>profecto</span> <span class='ocrx_word' id='word_1_687' title='bbox 1841 3197 1962 3234; x_wconf 83' lang='lat' dir='ltr'>redire</span> <span class='ocrx_word' id='word_1_688' title='bbox 1989 3196 2033 3233; x_wconf 87' lang='lat' dir='ltr'>ad</span> <span class='ocrx_word' id='word_1_689' title='bbox 2061 3210 2145 3243; x_wconf 68' lang='lat' dir='ltr'>cor,</span> 
     </span>
    </p>
   </div>
  </div>
 </body>
</html>
