2565 3952
72 162 145 201 425

993 155 1257 190 EPISTOLAE.

2094 154 2170 191 426

1133 230 1386 269 ⁹confidimus
1404 230 1572 268 liberari.
1604 234 1769 269 Tantum
1789 231 1886 269 adsit
1914 233 2059 282 pietas;
2084 247 2172 270 nam

43 300 48 303 ·
71 308 1087 327 ....................................................................
1101 292 1129 325 Α
1153 292 1310 329 facultas
1324 305 1404 329 non
1418 292 1536 329 deest.
1550 295 1598 330 Et
1609 292 1766 343 quidem
1782 306 1828 329 ex
1844 293 2048 343 privilegio
2066 293 2173 331 Sedis

185 406 565 465 EPISTOLA
618 401 961 463 CXCVIII?

227 559 275 581 AD
291 556 475 581 DOMINUM
501 555 622 578 PAPAM
644 555 921 579 INNOCENTIUM.

72 665 247 701 Guidonem
262 676 280 696 a
296 665 325 696 vi
340 670 371 696 et
383 663 503 706 injuriis
524 662 720 706 oppressoris
738 662 888 694 vindicari
904 669 1004 706 rogat.
1028 664 1085 696 Ni-

116 721 160 754 hil
175 731 263 764 aeque
281 720 392 752 decere
412 729 571 751 summum
584 719 729 751 Ecclesiae
750 719 919 750 Praesulem
932 730 969 751 ae
983 720 1086 752 zelum

112 777 252 821 justitiae,

127 891 159 931 1'.
186 895 231 929 In
263 903 386 928 causae
408 890 580 936 actione,
608 903 694 940 quae
717 903 786 940 per
819 890 1085 929 charissimum

74 955 232 992 fratrem
252 960 428 989 nostrum
445 950 892 989 GuidonemChari-Loci
907 951 1085 989 abbatem

74 1022 200 1052 vestro
220 1013 446 1062 conspectui
464 1020 733 1063 praesentatur,
750 1021 846 1062 puto
868 1013 956 1050 satis
974 1027 1089 1065 appa-

1152 353 1375 402 apostolicae
1391 360 1562 400 constat,
1581 366 1770 390 summam
1792 366 1922 389 rerum
1941 353 1988 390 ad
2005 362 2174 390 vestram

1152 412 1397 463 potissimum
1439 413 1632 463 respicere
1671 426 1860 450 summam
1905 413 2173 450 auctoritatem

1153 480 1191 508 et
1216 473 1428 522 plenariam
1451 481 1694 523 potestatem.
1716 477 1859 509 Verum
1881 472 1954 508 hoc
1975 473 2076 508 inter
2103 484 2176 507 cae—

1157 540 1238 568 tera
1259 533 1378 569 vestri
1396 533 1598 583 singularis
1614 534 1804 584 primatus
1821 533 1983 582 insignia
1995 562 2004 579 ,
2024 532 2176 582 specia-

1155 593 1228 630 lius
1249 592 1496 644 nobiliusque
1514 593 1694 631 nobilitat
1716 603 1909 639 vestrum,
1934 601 1972 630 et
1987 593 2177 642 inclytum

1156 654 1283 691 reddit
1300 656 1558 705 apostolatum
1570 686 1579 703 ‚
1599 656 1629 692 si
1642 655 1789 706 eripitis
1807 668 2019 705 pauperem
2035 653 2081 691 de
2099 667 2178 690 ma-

1155 727 1208 751 nu
1232 715 1436 752 fortiorum
1458 715 1553 765 ejus.
1576 717 1689 754 Nulla
1706 729 1792 753 meo
1811 715 1959 766 judicio
1975 716 2015 752 in
2031 727 2177 752 corona

1154 785 1281 813 vestra
1301 777 1510 827 pretiosior
1530 791 1681 828 gemma
1714 779 1796 815 zelo
1822 779 1889 814 illo
1909 786 2039 814 vestro
2056 806 2065 823 ,
2097 789 2175 825 quo

1153 837 1327 873 aemulari
1346 838 1601 875 consuevistis
1619 851 1826 888 oppressos
1839 867 1848 884 ,
1872 851 1944 874 nec
1960 836 2178 886 relinquitis

1157 898 1304 948 virgam
1338 908 1587 949 peccatorum
1619 914 1736 951 super
1765 909 1908 937 sortem
1947 898 2142 949 justorum
2168 913 2176 934 z

1158 960 1340 997 nimirum
1366 970 1529 1012 propter
1551 961 1644 999 illud
1675 962 1781 1012 quod
1800 961 1997 1012 sequitur,
2026 962 2073 996 L'c
2098 974 2173 996 non

1159 1025 1370 1059 extendant
1378 1024 1476 1069 jmti
1492 1026 1546 1060 ml
1564 1028 1803 1072 iniquitatem
1819 1037 1955 1059 manus
1975 1036 2062 1059 suas
2074 1029 2100 1069 ¹3
2115 1022 2176 1058 vel

62 1082 131 1112 ‘ret
149 1081 187 1110 et
203 1072 422 1110 laceSSeDtiS
442 1071 603 1122 iflle'iss’
633 1080 671 1108 et
691 1072 914 1110 innocentia
939 1074 1092 1123 Patiffll-
1114 1082 1141 1116 B
1161 1091 1323 1133 propter
1339 1084 1432 1121 illud
1451 1085 1557 1135 quod
1578 1084 1668 1121 alibi
1689 1084 1850 1129 dicitur,
1879 1086 1981 1130 Quia
2004 1085 2092 1119 (lum
2116 1097 2179 1119 szc-

76 1135 141 1182 tis‚
178 1143 216 1172 et
248 1134 397 1171 incuria
422 1133 577 1183 judicis.
612 1134 788 1183 Denique
818 1134 1002 1171 violentia
1026 1148 1088 1172 ca-

73 1196 317 1241 lumniantis,
349 1203 388 1232 et
419 1195 552 1245 inopia
582 1193 741 1243 justitiae
780 1196 1003 1245 compulsus
1031 1205 1089 1234 est

72 1270 218 1310 pauper
234 1256 448 1305 confugere
470 1255 518 1292 ad
538 1264 706 1291 vestram
725 1257 969 1306 praesentiam
982 1287 991 1303 ‚
1008 1271 1088 1294 non

72 1326 252 1370 reputans
273 1316 447 1354 laborem
468 1316 561 1363 viae,
589 1329 670 1352 non
690 1329 898 1366 expensas,
921 1331 999 1354 non
1019 1332 1089 1369 pe-

72 1380 231 1419 riculum
280 1377 478 1428 temporis.
525 1377 642 1414 Dedit
682 1391 818 1415 manus
864 1379 1000 1425 morti,
1040 1393 1088 1417 ne

72 1442 171 1481 vivat
200 1440 241 1477 in
267 1437 562 1490 perturbatione
580 1467 590 1486 ,
623 1438 766 1489 quietis
800 1448 960 1477 amator.
1001 1441 1088 1479 Cle-

73 1510 239 1547 menter,
284 1513 440 1551 quaeso,
475 1499 654 1550 respicite
692 1513 809 1550 super
848 1513 1012 1551 egenum
1051 1510 1089 1539 et

72 1556 278 1616 pauperem
316 1576 325 1598 ε
357 1574 406 1598 ne
438 1561 581 1598 frustra
613 1561 750 1598 vestris
778 1562 948 1611 paternis
978 1563 1086 1600 auri-

74 1624 141 1663 bus
174 1623 373 1660 intimatus
411 1622 459 1659 sit
504 1622 739 1659 tantillarum
777 1622 918 1659 virium
957 1631 1085 1661 tantus

72 1684 179 1724 labor
197 1692 236 1721 et
254 1683 379 1720 dolor.
403 1683 503 1722 Olim
530 1696 602 1734 per
627 1683 808 1733 epistolas
830 1684 947 1720 semel
969 1692 1007 1721 et
1025 1698 1085 1721 se—

73 1745 196 1784 cundo
225 1744 449 1782 testificatus
479 1757 562 1781 sum
592 1743 704 1781 vobis
734 1743 781 1780 de
811 1744 969 1781 homine
996 1745 1084 1793 illo,

74 1806 137 1858 qui
155 1805 242 1843 huic
259 1805 376 1842 modo
397 1804 677 1851 calumniatur,
699 1804 805 1855 quod
836 1805 895 1842 sui
929 1814 1029 1843 esset
1048 1815 1086 1843 et

1973 1160 1981 1181 :
2015 1153 2052 1181 et
2073 1143 2176 1181 unde

1157 1205 1253 1241 alter
1275 1214 1479 1255 torquetur
1498 1207 1538 1243 in
1572 1220 1756 1256 corpore,
1776 1206 1866 1242 inde
1897 1206 1992 1242 alter
2023 1206 2177 1255 gravius

1156 1264 1194 1300 in
1217 1266 1344 1302 anima
1361 1267 1474 1316 perit.

1149 1144 1279 1193 perbic
1314 1147 1478 1194 impius,
1514 1148 1729 1181 incenditur
1755 1150 1938 1194 pompei-²

1211 1327 1246 1363 3.
1271 1330 1337 1364 Est
1370 1328 1460 1364 item
1491 1328 1770 1364 monasterium
1803 1327 1850 1364 de
1876 1336 2010 1364 nostro
2032 1327 2177 1365 Ordine

1155 1386 1325 1424 vicinum
1348 1387 1457 1434 huic,
1492 1388 1597 1438 quod
1630 1389 1820 1425 malorum
1845 1388 2020 1425 similiter
2050 1388 2180 1425 homi-

1155 1461 1247 1484 num
1270 1449 1376 1498 gravi
1395 1449 1642 1487 infestatione
1665 1458 1847 1496 rexatur,
1872 1458 1909 1487 et
1935 1462 2014 1486 non
2037 1459 2094 1487 est
2113 1451 2181 1501 qui

1156 1508 1342 1557 redimat,
1362 1524 1489 1561 neque
1510 1512 1577 1561 qui
1605 1512 1752 1548 salvum
1784 1510 1909 1548 faciat.
1944 1514 1991 1548 Et
2011 1525 2084 1562 pro
2104 1512 2179 1549 hoc

1156 1583 1314 1620 quoque
1342 1584 1439 1621 puer
1459 1580 1587 1609 vester
1607 1580 1767 1622 paterna
1794 1579 1922 1608 vestra
1946 1572 2092 1609 viscera
2123 1573 2179 1609 la-

1154 1631 1341 1679 crymosis
1368 1631 1547 1682 precibus
1569 1641 1778 1669 concutere
1803 1645 1882 1668 non
1907 1641 2077 1669 veretur.
2104 1634 2179 1681 Qui

1152 1691 1208 1728 illi
1230 1692 1306 1728 sint
1325 1692 1521 1740 homines,
1550 1707 1686 1744 quaeve
1718 1693 1869 1730 occasio
1898 1693 2177 1741 calumniandi,

1154 1754 1402 1802 praesentium
1423 1754 1524 1791 lator
1541 1754 1660 1791 abbas
1689 1755 1816 1791 veraci
1838 1763 1876 1791 et
1893 1754 1981 1791 viva
2004 1767 2099 1791 voce
2118 1768 2178 1791 re-

1154 1814 1251 1851 seret
1267 1814 1392 1852 vobis.
1410 1819 1514 1853 Deus
1533 1816 1784 1866 omnipotens
1805 1829 1874 1852 vos
1891 1814 2003 1852 nobis
2019 1829 2177 1852 conser-

74 1867 339 1920 praeval'icatol'
361 1866 576 1917 propositi,
604 1875 642 1904 et
664 1867 887 1904 mOUssStffl'ii
918 1867 1084 1919 dissipa-
1104 1876 1131 1912 C
1155 1883 1218 1913 vet
1252 1877 1375 1926 longis
1412 1877 1676 1928 temporibus,
1715 1877 1762 1914 ad
1796 1886 1968 1914 nostram
2003 1878 2179 1915 omnium

74 1937 133 1966 tor
145 1928 176 1965 *.
196 1931 308 1966 Nunc
329 1935 457 1964 autem
477 1934 516 1964 et
544 1927 640 1965 flens
661 1926 747 1964 dico
768 1928 967 1965 inimicum
989 1943 1080 1966 cru-

74 1989 124 2027 cis
142 1988 298 2035 Christi,
320 1986 541 2025 sanctorum
562 1988 629 2038 qui
647 1988 685 2024 in
704 1988 867 2026 circuitu
886 1988 967 2038 ejus
981 1999 1083 2037 sunt,

73 2048 385 2088 violentissimum
424 2062 695 2099 oppressorem
710 2079 720 2096 ,
758 2058 796 2086 et
831 2050 1085 2089 calumniato-

75 2124 151 2149 rem
178 2123 394 2161 pauperum
431 2124 438 2146 :
465 2109 532 2159 qui
567 2110 725 2160 propria
753 2109 833 2159 jam
873 2124 973 2160 pene
1006 2126 1086 2149 non

74 2170 211 2209 habens
235 2184 321 2221 quae
341 2169 523 2215 devoret,
555 2170 595 2206 in
617 2170 796 2220 proxima
815 2171 955 2220 passim
978 2185 1086 2210 more

66 2229 268 2281 ‘tyrannico
322 2228 594 2266 debacchatur.
654 2229 889 2266 Monachum
946 2229 1082 2268 habitu

76 2292 276 2338 mentiens,
308 2304 350 2328 re
385 2289 542 2327 exhibet
575 2302 697 2326 unum
734 2289 780 2326 de
808 2290 1080 2340 praedonibus,

76 2353 227 2390 omnino
247 2353 452 2389 immemor
473 2350 707 2400 regularium
739 2349 1055 2388 observationum
1071 2381 1081 2398 ‚

75 2413 195 2465 legum
215 2425 487 2462 canonumque
511 2420 770 2461 contemptor.
803 2415 1016 2449 Frontosus
1037 2413 1085 2450 ad

76 2475 340 2517 verecundiam
353 2503 363 2521 ‚
388 2473 607 2510 insensatus
628 2472 676 2509 ad
696 2480 861 2520 metum,
888 2472 1084 2510 inflexibi-

77 2535 120 2573 lis
147 2536 194 2574 ad
224 2537 426 2587 pietatem,
453 2533 501 2571 ad
529 2534 625 2571 iram
658 2546 832 2584 praeceps
850 2562 859 2579 ,
888 2533 1015 2570 audax
1038 2535 1085 2572 ad

77 2595 228 2643 facinus,
250 2608 399 2647 pronus
419 2594 467 2631 ad
486 2593 660 2644 injurias.
680 2598 727 2632 Et
745 2595 866 2631 miror
883 2595 1085 2644 quomodo

77 2657 133 2695 vir
159 2658 354 2708 religiosus
377 2655 496 2693 abbas
522 2656 716 2694 Casae-Dei
734 2655 773 2692 in
797 2655 988 2692 monacho
1015 2670 1086 2694 suo

79 2725 134 2755 tot
152 2727 188 2756 et
206 2727 311 2756 tanta
330 2717 425 2754 vitia
453 2725 520 2753 aut
547 2716 727 2766 ignorare
748 2716 892 2767 possit,
917 2725 984 2753 aut
1007 2717 1087 2755 dis·
1103 2711 1137 2745 D

79 2779 262 2819 simulare.

131 2841 166 2879 2.
181 2842 253 2880 Sed
274 2843 321 2881 de
340 2844 414 2882 hoc
430 2844 523 2895 quid
539 2844 587 2882 ad
606 2845 707 2881 nos?
722 2845 804 2894 ipse
820 2843 962 2881 viderit
978 2858 985 2880 :
1007 2842 1089 2893 ipse

80 2913 147 2939 suo
162 2901 315 2940 domino
332 2913 406 2942 stat
426 2914 493 2943 aut
513 2905 627 2942 cadit.
643 2904 761 2943 Nobis
777 2905 919 2941 sufficit
933 2902 1090 2941 liberari

81 2959 126 2998 de
148 2963 322 3002 manibus
342 2964 438 3015 ejus.
472 2971 507 3004 A
525 2965 639 3003 vobis
659 2965 698 3002 id
719 2965 955 3002 omnimodis
983 2963 1092 3013 flagi-

81 3029 218 3070 mmm,
239 3025 343 3074 quod
363 3026 519 3064 aliunde
539 3026 682 3063 Frustra
699 3033 885 3062 tentatum
913 3033 981 3062 est.
1009 3024 1093 3062 Cir-

83 3086 377 3134 cumspeximus,
398 3096 436 3125 et
458 3101 538 3125 non
561 3095 644 3124 erat
673 3087 891 3124 auxiliator.
922 3089 1092 3122 Ventum

83 3151 137 3181 est
154 3145 200 3182 ad
215 3159 420 3186 commune
436 3148 627 3199 refugium
646 3163 653 3185 :
676 3148 743 3185 illo
762 3147 1026 3197 confugimus,
1040 3145 1095 3183 ibi

130 3277 141 3293 ¹
159 3273 239 3306 Psal.
256 3287 369 3316 cxxiv,
395 3281 427 3310 3.
446 3296 490 3300 -—
510 3284 522 3300 ²
540 3278 698 3315 Psal'.1x‚
720 3280 778 3310 23.
801 3296 838 3300 —
864 3273 877 3297 3
896 3279 972 3308 Luc.
992 3289 1022 3315 1,
1043 3280 1100 3309 74.

130 3334 144 3352 ³
161 3332 278 3377 Scripta
295 3345 377 3367 auno
398 3336 512 3370 Christi
533 3340 636 3370 1141,
656 3356 701 3361 -—
722 3338 737 3358 b
760 3337 882 3380 Scripta
895 3336 1005 3368 eodem
1027 3347 1123 3368 auno.

1152 1938 1454 1987 protectionem,
1476 1939 1542 1989 qui
1564 1939 1602 1975 in
1624 1938 1757 1975 habitu
1777 1948 1814 1975 et
1835 1939 2038 1989 proposito
2057 1939 2179 1990 poeni-

1154 1999 1281 2036 tentiae
1298 2013 1511 2050 pauperem
1525 2001 1643 2037 vitam
1663 2000 1840 2037 ducimus
1860 2016 1867 2037 :
1888 2009 1930 2037 ut
1943 2001 2024 2037 sine
2040 2001 2177 2038 timore

1154 2060 1201 2097 de
1222 2074 1339 2098 manu
1368 2061 1616 2099 inimicorum
1639 2071 1863 2099 nostrorum
1886 2062 2062 2109 liberati,
2094 2076 2177 2100 ser-

1154 2122 1304 2159 viamus
1325 2120 1418 2159 illi3.

1154 2267 2181 2281 ====================================================================

1302 2397 1681 2456 EPISTOLA
1734 2394 2030 2460 CJxCJXJ’

1542 2557 1590 2578 AD
1623 2557 1797 2581 EI‘MDEM.

1570 2632 1654 2658 Unde
1682 2641 1781 2665 supra.

1156 2738 1259 2777 Rogat
1280 2735 1468 2766 sententiani
1493 2747 1552 2779 pro
1577 2736 1743 2779 Religiosis
1768 2737 1875 2780 inique
1898 2742 2054 2783 oppressis
2084 2744 2179 2777 latam

1229 2789 1427 2828 confirmari,
1447 2801 1507 2822 nec
1526 2790 1656 2822 ulterius
1673 2802 1764 2823 aures
1781 2793 1914 2835 praeberi
1929 2796 2104 2831 calumniis.

1211 2906 1427 2953 Usquequo
1451 2912 1489 2940 et
1515 2905 1693 2955 superbit
1714 2906 1878 2957 impius,
1899 2917 1937 2946 et
1956 2910 2181 2949 incenditur

1160 2965 1343 3014 pauper?
1374 2977 1576 3015 usquequo
1607 2980 1628 3003 a
1661 2975 1766 3004 tanta
1796 2968 2037 3020 impudentia
2068 2973 2182 3010 inno-

1160 3025 1285 3061 centia
1307 3032 1410 3061 tanta
1442 3035 1628 3074 vexatur,
1652 3037 1689 3064 et
1709 3028 1783 3065 hoc
1803 3030 1893 3067 vivo
1917 3033 2147 3071 Innocentio
2166 3036 2180 3071 Ρ

1161 3088 1322 3122 Peccata
1355 3085 1434 3123 sine
1464 3085 1584 3124 dubio
1619 3097 1750 3126 nostra
1774 3089 1848 3127 hoc
1876 3092 2046 3139 faciunt,
2076 3094 2181 3143 quod

1162 3145 1346 3184 dominus
1383 3161 1491 3185 meus
1533 3156 1610 3186 tam
1637 3163 1723 3188 sero
1755 3151 1920 3190 advertit
1959 3155 2185 3192 mentientes
