2517 3936
0 3143 6 3162 k
19 3142 22 3155 Ι

23 3479 29 3671 l

3 3714 32 3927 ..i

96 191 194 229 1377

91 283 138 307 ex
156 268 278 307 libero
295 269 455 307 arbitrio
472 299 482 316 ,
505 283 583 307 non
605 271 718 307 ctiam
741 283 852 321 posse
870 269 975 320 quod
996 267 1128 305 volu-⁶

556 193 842 229 TRACTATL'S
874 193 938 227 DE
967 193 1154 230 GRATIA
1185 192 1243 226 ET
1274 192 1451 226 LIBERO
1483 194 1727 229 mimimo.

2084 201 2181 237 1:378

1136 267 1164 285 ¹⁰
1175 280 1261 304 nam
1277 268 1525 303 voluntatem.
1539 271 1659 304 Porro
1672 268 1812 306 bonam
1830 273 1928 318 lacit,
1944 276 2008 324 qui
2023 276 2180 316 liberam

90 343 187 367 mus.
210 333 296 367 Non
314 330 400 367 dico
419 330 516 367 velle
535 329 682 367 bonum
697 360 705 375 ,
725 339 790 368 aut
816 331 912 368 velle
935 330 1075 367 malum
1096 344 1103 366 :
1128 330 1160 363 A
1177 327 1287 374 secit3
1311 336 1349 364 et
1374 327 1421 363 ad
1444 327 1517 363 hoc
1537 326 1676 363 bonam
1693 357 1701 373 ,
1725 338 1767 365 ut
1797 331 1912 369 simus
1936 335 2084 374 initium
2106 339 2178 375 ali—

89 389 155 427 sed
183 398 329 427 tantum
358 390 468 426 velle.
491 390 596 427 Velle
624 391 764 428 etenim
786 391 950 437 bonum,
972 391 1104 440 profe·-

89 459 170 488 ctus
189 459 264 497 est3
284 451 382 488 velle
408 451 549 487 malum
576 451 755 488 defectus.
777 452 881 489 Velle
900 464 992 487 vero
1010 450 1104 487 sim-

89 510 251 560 pliciter,
274 511 399 560 ipsum
429 519 485 548 cst
510 511 615 561 quod
644 512 703 549 vel
736 512 906 562 prolicit,
926 511 986 547 vel
1007 510 1104 547 defi-

89 570 152 607 cit.
164 573 285 608 Porro
299 571 424 621 ipsum
442 580 484 608 ut
499 580 617 617 esset,
640 566 773 609 creans
793 571 912 620 gratia
932 571 1019 607 fecit
1035 585 1044 616 ;
1061 578 1104 606 ut

88 632 283 681 proficiat,
298 632 448 669 salvans
461 633 581 682 gratia
603 633 708 677 facit3
727 641 769 668 ut
789 632 952 675 deficiat,
976 631 1102 680 ipsum

87 703 126 728 se
143 689 285 740 dejicit.
299 695 434 741 Itaque
449 691 611 728 liberum
627 691 827 728 arbitrium
846 703 916 727 nos
933 690 1021 726 facit
1036 703 1102 726 vo-

88 751 208 788 lentes
220 780 230 798 ,
242 752 361 801 gratia
377 751 598 788 benevolos.
616 755 672 788 Ex
686 752 770 801 ipso
784 750 894 787 nohis
909 758 964 787 est
984 750 1079 786 velle
1091 779 1100 796 ‚

87 824 134 847 ex
161 811 243 862 ipsa
263 811 410 848 bonum
437 812 547 848 velle.
570 810 904 859 Quemadmodum
936 823 1102 860 namque

85 871 189 908 aliud
209 880 266 909 est
281 872 414 909 timere
435 872 670 922 simpliciter,
689 872 791 909 aliud
808 872 940 908 timere
951 875 1101 917 Deum,

87 941 126 969 et
137 932 239 969 aliud
249 945 376 969 amare
388 932 624 982 simpliciter,
639 933 741 969 aliud
754 941 810 970 est
821 945 947 969 amare
957 935 1079 969 Deum
1093 946 1100 968 :

86 992 231 1043 quippe
264 992 400 1029 timere
435 1001 472 1029 et
507 1006 634 1029 amare
650 1022 660 1039 ,
690 992 913 1043 simpliciter
947 991 1102 1041 quidem

1173 387 1278 438 quod
1295 396 1479 424 creaturae
1495 386 1576 435 ejus
1599 401 1605 422 :
1631 389 1810 436 quoniam
1833 394 1985 441 expedit
2005 398 2177 445 profecto

1173 448 1284 485 nobis
1310 448 1428 497 magis
1448 447 1608 483 omnino
1629 460 1707 483 non
1738 448 1849 485 fuisse
1863 479 1871 495 ‚
1895 466 2006 501 quam
2027 467 2177 496 nostros

1171 520 1411 557 permanere.
1429 510 1522 544 Nam
1538 506 1604 556 qui
1625 507 1831 545 voluerunt
1851 512 1907 547 sui
1926 526 2025 559 csse,
2044 518 2174 567 utique

1171 568 1267 604 sicut
1285 567 1356 612 dii,
1374 567 1534 604 scientes
1555 566 1701 603 bonum
1718 576 1755 604 et
1782 570 1942 617 malum3
1966 573 2051 611 facti
2068 586 2174 623 sunt,

1170 641 1246 664 non
1265 636 1412 664 tantum
1435 626 1513 676 jam
1539 628 1615 672 sui,
1645 627 1711 664 sed
1734 637 1772 664 et
1798 629 1950 667 diaboli.
1974 636 2105 683 Itaque
2127 638 2174 673 li-

1168 687 1260 724 bera
1279 688 1457 724 voluntas
1477 701 1546 724 nos
1568 688 1655 724 facit
1675 696 1846 735 nostros;
1868 692 1983 739 mala,
2008 693 2147 732 diaboli
2165 713 2175 743 ;

1168 746 1286 794 bona,
1306 749 1390 785 Dei.
1412 748 1471 786 Ad
1486 748 1560 785 hoc
1584 748 1753 798 pertinet
1767 750 1870 798 quod
1890 750 2049 789 dicitur:
2067 756 2179 791 Novit

1170 810 1355 844 Dominus
1376 814 1440 857 qui
1460 818 1546 845 sunt
1568 807 1683 855 (juss.
1708 812 1802 845 Nam
1823 810 1896 847 illis
1913 813 1979 861 qui
1996 813 2077 862 ejus
2098 828 2175 852 non

1169 877 1276 915 sunt,
1307 874 1430 905 Amen
1461 872 1545 905 (lico
1574 869 1679 905 vobis
1694 898 1703 915 ,
1740 870 1882 920 inquit,
1915 879 2037 909 nescio
2069 889 2134 911 vos
2147 884 2174 912 9.

1170 932 1264 966 Cum
1282 942 1372 979 ergo
1389 943 1458 980 per
1482 931 1618 967 malam
1643 932 1878 968 voluntatem
1896 945 2026 971 sumus
2049 934 2178 973 diabo-

1171 990 1215 1036 li,
1233 990 1520 1040 quodammodo
1541 992 1693 1028 interim
1720 1006 1796 1029 non
1821 1006 1951 1031 sumus
1965 996 2034 1032 Dei
2053 1010 2060 1031 :
2079 997 2177 1034 sicut

87 1053 257 1102 prolata,
284 1053 534 1100 affectiones;
567 1067 654 1091 cum
681 1054 943 1091 additamento
972 1060 1100 1089 autem
1117 1053 1145 1086 B
1165 1064 1250 1088 cum
1272 1065 1341 1101 per
1365 1051 1505 1089 bonam
1524 1053 1763 1089 voluntatem
1789 1054 1976 1091 efficimur
1990 1056 2082 1103 Dei,
2105 1056 2175 1094 de-

85 1112 265 1160 virtutes,
280 1113 494 1163 significant
514 1128 521 1150 :
543 1114 595 1151 ita
611 1127 766 1164 quoque
787 1113 888 1151 aliud
913 1122 969 1151 est
983 1113 1100 1160 velle,

89 1173 194 1210 aliud
213 1174 312 1210 velle
332 1173 491 1211 bonum.

146 1235 207 1272 17.
233 1235 432 1285 Simplices
450 1248 617 1285 namque
635 1235 856 1273 affectiones
876 1236 1008 1272 insunt
1029 1248 1101 1272 na-

89 1294 260 1332 turaliter
275 1294 406 1342 nobis,
425 1304 605 1346 tanquam
626 1310 672 1333 ex
690 1295 822 1333 nobis:
843 1296 1103 1333 additamenta

85 1368 135 1392 ex
149 1356 281 1405 gratia.
300 1359 377 1393 Nec
392 1356 497 1393 aliud
515 1357 689 1407 profecto
705 1366 761 1394 est
778 1386 787 1403 ‚
810 1358 883 1394 nisi
897 1357 1002 1407 quod
1016 1370 1099 1407 gra—

87 1415 137 1452 tia
157 1415 312 1452 ordinat
328 1445 338 1462 ,
362 1430 457 1466 quas
484 1417 644 1455 donavit
671 1418 814 1455 creatio
833 1434 840 1455 :
859 1427 901 1455 ut
918 1419 970 1455 nil
995 1418 1098 1455 aliud

84 1476 161 1514 sint
177 1477 336 1515 virtutes
357 1478 428 1515 nisi
445 1478 632 1516 ordinatae
649 1479 881 1516 affectiones.
909 1480 1098 1530 Scriptum

84 1545 142 1574 est
170 1537 217 1574 de
239 1537 494 1588 quibusdam,
524 1539 628 1589 quod
662 1540 738 1576 illic
767 1539 1022 1590 trepidassent
1050 1540 1099 1576 ti-

85 1609 215 1644 more,
247 1597 315 1634 ubi
341 1611 420 1635 non
455 1607 537 1635 erat
566 1600 721 1636 timor¹.
755 1600 886 1637 Timor
917 1600 1008 1646 fuit,
1033 1599 1100 1637 sed

83 1657 337 1695 inordinatus.
359 1658 547 1697 Ordinare
562 1659 669 1696 illum
687 1659 842 1696 volebat
858 1660 1046 1697 Dominus
1062 1660 1100 1696 in

85 1718 300 1769 discipulis,
325 1734 412 1757 cum
440 1719 604 1766 diceret,
633 1722 838 1757 Ostendam
868 1721 973 1758 vobis
994 1736 1101 1770 quem

84 1784 218 1816 timere
244 1780 411 1817 debeatis
426 1786 439 1801 ²
454 1779 472 1816 ⁸>:
497 1789 535 1818 et
556 1781 679 1818 David
693 1809 702 1826 ,
731 1784 882 1827 Venite,
908 1782 985 1827 ait,
999 1783 1101 1830 filii,

1168 1112 1327 1149 sinimus
1346 1111 1425 1161 jam
1446 1126 1525 1149 esse
1544 1112 1698 1150 diaboli.
1718 1116 1836 1150 Nemo
1852 1114 2036 1164 siquidem
2055 1127 2178 1165 potest

1169 1174 1309 1208 [luobus
1327 1175 1488 1208 dominis
1508 1178 1691 1210 servirem.
1717 1177 1903 1211 Caeterum
1924 1175 2003 1212 sive
2020 1177 2090 1213 Dei
2112 1191 2176 1214 su—

1169 1245 1275 1278 mus,
1298 1233 1376 1269 sive
1402 1232 1563 1279 diaboli3
1586 1247 1662 1269 non
1685 1242 1810 1270 tamen
1841 1235 2012 1272 similiter
2034 1236 2177 1274 desini—

1170 1306 1254 1330 mus
1274 1306 1354 1330 esse
1378 1302 1414 1330 et
1435 1294 1567 1331 nostri.
1590 1298 1717 1331 Manet
1731 1296 1874 1345 quippe
1899 1296 2105 1346 utrobique
2133 1299 2179 1334 li-

1169 1353 1296 1390 bertas
1316 1353 1486 1400 arbitrii,
1505 1368 1575 1405 per
1595 1369 1708 1405 quam
1730 1364 1878 1392 maneat
1900 1364 1936 1392 et
1961 1370 2072 1393 causa
2098 1371 2179 1394 me—

1166 1414 1228 1451 riti
1246 1430 1253 1451 :
1272 1423 1460 1464 quatenus
1486 1416 1621 1452 merito
1640 1416 1700 1452 vel
1723 1416 1929 1465 puniamur
1946 1417 2053 1463 mali,
2073 1418 2178 1466 quod

1167 1487 1346 1525 tanquam
1365 1475 1474 1512 liberi
1500 1489 1544 1512 ex
1567 1477 1724 1526 propria
1743 1476 1940 1513 voluntate
1957 1477 2144 1514 efficimur
2168 1493 2176 1514 :

1165 1537 1225 1573 vel
1249 1537 1506 1586 glorificemur
1524 1536 1617 1573 boni
1631 1566 1640 1583 ,
1658 1537 1761 1587 quod
1786 1537 1857 1573 nisi
1877 1550 1983 1586 aeque
2001 1538 2180 1574 volunta-

1167 1597 1213 1634 rii
1233 1610 1314 1633 esse
1336 1610 1411 1634 non
1431 1610 1647 1647 possumus.
1672 1600 1768 1634 Sane
1791 1595 1944 1633 diabolo
1963 1607 2092 1634 nostra
2107 1612 2178 1635 nos

1169 1658 1360 1708 mancipat
1388 1658 1584 1703 voluntas,
1607 1671 1685 1694 non
1711 1657 1829 1707 ipsius
1862 1666 2027 1707 potestas
2058 1674 2065 1695 :
2095 1662 2178 1696 Deo

1169 1718 1323 1768 subjicit
1336 1718 1417 1768 ejus
1434 1718 1554 1767 gratia
1568 1746 1577 1763 ,
1597 1730 1674 1753 non
1694 1725 1823 1753 nostra
1836 1717 2024 1754 voluntas.
2041 1722 2178 1755 Nostra

1171 1780 1314 1829 quippe
1342 1780 1521 1815 voluntas
1554 1777 1656 1813 bona
1684 1776 1803 1827 (quod
1831 1777 2023 1814 fatendum
2059 1779 2129 1829 est)
2156 1793 2177 1816 a

89 1842 220 1876 audite
245 1855 325 1886 mc,
347 1846 516 1877 timorem
542 1845 698 1878 Domini
723 1842 858 1878 docebo
882 1842 987 1879 vos3.
1011 1846 1107 1879 Item
1128 1843 1155 1878 C
1175 1839 1278 1876 bono
1295 1843 1376 1876 Deo
1394 1846 1532 1884 creata,
1548 1837 1715 1887 perfecta
1734 1845 1859 1873 tamen
1881 1851 1958 1873 non
1977 1839 2061 1883 erit,
2080 1853 2178 1888 quo-

85 1899 132 1937 de
145 1913 277 1937 amore
292 1901 512 1938 inordinato
532 1901 715 1952 arguebat
729 1902 903 1939 homines
917 1902 981 1951 qui
999 1901 1101 1938 dice—

85 1959 154 2010 bat⁴
168 1975 176 1997 :
191 1962 273 2010 Ego
300 1965 365 1997 lua·
384 1967 474 1998 veni
491 1967 529 1998 in
550 1963 648 1998 lianc
671 1964 849 1998 nuendum
864 1977 878 2005 ,-
899 1971 933 1997 et
953 1964 1102 1997 dilexe-

84 2031 170 2058 runt
208 2023 376 2058 homines
410 2028 530 2072 nitigis
569 2022 759 2067 tenebras,
791 2036 904 2070 quam
939 2025 1056 2058 lucem
1069 2021 1098 2058 ⁴'.

83 2081 232 2119 Idcirco
250 2083 418 2133 postulat
435 2096 576 2133 sponsa
594 2083 634 2120 in
651 2083 827 2128 Canticis,
850 2082 980 2119 dicens
1001 2098 1008 2119 :
1032 2084 1103 2118 Or—

85 2144 214 2179 dinate
239 2148 278 2179 in
308 2158 367 2180 me
388 2145 611 2181 charitatem
626 2143 653 2180 5.
682 2144 864 2182 Similiter
881 2157 1037 2193 quoque
1057 2143 1103 2180 (le

84 2202 304 2240 inordinata
332 2204 534 2241 voluntate
565 2203 846 2254 arguebantur,
878 2203 1018 2253 quibus
1040 2202 1101 2239 di-

87 2263 245 2301 cebatur
273 2280 281 2302 :
310 2267 472 2302 Nescitis
497 2267 592 2314 quid
608 2269 764 2314 petatis.
786 2264 859 2303 Sed
889 2264 936 2301 ad
963 2264 1101 2301 lineam

86 2325 327 2363 rectitudinis
347 2326 475 2363 edocti
495 2335 586 2375 sunt
611 2325 1017 2364 distortamreducere
1035 2339 1105 2362 vo-

85 2385 291 2433 luntatem,
314 2399 402 2423 cum
422 2386 651 2424 audierunt:
671 2389 831 2423 Potestis
858 2385 981 2422 bibere
1010 2388 1104 2421 cali-

86 2459 163 2481 cem
179 2474 189 2493 ‚
220 2460 328 2495 quem
349 2461 416 2496 ego
441 2446 624 2484 bibiturus
647 2461 726 2483 sum
745 2445 760 2468 ⁶
781 2447 796 2484 Ρ
819 2450 863 2484 Et
891 2454 981 2483 tunc
1015 2445 1102 2495 qui-

88 2505 174 2543 dem
189 2506 309 2544 verbo
324 2537 334 2554 ‚
355 2507 421 2544 sed
437 2508 687 2558 postmodum
703 2508 815 2544 etiam
834 2498 1013 2556 exemplo
1031 2519 1101 2542 vo—

87 2566 273 2604 luntatem
291 2568 469 2605 ordinare
491 2568 666 2615 docebat,
692 2582 777 2606 cum
806 2581 920 2605 orans
936 2568 1101 2604 instante

1168 1914 1290 1951 usque
1311 1913 1379 1937 suo
1401 1899 1571 1938 Creatori
1598 1898 1766 1948 perfecte
1796 1897 1966 1946 subjecta
1990 1899 2047 1935 sit.
2074 1899 2181 1936 Absit

1169 1970 1310 2007 autem,
1326 1960 1447 2011 utipsi
1463 1960 1519 1996 sui
1529 1959 1648 2010 ipsius
1658 1958 2036 2008 perfectionem,De0
2053 1968 2180 1995 autem

1170 2030 1317 2059 tantum
1340 2022 1571 2058 creationem
1595 2019 1832 2065 tribuamus;
1860 2032 1946 2055 cum
1978 2019 2088 2068 longe
2121 2020 2182 2056 ni—

1172 2082 1310 2118 mirum
1327 2081 1462 2118 melius
1477 2080 1524 2117 sit
1544 2092 1624 2116 esse
1642 2079 1848 2129 perfectam
1862 2107 1870 2123 ,
1889 2092 2003 2128 quam
2022 2079 2156 2116 factam
2171 2095 2178 2117 :

1171 2150 1208 2179 et
1229 2141 1332 2178 dictu
1357 2141 1441 2191 ipso
1462 2140 1566 2177 nefas
1587 2139 1776 2185 videatur,
1796 2142 1879 2176 Deo
1901 2138 2003 2188 quod
2032 2139 2178 2185 minus,

1172 2201 1282 2239 nobis
1303 2201 1408 2251 quod
1426 2200 1674 2237 excellentius
1694 2200 1741 2236 sit
1767 2198 1986 2236 attribuere.
2009 2200 2181 2237 Sentiens

1172 2263 1337 2312 denique
1358 2262 1568 2312 Apostolus
1589 2260 1681 2311 quid
1706 2273 1751 2296 ex
1778 2269 1915 2296 natura
1936 2268 2057 2306 esset,
2085 2260 2177 2309 quid

1172 2338 1216 2360 ex
1256 2323 1375 2373 gratia
1400 2329 1660 2372 exspectaret,
1702 2320 1826 2357 aiebat
1856 2336 1863 2357 z
1894 2323 1997 2356 Velle
2032 2321 2180 2366 adjacet

1171 2385 1278 2430 milti,
1294 2384 1480 2433 perficere
1498 2396 1572 2418 non
1596 2387 1741 2418 invenio
1757 2389 1798 2418 ¹¹.
1818 2381 1965 2419 Sciebat
1984 2382 2176 2430 profecto,

1170 2446 1269 2482 velle
1289 2444 1443 2494 quidem
1465 2443 1536 2480 sibi
1554 2443 1677 2480 inesse
1700 2456 1746 2479 ex
1766 2441 1887 2479 libero
1911 2442 2090 2479 arbitrio:
2111 2442 2176 2478 sed

1170 2515 1212 2544 ut
1237 2507 1364 2557 ipsum
1394 2505 1491 2542 velle
1519 2504 1731 2554 perfectum
1752 2502 1926 2548 haberet,
1959 2503 2114 2551 gratiam
2137 2515 2175 2538 se

1170 2567 1311 2605 habere
1341 2566 1604 2603 necessariam.
1625 2565 1661 2601 Si
1682 2564 1782 2600 enim
1804 2563 1899 2598 velle
1921 2563 2059 2598 malum
2076 2591 2084 2606 ,
2113 2562 2175 2598 de<

87 2628 265 2677 passione
290 2636 334 2664 ut
357 2629 629 2666 transferretur
663 2628 710 2666 ab
741 2642 786 2666 eo
817 2627 942 2674 calix,
973 2627 1099 2664 statim
1121 2634 1153 2668 D
1172 2630 1289 2666 fectus
1325 2627 1480 2678 quidam
1511 2634 1566 2663 est
1598 2624 1829 2669 voluntati53
1868 2623 1998 2672 utique
2030 2621 2174 2658 bonum

86 2687 291 2738 subjiceret
310 2704 318 2726 :
347 2691 610 2725 Verumtamen
625 2703 699 2725 non
715 2691 820 2738 quod
832 2703 898 2738 ego
914 2690 1016 2733 volo,
1035 2690 1104 2723 secl

89 2751 192 2797 quod
214 2758 253 2785 tu
270 2754 332 2786 vis
345 2756 374 2786 7.
399 2753 431 2786 A
451 2753 534 2786 Deo
565 2750 680 2799 igitur
700 2751 797 2786 velle
812 2779 822 2796 ,
844 2747 1042 2799 quomodo
1064 2756 1102 2784 et

88 2807 240 2855 timere,
262 2808 460 2858 quomodo
480 2818 518 2845 et
538 2822 684 2855 amare,
710 2810 926 2859 accepimus
948 2809 985 2844 in
1012 2821 1102 2845 con-

52 2865 53 2868 *
89 2868 235 2906 ditione
262 2878 433 2917 naturae,
465 2879 508 2907 ut
539 2883 708 2907 essemus
737 2871 865 2920 aliqua
900 2878 1097 2906 creatura:

88 2930 187 2967 velle
201 2938 329 2967 autem
346 2930 491 2968 bonum
506 2961 517 2978 ,
539 2931 737 2980 quomodo
754 2939 792 2967 et
811 2931 943 2967 timere
962 2934 1099 2976 Deum,

89 2991 287 3040 quomodo
307 2999 345 3028 et
364 3005 492 3029 amare
509 2995 632 3029 Deum
649 3021 658 3038 ,
681 2991 889 3042 accipimus
911 2991 949 3027 in
968 2990 1100 3027 visita-

91 3051 193 3088 tione
214 3052 363 3101 gratiae,
384 3061 427 3089 ut
446 3052 562 3090 simus
581 3053 652 3090 Dei
670 3061 856 3089 creatura.

145 3112 206 3149 18.
225 3113 349 3150 Creati
368 3113 512 3163 quippe
529 3112 817 3163 quodammodo
842 3111 962 3148 nostri
987 3111 1026 3147 in
1051 3112 1099 3148 li-

87 3170 219 3209 beram
237 3173 496 3221 voluntatem,
514 3174 622 3224 quasi
642 3174 712 3212 Dei
735 3173 926 3210 efficimur
946 3186 1017 3223 per
1033 3171 1100 3209 bo-

1166 2689 1279 2735 velle,
1299 2688 1494 2738 profectus
1514 2685 1683 2735 ejusdem
1705 2684 1775 2720 erit
1795 2698 1802 2719 :
1823 2683 1994 2719 sufficere
2014 2696 2106 2718 vero
2127 2682 2173 2718 ad

1169 2763 1282 2787 omne
1303 2748 1408 2798 quod
1423 2748 1600 2784 volumus
1614 2745 1773 2788 honum,
1791 2744 1907 2792 ipsius
1923 2743 2118 2792 perfectio.

1228 2810 1285 2846 19.
1308 2813 1360 2847 L‘t
1383 2821 1473 2857 crgo
1506 2807 1602 2843 velle
1631 2812 1822 2848 nostrum,
1852 2802 1955 2851 quod
1986 2815 2031 2838 ex
2053 2802 2173 2839 libero

1169 2869 1327 2907 arbitrio
1359 2868 1561 2911 habemus,
1598 2864 1807 2914 perfectum
1843 2861 2071 2907 habeamus;
2101 2862 2174 2898 du-

1167 2930 1258 2980 plici
1283 2928 1411 2978 gratiae
1437 2938 1593 2962 munere
1612 2923 1847 2972 indigemus,
1870 2930 1907 2958 et
1926 2935 2018 2958 vero
2041 2921 2175 2958 videli-

1168 2999 1227 3027 cet
1248 2994 1405 3039 Sapere,
1425 2985 1529 3036 quod
1549 2993 1604 3021 est
1622 2982 1830 3019 voluntatis
1853 2982 1897 3018 ad
1916 2981 2061 3018 bonum
2081 2995 2174 3018 con-

1167 3051 1315 3096 versi03
1334 3058 1370 3086 et
1388 3048 1502 3098 pleno
1520 3046 1631 3082 etiam
1653 3048 1784 3089 Posse,
1804 3042 1909 3092 quod
1930 3050 1986 3079 est
2003 3041 2172 3090 ejusdem

1167 3112 1205 3148 in
1232 3111 1336 3147 bono
1364 3106 1616 3145 confirmatio.
1641 3108 1762 3142 Porro
1787 3103 1953 3153 perfecta
1974 3101 2172 3139 conversio

1167 3179 1223 3207 est
1241 3170 1287 3207 ad
1307 3169 1452 3206 bonum
1465 3196 1473 3212 ,
1491 3174 1533 3202 ut
1552 3165 1603 3202 nil
1623 3163 1740 3201 libeat
1757 3163 1827 3199 nisi
1845 3161 1946 3211 quod
1965 3161 2094 3197 deceat
2114 3160 2172 3196 vel

141 3310 151 3324 ¹
167 3304 248 3336 Psal.
265 3315 326 3336 xm
339 3329 347 3343 ‚
376 3310 407 3337 5.
424 3324 467 3328 —
484 3311 497 3327 ²
511 3310 585 3338 Luc.
600 3318 650 3337 xri
663 3331 670 3345 ,
695 3311 726 3338 5.
740 3325 785 3329 —
800 3305 814 3329 3
831 3307 912 3338 Psal.
930 3317 1036 3337 xxxux
1051 3330 1058 3342 ,
1081 3308 1132 3336 12.
1148 3323 1188 3326 —
1207 3302 1221 3328 ⁴'
1236 3305 1330 3333 Joan.
1347 3312 1387 3330 111
1403 3323 1409 3335 ,
1432 3302 1483 3330 19.
1499 3316 1540 3320 —
1557 3296 1570 3318 '³
1585 3299 1673 3329 Cant.
1690 3307 1716 3325 11
1730 3320 1737 3332 ‚
1756 3298 1785 3325 4.
1806 3313 1849 3315 ψ
1865 3291 1879 3314 6
1894 3295 1993 3323 Marc.
2011 3303 2039 3328 x,
2061 3295 2115 3322 38.
2129 3310 2173 3317 ..-

92 3363 106 3387 7
122 3358 242 3389 Maith.
262 3369 342 3389 xxm
358 3384 366 3396 ‚
384 3363 439 3392 39.
456 3379 501 3383 —
517 3361 577 3392 811
591 3361 672 3392 Tim.
688 3373 714 3391 11
729 3385 737 3398 ,
760 3364 809 3392 19.
826 3379 867 3382 —-
883 3366 900 3390 9
914 3359 1028 3391 Maith.
1045 3370 1122 3390 xxv.
1145 3361 1254 3388 12.-
1274 3354 1566 3386 ¹01d.x·1.24.-ff
1586 3357 1610 3371 ¹¹
1629 3354 1720 3381 Rom.
1737 3359 1803 3381 vu.
1827 3351 1875 3377 18.

253 3431 344 3454 TUM.
377 3432 420 3454 ΙΙ..

1943 3404 1988 3439 Η
