2533 3920
396 203 471 239 543

1166 203 1200 236 S.
1234 202 1486 236 BERNARDI
1518 202 1717 237 ABBATIS

1443 276 1699 314 ”amabilitate
1720 287 1997 320 memoramUS,
2021 274 2266 312 affectuosius
2286 281 2466 328 compati-

2393 202 2464 240 544

392 364 1370 376 ,,,,,,,,,,,,,,,,,,,,,,,,,,,,,,,,,,,,,,,,,,,,,,,,,,,,,,,,,,,,,,,,,,,,
1373 364 1400 373 u
1416 336 1448 369 A
1470 351 1556 374 mur
1577 336 1733 373 moerori
1756 345 1821 371 tuo
1838 364 1847 381 ,
1878 335 1998 384 pluris
2018 335 2140 371 multo
2161 334 2342 373 habentes
2363 346 2465 378 tuum

547 486 915 543 EPISTOLA
973 485 1246 543 CCLIX.a

766 648 812 669 AD
842 648 1017 670 EUMDEM.

799 762 881 786 L'ndc
900 768 997 792 supra.

387 884 426 912 Se
443 882 551 912 eadem
573 881 669 917 velle,
692 886 722 910 et
744 879 853 910 eadem
871 879 954 909 nolle
974 890 1044 909 cum
1065 880 1232 916 Pontifiee;
1258 879 1399 921 adeoque

434 936 610 966 Rualenum
642 944 731 964 suum
752 933 884 963 libenter
914 933 1022 963 sistere
1043 933 1168 975 jubenti
1191 934 1334 964 Pontifici
1358 933 1398 964 ad

434 988 592 1019 abbatiam
608 986 898 1018 Sancti-Anastasii.

439 1111 517 1147 Etsi
547 1109 640 1158 quid
675 1109 882 1158 aliquando
909 1109 1035 1154 volui,
1071 1108 1176 1158 quod
1206 1109 1304 1145 velle
1335 1123 1394 1146 me

386 1170 578 1215 noluistis,
602 1169 905 1205 mansuetudinis
922 1177 1059 1205 vestrae
1078 1168 1246 1217 dignatio
1268 1182 1313 1205 eo
1336 1183 1395 1206 me

385 1239 590 1281 provocat,
610 1239 652 1266 ut
669 1230 772 1279 quod
793 1231 907 1266 vultis
921 1259 930 1276 ,
951 1243 1029 1266 non
1046 1229 1161 1265 modo
1177 1231 1310 1276 velim,
1330 1231 1394 1267 5611

385 1300 422 1328 61
445 1292 553 1328 avide
576 1292 704 1327 velim.
728 1292 854 1328 Placet
874 1290 982 1327 vobis
1003 1299 1043 1327 ut
1065 1291 1181 1327 frater
1201 1292 1397 1328 Rualenus

387 1350 503 1387 abbas
524 1351 570 1387 sit
603 1350 706 1400 apud
734 1350 1207 1388 Sanctum-AnastasiumP
1239 1358 1275 1386 et
1306 1351 1398 1387 mihi

386 1412 584 1460 placuerat
602 1419 638 1446 ct
658 1418 745 1446 antc
767 1425 774 1446 ε
797 1410 862 1446 56(1
880 1410 969 1459 quia
990 1410 1101 1446 nimis
1121 1410 1183 1445 ille
1211 1410 1367 1447 nolebat
1385 1440 1394 1456 ,

388 1471 571 1520 placitum
596 1471 632 1506 in
660 1484 737 1506 non
766 1470 947 1520 placitum
979 1470 1097 1506 venit.
1121 1473 1242 1506 Porro
1268 1480 1397 1507 vestro

386 1531 628 1582 beneplacito
644 1545 720 1567 non
736 1532 966 1567 connivente
980 1560 988 1576 ‚
1005 1544 1177 1577 rursum,
1195 1540 1234 1567 ut
1247 1531 1393 1580 justum

387 1601 463 1638 est,
497 1606 575 1628 non
596 1592 777 1641 placitum
800 1592 838 1627 in
868 1592 1050 1642 placitum
1074 1592 1182 1628 redit.
1218 1594 1395 1643 Experiri

386 1652 484 1688 lieet.
513 1656 667 1689 Factum
698 1651 878 1701 estquod
906 1651 1160 1701 praecepistis,
1194 1665 1271 1688 non
1307 1653 1396 1701 quia

386 1713 642 1763 praecepistis,
678 1712 743 1749 sed
769 1713 858 1762 quia
884 1712 1069 1749 voluistis.
1107 1716 1160 1749 Ex
1194 1713 1394 1750 voluntate

387 1786 499 1822 ergo,
522 1781 559 1808 et
579 1785 655 1808 non
678 1773 785 1822 quasi
814 1786 861 1808 ex
882 1771 1054 1817 tristitia,
1079 1772 1138 1807 vel
1160 1786 1206 1808 ex
1231 1773 1394 1809 necessi-

388 1841 473 1869 tate.
505 1833 708 1869 Exsecutio
730 1841 916 1869 maturata
940 1831 1109 1869 mandati
1136 1831 1393 1870 obedientiam
1412 1835 1438 1871 C
1458 1858 1831 1869 m..munumumuu

386 1892 547 1942 probat:
565 1893 610 1928 de
625 1893 822 1929 voluntate
841 1893 948 1929 stilus
964 1893 1233 1941 interrogetur.
1253 1894 1287 1930 Si
1307 1907 1397 1930 con—

385 1960 513 1988 tentus
544 1953 662 1988 sorem
694 1952 915 1989 mandatum
948 1953 1070 1988 facere
1084 1981 1092 1997 ,
1125 1966 1253 1989 nonne
1281 1953 1392 2002 juxta

383 2011 543 2047 verbum
567 2012 721 2048 Domini
746 2026 882 2049 servus
903 2012 1048 2048 inutilis
1068 2025 1187 2048 essem
1201 2042 1210 2058 ,
1240 2014 1393 2051 solvens

387 2071 558 2107 debitum
578 2074 615 2108 ¹?
636 2076 744 2109 Nune
767 2081 892 2108 autem
912 2072 1001 2121 quia
1021 2071 1141 2120 adjeci
1166 2074 1288 2120 velle3
1312 2073 1391 2123 jam

386 2146 464 2169 non
487 2146 642 2180 servus,
663 2133 729 2169 sed
751 2134 860 2170 lilius.

383 2259 1393 2271 ιιιιιιιιιιιιιιιιιιιιιιιιιιιιιιιιιιιιιιιιιιιιιιιιιιιιιιιιιιιιιιιιιιιι

550 2370 920 2427 EPISTOLA
977 2364 1228 2428 CCLX.¹'

646 2514 691 2535 ΛῙ)
721 2514 922 2536 RUALENUM
953 2514 1131 2537 ABBATEM.

383 2620 579 2662 Coinpatitur
598 2622 741 2652 Rualeno
761 2621 792 2652 in
815 2621 1000 2653 demandata
1023 2622 1082 2653 sibi
1107 2623 1292 2665 praefectura
1309 2648 1316 2662 ,
1344 2623 1393 2655 cui
1409 2622 1443 2655 D
1461 2621 1647 2658 auderent
1675 2634 1760 2657 611111
1786 2621 1823 2656 111
1852 2621 1928 2657 Suis
1956 2621 2128 2657 claustris
2151 2621 2340 2671 recipere,
2369 2632 2465 2670 quo·
2494 2637 2501 2657 ,¹

619 2675 745 2706 tandem
761 2675 1020 2716 acquiescendum
1035 2683 1153 2708 monet.

438 2795 532 2831 Satis
549 2809 739 2846 superque
755 2797 977 2833 ι1111111111105
993 2796 1166 2833 absentia
1183 2806 1244 2834 tua
1257 2827 1265 2843 ,
1290 2802 1392 2835 Rna-

386 2855 469 2891 lene
490 2855 705 2893 charissime
724 2873 731 2893 :
751 2858 816 2893 sed
839 2859 951 2907 longe
973 2859 1089 2907 magis
1110 2867 1305 2908 comperta
1330 2868 1392 2896 tua

385 2915 534 2951 tristitia
557 2915 694 2963 turbati
713 2931 853 2953 sumus.
872 2918 1021 2954 Etenim
1037 2917 1177 2966 justius
1200 2926 1256 2963 te,
1277 2933 1390 2967 quam

385 2983 553 3010 nostram
576 2975 621 3011 de
644 2984 678 3012 te
700 2977 974 3014 desolationem
1002 2992 1068 3014 5611
1099 2978 1387 3015 destitutionem

385 3034 564 3083 plangere
592 3035 701 3071 nobis
731 3036 916 3073 ridemur.
950 3040 996 3073 Et
1027 3037 1212 3073 desolatio
1235 3039 1389 3086 quidem

387 3106 463 3129 non
482 3107 615 3143 parum
641 3095 847 3142 damnosa,
872 3105 909 3132 et
938 3110 1013 3133 non
1035 3111 1170 3146 parum
1202 3099 1362 3135 molesta
1380 3127 1389 3145 ,

385 3165 523 3202 nempe
541 3162 613 3189 tam
634 3154 733 3191 (111161
752 3157 827 3192 lilio
842 3185 851 3201 ,
877 3165 950 3193 tam
970 3157 1053 3193 utili
1075 3158 1209 3205 fratrc,
1231 3167 1305 3194 tam
1326 3172 1392 3195 ne—

384 3214 548 3251 cessario
563 3214 751 3264 adjutore.
773 3220 912 3254 Verum
932 3232 1009 3267 quo
1029 3218 1155 3255 verius
1170 3219 1238 3256 ista
1261 3219 1307 3255 (16
1325 3227 1392 3256 tua

437 3347 445 3362 ¹
464 3345 538 3374 Luc.
557 3354 624 3374 ,xvn
639 3368 646 3381 ,
674 3348 721 3375 Η).

1465 397 1751 434 incommodum
1767 424 1776 440 ,
1801 403 1838 431 et
1860 395 1973 443 longe
1991 395 2128 443 aegrius
2146 395 2308 432 ferentes
2323 424 2332 440 ,
2356 411 2465 447 quam

1466 467 1638 495 nostrum
1653 457 1847 493 damnum.
1862 455 2037 504 Denique
2048 468 2124 491 non
2139 454 2468 507 dissimulavimus,

1465 531 1543 554 non
1567 518 1801 567 quievimus,
1824 528 1902 551 non
1930 515 2121 558 siluimus,
2149 523 2337 553 tentantes
2356 530 2468 568 super

1465 578 1536 613 1106
1563 581 1682 614 Deum
1705 589 1804 626 pene
1826 588 1945 624 usque
1963 574 2010 610 ad
2034 574 2259 610 irritandum
2281 588 2466 616 summum

1466 645 1503 673 et
1528 645 1700 673 sanctum
1728 635 1975 680 Pontificem,
2010 642 2052 670 ut
2083 634 2465 686 quomodocumque,

1464 697 1524 733 vel
1551 710 1638 732 611111
1671 704 1802 733 nostro
1832 694 2003 745 periculo
2025 703 2059 730 16
2086 707 2366 733 revocaremus.
2398 697 2468 736 Sed

1465 757 1551 806 quia
1575 755 1698 792 adhuc
1715 755 1880 791 frustrati
1899 767 2030 790 sumus
2050 754 2088 790 in
2106 754 2252 791 cunctis
2269 755 2468 794 molitioni-

1464 815 1537 852 bus
1555 824 1591 852 et
1608 815 1807 852 conatibus
1826 815 1984 861 nostris,
2003 815 2181 864 supernis
2200 814 2353 851 tandem
2368 814 2468 864 judi-

1467 876 1533 912 ciis
1564 876 1622 911 vel
1654 875 1795 924 fatigati
1827 875 2023 921 cedentes,
2062 883 2099 911 61
2131 874 2262 911 dantes
2291 877 2466 924 potentiae
2515 894 2517 913 z

1466 949 1622 981 manus,
1644 936 1824 984 quoniam
1847 935 1952 984 quod
1972 935 2151 971 volumus
2172 948 2250 971 non
2271 935 2439 974 valemus
2456 967 2466 984 ,

1465 996 1503 1032 id
1524 996 1620 1031 velle
1652 996 1846 1044 cogimur,
1878 995 1983 1044 quod
2012 1008 2227 1044 possumus.
2249 999 2304 1032 Tu
2332 995 2467 1044 igitur,

1414 1053 1443 1087 Β
1464 1056 1578 1092 frater
1597 1055 1815 1091 charissime
1834 1063 1872 1091 61
1889 1054 2208 1091 desideratissime
2222 1084 2232 1101 ,
2254 1056 2467 1095 confortare
2512 1068 2515 1074 ¹

1462 1117 1500 1152 in
1520 1116 1709 1161 Domino,
1736 1124 1772 1152 et
1791 1116 1870 1152 noli
1883 1114 1963 1164 jam
1981 1124 2114 1159 contra
2136 1116 2331 1152 stimulum
2355 1118 2466 1155 calci—

1464 1185 1589 1213 trare:
1617 1190 1663 1213 nc
1685 1175 1774 1212 dum
1806 1177 1987 1225 pungeris
2008 1185 2070 1222 tu,
2098 1176 2255 1226 plurimi
2283 1177 2349 1226 qui
2371 1185 2404 1215 te
2429 1179 2466 1216 in
2512 1186 2513 1190 ’

1463 1236 1631 1274 Domino
1650 1237 1857 1286 plurimum
1877 1245 2024 1283 amant,
2045 1237 2189 1286 pariter
2207 1249 2468 1288 compungan-

1465 1305 1539 1333 tur.
1559 1300 1675 1333 Parce
1694 1296 1762 1333 tibi
1785 1305 1822 1333 et
1844 1296 1975 1343 nobis,
1997 1297 2062 1346 qui
2083 1296 2138 1333 tui
2155 1309 2285 1334 amore
2312 1311 2382 1335 nec
2399 1299 2468 1349 ipsi
2510 1332 2511 1335 ,

1464 1356 1576 1394 nobis
1594 1358 1835 1408 pepercimus
1853 1372 1860 1394 ε
1881 1358 1999 1407 magis
2020 1366 2145 1394 autem
2172 1356 2332 1395 induere
2364 1359 2470 1396 forti-

1465 1417 1622 1462 tudine,
1642 1417 1839 1453 conlidens
1857 1425 1893 1453 et
1922 1417 2043 1454 sciens
2071 1418 2160 1466 quia
2185 1418 2364 1467 gaudium
2391 1422 2469 1456 Do-

1466 1479 1559 1515 mini
1578 1478 1764 1515 fortitudo
1784 1487 1858 1515 tua.
1886 1478 2051 1515 Induere
2075 1479 2203 1515 laetitia
2223 1479 2402 1526 salutari,
2427 1488 2470 1518 ut

1465 1547 1503 1575 et
1538 1552 1608 1575 nos
1642 1539 1688 1575 de
1721 1548 1785 1575 tua
1812 1538 2054 1588 jucunditate
2090 1540 2286 1587 laetantes,
2313 1540 2468 1578 hilarem

1463 1598 1634 1635 (latorem
1654 1598 1825 1647 diligenti
1842 1602 1943 1644 Deo,
1969 1607 2049 1635 tum
2068 1612 2139 1648 pro
2169 1608 2232 1636 tua
2248 1612 2363 1649 pace,
2391 1607 2467 1636 tum
2506 1632 2509 1636 .

1463 1671 1534 1708 pro
1563 1667 1693 1695 nostra
1710 1658 1973 1696 consolatione
1990 1658 2122 1696 laudes
2148 1667 2186 1695 et
2212 1659 2353 1709 gratias
2370 1659 2469 1696 refe—
2506 1695 2508 1702 ,

1463 1732 1503 1755 Γὶἱ
1509 1733 1605 1757 mus.

1836 1860 1861 1868 ιι
1866 1859 1946 1868 unum·
1953 1859 2223 1869 υιψιιιιειιιῃινιιιι
2229 1859 2296 1869 ιιικπ
2302 1860 2353 1868 ιιι·
2360 1858 2467 1868 ι-νιιιιυ

1636 1981 2008 2039 EPISTOLA
2073 1982 2327 2041 CCLXI.

1643 2143 1690 2164 An
1720 2142 1905 2165 DOMINUM
1936 2143 2052 2166 PAPAM
2082 2143 2292 2167 EUGENIUM.

1461 2265 1619 2297 Abbatem
1642 2265 1905 2304 Sancti-Urbani,
1929 2265 1971 2296 01)
1994 2272 2172 2308 susceptum
2194 2266 2324 2297 militem
2348 2264 2466 2308 Templi
2499 2261 2508 2274 ⁵

1655 2320 1793 2350 censuris
1818 2319 2011 2361 subjectum,
2037 2319 2158 2351 absolvi
2184 2320 2274 2362 petit.

1512 2445 1622 2479 Unus
1646 2440 1692 2476 dc
1723 2440 1906 2477 militibus
1923 2440 2071 2490 Templi
2101 2440 2223 2477 voluit
2252 2438 2464 2476 monachari

1458 2502 1497 2538 in
1516 2501 1659 2539 Ordine
1677 2510 1809 2537 nostro
1828 2516 1835 2537 :
1856 2514 1924 2537 nec
1943 2500 2148 2537 defuerunt
2161 2500 2208 2537 (16
2225 2500 2384 2546 nostris,
2402 2499 2465 2550 qui

1460 2562 1493 2597 ei
1525 2561 1563 2597 in
1595 2561 1658 2597 tali
1679 2561 1876 2597 voluntate
1906 2561 2144 2597 assentirent.
2175 2560 2248 2598 Sed
2275 2574 2360 2597 cum
2390 2572 2464 2596 non

1461 2681 1560 2717 niam
1592 2694 1669 2717 non
1700 2680 1863 2726 licebat3
1903 2681 2051 2717 occulte
2082 2694 2168 2717 eum
2200 2680 2391 2717 duxerunt
2419 2678 2465 2716 ad

1460 2741 1663 2790 quamdam
1683 2740 1872 2777 abhatiam
1887 2770 1896 2787 ‚
1918 2755 2003 2790 quae
2021 2741 2160 2778 dicitur
2177 2741 2293 2779 Vallis
2307 2740 2338 2786 *,
2361 2752 2465 2776 man—

1460 2801 1592 2837 dantes
1610 2810 1646 2837 et
1671 2810 1915 2850 suggerentes
1935 2801 2087 2847 abbati,
2113 2810 2156 2838 ut
2181 2802 2329 2851 nigrum
2359 2799 2465 2836 habi-

1461 2869 1540 2897 tum
1576 2861 1621 2897 dc
1654 2861 1728 2897 alio
1763 2862 1908 2899 Ordine
1939 2862 2216 2898 monachorum
2257 2861 2395 2898 faceret
2430 2859 2463 2897 ei

1461 2920 1578 2965 tradi3
1605 2929 1642 2956 et
1667 2921 1719 2957 sic
1744 2934 1832 2957 eum
1863 2922 2099 2972 reciperent,
2133 2929 2384 2970 nostrumque
2412 2919 2464 2956 illi

1460 2980 1606 3016 darent.
1636 2984 1681 3017 Et
1708 2981 1846 3017 sactum
1873 2990 1929 3017 est
1952 2982 2013 3018 ita.
2042 2985 2116 3019 Res
2134 2980 2245 3018 nobis
2273 2980 2461 3024 innotuit,

1459 3049 1495 3076 et
1528 3054 1598 3090 per
1627 3054 1697 3077 nos
1728 3041 1851 3078 delata
1881 3041 1927 3078 ad
1960 3042 2170 3092 capitulum
2203 3049 2268 3079 est.
2302 3039 2463 3091 Capituli

1459 3100 1612 3137 decreto
1631 3101 1746 3138 frater
1763 3102 1824 3137 ille
1848 3102 1947 3138 foras
1964 3103 2099 3139 missus
2116 3110 2185 3139 est.
2206 3107 2254 3139 At
2271 3101 2403 3138 fratres
2418 3100 2463 3137 de

1459 3161 1618 3211 Templo
1636 3162 1791 3197 minime
1809 3162 1882 3198 hoc
1899 3163 2068 3200 contenti
2083 3192 2092 3209 ,
2110 3163 2254 3202 litteras
2271 3160 2464 3198 nihilomi-

1461 3234 1531 3257 nus
1562 3234 1581 3256 a
1608 3228 1733 3257 vestra
1762 3220 1958 3270 Majcstate
1990 3222 2171 3272 episcopo
2201 3218 2462 3259 Catalaunensi

1378 3354 1390 3369 ⁴¹
1409 3349 1528 3390 Scripta
1545 3360 1627 3379 anno
1641 3349 1755 3380 Christi
1778 3352 1787 3380 l
1804 3351 1876 3381 lsi-3.
1895 3369 1939 3372 —-
1954 3343 1970 3366 ¹¹
1988 3349 2108 3392 Scripta
2127 3348 2237 3381 eodem
2253 3359 2346 3380 anno.
