2517 3920
341 170 417 206 933)

339 248 490 280 Bernardi
506 259 560 280 seu
579 248 715 280 secundo
729 259 746 279 a
761 259 794 280 se
809 249 997 291 conscripto,
1011 260 1079 291 cap.
1098 252 1128 285 4,
1145 260 1179 280 n.
1198 252 1252 285 25,
1274 248 1347 279 dicit

338 314 456 334 annum
476 304 602 334 tertium
631 304 775 345 elapsum
797 314 862 334 esse
892 314 909 334 a
938 305 1036 345 prima
1067 303 1163 334 Eskili
1185 306 1348 334 Danorum

339 356 564 400 archiepiscopi
578 358 770 400 profectione
790 358 821 389 in
839 358 1099 389 Claram-Vallem
1114 356 1258 387 visitandi
1279 359 1350 386 Ber-

341 410 431 441 nardi
453 411 549 452 gratia
563 436 570 449 ,
590 422 682 453 quam
700 412 793 453 paulo
813 418 884 442 ante
907 415 939 442 S.
969 414 1020 442 Ber
1030 410 1119 441 nardi
1139 410 1259 441 obitum
1276 419 1350 439 con-

341 464 446 505 tigisse
459 488 466 501 ,
484 475 596 507 nempe
615 476 697 496 anno
721 470 730 496 l
744 469 807 496 152
821 465 975 506 colligitur
989 476 1026 495 ex
1041 464 1088 495 his
1103 464 1205 494 verbis
1223 462 1351 494 Exordii

345 517 573 554 Cisterciensis,
590 519 661 550 dist.
688 522 719 556 3,
742 530 810 560 cap.
832 522 872 549 25
897 529 904 549 ;
928 533 940 545 «
964 518 1056 548 Haud
1073 528 1146 548 vero
1167 516 1264 547 multo
1281 522 1352 557 post

345 585 358 597 υ
376 570 435 602 1100
455 574 560 613 elapso
578 578 717 614 ternpore
732 597 739 610 ,
768 588 780 598 »
803 572 943 612 (scilicet
959 577 1029 613 post
1046 570 1140 601 Eskili
1159 570 1193 600 in
1219 569 1351 599 Daniam

345 624 506 667 reditum)
524 641 536 651 «
556 626 747 657 tristissimus
763 636 870 656 rumor
889 635 978 655 aures
998 625 1062 665 ejus
1080 622 1212 665 perculit
1226 622 1265 652 de
1278 621 1350 651 dor-

348 692 360 704 »
382 678 510 710 mitione
539 679 621 710 beati
647 680 715 710 viri
740 679 883 721 specialis
903 678 992 709 amici
1012 678 1080 713 sui,
1104 692 1116 703 »ι
1144 686 1256 717 nempe
1281 677 1353 705 Ber-

345 732 446 762 nardi.
469 733 621 763 Arnulfus
655 734 817 775 episcopus
849 731 1046 763 Lexoviensis
1074 730 1179 761 laudat
1207 728 1353 770 epistolas

348 786 474 816 Ernaldi
485 811 491 823 ‚
513 797 588 828 quas
605 798 712 818 omncs
729 786 878 817 excidisse
894 794 1091 826 summopere
1104 783 1256 814 dolemus.

398 842 460 870 597
477 841 511 870 C.
527 839 608 870 fores
627 840 795 881 anticipare
812 839 954 869 curastis.
977 855 1017 860 ——
1034 837 1122 881 „lude
1147 841 1231 878 patet
1246 859 1253 873 ‚
1272 834 1354 866 hanc

347 892 528 934 epistolam,
551 894 600 924 vel
624 894 774 935 primam,
794 894 842 923 vel
861 903 952 923 unam
976 902 1013 922 ex
1038 891 1146 933 primis
1169 890 1209 920 ad
1228 889 1354 920 Haime-

346 946 444 976 ricum
458 957 474 977 a
488 947 646 977 Bernardo
659 947 804 988 scriptam
818 957 894 983 esse,
915 951 945 976 et
961 945 1087 986 quidem
1106 950 1178 974 ante
1191 942 1354 985 epistolam

351 1003 403 1035 15,
424 1010 517 1040 quam
537 1011 619 1031 anno
651 1004 735 1031 1126
754 1000 903 1030 dictatam
930 999 1024 1030 fuisse
1049 999 1227 1029 notavimus
1247 1007 1354 1038 supra.

345 1053 554 1083 Cancellarius
577 1059 641 1083 erat
668 1053 862 1084 Haimericus
880 1053 946 1094 jam
966 1052 1038 1083 inde
1064 1051 1103 1082 ab
1129 1061 1211 1082 anno
1243 1053 1351 1088 1125,

347 1112 380 1136 ut
402 1106 515 1148 probat
535 1107 666 1137 Honorii
694 1107 821 1139 secundi
845 1107 932 1138 bulla
953 1107 987 1138 in
1010 1105 1205 1138 Bibliotheca
1231 1105 1356 1138 Clunia-

347 1160 453 1197 censi,
475 1161 535 1191 col.
557 1164 654 1192 1379.

396 1217 458 1245 597
503 1217 543 1245 D.
583 1227 624 1245 AD
663 1227 869 1246 RAYNALDUM
899 1226 1186 1246 Ancmxzmscormu
1225 1225 1356 1244 Remen-

347 1277 422 1298 snm.
440 1287 482 1290 -—
500 1271 562 1311 Ra)
571 1269 680 1300 ualdus
694 1280 747 1301 seu
762 1270 954 1311 Reginaldus
965 1294 972 1308 ,
992 1281 1028 1301 eo
1042 1270 1169 1301 nomine
1184 1268 1351 1307 secundus,

346 1322 494 1352 Remensi
505 1323 647 1354 Ecclesiae
667 1323 789 1366 praefuit
802 1324 841 1355 ab
858 1336 940 1355 311110
959 1328 969 1355 1
982 1327 1045 1356 124
1060 1348 1068 1362 ,
1087 1324 1127 1355 ad
1142 1323 1264 1354 initium
1279 1322 1354 1353 anni

352 1378 458 1414 1139,

342 1428 477 1469 januarii
493 1454 500 1468 ,
518 1437 550 1462 ut
563 1433 738 1463 notavimus
754 1433 793 1464 ad
808 1434 971 1476 epistolam
990 1437 1065 1465 170.

393 1487 460 1515 600
475 1488 513 1515 Α.
530 1487 679 1517 (30113510
691 1487 831 1519 videlicet
846 1494 939 1529 atque
953 1487 1100 1519 Radulso.
1115 1505 1160 1510 —-
1176 1490 1223 1518 De
1242 1497 1351 1519 eorum

342 1535 515 1568 defectione
528 1538 594 1581 lege
608 1546 725 1571 tomum
738 1541 874 1584 primum
890 1542 1059 1573 Monastici
1072 1540 1238 1582 Anglicani
1249 1563 1256 1577 ‚
1276 1551 1348 1583 pag.

343 1592 419 1625 738,
439 1591 498 1622 col.
519 1596 549 1627 2,
578 1599 607 1624 et
633 1595 796 1636 sequenti,
820 1595 873 1626 ubi
895 1595 1064 1627 Gervasius
1089 1595 1256 1636 resumptis
1282 1595 1353 1625 viri-

344 1642 404 1673 bus
422 1644 548 1676 rcdiisse
572 1647 611 1677 ad
637 1655 735 1679 castra
756 1673 763 1687 ,
795 1655 825 1680 et
861 1650 1022 1691 apostasiae
1049 1649 1203 1680 maculam
1228 1658 1352 1679 morum

345 1699 547 1731 conversione
563 1701 725 1734 detersisse
747 1709 938 1734 memoratur
956 1714 964 1735 :
988 1702 1142 1734 Radulfus
1164 1713 1238 1734 vero
1255 1702 1287 1733 in
1301 1714 1350 1734 re-

344 1750 515 1784 missiorem
536 1765 568 1785 se
584 1755 678 1786 111301
696 1757 819 1799 penitus
838 1757 1002 1799 recepisse.

499 1378 668 1408 secundum
696 1386 837 1410 nostrum
866 1379 1019 1410 calculum
1041 1402 1049 1416 ,
1075 1385 1217 1409 mortuus
1248 1376 1352 1408 idibus

393 1808 458 1836 003
480 1810 516 1838 B.
533 1819 573 1838 An
600 1820 801 1840 MATHILDEM
832 1822 986 1841 REGINAM
1004 1822 1202 1842 ANGLORUM.
1229 1813 1353 1842 —Ma-

344 1857 452 1889 thildis
470 1860 532 1891 filia
553 1863 713 1894 Malcolmi
733 1867 780 1895 ΙΙΙ
806 1865 915 1896 Scotiae
932 1865 1011 1907 regis
1025 1890 1032 1903 ‚
1057 1865 1228 1896 HenriciV
1253 1866 1352 1907 impe-

344 1914 455 1944 ratoris
473 1939 479 1950 ‚
497 1914 567 1946 dein
586 1917 713 1948 Henrici
737 1921 749 1948 Ι
772 1919 945 1960 Anglorum
964 1919 1043 1961 regis
1057 1930 1137 1950 uxor
1157 1944 1165 1958 ,
1185 1930 1223 1950 ex
1243 1930 1280 1951 eo
1304 1930 1352 1961 ge-

344 1967 413 1998 nuit
439 1970 609 2001 Heni-icum
631 1975 681 2010 II,
705 1972 743 2003 de
767 1984 829 2014 quo
847 1973 1024 2004 Bernardus
1044 1974 1075 2004 in
1100 1974 1169 2004 fine'
1191 1973 1348 2015 epistolae,

345 2031 413 2062 quse
430 2029 500 2053 ante
524 2033 640 2055 annum
668 2029 677 2056 l
694 2029 752 2057 135
773 2026 901 2059 Heni-ici
921 2030 934 2058 Ι
951 2028 1115 2058 mortalem
1128 2052 1135 2066 ,
1157 2027 1271 2069 scripta
1289 2033 1347 2058 est.

345 2075 417 2106 Alia
446 2074 503 2106 fuit
528 2077 708 2116 Mathildis,
734 2080 879 2111 Fulconis
904 2083 933 2110 V
964 2081 1086 2112 comitis
1115 2080 1350 2123 Andegavensis

345 2127 426 2165 11113,
447 2129 613 2161 Guillelmo
634 2132 771 2173 ejusdem
797 2134 924 2165 Henrici
944 2137 958 2165 I
981 2134 1045 2165 filio
1065 2135 1253 2177 desponsata
1269 2158 1276 2172 ‚
1296 2133 1350 2165 sed

344 2191 380 2211 eo
398 2183 515 2213 Oceani
542 2184 627 2225 aquis
649 2185 796 2227 absorpto
815 2187 1063 2219 Fontis-Ebraldi
1087 2188 1229 2231 religiosa
1247 2194 1277 2219 et
1294 2187 1350 2218 ab·

344 2233 458 2266 batissa
472 2260 478 2273 ,
496 2236 534 2267 ad
548 2248 640 2278 quam
661 2243 768 2270 Petrus
784 2241 931 2272 Cellensis
948 2241 1020 2273 libri
1034 2242 1126 2284 primi
1143 2242 1275 2284 epistola
1294 2245 1348 2273 10.

393 2292 457 2319 603
478 2292 517 2320 D.
533 2289 665 2333 benigne
682 2293 809 2324 audistis
825 2306 885 2326 me.
905 2315 948 2318 —
965 2296 1092 2338 Quippe
1108 2295 1268 2327 Mathildis
1282 2302 1351 2326 tan-

342 2346 409 2371 tum
427 2344 585 2375 Bernardo
601 2346 736 2377 studium
755 2354 784 2378 et
798 2348 943 2379 affectum
958 2349 1100 2380 exhibuit
1115 2374 1122 2388 ‚
1140 2356 1173 2380 ut
1188 2349 1352 2380 Boloniam

344 2395 480 2426 venienti
496 2398 590 2438 pedes
604 2399 630 2430 ei
649 2406 735 2431 extra
757 2401 867 2432 urbem
887 2409 1081 2442 occurreret,
1108 2414 1147 2434 ex
1166 2403 1247 2434 Vitae
1269 2404 1350 2435 libro

343 2455 470 2489 quarto.
489 2461 519 2481 n.
539 2456 567 2483 6.

391 2506 456 2535 1204
467 2508 507 2536 D.
519 2518 560 2536 An
571 2519 719 2538 1111011οΜ
730 2521 821 2540 sumu
835 2511 1349 2544 connumera—charissimum

343 2555 415 2587 dicit
434 2568 504 2589 eum
527 2561 703 2592 Bernardus
725 2563 756 2593 in
780 2564 911 2606 epistola
941 2567 1017 2596 142.
1043 2566 1214 2608 Episcopus
1242 2573 1350 2609 postea

343 2608 402 2641 fuit
420 2612 619 2653 Lingonensis
636 2639 645 2653 ,
665 2626 702 2646 ex
717 2615 805 2647 dictis
829 2617 870 2648 ad
887 2618 1052 2660 epistolam
1082 2623 1159 2651 164.
1178 2621 1252 2662 Ejus
1272 2621 1352 2652 litte-

341 2673 390 2693 ras
406 2663 501 2696 habes
524 2667 606 2708 apud
631 2669 821 2707 Perardum,
837 2682 907 2714 pag.
944 2676 1016 2704 122.
1038 2676 1133 2705 Anno
1162 2676 1244 2705 1141
1266 2685 1350 2706 com-

343 2717 468 2757 ponitur
484 2721 680 2761 pontificatus
693 2724 759 2764 ejus
770 2735 869 2756 annus
888 2727 1042 2757 secundus
1056 2751 1063 2765 ‚
1084 2738 1155 2770 pag.
1175 2730 1252 2760 134.

394 2774 458 2802 606
478 2775 513 2804 C.
531 2775 648 2806 indulta
674 2776 809 2809 licentia.
833 2798 878 2802 —-
895 2780 955 2811 Hic
969 2781 1046 2812 duas
1062 2792 1170 2813 causas
1183 2782 1350 2814 secedendi

344 2821 376 2852 in
398 2825 543 2867 episcopo
562 2829 675 2869 probat
691 2832 867 2863 Bernardus
880 2857 887 2871 ,
908 2834 1055 2864 nimirum
1075 2835 1289 2877 poenitentiam
1308 2836 1349 2867 ob

343 2876 458 2907 crimen
471 2902 478 2914 ,
497 2885 526 2909 et
545 2879 721 2913 facultatem
737 2885 848 2915 summi
867 2887 1038 2918 PontificiS.
1058 2889 1204 2931 Episcopi
1218 2890 1291 2920 olim
1308 2890 1349 2921 ob

344 2929 487 2970 capitalia
503 2932 632 2964 crimina
652 2935 683 2965 in
699 2937 842 2968 ordinem
864 2940 1098 2982 redigebantur,
1129 2948 1163 2973 ut
1183 2942 1224 2973 ob
1247 2944 1350 2975 carnis

343 2981 462 3024 lapsum
482 3008 489 3021 ,
508 2984 642 3024 furtum,
662 2990 845 3030 perjurium,
865 2998 895 3023 et
908 2992 1122 3026 homicidium.
1140 2996 1236 3027 Aliud
1249 2998 1350 3038 quod-

343 3035 389 3066 vis
407 3038 537 3068 mortale
557 3046 718 3080 peccatum
738 3042 789 3073 1110
809 3044 1042 3087 intelligendum
1063 3048 1185 3080 videtur
1198 3074 1205 3088 ,
1230 3051 1279 3081 0111
1298 3062 1350 3082 ex-

343 3089 460 3131 piando
477 3093 647 3123 monastica
676 3096 806 3126 retrusio
827 3097 865 3127 sit
896 3101 1080 3132 necessaria.
1116 3105 1193 3134 Haec
1218 3104 1349 3146 epistola

342 3142 456 3184 scripta
482 3144 604 3175 videtur
628 3147 721 3187 paulo
738 3154 809 3179 ante
828 3152 966 3182 Turstini
991 3154 1110 3185 obitum
1122 3180 1129 3193 ‚
1148 3156 1248 3198 Jquem
1265 3169 1348 3190 anno

347 3198 433 3227 1139
451 3197 598 3229 accidisse
618 3199 711 3230 tradit
730 3201 898 3234 Ordericus
915 3205 946 3235 in
970 3206 1050 3237 libro
1081 3212 1116 3239 13
1130 3234 1137 3247 ,
1164 3221 1233 3252 pag.
1258 3216 1344 3251 919,

341 3248 397 3280 ubi
415 3249 532 3281 Andini
558 3251 756 3284 Ebroicensis
778 3255 915 3298 episcopi
936 3257 1031 3289 frater
1051 3260 1172 3293 dicitur.
1189 3264 1240 3295 Ad
1262 3276 1348 3296 eum-

340 3301 411 3333 dem
429 3304 610 3335 Turstinum
622 3306 745 3348 scriptae
758 3314 828 3338 sunt
842 3309 978 3351 epistola?
999 3315 1058 3343 195
1075 3319 1103 3344 et
1124 3318 1202 3347 235.

389 3359 454 3388 606
474 3360 512 3389 D.
528 3358 714 3390 monachum
733 3360 904 3394 exhibeatis
924 3363 954 3393 in
980 3365 1138 3407 episcopo.
1167 3388 1203 3391 νὴ
1232 3373 1344 3402 Mona-

855 172 904 207 IN
935 173 1114 208 TOMUM
1142 173 1340 208 PRIMUM
1366 173 1571 208 OPERUM
1601 174 1636 208 S.
1667 172 1920 207 BERNARDI

2346 175 2424 213 940

1415 249 1480 280 chis
1493 250 1646 292 episcopis
1664 248 1751 279 factis
1769 259 1833 279 non
1858 248 1971 279 licebat
1993 247 2138 279 habitum
2165 254 2194 280 et
2218 250 2355 292 priorem
2376 254 2424 285 vi-

1414 303 1507 334 vendi
1527 303 1655 333 modum
1675 302 1822 344 abjicere.
1847 306 1927 343 Lege
1953 302 2172 334 Praefationem
2194 306 2212 333 2
2235 305 2345 336 Saeculi
2377 309 2397 338 4
2411 331 2421 346 ,

1414 368 1446 387 n.
1470 359 1544 387 178.
1564 367 1632 397 sqq.
1657 362 1687 386 et
1717 359 1792 386 189.
1812 355 1872 386 Sed
1891 355 1987 387 hodie
2003 367 2097 397 quam
2118 362 2254 388 mutatus
2274 365 2319 390 est
2338 361 2425 393 color

1416 409 1569 451 optimus!
1588 413 1668 450 Lege
1682 408 1896 441 Abaelardum
1913 409 1945 439 in
1961 420 2103 441 sermone
2119 410 2157 441 de
2180 417 2287 443 sancto
2302 416 2425 448 Joanne

1417 462 1554 503 Baptista
1571 486 1578 499 ‚
1599 462 1652 493 fol.
1670 466 1749 493 966.
1775 464 1855 493 Cum
1879 473 1953 493 vero
1977 474 2157 504 persuasum
2176 463 2331 497 haberent
2349 477 2426 500 non-

1416 515 1512 552 nulli,
1530 516 1623 546 vitam
1640 515 1848 557 episcopalem
1859 539 1866 553 ‚
1890 523 1983 557 prout
2006 523 2082 548 tunc
2097 517 2199 559 agitur
2214 542 2222 556 ‚
2247 529 2318 550 cum
2339 520 2426 553 insti-

1417 568 1489 598 tutis
1507 568 1685 599 monasticis
1704 568 1861 599 cohaerere
1875 580 1939 599 non
1963 580 2074 611 posse3
2102 570 2193 602 electi
2211 570 2252 602 ad
2271 572 2430 616 episcopa-

1417 626 1484 651 tum
1495 645 1502 659 ,
1519 632 1646 662 prorsus
1662 621 1858 663 acquiescere
1883 621 2095 655 detrectarunt
2116 634 2124 654 :
2142 625 2234 665 quale
2246 631 2292 657 est
2308 625 2428 669 insigne

1418 674 1596 716 exemplum
1613 674 1769 706 Guidonis
1783 674 1906 706 abbatis
1922 677 2190 709 Clarae-vallensis
2203 702 2213 716 ,
2233 678 2288 720 qui
2304 686 2427 713 mortuo

1419 727 1579 758 willelmo
1602 727 1837 770 archiepiscopo
1858 728 1890 759 in
1907 729 2013 760 sedem
2032 733 2220 762 Remensem
2240 738 2401 774 cooptatus
2417 757 2426 770 ,

1419 780 1603 811 electionem
1617 787 1795 813 constanter
1810 781 1957 814 refutavit
1974 782 2016 813 ob
2035 783 2135 826 ipsam
2151 784 2305 816 rationem
2317 809 2326 824 ‚
2346 786 2428 828 apud

1419 834 1580 865 Baluzium
1597 835 1630 865 in
1641 841 1726 866 tomo
1743 835 1880 867 secundo
1891 836 2165 868 Miscellaneorum
2178 861 2186 876 ,
2205 849 2277 880 pag.
2301 841 2379 872 247.

1470 891 1535 920 607
1559 890 1595 919 B.
1623 900 1821 920 antxsnnao
1844 901 1958 920 11110111
1978 901 2020 920 m:
2041 901 2272 922 nonnulis—-
2287 891 2348 924 Hic
2372 892 2428 928 suit

1420 940 1517 972 frater
1538 942 1676 973 uterinus
1701 941 1851 974 Richardi
1876 942 2000 974 abbatis
2020 946 2045 974 F
2047 944 2227 975 ontanensis
2249 944 2282 976 in
2299 946 2427 988 Anglia‚

1420 1006 1457 1027 eo
1482 996 1609 1028 nomine
1628 996 1772 1034 secundi,
1793 997 1846 1038 qui
1864 997 1949 1039 apud
1974 997 2237 1030 Claram-Vallem
2257 999 2376 1041 quievit
2396 1000 2429 1033 in

1420 1059 1516 1092 pace,
1533 1057 1611 1082 teste
1628 1051 1758 1082 Serlone
1782 1051 1815 1081 in
1839 1051 2007 1082 Mouastici
2026 1051 2192 1094 Anglicani
2208 1058 2295 1083 tomo
2313 1053 2426 1095 primo,

1419 1114 1489 1146 pag.
1518 1107 1584 1136 854
1599 1129 1608 1142 ,
1633 1104 1686 1135 ubi
1713 1104 1752 1136 de
1773 1105 1962 1136 monasterio
1983 1105 2203 1137 Kirkstallensi
2225 1116 2281 1138 seu
2311 1107 2430 1140 Montis

1421 1158 1668 1189 Sanctae-Mariae
1684 1158 1717 1188 in
1734 1168 1807 1199 agro
1824 1157 2015 1190 Eboracensi
2034 1169 2042 1190 :
2062 1159 2150 1201 cujus
2167 1160 2227 1191 loci
2240 1159 2359 1202 primus
2372 1161 2429 1192 ab·

1420 1209 1476 1241 bas
1507 1211 1665 1243 institutus
1688 1217 1733 1242 est
1767 1211 1949 1243 Alexander
1977 1223 2060 1243 anno
2092 1215 2194 1251 1147,
2221 1214 2358 1245 Henrico
2391 1214 2430 1247 de

1418 1264 1577 1296 Murdach
1595 1272 1661 1297 tum
1678 1265 1912 1307 archiepiscopo
1924 1290 1932 1303 ‚
1954 1265 1995 1297 ad
2014 1277 2107 1308 quem
2129 1266 2261 1309 epistola
2285 1278 2430 1309 sequens.

1419 1318 1509 1349 Alius
1532 1318 1591 1350 suit
1609 1319 1792 1351 Alexander
1805 1344 1812 1357 ,
1842 1319 1950 1351 itidem
1968 1321 2089 1362 Anglus
2105 1345 2113 1359 ,
2135 1327 2166 1352 et
2184 1321 2311 1363 quidem
2333 1321 2430 1354 abbas

1418 1374 1624 1405 Fontanensis
1638 1399 1646 1412 ,
1665 1374 1719 1405 sed
1738 1374 1768 1404 in
1788 1373 1913 1405 dioecesi
1935 1374 2112 1406 Turonensi
2125 1398 2134 1412 ‚
2153 1374 2192 1406 de
2210 1386 2273 1417 quo
2290 1375 2322 1406 111
2336 1376 2431 1418 Spici-

1417 1427 1490 1468 legii
1510 1434 1595 1459 tomo
1614 1431 1668 1466 10,
1693 1439 1784 1470 pagg.
1813 1430 1878 1459 374
1900 1434 1931 1459 et
1951 1431 2030 1460 377.
2051 1431 2101 1460 De
2115 1429 2305 1461 monasterio
2319 1432 2430 1461 Fonta-

1418 1482 1507 1513 nensi
1526 1482 1559 1512 in
1575 1482 1689 1524 Anglia
1703 1482 1811 1513 confer
1830 1482 1975 1524 epistolas
2002 1485 2067 1514 2:³5
2087 1489 2117 1514 et
2136 1486 2216 1515 252.

1467 1539 1531 1568 607
1549 1539 1590 1568 D.
1616 1536 1803 1568 venerabilis
1829 1536 1927 1567 abbas
1947 1536 2114 1568 Henricus.
2133 1555 2180 1560 —
2209 1536 2366 1569 Henricus
2390 1536 2430 1569 de

1418 1591 1575 1623 Murdacb
1591 1616 1599 1630 ,
1626 1597 1702 1623 tunc
1733 1591 1831 1622 abbas
1856 1591 2092 1630 Vallis-Clarae,
2120 1591 2160 1623 ad
2181 1602 2276 1634 quem
2298 1592 2430 1633 epistola

1417 1655 1568 1686 sequenS,
1592 1651 1659 1676 tum
1678 1651 1848 1688 occupatus
1870 1645 2099 1682 controversia,
2118 1656 2188 1688 quae
2208 1646 2290 1677 inter
2314 1646 2429 1677 Vallis-

1419 1699 1517 1731 Clarae
1535 1705 1565 1731 et
1585 1700 1732 1732 Cuissiaci
1754 1700 1943 1732 monasteria
1969 1699 2128 1739 fervebat,
2160 1700 2246 1743 apud
2273 1703 2429 1732 Herman-

1417 1764 1492 1784 num
1506 1754 1698 1785 monachum
1711 1754 1950 1786 Laudunensem
1971 1754 2004 1785 in
2029 1753 2112 1785 libro
2140 1757 2182 1793 3,
2206 1765 2277 1797 cap.
2309 1757 2363 1786 16.
2390 1758 2429 1786 In

1418 1809 1591 1841 chricum
1621 1808 1823 1841 concertabat
1859 1813 1958 1841 Lucas
1989 1808 2088 1840 abbas
2118 1808 2338 1842 cuissiacensis
2350 1835 2360 1848 ‚
2388 1809 2428 1841 ad

1418 1873 1512 1903 quem
1528 1863 1658 1905 epistola
1676 1866 1730 1895 79.

1467 1920 1531 1948 608
1552 1918 1587 1948 C.
1611 1929 1653 1947 AD
1672 1928 1850 1948 flmmeum
1868 1928 1910 1947 mi
1935 1927 2111 1948 1111111οΑ03.
2137 1934 2181 1939 --
2197 1916 2354 1948 Henricus
2371 1917 2428 1948 iste

1418 1971 1559 2012 Anglus,
1585 1971 1624 2002 ad
1648 1982 1742 2013 quem
1766 1971 1897 2013 epistola
1927 1973 2010 2009 106,
2045 1970 2220 2002 monachus
2239 1970 2378 2013 primum
2395 1971 2428 2002 in

1418 2024 1636 2063 Clara-Valle,
1661 2025 1734 2056 inde
1749 2024 1808 2056 sub
1832 2025 1928 2056 finem
1948 2024 2023 2056 anni
2051 2027 2137 2056 1135
2161 2025 2273 2056 missus
2295 2031 2341 2056 est
2357 2035 2430 2056 cum

1417 2078 1507 2109 sociis
1533 2078 1699 2110 duodecim
1718 2079 1757 2110 ad
1786 2079 2041 2110 constituendum
2068 2079 2291 2110 monasterium
2317 2079 2430 2110 Vallis-

1418 2133 1517 2164 Clarae
1546 2133 1580 2164 in
1603 2133 1728 2165 dioecesi
1750 2133 1970 2171 Laudunensi,
1992 2132 2133 2174 illudque
2160 2133 2242 2164 rexit
2269 2132 2309 2163 ad
2335 2133 2429 2165 finem

1417 2187 1492 2218 anni
1514 2189 1614 2226 1138,
1633 2198 1696 2229 quo
1712 2194 1853 2230 tempore
1874 2188 2042 2219 translatus
2066 2194 2113 2219 est
2134 2188 2168 2219 in
2183 2188 2322 2230 regimen
2334 2187 2430 2219 abba-

1418 2241 1467 2271 tiae
1487 2243 1510 2272 F
1513 2242 1692 2272 ontanensis
1705 2266 1712 2280 ‚
1734 2242 1866 2284 jubente
1882 2248 1912 2273 et
1929 2241 2110 2273 instituente
2121 2265 2129 2276 .
2148 2247 2183 2273 ut
2199 2252 2237 2272 ex
2254 2240 2302 2272 his
2319 2241 2429 2272 litteris

1417 2300 1501 2336 patet
1521 2320 1528 2333 ,
1562 2295 1723 2327 Bernardo
1754 2307 1763 2328 ;
1792 2296 2044 2338 archiepiscopus
2072 2295 2278 2327 Eboracensis
2307 2301 2430 2327 creatus

1417 2359 1500 2380 anno
1522 2354 1530 2380 1
1545 2352 1620 2388 147,
1637 2350 1742 2381 vivere
1760 2350 1849 2381 desiit
1862 2360 1946 2381 anno
1971 2352 2076 2388 1153,
2095 2360 2134 2380 ex
2152 2349 2339 2389 Necrologio
2354 2349 2430 2380 Val-

1416 2401 1567 2434 lis-Clarae
1579 2428 1586 2441 ‚
1602 2404 1703 2445 pridie
1713 2404 1783 2435 idus
1797 2403 1951 2435 octobres.

1466 2461 1530 2489 613
1549 2461 1584 2489 Β.
1602 2469 1645 2488 AD
1663 2469 1841 2489 110110111οΜ
1866 2469 2018 2488 ΑΒΒΑΤΕΜ
2043 2468 2084 2487 m:
2104 2468 2219 2487 mmm.
2236 2475 2279 2478 —
2299 2456 2360 2488 Hic
2383 2461 2430 2488 est

1416 2510 1468 2542 ille
1484 2511 1644 2543 Robertus
1657 2536 1664 2550 ,
1687 2512 1739 2554 qui
1760 2515 1795 2543 B.
1816 2511 1977 2543 Bernardo
1997 2511 2031 2542 in
2043 2511 2240 2542 Clara-Valle
2256 2510 2401 2542 successit
2417 2520 2427 2542 :

1416 2565 1479 2596 imo
1493 2589 1500 2603 ‚
1517 2576 1610 2607 quem
1628 2566 1694 2608 ipse
1712 2566 1889 2597 Bernardus
1907 2566 1975 2607 jam
1994 2564 2204 2596 moribundus
2223 2563 2283 2595 sibi
2304 2575 2428 2595 succes-

1415 2629 1518 2651 sorem
1533 2619 1718 2651 nominavit.
1740 2619 1823 2651 Vide
1842 2619 1957 2650 librum
1979 2619 2018 2650 de
2033 2618 2118 2649 Viris
2140 2617 2318 2650 Illustribus
2335 2617 2428 2649 Ordi-

1414 2672 1463 2703 nis
1480 2672 1691 2703 Cistercicnsis
1708 2672 1779 2703 dist.
1811 2676 1828 2703 2
1843 2696 1851 2710 ,
1872 2683 1940 2714 cap.
1972 2675 2013 2703 23
2032 2683 2041 2710 3
2064 2674 2187 2713 Meyer.
2214 2670 2296 2701 libro
2315 2674 2426 2702 Anna-

1415 2727 1491 2758 lium
1515 2727 1640 2758 Flandr.
1666 2734 1691 2758 et
1716 2727 1904 2769 Manriquez
1922 2726 1956 2757 111
1980 2725 2171 2758 Annalibus.
2189 2727 2298 2756 Dunas
2313 2729 2426 2756 vocant

1414 2781 1515 2823 Belgae
1539 2781 1686 2812 maritimi
1717 2792 1844 2823 aggeres
1867 2780 2002 2812 collesve
2027 2778 2129 2810 sabuli
2161 2777 2308 2816 candidi,
2339 2777 2389 2809 1·οΙ
2409 2787 2427 2808 a

1414 2841 1526 2867 natura
1541 2860 1548 2874 ‚
1567 2836 1618 2866 vel
1636 2836 1675 2867 ab
1690 2841 1841 2867 aestuante
1857 2835 1968 2878 pelago
1988 2833 2136 2875 congesti.
2159 2836 2198 2864 In
2217 2832 2265 2863 his
2281 2832 2357 2863 olim
2368 2830 2428 2862 fuit

1415 2889 1592 2921 coenobium
1618 2893 1767 2922 Dunense
1791 2888 2066 2924 florentissimum,
2086 2897 2197 2918 verum
2214 2896 2299 2917 nunc
2325 2883 2427 2916 arenis

1415 2944 1666 2976 excrescentibus
1686 2944 1864 2986 sepultum,
1887 2941 1929 2974 ob
1946 2941 2119 2983 neglectam
2135 2950 2192 2982 per
2204 2938 2281 2970 belli
2306 2935 2428 2970 calami-

1414 3004 1493 3030 tates
1507 2998 1633 3030 obicum
1644 2999 1820 3040 ligneorum
1832 2997 2103 3029 instaurationem.

1463 3055 1529 3084 614
1552 3056 1591 3084 D.
1604 3064 1755 3083 ΑΒΜ-[ΕΜ
1778 3061 2112 3083 ςιΑκΕ-νΑιιεπεεκ.
2135 3050 2271 3079 -Haec
2292 3045 2425 3089 epistola

1414 3105 1605 3148 praefationis
1631 3106 1698 3137 vice
1721 3106 1849 3148 praefixa
1877 3111 1923 3137 est
1944 3102 2158 3146 Disputationi
2175 3101 2315 3144 ejusdem
2340 3099 2426 3132 Guil-

1413 3159 1496 3190 lelmi
1526 3159 1650 3191 abbatis
1686 3158 1998 3191 Sancti-Theoderici
2038 3167 2139 3200 prope
2169 3158 2287 3187 Remos
2316 3158 2424 3184 contra

1414 3212 1648 3251 Abaelardum,
1672 3213 1763 3244 editae
1788 3213 1820 3244 in
1844 3220 1930 3244 tomo
1953 3217 2068 3254 quarto
2094 3208 2296 3242 Bibliothecae
2315 3206 2426 3239 Cister-

1413 3267 1536 3298 ciensis.
1557 3268 1678 3310 Scripta
1692 3277 1767 3298 vero
1781 3273 1825 3298 est
1841 3273 1914 3298 ante
1932 3275 2040 3297 omnes
2059 3262 2212 3296 Bemardi
2224 3263 2258 3293 in
2277 3259 2426 3294 Abaelar-

1414 3320 1488 3351 dum
1505 3321 1651 3363 epistolas
1665 3345 1672 3358 ,
1694 3327 1725 3352 ut
1740 3331 1778 3352 ex
1799 3320 1888 3352 initio
1901 3320 2041 3364 epistolae
2057 3316 2241 3361 intelligitur
2253 3340 2261 3355 ‚
2283 3315 2424 3355 adeoque

1414 3382 1485 3406 ante
1499 3386 1616 3406 annum
1638 3378 1672 3406 11
1687 3378 1738 3406 10.

2499 2114 2503 2142 !
