2533 3920
365 206 438 243 447

366 295 414 320 ne
452 281 638 318 calamum
673 285 892 328 quassatum
927 283 1146 321 conterant,
1178 283 1216 311 ct
1253 268 1417 309 linum²⁰

1132 201 1167 236 S.
1197 194 1451 234 BERNARDI
1481 193 1682 228 ABBATIS

1421 268 1549 305 “verso
1571 267 1667 304 orbi.
1685 264 1877 315 Siquidem
1901 263 2120 313 deprecatio
2139 277 2224 301 mea
2238 278 2353 315 super
2371 266 2440 305 hoc
2499 291 2501 305 A

2363 190 2438 227 448
2499 183 2502 235 i

367 341 555 390 fumigans
584 352 663 376 non
692 337 961 386 exstinguant:
985 343 1021 372 et
1042 334 1158 383 magis
1178 334 1215 369 in
1238 332 1372 382 spiritu
1389 328 1419 362 A
1438 328 1485 366 ab
1513 341 1615 365 anno
1642 328 1790 377 pri0re3
1825 333 1862 361 et
1894 324 2058 373 peccatis
2085 324 2179 361 meis
2207 325 2442 374 exigentibus

369 399 585 438 vehementi
605 405 810 435 conterunt
829 408 943 433 naves
963 395 1124 432 Tharsis.

426 461 460 497 2.
492 460 530 497 Si
560 457 829 494 denuntiamus
861 456 946 492 filiis
977 468 1060 492 cum
1090 452 1296 504 Apostolo,
1334 460 1376 488 ut

374 520 554 557 obediant
571 517 742 568 patribus
763 530 832 566 per
849 515 995 560 omnia3
1017 514 1124 563 quasi
1144 525 1268 550 aerem
1289 524 1378 547 ver—

375 580 565 617 beramus.
587 578 623 616 Si
650 576 822 627 patribus
843 575 1048 624 loquimur,
1071 587 1118 609 ne
1138 572 1185 609 ad
1205 571 1382 619 indigna-

376 641 516 677 tionem
544 645 755 688 provocent
780 637 878 672 filios
895 642 926 681 ¹3
947 636 986 671 in
1008 647 1077 670 nos
1098 633 1226 684 potius
1247 644 1382 668 eorum

378 698 680 747 indignationem
712 708 980 745 provocamus.
1008 697 1085 731 Nec
1117 692 1383 741 delinquentes

377 758 590 795 satisfacere
639 769 708 792 nec
728 762 892 791 rectores
923 766 988 790 seu
1022 761 1258 789 correctores
1287 762 1382 786 con—

379 817 607 854 descendere
625 815 812 852 ullatenus
834 814 1090 863 acquiescunt.
1113 815 1254 850 Omnes
1273 822 1383 846 suum

379 876 614 914 stomachum
646 882 878 923 sequuntur3
901 881 939 909 et
968 873 1054 909 totis
1081 870 1226 908 viribus
1254 871 1383 906 funem

379 938 418 974 in
450 936 597 972 diversa
633 933 843 977 trahentes,
875 940 1069 981 rumpunt.
1103 934 1187 967 Heu
1221 929 1384 966 necdum

378 995 521 1032 recenti
551 992 727 1030 Ecclesiae
758 992 905 1041 plagaea
927 990 1083 1027 cicatrix
1103 989 1280 1026 occalluit
1292 989 1323 1033 *,
1349 996 1386 1024 et

380 1067 531 1091 rursum
557 1052 727 1089 scindere
756 1059 910 1100 parant,
930 1063 1060 1086 rursus
1088 1062 1228 1098 corpus
1249 1048 1387 1086 Christi
1408 1055 1435 1088 Β

382 1114 533 1162 affigere
563 1111 686 1156 cruci,
710 1123 840 1147 rursus
869 1109 1000 1146 fodere
1032 1110 1129 1145 latus
1161 1109 1384 1153 innoxium,

382 1186 512 1210 rursus
531 1171 756 1208 vestimenta
779 1169 969 1215 dix-idere,
994 1177 1106 1218 atque
1124 1169 1263 1218 ipsam,
1284 1167 1389 1218 quod

381 1234 420 1269 in
454 1232 544 1282 ipsis
580 1239 654 1276 est,
688 1230 853 1267 tunicam
894 1229 1183 1273 inconsutilem,
1216 1228 1391 1277 quamvis

385 1294 542 1337 frustra,
576 1290 795 1340 dirumpere
826 1298 1013 1338 satagunt.
1039 1289 1077 1327 Si
1109 1302 1182 1338 qua
1212 1288 1250 1324 in
1281 1287 1392 1324 vobis

382 1361 471 1390 sunt
486 1352 630 1389 viscera
647 1351 815 1400 pietatis,
839 1350 952 1386 tantis
969 1363 1037 1386 vos
1055 1349 1240 1399 opponite
1256 1348 1364 1385 malis
1382 1363 1390 1385 ε

384 1427 432 1450 ne
459 1413 498 1448 in
525 1413 589 1448 illa
616 1412 809 1461 praecipue
835 1419 935 1447 terra
959 1410 1120 1446 scissura
1150 1410 1233 1451 fiat,
1258 1409 1297 1445 in
1319 1422 1393 1458 qua

385 1473 527 1517 solent,
549 1472 645 1508 sicut
665 1471 808 1520 optime
826 1471 965 1515 nostis,
987 1470 1156 1506 scissurae
1174 1470 1254 1506 aliae
1273 1482 1396 1506 resar-

386 1532 467 1568 ciri.
489 1534 582 1568 {Nam
615 1531 644 1566 si
675 1538 808 1566 auctor
842 1529 1027 1575 scandali,
1055 1542 1120 1565 ore
1152 1529 1394 1578 singulariter

385 1591 547 1635 Judicis,
576 1589 775 1626 tremendo
799 1588 987 1625 addicitur
1007 1588 1233 1635 maledicto;
1255 1588 1394 1638 quibus

385 1659 564 1701 putamus
584 1648 914 1686 benedictionibus
929 1648 1063 1698 dignos
1082 1648 1197 1698 hujus
1217 1649 1395 1699 nequitiae

387 1711 577 1761 fugatores
597 1719 633 1746 et
652 1717 958 1760 propugnatores
973 1708 1014 1746 ¹³?

443 1772 478 1808 3.
510 1774 564 1807 De
587 1768 737 1805 duobus
761 1782 838 1805 non
868 1782 1093 1805 excusamus
1123 1773 1276 1819 Regem.
1300 1773 1394 1806 Nam

1441 388 1747 438 deprecationem
1777 398 1897 422 meam
1927 396 2004 420 non
2026 383 2241 430 exauditio,
2263 384 2329 421 scd
2352 385 2444 424 indi·
2499 387 2501 426 Ῐ

1441 449 1599 498 gnati03
1634 446 1934 496 indignationem
1969 452 2096 480 autem
2130 443 2314 481 desolatio
2349 458 2445 495 pene

1445 508 1631 544 universae
1654 515 1764 543 terrae
1781 514 1909 542 secuta
1924 512 1990 540 est.
2013 503 2051 542 Si
2075 503 2165 553 quid
2187 504 2268 541 zelo
2289 513 2447 555 urgente

1446 568 1572 617 erupit
1597 566 1700 617 quod
1723 579 1800 602 non
1828 564 1898 601 fuit
1914 593 1923 610 ,
1941 572 2006 600 aut
2032 577 2139 600 secus
2161 577 2275 614 quam
2298 564 2368 602 fuit
2390 560 2448 604 di-

1448 627 1637 673 cendum3
1677 627 1748 671 sit,
1780 637 1931 675 quaeso,
1975 623 2078 673 apud
2115 636 2184 660 vos
2220 623 2328 673 quasi
2370 637 2448 664 non
2498 656 2499 659 η
2519 652 2521 655 -

1451 686 1595 723 dictum
1630 702 1636 723 :
1668 685 1733 723 nbi
1763 698 1854 722 vero
1878 684 1955 721 dixi
1975 683 2079 733 quod
2100 684 2296 734 oportuit,
2323 692 2362 722 et
2385 684 2450 724 ubi

1452 747 1625 796 oportuit
1645 746 1717 783 dici
1737 760 1746 792 ;
1779 745 1826 782 sit
1848 758 1926 781 non
1950 744 2089 780 frustra
2108 743 2266 780 dictum.

1464 890 1747 901 nsum—*nuansmsssxxu
1754 890 1778 899 s·
1785 888 2454 901 ι»ων-ιιι-ιι-ινιιινιιιυιννυιιινινι·ικιιουυνυιο
2496 888 2499 905 j

1621 1021 1993 1077 EPISTOLA
2054 1019 2291 1076 CCXX.

1610 1182 1656 1204 AD
1672 1182 1896 1205 LL'DOVICUM
1911 1181 2040 1204 REGEM
2061 1180 2303 1204 FRANCORUM.

1458 1297 1602 1340 Iniquam
1634 1297 1714 1339 regis
1735 1297 1979 1340 postulationem
2008 1296 2040 1327 in
2073 1307 2165 1328 causa
2191 1295 2320 1328 Radulfi
2346 1295 2458 1338 rejicit,
2493 1316 2518 1331 ,.

1504 1363 1636 1384 monens
1658 1352 1803 1383 eumdem
1817 1363 1883 1383 non
1906 1362 2047 1394 premere
2073 1351 2270 1390 innocentes,
2290 1357 2321 1382 et
2346 1351 2462 1383 irritam
2510 1361 2521 1381 t

1506 1413 1614 1438 contra
1630 1418 1662 1438 se
1680 1409 1799 1448 Regem
1811 1417 2005 1449 supremum.

1518 1527 1550 1563 1.
1580 1525 1764 1563 Libenter
1785 1525 1940 1576 quidem
1953 1555 1964 1573 ,
1987 1525 2084 1562 sicut
2104 1524 2185 1575 ipse
2208 1523 2317 1561 fateri
2337 1522 2464 1573 digna-

1459 1588 1572 1634 mini,
1589 1588 1700 1624 etiam
1720 1587 1880 1637 propria
1895 1594 2095 1623 attestante
2111 1584 2344 1622 conscientia
2356 1613 2366 1630 ,
2383 1597 2464 1634 quae
2490 1626 2493 1630 ,
2509 1601 2516 1635 1

1461 1647 1508 1684 ad
1534 1647 1722 1683 honorem
1744 1654 1915 1683 vestrum
1937 1654 1975 1683 et
1999 1645 2107 1695 regni
2129 1644 2246 1681 vestri
2268 1643 2465 1680 utilitatem
2489 1689 2493 1695 .
2511 1655 2517 1676 ι

1463 1715 1658 1757 spectant,
1682 1719 1754 1756 pro
1784 1714 1917 1743 nostro
1945 1706 2082 1754 exiguo
2110 1717 2245 1755 posse,
2270 1712 2307 1740 et
2331 1702 2467 1752 quaeri-
2490 1705 2517 1748 li

1464 1780 1548 1803 mus
1563 1796 1572 1813 ,
1600 1775 1637 1802 et
1653 1779 1880 1816 quaeremus.
1899 1768 2085 1803 Caeterum
2115 1763 2220 1815 quod
2235 1771 2374 1800 nostrae
2396 1762 2467 1800 hu·
2488 1767 2514 1815 21

390 1839 428 1867 et
443 1829 587 1879 juravit
602 1830 746 1876 illicite,
764 1837 801 1866 et
818 1838 1036 1879 perseverat
1053 1828 1190 1878 injuste
1203 1830 1232 1866 *.
1254 1834 1395 1867 Verum
1418 1833 1444 1868 C
1466 1826 1613 1862 militati
1644 1826 1846 1875 querimini
1873 1839 1989 1876 super
2019 1825 2257 1862 anathemate
2283 1836 2375 1860 mox
2408 1822 2466 1860 in·
2488 1822 2498 1856 ι’

388 1891 427 1928 id
450 1903 526 1926 non
547 1890 762 1934 voluntate,
788 1888 854 1925 sed
874 1889 1114 1926 verecundia.
1134 1894 1228 1927 Nam
1251 1890 1395 1940 probro

389 1951 553 1996 ducitur,
574 1950 670 1986 sicut
690 1949 832 1999 optime
859 1949 996 1995 nostis,
1017 1949 1118 1999 apud
1145 1951 1396 1999 Franci-genas

385 2010 646 2060 juramentum
683 2010 851 2056 solvere,
873 2009 1084 2059 quamlibet
1115 2011 1212 2047 male
1244 2010 1398 2060 publice

387 2069 559 2119 juratum
598 2069 663 2115 sit,
698 2070 870 2118 quamvis
907 2082 1020 2105 nemo
1065 2070 1214 2120 sapiens
1252 2070 1400 2107 dubitet

391 2130 520 2165 illicita
546 2128 763 2177 juramenta
793 2141 872 2164 non
895 2141 974 2165 esse
998 2129 1173 2166 tenenda.
1196 2134 1399 2167 Verumta—

392 2202 480 2225 men
500 2201 547 2225 ne
567 2189 605 2224 in
626 2188 699 2224 hoc
719 2188 874 2237 quidem
895 2190 1066 2225 excusari
1088 2202 1200 2238 posse
1222 2190 1396 2227 fatemur.

391 2252 521 2298 Neque
538 2248 638 2284 enim
654 2260 834 2284 excusare
854 2260 941 2293 nos,
960 2247 1026 2283 sed
1042 2248 1191 2284 veniam
1206 2249 1401 2298 postulare

393 2307 638 2357 suscepimus.
659 2309 736 2343 Vos
765 2305 909 2350 videte,
934 2319 981 2341 an
1011 2319 1192 2342 excusare
1213 2307 1400 2356 aliquate-

394 2380 465 2404 nus
484 2380 571 2403 eum
591 2365 710 2416 possit
726 2366 800 2411 ira,
819 2374 926 2411 aetas,
944 2364 1133 2414 majestas.
1152 2367 1297 2403 Poterit
1323 2368 1402 2404 sine

396 2426 533 2472 dubio,
559 2427 589 2463 si
617 2426 914 2462 misericordiam
940 2425 1086 2474 judicio
1109 2428 1400 2476 superexaltan-

395 2487 481 2523 dam
503 2486 712 2522 decernatis
735 2500 742 2522 :
765 2494 952 2535 quatenus
974 2485 1151 2523 n'delicet
1173 2487 1257 2523 talis
1277 2487 1402 2536 aliqua

395 2547 648 2584 consideratio
670 2547 710 2582 in
736 2559 823 2596 rege
847 2554 884 2582 et
908 2559 1030 2596 puero
1048 2545 1256 2593 habeatur,
1275 2556 1315 2582 ut
1333 2547 1402 2584 hac

1462 1887 1643 1924 novando
1668 1888 1707 1923 in
1732 1887 1909 1924 comitem
1932 1886 2140 1923 Radulsum
2155 1885 2191 1932 *,
2213 1893 2251 1921 et
2269 1883 2384 1920 vultis
2411 1895 2467 1920 me
2488 1906 2492 1911 ·

1465 1947 1556 1983 dare
1583 1960 1739 1996 operam
1764 1945 1995 1983 omnimodis
2018 1953 2061 1982 ut
2080 1957 2159 1981 non
2179 1946 2262 1990 fiat,
2283 1942 2333 1980 oh
2355 1942 2468 1980 muln
2506 1956 2512 1982 ι

1466 2008 1562 2043 mala
1589 2020 1674 2056 quae
1707 2015 1881 2043 secutura
1910 2004 2000 2042 inde
2029 2004 2189 2054 putati53
2212 2015 2370 2054 prorsus
2395 2014 2467 2039 non
2504 2015 2512 2038 1

1465 2066 1579 2103 video
1611 2065 1808 2116 quomodo
1840 2065 2001 2116 implere
2030 2065 2195 2115 possim,
2229 2072 2267 2100 et
2296 2061 2468 2100 mandato
2486 2061 2517 2100 'b

1467 2125 1622 2163 obviare
1648 2126 1860 2176 apostolico
1881 2140 1888 2162 :
1908 2124 2014 2174 quod
2038 2124 2109 2161 etsi
2131 2136 2302 2174 possem,
2327 2134 2404 2159 non
2419 2120 2469 2158 vi-
2502 2132 2514 2162 1

1467 2185 1537 2222 deo
1559 2186 1664 2236 quod
1686 2184 1962 2223 rationabiliter
1987 2197 2152 2235 possem.
2180 2184 2300 2221 Doleo
2322 2182 2469 2233 quidem
2483 2184 2514 2226 m

1467 2247 1514 2283 de
1534 2247 1643 2283 malis
1656 2276 1666 2293 ,
1689 2247 1719 2283 si
1741 2246 1830 2283 inde
1854 2246 2087 2296 proveniant
2104 2259 2113 2282 ι
2135 2243 2203 2281 sed
2220 2257 2298 2281 non
2314 2243 2400 2294 ideo
2416 2251 2469 2280 ta-
2483 2242 2512 2286 lt

1468 2320 1557 2344 men
1575 2306 1759 2343 debemus
1775 2307 1898 2343 facere
1912 2307 2011 2343 mala
2022 2335 2032 2353 ,
2047 2314 2090 2342 ut
2106 2305 2263 2342 veniant
2279 2303 2391 2341 bona.
2407 2305 2471 2341 Sa-

1469 2367 1543 2404 tius
1565 2367 1758 2416 tutiusque
1778 2366 1851 2403 hoc
1872 2375 1994 2403 totum
2015 2365 2188 2416 profecto
2205 2361 2486 2414 omnipotentis¹
2503 2380 2513 2403 t

1467 2427 1536 2464 Dei
1549 2425 1697 2475 judicio
1722 2434 1760 2462 et
1782 2425 2025 2475 dispositioni
2045 2424 2317 2474 relinquimus,
2331 2422 2396 2473 qui
2409 2433 2472 2472 po·-
2504 2432 2510 2460 1

1469 2495 1541 2523 test
1566 2487 1688 2523 facere
1715 2494 1758 2522 ut
1777 2494 1813 2522 et
1832 2485 1936 2522 bona
1958 2499 2043 2536 quae
2065 2485 2146 2536 ipse
2162 2485 2246 2521 vult
2261 2483 2344 2521 fieri
2359 2511 2370 2530 ,
2387 2483 2508 2522 fiand

1469 2555 1507 2582 et
1527 2554 1723 2592 maneant3
1741 2554 1778 2582 et
1800 2546 1899 2582 mala
1923 2558 2008 2595 quae
2036 2545 2127 2582 mali
2152 2544 2383 2590 moliuntur,
2398 2544 2486 2606 nnn}

395 2608 429 2644 ei
458 2608 539 2644 vice
565 2607 629 2643 tali
656 2605 809 2656 quidem
838 2615 970 2642 tenore
996 2614 1196 2655 parcatur,
1223 2619 1300 2655 quo
1333 2607 1406 2645 tale
1425 2606 1649 2651 Dveniant3
1671 2613 1735 2641 aut
1763 2613 1864 2641 certe
1889 2605 1927 2641 in
1957 2617 2022 2641 eos
2047 2604 2152 2654 ipsos
2174 2603 2327 2654 potius,
2350 2601 2508 2652 quioejt
2532 2630 2533 2635 ,

396 2666 537 2716 aliquid
558 2666 604 2702 de
625 2674 762 2702 caetero
784 2679 860 2702 non
884 2673 1100 2715 praesumat.
1118 2669 1298 2702 Parcatur
1316 2679 1406 2704 sane

399 2725 559 2761 dixerim
572 2753 582 2770 ,
598 2725 628 2761 si
644 2725 726 2760 fieri
742 2724 860 2773 possit
873 2752 882 2768 ‚
900 2724 1004 2760 salva
1020 2724 1058 2759 in
1073 2723 1252 2760 omnibus
1271 2726 1404 2762 Eccle-

398 2785 461 2820 siae
482 2784 675 2829 libertate,
697 2784 809 2820 simul
829 2792 865 2820 et
886 2783 1174 2833 archiepiscopo
1193 2783 1320 2821 debita
1337 2798 1405 2822 ve-

397 2844 594 2880 neratione
614 2852 781 2889 servata,
798 2855 912 2892 quem
930 2856 1064 2879 manus
1081 2843 1289 2892 apostolica
1308 2858 1403 2881 con-

397 2904 569 2939 secravit.
585 2906 668 2939 Hoc
683 2903 762 2952 ipse
774 2906 852 2939 Rex
866 2902 1058 2938 humiliter
1069 2902 1177 2951 petit,
1192 2902 1264 2939 hoc
1278 2913 1407 2940 nostra

400 2964 576 2999 universa
601 2963 876 2998 citramontana
898 2962 1055 2998 nimium
1073 2960 1151 3010 jam
1175 2961 1315 2998 afflicta
1338 2966 1410 2999 Ec-

402 3023 514 3059 clesia
541 3022 764 3072 suppliciter
792 3022 1032 3072 deprecatur.
1064 3021 1246 3070 Alioquin
1277 3022 1409 3059 damus

403 3094 538 3118 manus
563 3081 696 3126 morti,
721 3080 954 3118 tabescentes
975 3089 1013 3117 et
1033 3090 1244 3118 arescentes
1264 3095 1342 3131 prae
1365 3082 1410 3118 ti-

403 3154 510 3178 more
530 3150 566 3178 et
587 3142 869 3191 exspectatione
882 3169 891 3187 ,
906 3154 989 3191 quae
1006 3151 1310 3191 supervenerunt
1329 3142 1409 3179 uni-

454 3266 462 3281 ¹
480 3259 595 3301 Ephes.
617 3271 670 3294 vt,
695 3263 728 3297 Ι,
751 3263 768 3291 4

1472 2665 1609 2701 volunt
1627 2672 1664 2700 et
1681 2672 1877 2713 quaerunt,
1897 2664 2065 2700 veniant.
2480 2693 2483 2705 ,
2501 2702 2503 2706 ,

1527 2725 1562 2761 2.
1591 2724 1708 2761 Valde
1736 2733 1862 2761 autem
1884 2724 2085 2761 contristat
2105 2736 2166 2760 me
2184 2736 2305 2761 unum
2321 2719 2424 2772 quod
2435 2718 2472 2758 in
2489 2723 2507 2760 <t

1472 2784 1605 2821 litteris
1627 2792 1762 2820 vestrae
1785 2783 2027 2822 Celsitudinis
2047 2783 2266 2821 continetur
2279 2812 2290 2830 ,
2304 2779 2408 2832 quod
2419 2778 2506 2828 iri-'12
2531 2806 2533 2813 .

1472 2844 1606 2881 delicet
1621 2843 1755 2880 debeat
1769 2842 1926 2881 obviare
1941 2856 2000 2880 res
2010 2843 2080 2881 ista
2094 2843 2178 2893 paci
2190 2843 2296 2879 sactae
2306 2838 2507 2893 intervos}
2526 2848 2533 2874 1

1474 2911 1511 2939 et
1534 2902 1711 2939 comitem
1731 2902 2007 2940 Theobaldum.
2023 2906 2083 2940 An
2104 2901 2256 2939 nescitis
2275 2913 2344 2938 vos
2361 2896 2506 2949 grad-sq

1479 2971 1534 2999 ter
1562 2961 1766 2999 offendisse
1797 2963 1836 2999 in
1869 2976 1915 3000 eo
1949 2962 2055 3013 quod
2083 2974 2211 2999 comes
2243 2955 2506 2999 Ttieobaldns⁵‹
2525 2972 2533 2990 ι

1477 3022 1657 3058 violentia
1686 3034 1832 3071 guerrae
1857 3031 1993 3059 vestrae
2020 3029 2155 3059 contra
2175 3024 2298 3058 Deum
2319 3026 2356 3055 et
2368 3013 2504 3068 justi-22⁷,
2531 3032 2533 3049 ¹

1478 3082 1566 3119 tiam
1603 3081 1734 3131 jurare
1763 3083 1984 3133 compulsus
2023 3090 2100 3129 est,
2128 3094 2207 3118 non
2242 3080 2363 3118 solum
2392 3075 2474 3128 quia

1477 3150 1685 3192 quaereret,
1703 3141 1769 3178 sed
1788 3142 1901 3179 etiam
1916 3142 2007 3192 quia
2021 3142 2208 3188 efficeret,
2226 3148 2269 3178 ut
2282 3136 2475 3191 praedictus
2486 3134 2502 3171 -ἕ

1463 3264 1476 3278 ²
1496 3260 1660 3292 Schismati
1677 3261 1824 3292 nimirum
1840 3261 1994 3294 Anacleti.

454 3312 469 3336 ¹³
487 3323 522 3351 Iu
543 3330 605 3350 uuo
619 3319 799 3352 Colbertino
815 3344 822 3357 ,
839 3326 1035 3364 pugualores
1048 3344 1056 3356 ‚
1082 3320 1160 3351 bene
1177 3320 1215 3351 ad
1235 3332 1378 3354 sensum:
1399 3322 1510 3353 melius
1524 3346 1531 3358 ,
1550 3328 1792 3365 expugnatores.
1811 3340 1853 3344 —-
1867 3327 1880 3343 Φ
1901 3321 2021 3363 Scripta
2046 3329 2128 3353 anno
2144 3318 2258 3353 Christi
2278 3319 2377 3350 11⁴2.
