2517 3920
353 217 451 253 1407

348 301 454 329 tuere
482 292 629 337 valuit,
660 304 774 341 quam
806 299 969 328 mortem
998 291 1207 338 inflixerit3
1240 288 1394 340 1(1(111ε,>62

1090 220 1125 253 S.
1158 214 1410 251 BERNARDI
1439 213 1643 247 ABBA'sIs

1400 288 1412 305 ²³
1425 301 1503 325 non
1524 287 1697 323 innatum
1715 301 1724 332 3
1747 285 1951 322 traditione
1984 286 2169 322 sancitum
2188 316 2196 333 ‚
2216 300 2293 324 non
2325 289 2434 326 adin-

2336 213 2433 250 1408

346 365 391 388 co
424 351 721 398 innocentibus,
748 365 826 401 quo
862 361 899 388 et
938 352 1194 388 nescientibus
1233 350 1580 388 adhucAventum
1621 346 1780 383 ratione.
1818 349 1940 382 Porro
1976 345 2089 382 fidem
2125 359 2277 384 necesse
2309 357 2365 384 est
2393 358 2434 386 ut

345 412 581 449 voluntatem
597 412 753 449 Domini
781 412 867 448 sui?
889 415 985 449 Num
1009 420 1157 461 gentem
1183 412 1359 461 ignoran-

346 482 421 510 tem
438 481 475 509 et
487 472 629 521 justam
649 472 708 523 (ut
723 486 810 509 cum
827 472 980 509 ethnico
994 472 1212 522 loquamur)
1228 470 1360 508 debuit

346 534 562 570 interficere
590 537 693 570 Deus
707 539 716 553 ¹
738 533 862 582 PQuis
894 534 943 569 ita
966 534 1117 582 sapiat?
1137 536 1221 570 Non
1252 531 1360 581 equi-

348 593 433 630 dem
457 594 544 630 vitae
573 593 784 630 concordat
804 594 962 631 Auctori
978 623 987 639 ,
1010 602 1132 629 morte
1154 593 1330 629 nimirum
1346 621 1355 637 ,

344 667 457 703 quam
472 653 725 690 exterminare
741 661 908 699 venerat,
925 654 978 689 uti
995 667 1083 689 mox
1101 653 1137 689 in
1158 653 1266 689 initio
1280 652 1357 688 via-

345 726 429 749 rum
465 726 618 749 suarum
649 712 696 748 ad
728 711 993 762 praejudicium
1025 713 1174 757 saeculi,
1204 712 1356 748 coeleste

345 773 468 810 adhuc
486 772 790 809 recentissimum
808 773 1021 821 ignorantis
1040 772 1221 808 edictum.
1245 771 1355 808 Nefas

343 842 400 870 est
430 834 603 883 profecto
632 833 772 869 sentire
800 832 846 868 de
874 832 1044 869 omnium
1076 833 1256 881 largitore
1288 831 1356 867 bo-

346 908 509 939 norum,
534 893 639 942 quod
668 901 742 928 tam
770 893 913 928 malum
942 893 1173 942 principium
1207 891 1356 928 dederit

344 953 561 990 adveniens.
586 952 742 989 Minime
765 965 924 1001 prorsus
945 952 983 988 id
1004 965 1074 1001 ego
1105 951 1269 1002 cuipiam
1308 950 1355 987 de

343 1013 495 1050 Christo
513 1012 736 1048 assenserim
755 1041 764 1058 ‚
787 1011 891 1061 quod
912 1012 1028 1061 magis
1050 1011 1097 1048 ab
1119 1011 1353 1048 Antichristo

1427 408 1577 446 auditus
1611 405 1872 456 praecesserit,
1903 404 2052 441 dicente
2091 407 2278 456 Apostolo
2300 421 2308 443 :
2333 410 2431 457 Ergo

1414 471 1517 517 fides
1547 482 1596 503 ex
1626 469 1768 503 auditu.
1788 466 1901 514 Quod
1924 478 2015 515 ergo
2043 467 2202 503 omnino
2231 467 2335 504 fieria
2355 481 2433 505 11011

1426 536 1578 580 poterat
1605 527 1634 563 si
1664 540 1742 563 non
1771 526 1981 573 audiretur,
2007 539 2084 576 quo
2115 535 2253 577 pacto,
2277 540 2405 576 quaeso
2422 558 2432 576 ,

1427 589 1525 638 exigi
1549 587 1686 624 debeat
1707 595 1744 623 et
1773 595 1976 635 antequam
2006 586 2205 623 audiretur
2225 586 2350 624 ?Vide
2370 600 2433 624 au-

1425 657 1499 685 tem
1517 647 1713 698 quomodo
1731 647 1806 683 huc
1827 646 1965 696 refugit
1982 647 2190 696 Apostolus
2204 674 2213 692 ,
2229 654 2267 682 et
2286 645 2332 683 de
2352 647 2432 684 solo

1423 709 1556 746 auditu
1578 707 1775 745 convincit
1801 706 2032 743 incredulos.
2059 708 2135 742 Sed
2160 708 2265 753 dico,
2283 707 2430 756 inquit,

1424 771 1622 818 Numquid
1633 782 1707 804 12on
1723 769 1925 803 audierant
1938 767 1951 793 ⁴‘
1969 767 1983 802 Ρ
2003 780 2046 803 ac
2062 766 2091 803 si
2111 765 2231 812 dicat,
2253 768 2433 804 Excusari

1422 837 1631 880 poterant,
1651 828 1680 864 si
1699 841 1777 864 non
1808 826 2014 863 audissent.
2042 826 2118 864 Ubi
2139 827 2240 863 enim
2272 840 2349 863 non
2378 835 2433 864 est

1423 891 1502 936 lex,
1521 903 1591 926 nec
1625 888 1900 938 praevaricatio.
1923 891 2033 924 'Nunc
2058 901 2150 924 vero
2181 901 2267 924 cum
2295 888 2332 924 in
2351 900 2432 924 om—

1422 964 1509 986 nem
1532 958 1671 986 terram
1699 948 1833 985 exierit
1854 961 1971 985 sonus
1992 948 2302 998 praedicantium,
2325 957 2362 985 et
2391 949 2429 985 in

1423 1011 1516 1048 fines
1534 1009 1638 1046 orbis
1657 1018 1766 1046 terrae
1781 1007 1897 1045 verba
1911 1022 2044 1045 eorum
2062 1007 2080 1031 b
2095 1024 2105 1055 3
2126 1008 2308 1058 quiajam
2325 1009 2433 1046 dissi-

344 1073 479 1109 merito
503 1071 743 1117 formidatur,
766 1073 855 1121 quia
877 1071 1053 1109 videlicet
1077 1081 1115 1109 et
1135 1072 1215 1122 ipse
1242 1085 1357 1122 para-
1379 1073 1406 1107 B
1427 1070 1562 1107 mulari
1580 1083 1659 1106 non
1678 1070 1779 1106 valet
1798 1068 1950 1106 auditus
1964 1097 1973 1115 ‚
1996 1069 2170 1119 profecto
2191 1068 2431 1106 inexcusabi-

342 1134 439 1169 verit
457 1133 630 1182 sagittam
649 1146 753 1169 suam
773 1133 810 1169 in
826 1133 1003 1183 pharetra
1016 1162 1025 1180 ,
1044 1142 1086 1170 ut
1101 1133 1295 1182 sagittaret
1313 1132 1352 1169 in

342 1193 507 1230 obscuro
529 1202 651 1229 rectos
673 1192 801 1230 eorde.

396 1253 431 1289 2.
466 1253 606 1301 Quanti
646 1266 812 1302 namque
846 1253 998 1289 interim
1032 1261 1112 1289 toto
1143 1253 1236 1290 orbe
1275 1267 1354 1290 non

342 1313 523 1364 baptizati
544 1313 779 1359 moriuntur,
799 1314 974 1363 profecto
996 1314 1216 1363 ignorantes
1231 1344 1240 1361 ,
1262 1315 1354 1364 quid

341 1387 427 1410 cum
449 1373 658 1410 Nicodemo
679 1377 788 1411 Jesus
820 1382 936 1410 noctu
963 1382 1187 1423 secretoque
1220 1375 1354 1411 confa-

340 1432 496 1470 buletur
512 1435 527 1469 P
545 1433 643 1481 Quid
664 1435 781 1482 ergo?
801 1433 962 1470 necdum
981 1435 1041 1471 lex
1072 1435 1352 1484 promulgatur,

342 1492 474 1543 etjam
505 1493 800 1544 praevaricantes
832 1497 1039 1531 tenentur?
1069 1497 1120 1530 Et
1151 1497 1353 1543 qccomocl0,

340 1553 464 1603 inquit
481 1582 490 1599 ‚
509 1555 661 1590 credent
689 1557 725 1589 in
755 1568 838 1589 eum
868 1568 979 1602 quem
1012 1569 1086 1590 non
1120 1557 1354 1590 audierant?

340 1616 523 1662 qrcommlo
550 1628 639 1650 vero
670 1615 826 1650 audient
850 1619 931 1650 sine
952 1617 1190 1664 prcedc'cmzte
1206 1620 1225 1652 Ρ
1258 1607 1353 1664 quo—

342 1676 451 1709 modo
491 1684 612 1710 autem
650 1674 921 1723 proedicalmnt
968 1680 1042 1711 nisi
1093 1681 1289 1711 mittantur
1309 1681 1320 1696 ²
1340 1677 1354 1712 Ξ)

341 1734 510 1771 Necdum
551 1734 747 1783 injuncta,
781 1734 943 1771 necdum
981 1736 1157 1785 vulgata,
1187 1734 1352 1771 necdum

343 1794 470 1831 audita
486 1794 708 1844 praedicatio
730 1803 786 1831 est
805 1810 812 1831 ε
831 1794 991 1843 etjuxta
1008 1796 1103 1845 pigri
1127 1809 1168 1831 ac
1189 1808 1352 1844 nequam

1422 1132 1466 1168 lis
1489 1139 1545 1168 est
1567 1139 1604 1167 et
1625 1138 1882 1180 contemptus.

1477 1191 1513 1227 3.
1546 1191 1665 1228 Multa
1701 1190 1876 1240 profecto
1909 1188 2062 1226 scienda
2092 1190 2337 1236 nesciuntur,
2368 1198 2432 1227 aut

1422 1251 1566 1288 sciendi
1582 1251 1728 1287 incuria
1745 1279 1754 1296 ,
1773 1258 1837 1286 aut
1860 1249 2033 1287 discendi
2049 1249 2193 1287 desidia
2206 1278 2215 1296 ,
2237 1259 2303 1287 aut
2322 1264 2432 1288 vere-

1423 1311 1563 1348 cundia
1580 1310 1812 1361 inquirendi.
1833 1313 1880 1347 Et
1896 1309 2051 1359 quidem
2081 1309 2301 1360 hujusmodi
2320 1311 2432 1361 igno-

1423 1372 1547 1408 rantia
1573 1385 1651 1408 non
1682 1370 1796 1408 habet
1822 1371 2121 1408 excusationem.
2149 1371 2222 1409 Sed
2247 1372 2432 1421 numquid

1422 1433 1520 1469 forte
1552 1433 1626 1469 tale
1660 1440 1716 1468 est
1747 1432 1845 1478 hoc,
1869 1430 1975 1481 quod
2011 1431 2233 1481 inquisitum
2263 1433 2431 1470 humano

1422 1493 1543 1543 possit
1563 1492 1706 1529 addisci
1727 1491 1977 1541 magisterio?
1999 1494 2126 1528 Homo
2154 1492 2319 1529 hominis
2339 1506 2432 1530 non-

1422 1553 1494 1589 nisi
1515 1553 1598 1603 11150
1622 1552 1814 1589 indicante
1835 1552 2040 1601 cogitatum
2063 1552 2240 1602 intelligit
2258 1568 2266 1589 z
2288 1564 2432 1603 quanto

1422 1612 1547 1648 minus
1569 1612 1741 1648 (livinum
1772 1610 1856 1661 quis
1882 1611 2025 1660 poterit
2050 1611 2278 1662 investigare
2307 1614 2432 1650 consi-

1422 1671 1515 1707 lium
1532 1700 1542 1717 ,
1566 1671 1637 1707 nisi
1658 1671 1719 1707 cui
1739 1671 1820 1720 ipse
1840 1671 2008 1706 voluerit
2028 1672 2226 1708 revelare?
2242 1672 2344 1709 Audi
2365 1672 2432 1709 de—

1422 1732 1538 1780 nique
1557 1732 1695 1781 ipsum.
1729 1733 1770 1767 Si
1800 1744 1873 1766 non
1910 1735 2094 1768 venissem
2109 1761 2118 1778 ‚
2140 1732 2214 1779 ait,
2237 1743 2276 1769 et
2292 1736 2432 1769 locutus

1421 1796 1474 1826 eis
1502 1805 1576 1826 non
1596 1789 1756 1838 ficissent
1772 1820 1783 1836 ,
1802 1800 1998 1838 peccatum
2023 1805 2097 1827 non
2129 1792 2317 1829 haberent.
2344 1796 2430 1830 Non

342 1855 442 1890 servi
472 1855 697 1891 sententiam
730 1863 804 1891 tam
834 1855 952 1891 durus
986 1864 1041 1891 est
1071 1855 1260 1892 Dominus
1277 1885 1286 1901 ‚
1313 1864 1355 1892 ut
1375 1856 1401 1889 C
1423 1850 1514 1886 dicit
1545 1850 1787 1899 simpliciter,
1809 1852 1855 1885 Et
1880 1850 2030 1886 locutus
2058 1864 2135 1887 non
2163 1852 2341 1899 fuissem;
2363 1852 2429 1889 sed

343 1914 507 1950 necdum
534 1923 612 1950 sata
634 1914 713 1963 jam
743 1923 884 1950 metere
912 1916 1024 1960 velit,
1052 1924 1089 1951 ct
1115 1928 1192 1951 non
1226 1929 1355 1965 sparsa

343 1974 522 2023 colligere
539 1976 553 2010 Ξ)
569 1973 689 2011 Absit.
712 1974 892 2011 Sedaudi
916 1976 1032 2025 magis
1060 1974 1174 2024 hujus
1202 1977 1255 2012 rei
1283 1989 1352 2011 ve-

344 2033 508 2070 litatem.
540 2034 613 2082 Qui
643 2047 740 2070 unus
763 2043 819 2071 est
848 2035 1026 2084 Magister
1054 2036 1092 2071 in
1120 2036 1215 2071 coelo
1249 2043 1286 2071 ct
1315 2035 1353 2071 in

344 2101 472 2139 terra,
494 2093 528 2129 ei
558 2093 623 2142 qui
652 2094 829 2142 magister
860 2102 1006 2130 tantum
1039 2095 1077 2130 in
1105 2095 1219 2131 Israel
1247 2104 1327 2131 erat
1344 2125 1353 2141 ,

343 2152 516 2188 familiari
544 2153 772 2203 privatoque
807 2154 1000 2203 colloquio
1038 2153 1212 2191 tradebat
1249 2155 1354 2204 quod

343 2212 531 2259 traderet3
555 2212 715 2249 docebat
736 2213 841 2262 quod
862 2213 1032 2260 doceret,
1053 2228 1130 2251 non
1152 2215 1257 2264 quod
1276 2215 1354 2252 exi-

341 2279 445 2319 geret
467 2280 503 2307 et
525 2270 571 2308 ab
593 2271 815 2309 absentibus
833 2302 841 2319 ‚
860 2286 938 2309 non
959 2273 1062 2310 unde
1087 2274 1355 2324 praescriberet

342 2338 378 2365 et
394 2330 451 2366 1115
472 2331 538 2380 (1111
562 2345 638 2368 11011
659 2332 871 2369 audierant.
893 2333 1012 2371 Valde
1042 2335 1185 2384 quippe
1211 2335 1352 2384 injuste

341 2390 506 2440 exigitur
543 2391 734 2439 obeditio,
756 2392 821 2429 ubi
856 2407 933 2430 non
966 2396 1160 2445 praecessit
1193 2396 1350 2433 auditio.

340 2454 471 2500 Neque
488 2452 589 2487 enim
612 2453 684 2489 tale
706 2461 763 2489 est
782 2453 874 2500 hoc,
896 2454 1001 2503 quod
1021 2464 1058 2491 et
1081 2454 1225 2505 absque
1257 2469 1352 2506 pro-

341 2512 575 2561 mulgatione
598 2513 782 2550 naturalis
802 2514 863 2551 lex
890 2515 1066 2564 ignorare
1087 2529 1165 2552 non
1188 2517 1351 2563 sineret,

342 2573 452 2621 quale
469 2602 479 2619 ,
501 2572 609 2610 verbi
642 2575 761 2623 gratia
779 2604 788 2621 ‚
814 2575 908 2612 illud
939 2584 994 2612 est
1016 2591 1023 2613 :
1048 2579 1160 2623 Quod
1182 2577 1251 2612 eibi
1277 2591 1352 2613 mm

1421 1910 1652 1947 interserens
1673 1915 1725 1945 eis
1737 1938 1748 1954 ,
1771 1918 1808 1945 et
1827 1913 1969 1946 locutus
1987 1915 2058 1955 eis,
2076 1911 2223 1961 inquit,
2239 1927 2312 1949 mm
2329 1912 2430 1961 ficis-

1420 1985 1495 2007 sem
1518 1985 1529 2005 .·
1549 1970 1755 2007 ostendens
1788 1970 1868 2007 sine
1905 1969 2023 2007 dubio
2056 1985 2135 2008 non
2167 1981 2254 2010 ante
2286 1973 2431 2010 censeri

1421 2029 1700 2067 inexcusabiles
1722 2030 1768 2067 de
1786 2039 2037 2082 contemptu,
2056 2045 2170 2082 quam
2191 2033 2239 2070 ad
2259 2034 2430 2084 ipsorum

1421 2104 1541 2140 usque
1557 2091 1731 2128 notitiam
1744 2091 1865 2141 jussio
1882 2093 2220 2142 perveniret.Nam
2237 2095 2267 2131 51
2281 2095 2430 2132 locutus

1422 2151 1577 2201 quidem
1599 2151 1750 2197 fuisset,
1771 2152 1836 2188 sed
1858 2165 1936 2189 non
1957 2153 2034 2199 eis;
2057 2153 2328 2192 inobedientiae
2348 2155 2430 2192 cul-

1421 2225 1509 2261 pam
1542 2212 1758 2261 ignorantia
1788 2213 2039 2251 nihilominus
2069 2224 2280 2253 excusaret.
2317 2218 2428 2253 Nune

1421 2281 1558 2317 autem,
1576 2272 1719 2321 inquit,
1741 2272 1921 2322 quoniam
1940 2273 2092 2311 locutus
2112 2288 2209 2323 sum,
2227 2284 2264 2312 et
2284 2276 2430 2313 locutus

1422 2345 1503 2369 sum
1531 2332 1584 2368 eis
1600 2361 1609 2378 ,
1636 2337 1915 2368 excusacionem
1941 2347 2015 2370 mm
2043 2335 2182 2371 habent
2207 2338 2254 2372 de
2275 2345 2430 2385 peccato

1418 2406 1482 2427 suo
1500 2391 1525 2428 ⁵.
1548 2392 1660 2430 Unde
1684 2400 1722 2429 et
1745 2392 1870 2429 aiebat
1891 2408 1899 2430 ε
1918 2396 2000 2443 Ego
2019 2398 2157 2444 palam
2187 2398 2326 2432 locutus
2350 2410 2428 2433 sum

1420 2454 1581 2498 mutulo,
1608 2461 1643 2488 et
1672 2457 1710 2488 ite
1740 2456 1879 2489 occulto
1912 2457 2051 2491 locutas
2076 2469 2157 2492 sum
2187 2454 2321 2493 nillil6.
2345 2459 2430 2493 Non

1423 2513 1527 2564 quod
1549 2527 1638 2551 suos
1660 2514 1890 2552 domesticos
1921 2516 2041 2553 multa
2060 2517 2100 2553 in
2122 2518 2274 2554 occulto
2296 2517 2426 2567 priva-

1421 2576 1565 2623 timque
1591 2588 1669 2610 non
1692 2574 1867 2611 docuerit
1887 2590 1895 2612 :
1919 2575 1984 2612 sed
2003 2577 2108 2626 quod
2127 2586 2307 2627 tanquam
2329 2576 2429 2613 nihi-

341 2634 524 2680 visfieri,
545 2636 614 2669 aliz·
632 2633 1081 2683 nesea-eris&Factitium
1110 2638 1228 2687 magis
1256 2634 1504 2687 quo-Dlum
1540 2634 1692 2671 interim
1728 2643 1946 2684 reputaret3
1979 2645 2016 2673 et
2049 2650 2120 2674 nec
2155 2651 2330 2689 poenam,
2361 2649 2430 2674 nec

342 2692 548 2730 dammodo
564 2703 632 2741 est,
647 2703 684 2731 ct
698 2709 776 2732 non
794 2697 966 2733 naturale
987 2697 1221 2735 mandatum.
1242 2702 1354 2747 Quae-

344 2766 429 2788 nam
463 2754 564 2790 enim
595 2763 731 2791 natura
763 2769 829 2792 seu
857 2756 955 2793 ratio
989 2756 1100 2794 docet
1121 2787 1130 2803 ,
1163 2758 1354 2795 internam

344 2820 600 2862 aeternamque
620 2815 778 2851 salutem
798 2816 987 2853 neminem
1007 2818 1225 2854 mortalium
1242 2831 1356 2867 posse

346 2872 563 2921 percipere,
582 2874 687 2924 cujus
706 2889 846 2925 corpus
870 2877 961 2913 foris
991 2877 1186 2927 perfusum
1217 2877 1351 2914 visibili

344 2943 421 2966 non
445 2932 556 2968 fuerit
578 2935 767 2972 elemento
786 2938 800 2972 ?
825 2939 1113 2974 Sacramentum
1144 2938 1213 2975 Dei
1235 2939 1352 2975 Altis-

344 2990 428 3026 simi
449 3000 505 3027 est
525 2994 808 3042 suscipiendum
826 3026 834 3042 ,
857 3010 935 3033 non
958 2997 1260 3044 discutiendmn;
1285 3013 1352 3036 ve-

343 3050 570 3097 nerandum,
597 3066 674 3088 non
713 3054 1024 3104 dijudicandum3
1054 3057 1127 3095 fide
1156 3059 1357 3106 sortitum,

1423 2695 1625 2744 praemium
1651 2708 1695 2731 ea
1715 2702 1852 2745 agerec
1873 2709 1958 2745 quae
1990 2697 2028 2733 in
2059 2706 2207 2735 secreto
2236 2695 2425 2742 tradebat,

1419 2754 1611 2803 judicaret
1624 2783 1633 2801 ‚
1657 2755 1779 2792 donec
1797 2756 1842 2792 de
1864 2756 1990 2793 medio
2007 2758 2159 2805 fierent,
2177 2766 2215 2795 et
2231 2757 2429 2808 prodirent

1422 2816 1460 2852 in
1485 2816 1638 2852 lumine.
1654 2816 1829 2866 Denique
1845 2825 1882 2853 et
1899 2817 2068 2865 dicebat,
2095 2820 2210 2866 Quod
2224 2820 2309 2854 dico
2326 2815 2428 2854 vohis

1424 2881 1462 2912 in
1485 2876 1657 2924 tem—bris,
1678 2879 1790 2914 (licite
1811 2882 1849 2913 iu
1866 2881 2029 2915 lamium
2045 2894 2056 2915 :
2076 2887 2118 2916 ut
2140 2879 2276 2916 merito
2291 2877 2428 2915 videli-

1421 2946 1479 2974 cct
1506 2937 1586 2987 jam
1619 2939 1864 2976 audientibus
1897 2939 2126 2977 obedientiae
2154 2940 2214 2977 vel
2248 2939 2424 2976 meritum

1425 2997 1679 3045 adscriberet,
1712 3000 1770 3036 vel
1797 3008 2087 3050 contemptum,
2114 3013 2201 3036 cum
2233 3000 2271 3036 in
2303 2997 2427 3036 medio

1427 3057 1706 3107 proferrentur.
1722 3062 1838 3105 Item,
1864 3061 1939 3106 Qui
1960 3072 2029 3095 vos
2047 3061 2177 3104 audit,
2200 3058 2342 3109 inquit,
2370 3069 2427 3093 me

395 3187 402 3202 ¹
421 3184 501 3213 Gen.
516 3193 579 3218 xx,
598 3184 628 3213 4.
647 3200 689 3204 ——
706 3189 718 3204 ²
734 3186 826 3215 Rom.
844 3196 887 3223 x,
919 3189 1049 3225 14,15.
1064 3207 1106 3210 —
1125 3186 1138 3209 3
1153 3189 1299 3227 Tob.1v‚
1322 3192 1433 3221 tss.—
1453 3184 1836 3229 41tom.x,17‚18.-
1858 3189 1871 3212 5
1887 3194 1981 3223 Joan.
1996 3202 2053 3230 xv,
2073 3194 2126 3223 22.
2141 3209 2185 3213 —
2200 3188 2216 3213 ⁶
2234 3189 2298 3222 Id..
2325 3199 2423 3226 xvnr,

391 3238 445 3267 20.
462 3254 506 3258 -—
521 3243 534 3266 7
553 3236 668 3268 Mauh.
686 3248 709 3266 x
722 3261 729 3274 ‚
751 3241 808 3269 27.

387 3298 399 3312 ²¹
422 3295 528 3332 Alias,
549 3295 634 3327 sciri.
651 3315 696 3319 —
717 3290 733 3312 ¹³
753 3297 1012 3338 Compendieusis
1033 3300 1130 3331 codex
1150 3301 1234 3332 addit
1253 3326 1260 3339 ‚
1286 3302 1338 3346 qui
1350 3301 1449 3344 fidem
1469 3302 1616 3345 gentibus
1630 3301 1825 3347 prwdicant.

386 3354 399 3369 ι’
415 3352 461 3379 Ita
475 3349 579 3392 scripti
601 3361 709 3381 omncs
734 3361 804 3381 cum
819 3350 909 3381 editis
934 3351 1042 3393 primis
1059 3363 1066 3383 ι

1100 3355 1287 3395 posteriores
1301 3379 1308 3392 ‚
1330 3366 1455 3398 augme.
