2517 3920
378 221 474 259 2303

431 351 688 405 ALTERA
721 351 876 398 PARS
913 348 1293 397 TRACTATUS
1307 385 1319 406 ‚

472 504 528 533 DE
548 499 780 532 DUODECIM
800 498 1024 529 GRADIBIJS
1041 497 1278 527 SUPERBIAE.

765 614 983 629 ⁴020*-

729 720 944 762 CAPUT
973 719 1026 758 X.

480 845 528 877 De
543 842 646 887 primo
666 839 819 883 superbia?
832 837 928 880 gradu
937 861 944 875 ,
959 836 1012 878 qui
1024 840 1069 866 est
1082 832 1243 865 curiositas
1254 834 1279 863 ⁸.

432 960 496 996 28.
526 957 677 994 Primus
698 954 826 1002 itaque
851 950 1040 1001 superbiae
1073 948 1212 999 gradus
1233 953 1290 983 est
1317 959 1385 982 cu-

376 1020 536 1058 riositas.
559 1020 666 1054 Hanc
694 1022 819 1051 autem
839 1011 976 1049 talibus
996 1009 1146 1047 indiciis
1165 1007 1384 1059 deprehen-

1140 211 1175 249 S.
1206 210 1458 248 BERNARDI
1487 206 1687 246 ABBATIS

1386 286 1430 304 ⁵⁷¹
1450 287 1575 324 fratris
1594 285 1815 323 necessitate
1836 282 1969 321 oculos
1986 282 2107 331 levas;
2131 296 2207 321 non
2234 285 2357 322 solum
2373 299 2449 324 non

1399 349 1428 381 A
1449 347 1585 397 culpo,
1615 345 1680 383 sed
1708 354 1746 382 et
1765 345 1973 396 plurimum
2001 344 2130 382 laudo.
2150 347 2234 382 Hoc
2253 345 2355 382 enim
2382 360 2452 385 ex-

2354 206 2367 244 1
2377 206 2450 245 304

1447 416 1553 445 cusat
1584 407 1735 443 miseria
1750 435 1759 452 ,
1784 405 1879 442 illud
1909 405 2154 442 commendat
2175 406 2448 446 misericordia.

1446 468 1510 507 Sin
1528 467 1633 514 alias,
1649 480 1725 503 non
1742 465 1956 515 Prophetae,
1973 478 2052 501 non
2073 465 2248 512 Domini,
2262 465 2328 503 sed
2345 467 2453 506 Dinae

1449 537 1515 566 aut
1533 532 1622 566 Evae
1634 557 1643 574 ,
1660 528 1737 564 imo
1755 527 1874 577 ipsius
1894 534 2034 563 satanae
2045 525 2276 563 imitatorem
2296 535 2332 564 te
2351 527 2454 565 dixe-

1450 590 1534 627 rim.
1577 589 1675 625 Dina
1708 600 1872 636 namque
1894 586 1984 623 dum
2012 585 2059 623 ad
2090 585 2303 636 pascendos
2324 586 2454 626 haedos

1450 649 1656 701 egreditur,
1682 648 1764 699 ipsa
1787 647 1912 698 patri,
1939 655 1977 684 et
2003 659 2070 683 sua
2094 645 2166 684 sibi
2182 647 2378 697 virginitas
2398 662 2454 686 ra-

1449 711 1555 762 pitur
1569 710 1595 747 ὅ.
1615 714 1645 749 Ο
1671 710 1787 756 Dina,
1808 707 1899 759 quid
1919 720 2071 745 necesse
2092 715 2149 744 est
2168 715 2211 744 ut
2225 707 2356 745 videas
2375 721 2455 746 mu-

1449 770 1562 808 lieres
1587 770 1842 820 alienigenas?
1872 772 1956 817 Qua
1983 767 2231 805 necessitate?
2254 780 2330 817 qua
2351 768 2456 805 utili-
2511 783 2514 797 1

1452 840 1527 868 tate
1545 833 1560 867 Ξ)
1583 836 1642 869 An
1664 831 1742 867 sola
1761 829 2001 867 curiositate?
2024 828 2104 865 Etsi
2127 836 2168 864 tu
2191 828 2314 865 otiose
2329 828 2454 877 vides,

1451 890 1517 927 sed
1547 904 1625 927 non
1646 891 1768 927 otiose
1787 889 1938 926 videris.
1959 892 2015 925 Tu
2038 887 2186 924 curiose
2206 895 2368 939 spectas,
2390 889 2459 927 sed
2510 889 2515 899 '

1451 950 1638 987 curiosius
1675 950 1869 1000 spectaris.
1905 948 1999 997 Quis
2028 947 2201 985 crederet
2229 956 2320 985 tunc
2353 949 2453 988 illam

1452 1018 1554 1047 tuam
1580 1009 1768 1046 curiosam
1789 1008 2032 1054 otiositatem,
2048 1007 2108 1044 vel
2125 1008 2285 1045 otiosam
2301 1009 2456 1047 curiosi·
2510 1043 2512 1048 ,

377 1080 454 1117 des.
478 1079 513 1117 Si
544 1075 684 1113 videris
707 1072 936 1110 monachum
953 1099 962 1116 ‚
983 1070 1029 1107 de
1050 1083 1127 1120 quo
1154 1068 1261 1119 prius
1280 1067 1379 1105 bene
1401 1072 1427 1106 B
1448 1078 1584 1116 tatem,
1620 1070 1702 1106 fore
1735 1077 1822 1119 post
1850 1067 1902 1105 sic
1933 1081 2011 1104 non
2042 1067 2228 1113 otiosam,
2260 1068 2327 1105 sed
2365 1068 2454 1117 tibi,

374 1136 594 1177 confidebas
610 1165 619 1182 ,
647 1134 881 1182 ubicumque
901 1140 1000 1177 stat,
1023 1129 1220 1174 ambulat,
1252 1128 1382 1176 sedet,

376 1199 498 1237 oculis
517 1196 760 1246 incipientem
776 1193 918 1243 vagari,
938 1199 1053 1242 caput
1068 1198 1251 1236 erectum,
1273 1202 1384 1226 aures

375 1269 529 1311 portare
556 1269 781 1307 suspensas;
801 1268 821 1291 e
842 1252 1008 1290 motibus
1033 1250 1234 1288 exterioris
1263 1249 1384 1286 homi-

375 1322 434 1358 nis
453 1319 674 1357 interiorem
689 1317 932 1353 immutatum
947 1325 1138 1363 agnoscas.
1156 1311 1222 1349 Vir
1239 1310 1383 1361 quippe

375 1391 579 1431 perversus
609 1376 745 1414 annuit
776 1375 887 1411 oculo
905 1404 913 1421 ,
936 1374 1023 1410 terit
1043 1372 1141 1423 pede
1155 1401 1164 1418 ,
1186 1372 1303 1422 digito
1324 1372 1381 1408 lo—

374 1440 506 1490 quitur
523 1446 557 1485 ¹3
584 1445 621 1474 et
648 1450 692 1473 ex
711 1435 889 1472 insolenti
910 1433 1082 1483 corporis
1099 1440 1227 1479 motu,
1249 1445 1381 1469 recens

375 1501 511 1538 animae
532 1497 690 1535 morbus
714 1495 1015 1546 deprehenditur
1038 1507 1045 1529 :
1069 1507 1203 1543 quam,
1234 1492 1325 1529 dum
1361 1506 1381 1529 a

374 1562 431 1597 sui
462 1556 804 1608 circumspectione
833 1554 1015 1605 torpescit
1041 1553 1188 1590 incuria
1214 1553 1290 1600 sui,
1318 1566 1381 1589 cu-

374 1622 511 1657 riosam
534 1619 572 1655 in
591 1619 684 1655 alios
711 1617 810 1653 facit.
830 1615 924 1664 Quia
943 1615 1045 1651 enim
1062 1627 1101 1651 se
1124 1614 1243 1664 ipsam
1270 1613 1381 1662 igno-

373 1690 451 1727 rat,
482 1681 582 1717 foras
610 1678 797 1723 mittitur,
828 1685 870 1713 ut
891 1675 1021 1712 haedos
1039 1682 1168 1724 pascat
1190 1679 1216 1710 ².
1243 1672 1381 1710 Haedos

372 1742 538 1792 quippe,
562 1740 627 1790 qui
648 1746 846 1788 peccatum
867 1736 1103 1786 significant,
1127 1742 1229 1771 recte
1250 1733 1382 1770 oculos

372 1814 560 1851 auresque
587 1798 861 1850 appellaverim
902 1810 909 1832 :
946 1796 1128 1847 quoniam
1157 1795 1254 1832 sicut
1279 1806 1383 1831 mors

1451 1131 1537 1175 tuis,
1563 1130 1815 1180 hostibusque
1833 1137 1908 1166 tam
1930 1128 2185 1179 perniciosam
2202 1130 2218 1165 ?

1503 1192 1565 1229 30.
1580 1195 1636 1229 Tu
1648 1204 1817 1241 quoque,
1838 1203 1860 1227 0
1880 1193 1960 1227 Eva
1972 1217 1982 1235 ‚
2002 1189 2042 1226 in
2059 1187 2237 1239 paradiso
2253 1189 2377 1239 posita
2391 1203 2452 1236 es,

1450 1260 1492 1289 ut
1507 1265 1594 1289 cum
1619 1252 1704 1288 viro
1726 1259 1792 1288 tuo
1812 1249 1984 1300 opereris
2003 1257 2042 1286 et
2061 1247 2252 1286 custodias
2272 1248 2379 1286 illum
2398 1265 2406 1287 :
2424 1251 2455 1288 si
2508 1251 2511 1274 ·“

1449 1311 1665 1362 injunctum
1688 1311 1909 1363 perfeceris,
1932 1309 2166 1360 quandoque
2188 1310 2394 1348 transitura
2409 1312 2455 1349 ad

1451 1374 1599 1420 melius,
1618 1373 1684 1411 ubi
1709 1387 1779 1410 nec
1801 1385 1899 1423 opus
1920 1369 1968 1408 s'it
1981 1379 2018 1408 te
2040 1371 2081 1408 in
2098 1371 2226 1420 aliquo
2244 1384 2362 1421 opere
2386 1386 2454 1410 oc-

1447 1435 1592 1484 cupari,
1615 1447 1685 1471 nec
1698 1433 1744 1471 de
1760 1432 1934 1470 custodia
1949 1431 2158 1470 sollicitari.
2173 1434 2296 1470 Omne
2310 1432 2455 1482 lignum
2507 1452 2510 1461 ι

1447 1493 1612 1544 paradisi
1633 1493 1701 1530 tibi
1730 1491 1954 1530 conceditur
1973 1491 2020 1528 ad
2039 1490 2269 1528 vescendum
2283 1521 2294 1538 ‚
2318 1501 2456 1543 praeter
2506 1517 2510 1541 ς

1447 1554 1542 1591 illud
1559 1583 1568 1600 ‚
1605 1554 1711 1604 quod
1742 1553 1880 1590 dicitur
1909 1557 2080 1589 scientiae
2100 1551 2187 1588 bom·
2206 1556 2354 1589 ermuli
2375 1561 2401 1591 7.
2419 1554 2456 1592 Si
2506 1569 2510 1581 τ

1447 1615 1547 1651 enim
1565 1622 1699 1651 caetera
1715 1613 1818 1650 bona
1830 1621 1938 1659 sunt,
1955 1621 1994 1649 et
2007 1613 2162 1662 sapiunt
2176 1610 2322 1650 bonum
2337 1643 2347 1660 ‚
2363 1613 2456 1664 quid

1448 1683 1506 1711 est
1524 1688 1622 1725 opus
1644 1673 1757 1710 edere
1778 1673 1824 1710 de
1844 1673 1966 1722 ligno,
1987 1672 2093 1723 quod
2116 1671 2214 1722 sapit
2241 1673 2354 1709 etiam
2371 1687 2452 1711 ma-
2506 1675 2510 1688 “

1430 1734 1550 1771 lum?
1574 1735 1659 1769 Non
1676 1736 1763 1782 plus
1782 1746 1942 1782 sapere,
1967 1746 2082 1781 quam
2107 1740 2250 1781 oportet
2278 1746 2410 1782 sapere
2425 1732 2453 1771 3.
2506 1738 2509 1741 “

1449 1797 1590 1844 Sapere
1616 1793 1718 1830 enim
1742 1793 1883 1830 malum
1899 1821 1908 1838 ,
1932 1805 2065 1842 sapere
2090 1805 2169 1829 non
2195 1800 2275 1839 est,
2305 1792 2372 1830 sed
2389 1793 2456 1831 de—

372 1876 442 1912 per
471 1868 666 1912 peccatum
701 1859 740 1895 in
769 1857 926 1903 orbem,
955 1856 1007 1893 sic
1026 1869 1095 1906 per
1115 1855 1181 1892 has
1198 1854 1380 1891 fenestras
1398 1856 1425 1892 C
1446 1856 1582 1906 sipere.
1611 1858 1728 1893 Serva
1750 1867 1841 1904 ergo
1861 1854 2106 1890 commissum
2121 1882 2132 1900 ,
2162 1861 2341 1903 exspecta
2360 1867 2455 1904 pro-
2505 1903 2507 1910 Ι

372 1924 489 1960 intrat
514 1921 560 1958 ad
590 1927 769 1956 mentem.
799 1921 843 1954 In
883 1917 939 1953 his
978 1929 1068 1965 ergo
1108 1914 1310 1966 pascendis
1341 1927 1380 1950 se

374 1989 537 2031 occupat
556 1979 742 2024 curiosus,
768 1978 859 2014 dum
886 1977 981 2013 scire
1003 1990 1080 2013 non
1103 1984 1209 2013 curat
1230 1976 1381 2025 qualem

374 2056 412 2080 se
431 2041 626 2091 reliquerit
643 2040 756 2075 intus.
778 2042 824 2075 Et
846 2050 935 2073 vere
969 2036 999 2073 si
1021 2045 1056 2073 te
1072 2036 1289 2085 vigilanter,
1312 2034 1383 2070 ho-

373 2116 452 2148 mo,
476 2101 660 2147 attendas,
680 2099 818 2136 mirum
849 2106 905 2134 est
935 2098 966 2134 si
996 2097 1042 2134 ad
1075 2096 1177 2133 aliud
1211 2109 1380 2145 unquam

372 2162 560 2199 intendas.
599 2160 720 2206 Audi,
756 2159 925 2205 curiose,
960 2158 1223 2203 Salomonem3
1267 2156 1355 2193 audi
1370 2184 1379 2201 ,

374 2225 509 2269 stulte,
533 2222 761 2272 Sapientem.
788 2221 903 2255 Omni
929 2221 1117 2262 custodia,
1139 2217 1286 2267 inquit,
1320 2231 1382 2253 cu-

373 2286 470 2319 stodi
493 2297 555 2318 cor
578 2292 679 2318 tuum
702 2280 715 2302 3
739 2296 746 2318 :
769 2289 814 2317 ut
836 2293 969 2316 omnes
990 2278 1166 2315 videlicet
1180 2291 1311 2315 sensus
1327 2278 1381 2314 tui

374 2344 531 2394 vigilent
550 2343 597 2379 ad
619 2342 655 2378 id
674 2371 682 2386 ‚
703 2341 805 2378 unde
823 2341 902 2377 vita
921 2339 1096 2390 procedit
1114 2367 1123 2384 ,
1157 2337 1380 2375 custodien-

375 2405 479 2441 dum.
503 2407 588 2452 Quo
615 2403 718 2439 enim
751 2416 771 2439 a
803 2410 859 2447 te,
884 2414 906 2437 o
927 2400 1096 2445 curiose,
1122 2398 1291 2435 recedis?
1315 2397 1384 2436 Cui

375 2474 410 2502 tc
428 2465 581 2502 interim
605 2463 832 2500 committis?
860 2460 1005 2510 L‘tquid
1032 2459 1148 2497 audes
1175 2459 1306 2495 oculos
1327 2459 1384 2495 le-

373 2539 464 2562 vare
480 2525 526 2562 ad
548 2525 705 2570 coelum,
728 2523 794 2573 qui
813 2522 976 2573 peccasti
992 2521 1028 2557 in
1051 2520 1382 2557 coelum?Terram

376 2586 544 2632 intuere,
580 2594 622 2622 ut
654 2596 860 2634 cognoscas
889 2591 924 2619 te
954 2582 1092 2632 ipsum.
1123 2585 1211 2631 Ipsa
1245 2589 1280 2617 te
1314 2579 1383 2617 tibi

1448 1917 1626 1962 missum3
1658 1928 1749 1952 cave
1775 1914 2035 1965 prohibitum,
2060 1927 2109 1951 ne
2130 1913 2271 1964 perdas
2299 1928 2456 1954 conces-

1448 1990 1544 2013 sum.
1566 1975 1668 2024 Quid
1693 1983 1796 2012 tuam
1816 1983 1980 2012 mortem
2009 1983 2086 2011 tam
2107 1973 2254 2012 intente
2269 1975 2456 2012 intueris?

1449 2035 1551 2084 Quid
1586 2035 1652 2072 illo
1685 2043 1760 2072 tam
1790 2034 1926 2072 crebro
1958 2034 2134 2085 vagantia
2163 2035 2308 2072 lumina
2330 2034 2456 2085 jacis?

1449 2096 1549 2145 Quid
1577 2104 1747 2147 spectare
1777 2095 2012 2146 libet‚quod
2043 2095 2274 2133 manducare
2306 2109 2384 2133 non
2413 2096 2456 2133 li-
2504 2090 2506 2101 '

1449 2157 1531 2193 cet?
1547 2157 1703 2201 Oculos,
1719 2156 1857 2206 inquis,
1872 2155 2002 2203 tendo,
2014 2169 2093 2193 non
2111 2147 2281 2194 manum.
2296 2160 2382 2194 Non
2400 2164 2456 2194 est

1449 2217 1695 2254 interdictum
1728 2229 1775 2253 ne
1800 2216 1949 2253 videam
1967 2245 1977 2263 ,
1998 2216 2064 2254 sed
2091 2229 2139 2253 ne
2166 2217 2377 2255 comedam.
2396 2221 2455 2256 An

1448 2291 1525 2314 non
1554 2278 1642 2314 licet
1674 2278 1806 2314 oculos
1840 2290 1919 2327 quo
1939 2277 2029 2314 volo
2061 2277 2207 2324 levare,
2235 2290 2332 2327 quos
2355 2281 2456 2319 Deus

1448 2339 1486 2375 in
1507 2352 1590 2375 mea
1610 2338 1738 2388 posuit
1768 2346 1958 2388 potestate
1978 2338 1993 2374 Ξ)
2013 2336 2072 2375 Ad
2091 2336 2197 2387 quod
2216 2332 2455 2388 Apostolus&
2502 2379 2504 2384 Ι

1456 2402 1594 2436 Omnia
1623 2400 1719 2436 mihi
1739 2402 1866 2444 licent,
1887 2401 1956 2435 sed
1972 2413 2046 2435 non
2067 2400 2196 2435 omnia
2209 2401 2415 2447 expedirent
2425 2387 2455 2436 5.
2502 2421 2503 2427 1

1451 2460 1529 2496 Etsi
1550 2459 1661 2509 culpa
1682 2472 1760 2496 non
1789 2467 1865 2506 est,
1896 2459 2020 2509 culpae
2036 2467 2162 2495 tamen
2185 2458 2368 2496 indicium
2388 2466 2454 2496 est.

1449 2520 1529 2557 Nisi
1550 2520 1650 2556 enim
1677 2533 1785 2556 mens
1807 2519 1931 2556 minus
1957 2531 1997 2555 se
2017 2517 2167 2555 curiose
2183 2526 2372 2565 servaret,
2394 2526 2456 2555 tua

1449 2580 1647 2618 curiositas
1679 2589 1830 2631 tempus
1870 2593 2034 2617 vacuum
2067 2593 2145 2616 non
2178 2579 2348 2618 haberet.
2379 2579 2457 2617 Etfl‘

377 2645 690 2698 repraesentabit,
722 2645 812 2695 quia
844 2652 944 2680 terra
981 2656 1042 2689 es,
1085 2650 1122 2678 et
1159 2641 1198 2678 in
1245 2649 1383 2677 terram
1402 2646 1435 2680 D
1453 2641 1564 2690 culpa
1587 2654 1665 2677 non
1693 2649 1772 2687 est,
1795 2641 1918 2692 culpae
1939 2649 2065 2677 tamen
2085 2640 2234 2678 occasio
2254 2649 2324 2688 est,
2341 2648 2378 2678 et
2396 2639 2456 2677 in-

377 2706 459 2743 ibis.

431 2767 493 2803 29.
533 2765 689 2803 Duabus
722 2773 848 2802 tamen
876 2778 924 2801 ex
944 2763 1065 2800 causis
1099 2760 1384 2812 inculpabiliter

379 2828 510 2863 oculos
529 2828 643 2873 levas,
666 2835 707 2863 ut
726 2827 787 2863 vel
804 2834 911 2876 petas
928 2824 1128 2869 auxilium,
1152 2823 1212 2859 vel
1233 2822 1383 2872 impen-

381 2886 458 2922 das.
484 2887 640 2922 Levavit
672 2886 804 2922 oculos
833 2884 956 2922 David
982 2884 1020 2920 in
1052 2890 1223 2928 montes,
1250 2891 1292 2918 ut
1315 2895 1383 2932 pe-

382 2953 477 2981 teret
503 2946 517 2970 4
547 2960 554 2981 ε
579 2946 719 2982 levavit
749 2945 997 2981 et.Dominus
1027 2957 1143 2994 super
1167 2942 1316 2989 turbas,
1344 2950 1385 2979 ut

382 3003 619 3053 impenderet
636 3002 661 3039 ⁵.
682 3005 786 3041 Alter
814 3004 1078 3040 miserabiliter
1093 3032 1102 3049 ,
1123 3003 1218 3040 alter
1238 3003 1384 3040 miseri-

384 3062 563 3108 corditer,
584 3062 696 3098 ambo
717 3063 1010 3113 inculpabiliter.
1033 3068 1089 3101 Tu
1106 3076 1260 3113 quoque
1281 3064 1311 3100 si
1328 3065 1387 3100 lo-

384 3136 494 3168 cum,
519 3130 668 3171 tempus
698 3130 735 3157 et
752 3136 901 3159 causam
929 3123 1198 3170 considerans,
1229 3131 1293 3160 tua
1328 3124 1386 3160 vel

1450 2702 1588 2738 dicium
1607 2701 1842 2747 commissae,
1877 2709 1914 2738 et
1929 2713 2044 2738 causa
2076 2708 2134 2738 est
2163 2700 2455 2738 committendae.
2500 2718 2502 2722 ⁸

1449 2765 1501 2799 Te
1529 2761 1631 2798 enim
1654 2761 1801 2798 intenta
1826 2760 1873 2797 ad
1900 2760 2024 2807 aliud,
2052 2760 2215 2798 latenter
2244 2761 2396 2798 interim
2417 2759 2467 2807 im
2499 2791 2501 2796 ,

1451 2835 1518 2858 cor
1544 2830 1651 2859 tuum
1683 2835 1840 2872 serpens
1864 2820 2047 2867 illabitur,
2075 2820 2216 2858 blande
2243 2821 2457 2871 alloquitur.

1450 2882 1647 2919 Blanditiis
1677 2882 1864 2919 rationem
1882 2911 1892 2928 ,
1922 2880 2132 2919 mendaciis
2163 2881 2339 2918 timorem
2359 2893 2457 2919 com-

1450 2943 1583 2994 pescit.
1605 2945 1868 2992 Nequaquam,
1885 2943 2075 2992 inquiens,
2092 2946 2262 2978 morieris
2281 2948 2324 2978 ¹⁰.
2339 2945 2458 2991 Auget

1453 3017 1581 3040 curam
1599 3031 1609 3049 ,
1632 3002 1722 3040 dum
1744 3002 1877 3039 incitat
1892 3002 2020 3052 gulam
2042 3017 2050 3038 :
2068 3001 2170 3039 acuit
2187 3001 2456 3046 curiositatem,

1454 3064 1543 3101 dum
1573 3063 1741 3114 suggerit
1762 3062 2022 3113 cupiditatem.
2053 3062 2175 3100 Offert
2202 3061 2354 3098 tandem
2374 3071 2458 3110 pro-

1454 3123 1634 3171 hibitum,
1651 3132 1689 3161 et
1706 3123 1830 3160 aufert
1847 3136 2072 3160 concessum
2089 3138 2096 3160 :
2115 3121 2276 3173 porrigit
2290 3131 2458 3172 pomum,

435 3262 445 3277 ¹
462 3259 556 3287 Prov.
572 3266 606 3285 v1
621 3278 629 3292 ,
653 3258 692 3286 12
707 3278 715 3292 ,
739 3258 790 3286 13.
807 3274 849 3277 —-
867 3261 878 3276 ²
901 3255 1020 3287 Camic.
1038 3268 1049 3286 1
1064 3280 1072 3293 ‚
1104 3259 1135 3287 7.
1149 3276 1191 3280 —-
1209 3255 1223 3280 3
1239 3261 1331 3290 Prov.
1349 3270 1394 3295 xv,
1412 3262 1469 3291 23.
1487 3277 1531 3282 —
1544 3258 1558 3285 4
1580 3259 1660 3291 Psal.
1679 3269 1763 3295 cxx,
1790 3262 1818 3290 l.
1834 3276 1879 3281 —
1894 3256 1908 3280 ⁵
1924 3261 2018 3291 Joau.
2035 3270 2092 3298 vx,
2111 3263 2140 3291 5.
2158 3276 2197 3282 --
2213 3256 2230 3281 ⁶
2243 3259 2324 3290 Gen.
2340 3258 2456 3292 κέων»

392 3315 421 3347 1,
441 3313 472 3340 2.
488 3315 560 3338 ffl-7
576 3307 623 3339 Id.
640 3310 821 3346 11,15-17.
837 3326 876 3330 ——
896 3306 909 3329 8
924 3311 1018 3339 Rom.
1036 3320 1084 3338 ΧΠ
1100 3333 1107 3346 ,
1126 3313 1156 3341 3.
1172 3328 1214 3331 -
1231 3317 1246 3340 9
1267 3315 1279 3342 Ι
1299 3313 1371 3342 Cor.
1388 3323 1421 3342 v1
1436 3336 1444 3349 ‚
1466 3315 1517 3343 12.
1533 3329 1576 3334 —·
1597 3313 1726 3342 ¹0-Gen.
1744 3322 1785 3341 111
1800 3335 1808 3347 ‚
1829 3313 1861 3342 4.
2283 3312 2287 3316 '

434 3372 446 3388 ³
467 3369 547 3401 Huic
564 3368 732 3411 opponitur
749 3367 950 3398 duodecimus
967 3367 1148 3399 humilitatis
1165 3368 1294 3408 graduS,
1315 3371 1468 3402 Modestia
1486 3372 1618 3409 scilicet,
1642 3371 1811 3414 praesertim
1828 3371 2005 3403 oculorum.
