2517 3920
388 232 442 287 J.
487 228 877 288 MERLONIS
920 227 1237 284 HORSTII
1280 222 1648 282 MONITUM
1691 221 1791 276 AD
1835 220 2287 277 LECTOREM.

364 459 501 500 Sancti
527 458 730 499 Bernardi
755 462 955 498 tractatus
984 457 1122 496 varios
1151 460 1336 508 quatuor
1367 453 1435 493 hic
1464 457 1605 493 tomus
1635 451 1825 502 exhibet,
1853 451 2059 504 genuinos
2076 482 2086 501 ,
2116 452 2316 504 inquam,
2345 456 2387 493 et

305 524 526 575 indubios,
559 537 655 564 nam
693 524 786 564 aliis
816 523 915 563 alibi
951 523 1065 562 locus
1102 522 1194 561 erit.
1234 521 1321 560 Hos
1353 520 1462 558 inter
1493 519 1649 570 primas
1677 517 1826 558 ordine
1852 523 1893 558 et
1925 516 2169 558 excellentia
2192 520 2307 556 tenet
2333 515 2386 557 de

306 590 644 631 Consideratione
680 589 731 629 ad
760 588 993 641 Eugenium
1022 589 1085 627 III
1122 584 1363 639 pontificem
1399 582 1531 634 liber,
1563 583 1598 623 si
1627 583 1856 636 quisquam
1889 583 2020 633 alius,
2051 581 2243 622 Ecclesiae
2274 594 2384 635 prae-

306 656 469 696 sulibus
501 661 541 696 et
570 655 753 708 praelatis
778 654 894 693 utilis
923 664 1097 705 prorsus
1127 664 1172 691 ac
1204 649 1477 690 necessarius.
1505 649 1556 688 In
1577 648 1667 688 Vita
1686 649 1817 689 sancti
1836 647 2065 698 Bernardi,
2092 646 2166 687 lib.
2198 648 2248 698 2,
2277 659 2313 687 0.
2337 648 2384 698 8,

304 722 405 761 item
444 720 553 760 libro
589 721 634 769 3,
666 732 755 771 cap.
790 720 838 767 8,
864 717 1011 766 baheS,
1041 729 1133 768 quie
1161 714 1330 755 lectioni
1357 712 1511 753 horum
1537 712 1743 753 librorum
1775 715 1947 754 omnino
1983 712 2182 766 praemitti
2213 710 2384 752 suadeo.

308 786 382 825 His
413 784 519 825 adde
539 784 768 837 sequentia.
799 781 1010 822 Gerardus
1034 781 1204 820 Vossius
1224 779 1474 832 praepositus
1501 779 1758 831 Tungrensis
1782 778 1914 819 libros
1941 778 2065 818 hosce
2085 789 2107 817 0
2131 776 2388 817 bibliotheca

304 849 503 889 Yaticana
521 849 743 901 separatim
765 846 895 886 edidit
924 847 1065 885 Romae
1091 856 1201 884 anno
1234 846 1363 895 1594,
1389 848 1429 884 ct
1449 856 1614 883 summo
1640 843 1829 897 pontifici
1860 843 2064 884 Clementi
2091 843 2196 882 VIII
2213 841 2383 882 dicavit.

305 915 353 953 In
384 926 529 953 eorum
567 924 665 952 vero
697 910 1102 951 commendationem
1138 910 1247 949 inter
1278 913 1426 949 caetera
1463 908 1549 948 haec
1582 908 1797 961 praefatur.
1839 927 1854 942 α
1894 909 2110 959 Quantum
2140 907 2251 947 inter
2283 906 2387 947 alios

311 998 325 1012 »
354 977 572 1030 pontifices
608 976 800 1017 Nicolaus
830 977 865 1014 V
897 975 1009 1015 hisce
1040 974 1160 1014 libris
1194 973 1416 1025 tribuerit,
1452 986 1497 1014 re
1531 974 1622 1026 ipsa
1655 973 1861 1025 ostendit,
1896 973 2000 1013 dum
2030 972 2163 1013 libros
2195 972 2382 1023 eosdem,

309 1062 324 1076 ι»
353 1047 447 1082 ante
480 1055 603 1081 usum
635 1040 924 1094 typographiae
959 1041 1202 1090 inventum,
1239 1038 1343 1079 adeo
1374 1038 1598 1092 magnifico
1630 1043 1670 1079 et
1702 1039 1859 1091 insigni
1892 1038 2132 1079 charactere
2160 1038 2387 1091 separatim

309 1128 323 1141 »
353 1119 430 1160 pro
462 1118 538 1146 suo
567 1106 832 1159 aliorumque
860 1118 940 1145 usu
966 1104 1265 1145 describendos
1291 1105 1469 1144 curavit.
1506 1105 1699 1155 Quorum
1732 1104 1857 1144 etiam
1886 1116 2027 1144 amore
2057 1115 2103 1143 ac
2135 1103 2276 1144 studio
2304 1102 2384 1143 ssa-

352 1184 476 1225 grans
511 1172 610 1212 Pius
646 1173 705 1221 V,
744 1184 788 1211 re
822 1175 863 1212 et
893 1172 1061 1211 nomine
1093 1171 1213 1223 pius,
1242 1169 1489 1210 eorumdem
1524 1169 1747 1209 lectionem
1780 1181 1932 1209 mensae
1965 1181 2050 1209 suae
2079 1167 2230 1209 lubens
2261 1167 2386 1208 adhi-

308 1257 322 1272 »
350 1237 495 1289 bebat,
531 1236 812 1290 ponderabat,
853 1231 896 1277 et'
934 1236 1256 1289 magnifaciebat
1298 1250 1306 1276 z
1344 1236 1451 1276 sicut
1483 1240 1523 1276 et
1562 1235 1614 1275 ab
1651 1235 1741 1288 ejus
1782 1235 1826 1275 in
1864 1233 2114 1288 pontificatu
2150 1245 2388 1274 successore

308 1323 322 1337 υ
354 1303 557 1356 Gregorio
598 1304 701 1343 XIII
735 1302 892 1342 factum
930 1302 1133 1355 intelligo.
1178 1302 1293 1353 Quos
1328 1305 1368 1341 et
1407 1300 1604 1350 Urbanus
1637 1302 1718 1342 VII
1759 1301 1803 1340 in
1839 1300 2108 1353 episcopatu,
2141 1311 2189 1339 ac
2220 1303 2316 1351 post
2343 1300 2388 1339 in

308 1388 322 1403 »
353 1367 611 1408 cardinalatu
641 1367 822 1407 multum
851 1367 929 1407 sibi
963 1367 1188 1407 familiares
1216 1366 1412 1406 habuisse
1440 1365 1620 1413 dicitur,
1648 1378 1877 1419 secumque
1906 1365 1959 1405 ad
1984 1364 2182 1406 conclave
2214 1364 2386 1416 tulisse,

309 1454 323 1467 »
353 1434 395 1473 in
414 1446 500 1487 quo
520 1437 560 1473 ct
584 1445 772 1473 summus
805 1433 994 1486 pontifex
1022 1434 1285 1473 renuntiatus
1317 1436 1392 1472 est.
1423 1432 1557 1482 Quem
1587 1431 1707 1471 brevi
1732 1432 1777 1471 in
1804 1430 2052 1484 pontificatu
2081 1434 2251 1470 secutus
2279 1430 2386 1470 Gre-

308 1518 323 1533 »
353 1501 496 1551 gorius
524 1499 641 1550 XIV,
673 1498 906 1551 plurimum
941 1511 1113 1553 quoque
1148 1498 1297 1539 iisdem
1330 1497 1535 1537 Bernardi
1567 1497 1688 1537 libris
1716 1496 1923 1548 tribuere,
1955 1509 2111 1550 eosque
2142 1497 2389 1550 frequenter

309 1586 322 1599 υ
351 1567 395 1605 in
430 1578 501 1605 ore
538 1565 692 1606 habere
728 1564 887 1605 solebat
923 1580 931 1605 z
968 1569 1007 1605 et
1043 1564 1218 1604 seorsim
1260 1562 1327 1603 ut
1353 1563 1405 1603 ab
1442 1562 1640 1603 omnibus
1678 1563 1988 1615 ecclesiasticis,
2028 1563 2210 1603 maxime
2247 1566 2387 1602 autem

308 1650 322 1664 »
351 1631 554 1684 praelatis,
589 1630 850 1671 commodius
885 1629 1149 1670 circumferri
1180 1629 1348 1683 legique
1374 1627 1567 1683 possent)
1602 1633 1765 1669 exstare
1795 1628 2046 1682 peroptabat
2078 1643 2086 1668 :
2119 1629 2227 1669 sicut
2251 1641 2275 1668 a
2302 1626 2388 1667 fide

307 1712 324 1732 »
356 1695 613 1748 dignissimis
639 1696 690 1736 de
715 1708 763 1736 eo
799 1695 934 1735 adhuc
961 1695 1172 1735 cardinale
1200 1696 1363 1748 accepi,
1396 1695 1570 1747 ipseque
1601 1707 1648 1734 ex
1680 1693 1858 1747 ejusniet
1890 1706 1963 1734 0Γο
1990 1705 2076 1733 11011
2101 1693 2227 1734 5011101
2258 1691 2386 1733 audi-

311 1781 324 1794 »
358 1762 415 1801 vi.
453 1780 468 1795 »
504 1763 602 1802 Haec
633 1762 807 1801 Vossius
835 1761 877 1800 in
905 1760 1178 1801 'Dedicatione
1210 1760 1261 1800 ad
1285 1759 1542 1800 Clementem
1572 1760 1690 1799 VIII.

362 1828 495 1866 Porro
532 1828 641 1867 inter
678 1828 894 1867 Tractatus
926 1826 1115 1866 invenies
1150 1825 1258 1866 duos
1295 1839 1345 1866 ex
1380 1824 1568 1878 epistolis
1602 1824 1685 1865 huc
1718 1824 1966 1876 translatos,
2008 1823 2139 1877 idque
2172 1835 2259 1864 non
2298 1823 2388 1864 sinc

302 1904 448 1942 causa,
475 1896 523 1931 111
543 1891 740 1931 arbitror.
772 1891 996 1931 Prolixitas
1022 1894 1205 1944 quippe,
1234 1895 1274 1931 et
1305 1891 1395 1944 ipsa
1416 1891 1653 1943 argumenti
1672 1891 1802 1941 ratio,
1825 1903 1988 1930 necnon
2005 1888 2214 1930 tractandi
2236 1887 2389 1929 modus

303 1969 456 1996 nomen
487 1958 702 1997 Tractatus
732 1969 954 2010 exposcere
985 1955 1252 1996 videbantur.
1288 1959 1501 2010 Frequens
1536 1961 1674 1996 31110111
1711 1969 1820 2008 0550,
1852 1960 1900 1996 111
1928 1956 1988 2009 pii
2018 1957 2193 1996 Patrum
2222 1955 2388 1996 labores

302 2034 348 2062 ac
370 2026 571 2062 tractatus
590 2034 743 2062 nomen
774 2021 966 2075 Epistolae
1007 2022 1260 2073 sortiantur,
1294 2021 1490 2062 observat
1539 2022 1803 2075 'Ephraemius
1835 2020 1948 2074 apud
1986 2020 2208 2071 Photium,
2242 2020 2386 2061 codice

304 2088 411 2137 229,
442 2091 482 2127 et
505 2088 631 2126 131115
660 2087 861 2140 exemplis
889 2085 1073 2127 ostendit
1102 2087 1308 2127 Baronius
1341 2086 1394 2127 ad
1423 2100 1581 2127 annum
1611 2087 1767 2127 Christi
1795 2088 1900 2137 584,
1927 2099 2054 2139 agens
2081 2086 2132 2127 (10
2163 2086 2340 2139 epistola
2364 2099 2389 2126 a

304 2155 341 2191 S.
382 2153 584 2205 Gregorio
620 2154 789 2192 nomine
825 2152 983 2205 Pelagii
1018 2154 1059 2192 Π
1093 2153 1247 2204 scripta
1281 2151 1483 2194 adversus
1511 2154 1593 2194 tria
1627 2153 1833 2207 Capitula.
1869 2155 1986 2194 Inter
2016 2152 2225 2207 Epistolas
2257 2152 2389 2192 sancti

304 2219 553 2271 Hieronymi
579 2219 767 2258 015311011
790 2218 1017 2271 Augustini
1041 2217 1279 2270 complures
1306 2223 1550 2270 occurrent,
1577 2231 1685 2272 quos
1704 2220 1870 2272 ipsimet
1893 2223 2059 2259 autores
2084 2217 2202 2258 Libri
2221 2217 2389 2258 nomine

303 2283 476 2323 donant.
507 2284 587 2334 Qui
620 2283 771 2323 deinde
802 2283 1064 2323 edendorum
1095 2284 1270 2323 Patrum
1299 2295 1444 2323 curam
1471 2289 1766 2338 susceperunt,
1794 2284 2027 2325 multorum
2050 2282 2210 2337 judicio
2234 2282 2386 2336 hujus-

303 2347 415 2387 modi
435 2347 747 2388 lucubrationes
765 2350 904 2402 aptius
923 2350 966 2388 in
986 2352 1242 2389 tractatuum
1263 2348 1350 2388 sive
1368 2348 1577 2388 librorum
1591 2380 1602 2398 ,
1623 2361 1750 2402 quam
1769 2348 2040 2402 epistolarum
2060 2360 2233 2389 censum
2253 2346 2386 2400 sylla-

304 2412 490 2465 bumque
515 2413 769 2454 retulissent.
805 2415 1006 2465 Quamvis
1035 2419 1075 2454 et
1107 2414 1152 2454 hi
1180 2414 1427 2454 auctoritate
1459 2426 1543 2453 non
1575 2414 1748 2454 omnino
1776 2413 2001 2454 videantur
2029 2413 2202 2454 destitui
2231 2426 2240 2451 ε
2274 2423 2386 2465 prae-
2440 2451 2444 2455 .

303 2478 446 2517 sertim
479 2490 576 2517 cum
607 2478 685 2518 hoc
714 2478 954 2532 exemplum
978 2478 1031 2519 ab
1059 2478 1274 2532 Apostolis
1296 2479 1479 2529 venerit,
1514 2482 1562 2519 ut
1586 2483 1855 2532 argumenta,
1884 2479 2079 2532 quamvis
2107 2477 2238 2527 seria,
2266 2489 2384 2518 com-

303 2544 572 2583 mitterentur
607 2544 808 2596 epistolis.
847 2543 924 2584 Sed
957 2545 1059 2585 tales
1092 2543 1278 2598 epistolae
1312 2556 1410 2583 vere
1440 2548 1642 2584 tractatus
1677 2549 1776 2585 sunt
1806 2543 1858 2584 dc
1890 2543 2018 2584 rebus
2054 2542 2388 2596 haudquaquam

304 2608 595 2649 familiaribus.
628 2609 748 2650 [nde
771 2615 812 2651 ct
839 2610 964 2651 nobis
992 2611 1154 2661 visum,
1189 2608 1295 2650 duas
1320 2608 1412 2649 illas
1443 2609 1664 2661 epistolas,
1695 2608 2061 2662 quadragesimam
2090 2607 2317 2648 secundam
2346 2611 2388 2648 et

305 2674 570 2713 centesimam
601 2675 936 2727 nonagesimam,
974 2679 1118 2728 utpote
1150 2674 1336 2728 prolixas
1367 2673 1620 2723 admodum,
1656 2687 1677 2714 e
1710 2686 1887 2715 numero
1907 2678 2154 2714 caeterarum
2177 2673 2384 2723 eximere,

306 2742 346 2778 et
379 2739 421 2777 in
454 2740 630 2791 gratiam
662 2739 829 2780 lectoris
861 2740 1081 2781 distinctas
1115 2741 1159 2780 in
1195 2741 1356 2793 capita,
1395 2738 1644 2781 tractatibus
1680 2737 1922 2792 adjungere.
1958 2740 2043 2780 Nec
2076 2737 2235 2788 obstat,
2269 2737 2385 2791 quod

307 2801 359 2842 ad
389 2815 517 2842 unam
541 2804 795 2856 singularem
825 2817 1048 2858 personam
1077 2805 1268 2856 directae,
1299 2820 1390 2847 eam
1416 2806 1684 2860 peculiariter
1710 2804 1892 2846 subinde
1919 2804 2184 2858 compellent.
2219 2807 2322 2845 Sane
2350 2805 2387 2845 si

303 2867 405 2919 justi
428 2869 480 2909 de
507 2875 755 2921 argumento
781 2870 924 2923 aliquo
955 2875 1179 2923 tractatus,
1206 2871 1364 2913 idcirco
1399 2871 1517 2926 quod
1542 2871 1597 2912 ad
1620 2883 1756 2911 unum
1785 2870 1971 2924 aliquem
1998 2869 2263 2923 dirigantur,
2292 2870 2387 2923 Epi-

306 2933 421 2974 stolae
450 2935 617 2973 nomine
646 2934 908 2986 praenotandi
944 2937 1141 2987 veniunt,
1176 2936 1320 2977 nullus
1353 2950 1486 2991 prope
1514 2935 1622 2977 liber
1654 2936 1756 2987 erit,
1790 2936 1859 2976 cui
1889 2948 1976 2976 non
2009 2926 2212 2976 debeatur
2233 2947 2388 2976 nomen

306 2998 524 3052 Epistol-ae,
560 3011 657 3038 011111
692 2998 778 3039 fere
813 3000 891 3040 hoe
924 3001 1121 3042 omnibus
1157 3002 1342 3043 solemne
1379 3003 1455 3052 sit,
1492 3001 1806 3042 lucubrationes
1848 3013 1945 3042 suas
1978 2999 2101 3041 alicui
2139 2999 2383 3042 inscribere.

305 3063 506 3117 Adeoque
541 3064 630 3116 ipsa
661 3063 782 3103 etiam
818 3066 1021 3106 Bernardi
1054 3067 1259 3120 Apologia
1298 3067 1351 3109 ad
1385 3068 1657 3109 Guillclmum
1690 3065 1904 3119 abbatem,
1941 3066 2106 3120 aliaque
2139 3066 2263 3120 plura
2297 3065 2387 3120 ejus

305 3129 509 3183 opuscula
540 3129 650 3168 inter
676 3129 871 3181 epistolas
908 3131 1159 3173 reserantur.
1194 3134 1461 3174 Retinuimus
1492 3138 1632 3174 tamen
1667 3136 1883 3184 receptum
1916 3131 2202 3185 Epistolarum
2232 3143 2384 3172 nume-

303 3208 399 3235 rum
435 3199 476 3234 et
512 3194 727 3245 ordinem,
762 3206 813 3234 ne
851 3196 919 3235 cui
950 3196 1057 3237 forte
1090 3197 1299 3239 industria
1331 3202 1475 3239 nostra
1513 3196 1654 3237 fraudi
1692 3201 1820 3245 esset,
1856 3197 1891 3236 si
1928 3197 2122 3250 priorum
2151 3196 2386 3237 editionum

301 3261 518 3300 citationes
543 3272 565 3299 a
590 3264 731 3299 nostra
757 3258 1056 3312 discreparent.
1088 3263 1128 3302 Si
1154 3276 1249 3316 quae
1271 3267 1473 3316 praeterea
1498 3262 1549 3302 de
1580 3261 1736 3315 quibus
1762 3260 1870 3301 forte
1896 3261 2132 3302 monendus
2156 3262 2210 3302 sit
2237 3261 2383 3311 lector,

303 3327 388 3366 suis
419 3325 522 3365 locis
554 3325 761 3374 inveniet,
792 3328 831 3364 ct
857 3323 1018 3377 prolixe
1048 3326 1221 3378 quidem
1252 3327 1294 3367 in
1325 3327 1574 3368 I‘rzrfatiouc
1603 3327 1732 3367 1011115
1765 3326 1918 3380 operis.
