2565 3952
67 129 140 167 697

985 124 1249 159 Et>15TOI,--E.

67 214 124 243 cet
143 201 338 242 Sanctitati
362 209 495 237 vesu-:e
521 200 688 237 scribere
713 199 823 245 mihi,
849 212 927 235 non
956 198 1099 248 11οςΙί-5

2089 138 2165 171 (5558

1106 197 1137 216 ⁴⁶
1151 215 1165 230 υ
1185 199 1309 236 titudo
1327 202 1570 250 negotiorum
1588 203 1623 239 in
1644 206 1756 254 culpa
1774 215 1849 253 cst,
1864 211 1952 257 quia
1969 211 2057 248 dum
2075 217 2159 250 scr}-

65 274 206 317 genter‚
224 276 301 300 nou
323 261 561 307 transitori‹.·;
581 261 646 297 sed
662 260 849 305 studiose,
865 260 1072 296 affectuose
1096 262 1124 293 A
1143 276 1158 290 »
1179 269 1310 310 ptores
1338 263 1457 298 nostri
1488 276 1565 299 non
1598 263 1696 301 benc
1719 267 1885 304 rctinent
1905 283 2056 308 sensum
2085 287 2158 309 no-

67 326 202 376 scripta
237 332 302 360 tua
334 322 503 372 suscipio
527 350 536 366 ,
575 323 658 371 lego
681 350 690 367 ,
722 321 945 370 amplector.
983 321 1077 369 Quis

66 386 165 425 enim
197 397 275 421 non
312 383 474 419 sollicite
504 383 681 432 legeret,
717 395 796 418 non
829 382 952 418 multo
988 395 1075 418 cum

34 470 44 479 ·
67 447 200 486 affectu
234 444 531 493 amplecteretur
562 452 599 480 et
635 457 677 480 ea
705 456 790 492 quae
826 442 1018 492 praeniisi,
1041 451 1078 479 et

68 507 128 545 illa
163 517 247 555 quae
286 505 542 556 sequuntur?
576 520 589 534 (ι
617 507 700 539 Jam
741 502 916 552 pridem,
948 520 962 534 »
1001 503 1076 549 ais,

68 565 358 615 «conglutinata
390 572 445 600 est
473 563 600 600 anima
642 576 725 599 mea
752 563 888 599 animae
917 571 1076 610 vesti-:03

69 647 82 662 υ
101 635 138 665 et
157 625 203 662 de
227 624 400 676 personis
427 623 639 674 imparibus
670 637 783 674 pares
809 624 958 660 animos
990 623 1079 660 fecit

69 707 82 723 υ
100 686 266 738 parilitas
286 684 491 721 charitatis.
509 684 610 733 Quid
627 684 729 720 enim
750 697 843 720 meae
858 684 1077 730 humilitati,

70 767 84 783 n
102 760 186 785 cum
205 754 329 782 vestra
345 743 580 781 sublimitate
594 774 603 790 ,
627 744 656 781 si
680 758 757 781 non
780 745 1001 781 inclinasset
1021 744 1079 781 di-

71 806 228 859 »gnatio
261 805 516 856 dignitatem?
548 809 605 842 Ex
631 813 722 842 tune
753 805 893 841 factum
930 813 1008 851 est,
1037 813 1077 841 ut

71 869 287 918 »utrImqne
318 867 648 918 permiscerentur
690 875 727 903 ct
765 880 849 903 inca
882 866 1077 903 humilitas

71 949 85 964 ι»
102 938 139 968 et
159 927 370 968 sublimitas
396 937 550 975 vestra3
577 937 620 965 ut
649 941 719 965 nec
750 941 821 978 ego
852 928 933 965 sine
967 927 1076 965 vobis

1147 340 1159 352 ·›
1181 330 1324 364 strum,
1344 322 1443 358 ultra
1462 323 1619 359 modum
1643 335 1785 363 acuunt
1802 329 1928 365 stilum
1945 344 2074 378 sunm,
2092 347 2162 369 noc

1144 399 1157 413 υ
1179 381 1311 418 videre
1329 396 1484 432 possum
1508 397 1593 433 quae
1619 385 1787 423 scribere
1807 390 1985 439 praecepi.
2015 394 2161 429 Parcite

1147 459 1161 474 »
1183 442 1252 479 hac
1276 443 1357 480 vice
1380 459 1388 480 ;
1411 445 1500 493 quia
1515 473 1523 489 ,
1545 445 1734 494 quidquid
1761 447 1807 484 de
1828 449 1910 485 aliis
1931 450 1996 495 sit,
2019 462 2165 490 vesti-as

1147 520 1161 534 »
1183 502 1324 538 videbo
1339 532 1347 547 ,
1367 512 1404 539 et
1427 517 1502 539 non
1523 504 1675 541 credam
1705 506 1777 542 uisi
1799 509 1920 545 oculis
1944 518 1981 545 et
2007 512 2163 549 auribus

1148 579 1162 595 »
1183 562 1286 599 meis.
1302 582 1314 594 υ
1332 566 1450 599 Parco
1465 564 1594 613 igitur,
1614 573 1650 601 ct
1666 565 1711 602 de
1730 566 1829 603 facili
1850 569 2000 606 veniam
2021 572 2163 611 tribuo.

1146 627 1231 660 Non
1260 632 1316 660 est
1344 624 1447 674 apud
1471 639 1529 662 me
1551 625 1680 676 (quod
1700 627 1897 666 humiliter
1922 630 2032 667 dico·
2051 634 2164 671 etiam

1146 683 1185 720 in
1207 684 1363 721 offensis
1383 685 1563 734 gravibus
1579 716 1588 733 ,
1611 685 1720 723 labor
1740 689 1886 736 gravis,
1905 699 1947 726 ut
1971 678 2163 741 ignoscam

1146 744 1295 790 oranti,
1315 744 1401 781 dein
1424 746 1574 782 veniam
1599 748 1822 797 postulanti.
1840 751 1952 798 Quod
1974 752 2003 789 si
2026 753 2063 790 in
2083 768 2165 804 gra-

1145 804 1258 841 vibus
1283 805 1480 856 ignoscere
1497 806 1608 844 labor
1623 822 1701 845 non
1720 818 1796 856 est,
1815 820 1962 860 quanto
1980 813 2106 851 minor
2127 816 2164 851 in

1146 866 1315 913 levibus,
1336 876 1400 904 aut
1422 868 1554 905 nullus
1572 871 1653 906 est?

1202 930 1238 964 5.
1265 931 1322 965 Dc
1358 937 1587 967 testamento
1623 930 1769 968 domini
1807 933 1966 970 Baronis
2000 938 2164 975 Romani

71 990 244 1029 ohumilis
260 1017 270 1035 ,
295 1002 364 1026 nec
384 1002 452 1025 vos
482 990 563 1027 sine
594 1003 654 1026 me
682 988 855 1026 sublimis
879 1002 960 1026 esse
985 1002 1075 1039 pos-
1094 991 1122 1025 Β
1144 987 1370 1025 subdiaconi
1387 988 1417 1035 ¹¹,
1455 990 1560 1039 quod
1605 1000 1742 1029 vestrae
1777 994 2089 1034 Clarae-Vallensi
2128 1007 2165 1035 et

71 1051 234 1090 osetis.»
269 1047 502 1098 Hujusmodi
545 1063 638 1100 ergo
677 1049 794 1086 verba
842 1050 1080 1099 negligenter

72 1110 220 1163 legenda
257 1111 377 1147 sunt?
409 1110 605 1161 Numquid
649 1124 728 1148 non
769 1109 912 1147 dehent
947 1110 1080 1146 oculos

72 1171 221 1224 legentis
240 1171 336 1207 fixos
357 1179 508 1217 tenere,
526 1184 592 1207 cor
606 1184 759 1220 rapere,
782 1170 929 1207 animos
948 1170 1080 1207 unire?

73 1231 228 1278 Videris,
249 1231 302 1267 mi
328 1230 574 1278 charissime,
598 1230 665 1280 qui
689 1230 897 1280 scripsisti,
917 1229 1011 1280 quid
1033 1229 1079 1266 de

74 1293 120 1331 iis
141 1291 279 1330 sentias
302 1306 310 1328 z
332 1304 403 1341 ego
426 1290 473 1327 de
500 1291 558 1327 his
589 1290 693 1327 aliud
720 1291 860 1327 sentire
887 1304 965 1327 non
992 1304 1080 1340 pos-

73 1367 170 1399 sum,
198 1366 311 1403 quam
342 1351 449 1402 quod
471 1352 599 1389 littera
627 1360 762 1399 sonat,
793 1365 908 1402 quam
931 1351 1036 1401 quod
1059 1365 1079 1388 a

73 1423 192 1461 tanto,
213 1427 235 1451 a
254 1422 331 1450 tam
352 1412 502 1459 veraci,
523 1427 544 1450 a
564 1421 641 1450 tam
668 1421 801 1450 sancto
829 1413 985 1450 homine
1015 1412 1079 1449 di-

74 1483 167 1513 ctum
197 1483 322 1511 teneo.
353 1477 452 1520 Nec,
482 1482 524 1511 ut
546 1474 628 1525 ipse
657 1473 815 1519 dixisti,
845 1474 988 1524 incipio
1019 1486 1080 1510 me

74 1537 201 1574 iterum
231 1535 334 1586 apud
365 1543 400 1572 te
431 1535 716 1572 commendare.
751 1535 889 1573 Adhuc
917 1534 1080 1584 juvenes

75 1609 191 1635 amare
214 1596 255 1633 in
280 1596 430 1634 Christo
460 1610 532 1634 nos
566 1597 783 1648 coepimus:
808 1605 846 1634 et
867 1595 947 1646 jam
971 1610 1080 1634 senes

76 1665 131 1696 lut
159 1657 237 1694 fere
273 1657 321 1694 de
350 1671 482 1694 amore
517 1666 592 1695 tam
625 1671 759 1705 sacro,
787 1666 862 1694 tam
894 1657 1079 1695 diuturno

75 1717 324 1756 dubitabimus
342 1719 358 1754 'z’
376 1717 487 1756 Absit
503 1747 512 1765 ,
539 1718 684 1756 credite
706 1719 872 1765 amanti,
892 1727 933 1756 ut
950 1718 1080 1756 verbis

1146 1050 1387 1087 Cisterciensi
1407 1051 1598 1097 ecclesiae,
1619 1066 1667 1088 ex
1688 1053 1745 1090 his
1765 1068 1851 1103 quae
1877 1056 1978 1105 apud
2001 1071 2071 1095 nos
2095 1059 2164 1096 de-

1146 1111 1349 1161 posuerat,
1379 1112 1549 1149 moriens
1582 1113 1712 1150 fecisse
1747 1114 1911 1162 dicitur,
1942 1117 2080 1155 factum
2109 1129 2165 1157 est

1148 1171 1254 1221 quod
1285 1186 1305 1208 a
1336 1171 1566 1222 quibusdam
1602 1175 1804 1223 personis,
1832 1176 1897 1225 qui
1927 1177 1998 1214 sibi
2018 1179 2092 1216 1100
2117 1180 2165 1218 ab

1148 1246 1194 1269 eo
1215 1232 1432 1282 injunctum
1455 1247 1536 1271 esse
1555 1234 1756 1281 dicebant,
1781 1236 1871 1273 mihi
1890 1238 2073 1288 scriptum
2097 1250 2165 1277 est.

1146 1294 1244 1331 Volo
1269 1302 1397 1330 tamen
1427 1308 1495 1331 vos
1523 1295 1638 1341 scire,
1667 1297 1778 1345 quia,
1809 1297 1905 1334 sicut
1933 1300 2108 1348 quidam,
2127 1311 2169 1337 ut

1146 1362 1243 1404 puto
1261 1384 1269 1400 ‚
1304 1363 1417 1392 testes
1442 1356 1602 1392 veridici
1646 1365 1852 1405 astruunt,
1876 1359 1962 1408 plus
1989 1359 2098 1397 vobis
2127 1362 2165 1397 in

1147 1414 1205 1450 his
1232 1415 1395 1451 contulit
1425 1415 1544 1464 gratia
1570 1416 1832 1454 Cluniacensis
1860 1416 2028 1465 abbatis,
2050 1433 2167 1469 qnam

1149 1483 1420 1512 testamentum
1449 1477 1620 1514 Baronis.
1647 1477 1732 1514 Scio
1764 1478 1944 1527 quidem,
1969 1493 2040 1516 nec
2069 1481 2168 1517 adeo

1149 1549 1286 1586 expers
1310 1550 1394 1573 sum
1417 1536 1633 1574 divinarum
1658 1539 1716 1575 vel
1739 1539 1993 1577 humanarum
2014 1541 2139 1591 legum
2154 1571 2166 1585 ‚

1148 1605 1191 1634 ut
1217 1598 1404 1645 nesciam,
1425 1599 1530 1649 quod
1565 1613 1633 1649 per
1668 1601 1859 1650 posterius
1893 1611 2164 1640 testamentum

1148 1666 1185 1695 et
1221 1660 1409 1709 legatum,
1436 1668 1474 1696 et
1507 1660 1843 1698 fideicommissum
1879 1676 1991 1699 causa
2031 1664 2168 1701 mortis

1148 1727 1229 1756 rata
1243 1728 1345 1756 sunt.
1368 1720 1441 1758 Sed
1456 1721 1542 1770 lego
1561 1729 1686 1757 tamen
1704 1721 1794 1758 alibi
1814 1737 1822 1759 :
1841 1740 1854 1754 α
1874 1723 1972 1760 Nihil
1991 1732 2066 1760 tam
2087 1724 2166 1774 juri

76 1778 200 1816 vestris
214 1786 315 1824 utar,
338 1778 428 1829 quia
450 1792 520 1816 nec
543 1779 583 1815 in
604 1779 721 1816 corde
744 1793 830 1816 meo
852 1788 980 1816 ortum
1000 1788 1078 1826 est,
1100 1787 1127 1823 C
1149 1797 1163 1812 υ
1183 1782 1349 1818 naturali
1382 1782 1619 1819 conveniens
1655 1791 1710 1819 est
1732 1813 1740 1829 ,
1772 1797 1887 1833 quam
1927 1785 2166 1823 voluntatem

77 1852 135 1877 aec
144 1837 191 1876 ab
202 1852 268 1876 ore
286 1852 373 1876 meo
391 1848 570 1876 exortum
588 1848 658 1886 est,
675 1848 719 1876 ut
734 1839 781 1876 de
798 1839 925 1877 verbis
944 1840 1079 1877 vestris

77 1899 234 1950 luolibet
272 1900 388 1937 modo
410 1929 421 1948 ,
448 1900 479 1937 si
511 1909 639 1937 tamen
672 1901 772 1938 serio
808 1901 1076 1952 expromptis,

78 1959 267 2010 iliquando
295 1959 566 1998 dubitaverim.
595 1961 710 1999 Unde
737 1961 842 2011 quod
864 1962 901 1998 in
923 1962 980 1998 his
1000 1991 1009 2007 ,
1032 1961 1078 1998 de

71 2019 203 2071 {uibus
239 2022 391 2072 agitur,
424 2022 563 2059 litteris
601 2023 811 2073 scripsisti,
845 2023 1077 2073 amplector,

78 2094 206 2130 servo,
241 2082 430 2120 custodio.
468 2082 632 2121 Facilius
673 2083 766 2120 mihi
803 2092 963 2134 possent
997 2083 1080 2120 auri

72 2143 164 2181 ·nille
186 2144 327 2181 talenta
343 2143 514 2195 subripi,
539 2158 655 2195 quam
677 2145 758 2182 haec
784 2144 960 2195 quolibet
991 2158 1081 2182 casu

80 2204 217 2242 icorde
236 2205 361 2242 avelli.
386 2205 461 2244 Sed
481 2205 528 2242 de
548 2205 606 2242 his
623 2206 726 2243 satis.

59 2273 75 2294 '1
118 2264 155 2303 4.
185 2269 241 2303 De
273 2266 425 2316 reliquo
462 2266 566 2303 unde
598 2280 659 2304 me
689 2275 838 2304 motum
871 2266 1080 2318 prudentia

80 2333 189 2363 restra
218 2327 388 2377 putavit,
420 2327 494 2364 hoc
528 2327 610 2364 fuit.
647 2331 722 2365 Pro
755 2329 934 2377 negotio,
976 2327 1082 2378 quod

74 2385 174 2424 Jobis
189 2385 286 2424 bene
308 2396 445 2425 notum
465 2396 543 2435 est,
563 2387 763 2438 cujusdam
789 2389 939 2438 Anglici
962 2387 1081 2425 abba-

81 2445 135 2494 is,
152 2447 402 2486 continebant.
417 2448 553 2485 litterae
574 2455 734 2486 vestraess
756 2464 763 2486 :
787 2466 802 2481 «
819 2449 958 2498 Quasi,
982 2467 996 2480 n
1016 2449 1078 2486 in-

76 2506 222 2556 ,1uiunt‚
243 2525 258 2540 α
275 2507 503 2546 subversum
536 2510 584 2547 sit
612 2508 803 2559 judicium
821 2541 830 2558 ,
852 2519 890 2548 et
911 2510 958 2548 de
986 2510 1081 2548 orbe

1148 1860 1162 1874 »
1185 1841 1360 1888 domini,
1382 1843 1548 1880 volentis
1578 1857 1657 1881 rem
1686 1857 1793 1881 snam
1823 1845 1861 1881 in
1892 1846 2009 1882 alium
2039 1855 2166 1884 trans-

1149 1919 1163 1934 »
1185 1902 1306 1948 ferre,
1332 1911 1453 1940 ratam
1485 1903 1631 1941 haberi.
1652 1924 1665 1937 υ
1693 1908 1777 1942 Hoc
1808 1905 1896 1942 ideo
1926 1905 2032 1953 dico,
2055 1909 2170 1957 quia,

1147 1963 1245 2000 sicut
1262 1972 1375 2001 testes
1390 1965 1578 2015 praemissi
1596 1966 1779 2012 fatentur,
1796 1967 1985 2017 quidquid
1998 1969 2170 2006 Cluniaci

1150 2024 1384 2075 deposuerat
1404 2034 1549 2072 ,totuin
1573 2027 1755 2065 Cluniaco
1774 2028 1957 2076 dederat,
1978 2030 2049 2067 nisi
2072 2030 2169 2067 forte

1148 2098 1236 2122 eum
1264 2086 1435 2137 recipere
1470 2088 1740 2138 contingeret,
1763 2097 1970 2139 antequam
1997 2104 2171 2141 praesen-

1149 2155 1225 2184 tem
1245 2147 1362 2185 vitam
1385 2149 1524 2186 finiret.
1540 2150 1655 2187 Nolui
1682 2158 1808 2187 tamen
1836 2151 1911 2188 1100
1933 2152 1987 2188 uti
2015 2152 2170 2202 privile-

1148 2207 1212 2257 gio
1235 2223 1243 2244 :
1268 2208 1334 2244 sed
1366 2209 1471 2258 quod
1488 2239 1497 2255 ,
1533 2208 1646 2258 juxta
1688 2211 1842 2247 illorum
1880 2212 2139 2250 testimonium
2161 2243 2173 2260 ,

1149 2282 1276 2305 meum
1296 2282 1376 2306 esse
1395 2269 1613 2315 credebam,
1629 2270 1740 2308 vobis
1756 2272 1970 2322 vestrisque
1987 2274 2170 2310 concessi.

1148 2333 1205 2367 De
1243 2330 1432 2367 electione
1460 2331 1860 2382 Gratianopolitanass,
1887 2343 2022 2371 contra
2057 2349 2172 2384 quam

1149 2391 1272 2428 nostri
1290 2391 1553 2429 Cartusienses
1577 2402 1715 2442 agunt,
1733 2394 1826 2443 quid
1844 2395 2006 2432 sentiam
2022 2426 2033 2442 ,
2046 2396 2084 2432 in
2107 2409 2175 2432 ore

1150 2452 1363 2489 charissimi
1395 2453 1488 2499 mei,
1512 2454 1706 2504 vestrique
1734 2454 1856 2492 fidelis
1888 2456 2031 2492 Nicolai
2063 2456 2174 2493 vobis

1150 2513 1405 2563 retegendum
1429 2513 1635 2564 diligenter
1656 2516 1825 2565 reposui.
1855 2519 1987 2566 Ipsum
2014 2517 2172 2562 audite,

82 2568 429 2620 ·perieritjustitia,
449 2580 488 2608 et
503 2584 583 2609 non
606 2572 654 2609 sit
675 2572 742 2622 qui
764 2572 901 2623 eripiat
918 2573 1076 2623 inopem
1097 2584 1131 2618 D
1150 2583 1187 2611 et
1216 2574 1322 2625 quod
1357 2574 1405 2612 ab
1434 2588 1501 2612 ore
1532 2589 1618 2613 meo
1658 2575 1767 2614 vobis
1798 2578 1998 2624 retulerit,
2029 2578 2175 2628 absque

101 2627 147 2666 de
171 2643 286 2668 manu
316 2632 520 2669 fortiorum
552 2632 655 2683 ejus,
680 2647 844 2684 egenum
870 2643 908 2671 et
927 2647 1079 2684 paupe-

101 2701 178 2727 rem
191 2704 212 2728 a
225 2691 494 2743 diripientibus
512 2707 613 2731 eum.
626 2713 640 2727 ι)
659 2694 731 2731 Sed
747 2694 777 2731 si
795 2694 887 2731 mihi
904 2694 1078 2741 creditis,

88 2748 190 2788 ciatis
214 2765 372 2802 prorsus
400 2752 490 2790 inde
518 2767 579 2790 me
608 2754 661 2790 ita
688 2762 837 2791 motum
859 2768 961 2801 esse,
983 2755 1080 2791 sicut

85 2808 115 2847 le
137 2823 175 2848 se
203 2811 296 2849 dicit
328 2813 541 2864 propheta,
565 2815 655 2852 licet
686 2828 758 2865 ego
783 2815 977 2866 propheta
998 2829 1078 2853 non

88 2870 157 2909 im:
173 2875 250 2922 Ego
267 2883 392 2911 autem
410 2884 591 2924 tanquam
609 2878 745 2911 surdus
764 2890 838 2911 non
860 2875 1077 2920 audiebam,

90 2940 103 2966 e
114 2937 208 2968 sicut
224 2943 342 2970 mutus
358 2949 432 2971 non
449 2941 625 2984 aperiens
643 2952 682 2971 os
698 2951 804 2972 sunm
819 2952 831 2981 ,·
847 2945 884 2973 et
901 2950 1055 2974 rursum
1070 2966 1079 2983 ,

80 2992 196 3028 factus
213 3007 293 3030 sum
310 2999 405 3031 sicut
425 2996 534 3032 Immo
552 3011 627 3033 mm
652 2999 814 3033 audiens
825 3026 836 3042 ,
858 3006 897 3033 et
914 3011 988 3032 tlon
1005 2998 1078 3033 lea-

87 3064 153 3088 ·ens
173 3057 212 3090 in
237 3069 299 3091 ore
320 3070 388 3092 ,ςιιο
412 3059 696 3107 redargutiones
717 3064 741 3094 ¹.
762 3061 841 3107 Ego
863 3057 1019 3107 quidem
1041 3058 1080 3094 in

87 3112 146 3150 stis
161 3114 329 3153 offensus
346 3130 424 3154 non
439 3131 536 3155 sum.
557 3118 630 3156 Sed
647 3127 685 3155 et
704 3118 735 3156 si
751 3119 922 3156 offensus
935 3133 1055 3156 essem
1067 3147 1077 3164 ,

88 3172 227 3211 nultum
243 3176 475 3215 satisfactum
497 3188 574 3226 est,
590 3179 747 3230 quando
769 3180 895 3217 dixisti
918 3195 926 3216 :
949 3199 963 3213 «
984 3182 1081 3219 Mul-

117 3301 127 3316 ¹
144 3299 224 3330 Psal.
240 3305 528 3341 xxxv11,l4‚l5.

1147 2635 1393 2672 haesitatione
1417 2636 1479 2673 rel
1509 2636 1668 2673 minima
1700 2651 1835 2674 verum
1862 2651 1943 2675 esse
1964 2638 2119 2675 credite.
2137 2639 2174 2675 Si

1147 2710 1233 2746 quae
1255 2696 1474 2733 mandanda
1492 2705 1619 2734 mente
1643 2697 1893 2745 exciderunt,
1919 2712 2005 2734 cum
2025 2712 2175 2735 memor

1147 2757 1257 2794 fuero
1271 2786 1280 2803 ,
1301 2757 1524 2794 charissimo
1549 2757 1644 2794 mihi
1660 2758 1698 2794 in
1719 2758 1872 2795 Christo
1901 2758 2109 2796 mandabo.
2129 2763 2174 2797 In

1146 2818 1223 2854 fine
1247 2831 1344 2868 rogo
1364 2826 1553 2867 quantum
1580 2832 1737 2868 possum
1753 2847 1762 2864 ,
1796 2827 1833 2855 et
1854 2819 2050 2870 supplicO,
2069 2819 2175 2869 quod

1141 2877 1222 2929 jam
1243 2891 1314 2928 per
1332 2878 1519 2928 quasdam
1539 2879 1657 2916 vestri
1679 2878 1834 2917 Ordinis
1852 2893 2039 2930 personas
2060 2894 2170 2917 man-

1148 2939 1236 2976 davi
1259 2955 1266 2976 :
1290 2948 1332 2976 ut
1352 2940 1391 2976 in
1409 2940 1482 2977 hoc
1504 2949 1613 2977 tanto
1639 2949 1860 2978 sanctorum
1878 2941 2052 2978 virorum
2069 2970 2079 2987 ,
2105 2942 2171 2991 qui

1149 3000 1320 3038 Cistercii
1346 3010 1637 3048 convenerunt,
1663 3011 1888 3048 conventu,
1912 3003 2012 3049 mei,
2039 3003 2172 3052 utique

1148 3061 1290 3106 vestri,
1319 3061 1545 3098 memoriam
1579 3062 1747 3109 faciatis,
1775 3076 1937 3112 meque,
1970 3071 2171 3112 totumque

1149 3121 1409 3160 Cluniacensis
1437 3123 1748 3172 congregationis
1776 3137 1917 3174 corpus
1948 3137 2081 3161 eorum
2112 3124 2167 3160 in-

1151 3191 1254 3219 tente
1275 3182 1518 3220 orationibus
1539 3184 1830 3220 commendetis.

676 3308 688 3321 ³
708 3308 782 3337 Non
800 3311 934 3337 exstant.
952 3325 996 3328 —
1013 3299 1028 3322 ¹*
1042 3306 1124 3337 Vide
1142 3312 1232 3337 notas
1246 3306 1284 3337 ad
1300 3307 1390 3348 epist.
1415 3310 1493 3339 283.
1510 3328 1552 3331 —
1573 3314 1586 3329 ⁰
1604 3308 1686 3339 Vide
1705 3315 1793 3339 notas
1807 3308 1844 3338 ad
1861 3308 1948 3350 epist.
1967 3311 2043 3338 270.
