2533 3920
347 186 416 223 167
1104 187 1139 222 S.
1171 186 1428 222 BERNARDI
1455 186 1658 223 ABBATIS
2347 186 2420 224 168

340 266 387 300 Et
406 262 496 312 quia
515 261 623 299 vobis
645 262 725 299 haec
743 261 822 312 ipsa
842 261 1028 298 sententia
1049 275 1126 298 non
1144 271 1345 311 congruat,
1363 262 1376 280 ⁵

1383 262 1397 281 ⁹
1414 263 1510 300 satio
1523 263 1682 313 justitiae
1699 277 1771 314 pro
1787 262 1968 313 pecunia,
1987 262 2140 312 quando
2161 276 2232 313 pro
2250 276 2296 300 eo
2316 263 2421 313 quod

340 323 589 360 nihilominus
603 322 719 360 modo
739 322 1018 371 cognoscimus.
1039 323 1230 372 Scriptum
1251 337 1344 373 quo·
1363 325 1392 358 A
1414 325 1536 360 teneri
1553 337 1632 361 non
1649 332 1818 374 poterat,
1841 323 1878 359 id
1898 323 2115 359 restitutum
2136 332 2193 360 est
2213 323 2317 373 quod
2337 323 2422 360 feli-

339 396 414 433 que
432 392 488 420 est
507 398 514 420 :
540 385 658 428 Quem
678 384 803 431 diligit
822 385 1007 418 Dominus
1021 387 1199 431 corripit,
1209 385 1350 433 flagel-

340 446 396 480 lat
413 453 536 480 autem
566 456 712 479 omnem
721 444 852 490 filium
875 456 985 491 quem
1007 447 1180 490 recipit1.
1202 444 1348 493 Flagel-

340 504 460 540 latum
487 503 599 540 video
621 511 657 540 et
683 502 949 549 emendatum,
981 512 1018 539 et
1041 502 1145 539 aliud
1178 504 1348 553 suspicer

340 577 454 613 quam
476 576 596 600 unum
627 575 708 599 esse
736 575 782 598 ex
806 562 916 599 filiis?
948 566 1069 599 Porro
1098 563 1345 600 correctionis

339 632 475 660 vestrae
486 624 628 660 clarum
641 622 730 659 satis
741 622 888 671 insigne
901 630 1092 667 tenemus,
1104 622 1226 673 ipsam
1243 636 1345 660 nunc.

337 691 603 734 paupertatem
638 689 816 718 vestram.
855 681 1002 719 Nobilis
1041 695 1175 720 revera
1214 683 1345 721 titulus

338 743 595 794 paupertatis,
616 756 729 792 quam
751 743 831 793 ipse
849 746 953 780 Deus
983 757 1048 780 ore
1072 744 1345 782 commendans

338 804 566 854 prophetico
589 818 598 840 ε
620 805 703 852 Ego
723 817 826 848 sum,
846 803 919 849 ait,
943 809 1006 841 vir
1025 807 1160 840 videas
1177 819 1344 853 pauper—

339 873 451 899 tatem
479 877 601 899 meam
622 867 648 899 ².
680 865 804 912 Super
834 875 967 899 omnes
994 864 1118 913 regios
1149 864 1344 902 thesauros

337 924 399 961 hic
420 938 489 961 vos
510 923 641 960 titulus
660 922 837 959 nobilitat
853 923 1035 972 amplius,
1056 932 1094 960 et
1115 923 1240 960 reddit
1259 924 1344 960 illu-

336 992 466 1021 strem.

1415 384 1510 420 citer
1529 393 1680 421 maneat
1705 384 1742 420 in
1765 391 1963 419 aeternum.
1994 383 2130 420 Melior
2151 391 2209 420 est
2228 383 2329 420 enim
2361 383 2423 420 in-

1415 443 1896 495 comparabilite1·justitia,
1913 456 2026 492 quam
2042 444 2222 494 pecunia,
2238 443 2343 493 quod
2358 444 2423 480 illa

1415 504 1509 541 ditet
1528 514 1566 541 et
1592 505 1738 555 repleat
1768 517 1913 549 arcam,
1936 504 2017 540 haec
2043 504 2221 540 animam.
2247 504 2422 554 Denique

1414 564 1629 601 sacerdotes
1647 564 1717 601 Dei
1734 563 1948 600 induuntur
1968 563 2114 612 justitia
2127 591 2137 609 ,
2159 571 2197 599 et
2214 564 2334 600 multo
2351 563 2424 600 uti-

1411 638 1486 674 que
1507 624 1704 661 decentius
1723 633 1760 661 et
1789 624 1925 671 ditius,
1947 638 2062 673 quam
2089 637 2185 661 auro
2203 624 2265 660 vel
2285 624 2420 661 serico.

1466 685 1502 722 4.
1522 685 1594 723 Sed
1614 685 1751 734 gratias
1770 688 1852 722 Deo
1866 713 1874 729 ‚
1899 685 1963 734 qui
1977 684 2056 733 jam
2077 684 2214 721 harum
2234 697 2362 721 rerum
2382 684 2421 720 in

1410 745 1520 782 vobis
1538 746 1667 795 gloriae
1686 745 1914 781 transitoriae
1931 745 2139 794 gloriosum
2158 752 2215 781 est
2239 752 2422 794 operatus

1412 814 1674 856 contemptum
1692 835 1701 851 ,
1721 805 1811 842 dum
1834 805 1880 842 de
1898 805 2034 842 animae
2051 805 2224 855 periculo
2249 803 2422 842 saluber-

1409 866 1549 903 rimum
1570 867 1728 903 incussit
1747 874 1903 903 metum.
1923 869 1954 903 O
1975 866 2071 902 mira
2087 865 2188 902 circa
2207 878 2276 902 vos
2293 864 2423 902 divina

1410 926 1627 963 clementia!
1649 929 1812 963 Mortem
1832 926 2053 971 intentavit,
2071 938 2119 962 ne
2134 925 2293 962 inferret
2312 940 2320 962 :
2340 925 2422 961 for-

1409 985 1554 1022 midare
1566 999 1637 1022 vos
1649 985 1784 1031 voluit,
1795 998 1910 1034 quam
1922 998 1991 1022 vos
2003 986 2126 1022 noluit
2137 986 2315 1035 experiri.
2325 988 2420 1024 Cum

391 1045 426 1082 2.
460 1044 545 1083 Scio
566 1057 626 1080 me
651 1056 696 1080 ex
718 1043 912 1093 Scriptura
933 1056 1251 1080 commemorasse
1279 1057 1342 1080 su-
1359 1051 1388 1084 Β
1407 1045 1481 1082 hoc
1498 1045 1605 1091 fecit,
1628 1045 1720 1095 quid
1745 1044 1889 1091 effecit,
1915 1045 1987 1081 nisi
2010 1058 2057 1081 ne
2084 1054 2211 1082 vestra
2227 1044 2338 1082 vobis
2359 1059 2423 1082 es-

335 1105 464 1155 perius
479 1133 488 1150 ,
509 1117 588 1140 non
611 1117 691 1140 esse
714 1103 948 1140 laudandum
969 1103 1166 1141 hominem
1194 1104 1234 1140 in
1265 1105 1342 1141 vita

336 1177 415 1200 sua.
437 1167 577 1201 Verum
608 1162 806 1213 quomodo
831 1176 891 1199 me
922 1175 1080 1212 possum
1112 1162 1290 1200 cohibere
1322 1176 1343 1200 a

334 1223 447 1261 laude
467 1223 584 1270 illius,
617 1223 682 1273 qui
703 1231 790 1273 post
816 1236 952 1260 aurum
978 1222 1082 1260 abire
1106 1222 1186 1273 jam
1207 1223 1340 1269 desiit,

336 1293 373 1321 et
399 1298 553 1335 sperare
585 1284 814 1334 contempsit
846 1284 885 1320 in
917 1284 1090 1334 pecuniae
1124 1284 1344 1321 thesauris?

335 1349 392 1383 De
413 1346 516 1395 quali
537 1345 717 1381 nimirum
738 1345 821 1381 viro
849 1345 1045 1394 Scriptura
1066 1345 1118 1381 sic
1141 1345 1313 1394 loquitur
1334 1360 1341 1382 :

344 1408 437 1452 Θαίς
463 1414 516 1441 est
541 1406 618 1451 liic,
646 1414 682 1440 et
712 1404 953 1441 laudabimus
979 1408 1094 1441 eum?
1117 1404 1214 1453 fecit
1245 1411 1343 1442 euim

337 1466 528 1503 mirabilia
548 1471 587 1501 iu
608 1471 688 1502 vita
704 1480 771 1501 sua
784 1464 810 1502 3⁴.
833 1470 892 1503 An
914 1466 1072 1502 fortasse
1088 1480 1166 1503 non
1186 1475 1240 1503 est
1260 1468 1346 1516 qui-

337 1526 423 1563 dem
445 1525 657 1562 laudandus
679 1525 796 1562 homo
816 1526 854 1562 iu
878 1526 954 1562 vita
974 1540 1059 1571 sua,
1083 1540 1167 1576 quae
1186 1527 1345 1563 tentatio

338 1595 395 1623 est
423 1600 538 1636 super
568 1594 707 1623 terram
732 1601 739 1622 :
762 1599 832 1622 nec.
852 1586 939 1623 idco
974 1595 1099 1623 tamen
1132 1587 1347 1625 laudandus

338 1659 417 1683 non
438 1655 512 1693 est,
536 1659 622 1682 eum
638 1654 811 1682 mortuus
832 1655 988 1696 peccato
1010 1647 1103 1683 vivit
1119 1649 1226 1684 Deo?
1243 1651 1347 1684 Vana

336 1707 491 1757 quidem
505 1706 586 1743 laus
598 1715 634 1743 et
647 1706 862 1743 seductoria
872 1736 880 1752 ,
893 1719 968 1755 qua
981 1706 1158 1743 laudatur
1169 1716 1348 1757 peccator

336 1767 376 1803 in
397 1766 594 1804 desideriis
613 1767 750 1802 animae
772 1779 848 1803 sure
863 1795 872 1811 ,
895 1767 933 1802 iu
955 1779 1033 1816 quo
1054 1767 1119 1816 qui
1144 1780 1202 1803 me
1225 1766 1346 1804 beati-

1409 1114 1493 1142 sent
1510 1105 1683 1142 chariora
1704 1118 1819 1155 quam
1835 1106 1931 1141 vos?
1949 1108 2053 1142 Inter
2067 1105 2253 1142 medullas
2267 1114 2421 1143 artuum

1410 1165 1525 1203 febris
1545 1175 1656 1203 acuta
1673 1165 1852 1202 saeviebat
1865 1194 1874 1211 ,
1898 1173 1936 1202 et
1954 1165 2128 1202 tardante
2148 1165 2307 1211 sudore,
2330 1179 2421 1203 cru-

1410 1227 1528 1264 ciatus
1545 1226 1753 1263 vehemens
1773 1226 1813 1262 in
1835 1226 1914 1262 dies
1932 1225 2231 1275 ingravescebat.
2248 1228 2422 1276 Cumque

1406 1285 1486 1336 jam
1502 1286 1595 1323 soris
1612 1285 1794 1323 membris
1813 1285 2101 1336 frigescentibus
2117 1286 2221 1322 calor
2234 1286 2423 1323 molestis—

1411 1347 1528 1384 simus
1557 1347 1766 1384 introrsum
1799 1360 1838 1383 se
1859 1346 2064 1396 colligens,
2097 1346 2279 1383 exhausta
2307 1347 2423 1396 longa

1410 1406 1537 1443 inedia
1550 1406 1692 1443 viscera
1708 1406 1941 1456 depasceret,
1955 1406 2105 1456 pallidae
2122 1406 2272 1443 interim
2288 1407 2424 1443 mortis

1412 1476 1498 1504 ante
1530 1468 1663 1504 oeulos
1692 1467 1809 1503 tristis
1840 1465 2065 1503 versabatur
2092 1466 2230 1515 imago.
2261 1469 2308 1503 Et
2335 1479 2422 1503 ecce

1414 1536 1593 1577 tanquam
1621 1527 1668 1564 de
1689 1527 1866 1577 supernis
1886 1540 1963 1563 vox
1984 1527 2121 1563 emissa
2150 1526 2334 1563 divinitus
2363 1526 2424 1562 in-

1413 1588 1606 1633 sonuerit,
1626 1590 1707 1636 Ego
1723 1601 1823 1631 sum,
1847 1601 1913 1635 ego
1933 1599 2013 1622 sum
2033 1591 2100 1634 qui
2119 1588 2246 1631 delen,
2266 1599 2346 1623 non
2365 1595 2422 1631 te,

1414 1648 1479 1685 sed
1508 1653 1727 1697 iniquitates
1759 1654 1890 1693 tuasT3
1915 1659 2003 1683 mox
2027 1645 2093 1683 ubi
2126 1645 2304 1683 sacerdos
2326 1647 2422 1691 Dei,

1413 1717 1456 1746 ut
1489 1722 1638 1759 pauper
1665 1716 1899 1753 moreretur,
1932 1721 1999 1744 sua
2027 1707 2156 1744 onmia
2189 1706 2425 1758 pauperibus

1413 1769 1607 1818 erogavit,
1627 1777 1826 1819 coeperunt
1846 1768 1974 1805 subito
1997 1768 2043 1805 de
2061 1768 2206 1805 intimis
2233 1767 2424 1818 desperati

336 1826 423 1863 ficat
436 1855 445 1872 ,
462 1827 502 1862 in
522 1839 690 1862 errorem
710 1825 856 1862 inducit
874 1840 882 1861 :
905 1826 1064 1863 sednon
1085 1826 1227 1863 idcirco
1247 1840 1349 1877 prae-
1368 1834 1394 1868 C
1407 1828 1487 1878 jam
1506 1829 1656 1866 sudoris
1677 1828 1867 1878 inopinati
1895 1829 2020 1865 sontes
2043 1841 2269 1878 erumpere3
2295 1829 2425 1877 sicque

339 1887 520 1933 dicanda,
558 1896 595 1924 et
628 1888 791 1924 multum
825 1888 1131 1925 commendanda
1161 1902 1240 1925 non
1275 1889 1347 1925 erit

337 1948 439 1985 illius
457 1948 556 1995 vita,
582 1948 646 1997 qui
669 1947 793 1986 dicere
822 1957 969 1998 potest,
995 1950 1084 1984 Vivo
1110 1958 1233 1985 autem
1259 1955 1345 1996 jam

338 2023 413 2045 non
431 2022 520 2058 ego,
544 2013 637 2045 vivit
656 2023 744 2045 vero
766 2014 804 2044 in
828 2023 886 2044 me
909 2010 1073 2045 Christus
1087 2008 1114 2045 ⁴.
1136 2012 1230 2047 Cum
1255 2023 1345 2059 ergo

336 2068 515 2105 laudatur
533 2068 650 2105 homo
672 2068 710 2105 in
731 2082 808 2118 quo
833 2067 911 2117 jam
932 2068 1027 2105 vivit
1046 2082 1125 2105 non
1148 2069 1252 2120 ipse,
1280 2070 1345 2106 sed

338 2129 529 2175 Christus;
564 2129 701 2165 nonin
731 2142 798 2165 sua
818 2128 1014 2174 laudatur,
1047 2129 1174 2165 sedin
1207 2129 1347 2167 Christi

338 2188 414 2224 vita
444 2202 451 2224 :
482 2201 524 2224 ac
549 2201 619 2238 per
639 2189 712 2225 hoc
740 2201 816 2225 non
840 2188 1016 2225 laudatur
1041 2198 1175 2226 contra
1195 2198 1349 2226 senten-

338 2248 447 2294 tiam,
463 2261 548 2297 quae
565 2248 744 2297 prohibet
757 2248 950 2285 hominem
965 2249 1111 2286 laudari
1125 2250 1251 2286 invita
1269 2263 1347 2287 sua.

393 2310 428 2345 3.
465 2311 540 2346 Cur
569 2308 734 2358 denique
770 2309 906 2359 dignus
938 2310 1031 2347 meis
1062 2310 1239 2348 laudibus
1269 2325 1348 2348 non

339 2369 432 2415 erit,
454 2382 568 2418 quem
589 2370 646 2406 sui
670 2384 824 2420 quoque
845 2371 1011 2408 nominis
1034 2374 1137 2408 Deus
1157 2371 1268 2408 laude
1290 2372 1348 2408 di-

339 2437 478 2479 gnatur
491 2458 501 2475 ,
519 2430 668 2467 dicente
687 2431 807 2468 David
829 2447 836 2468 :
857 2434 1012 2480 Pauper
1030 2442 1065 2468 et
1085 2437 1192 2481 inops
1212 2434 1351 2468 lauda-

341 2490 431 2526 bunt
454 2503 588 2526 nomen
617 2500 719 2527 tuum
736 2490 773 2527 5?
799 2492 994 2529 Laudatur
1016 2491 1113 2539 Job,
1146 2492 1250 2542 quod
1282 2506 1349 2529 sua

339 2550 528 2600 patienter
549 2551 673 2588 amisit
697 2566 704 2588 ε
735 2560 773 2588 et
798 2565 875 2589 non
904 2551 1124 2590 laudabitur
1147 2553 1349 2603 episcopus

340 2610 406 2658 qui
425 2619 461 2646 et
480 2609 643 2647 libenter
663 2610 824 2656 dimisit,
847 2620 885 2648 et
903 2611 1110 2648 liberaliter
1130 2611 1348 2649 distribuit?

339 2672 425 2707 Xon
442 2670 673 2719 exspectavit
691 2679 852 2706 mortem
866 2699 875 2715 ,
894 2670 1049 2719 quando
1062 2670 1140 2719 jam
1157 2684 1226 2707 ncc
1244 2670 1348 2716 dare,

342 2742 412 2767 nec
444 2730 608 2766 retinere
637 2730 675 2766 in
705 2743 772 2766 sua
799 2729 957 2766 haberet
988 2738 1176 2780 potestate
1207 2745 1215 2766 2
1245 2729 1350 2779 quod

343 2789 474 2838 utique
495 2789 605 2825 multi
639 2790 803 2834 faciunt,
835 2803 1001 2839 quorum
1027 2790 1202 2827 videlicet
1235 2799 1349 2828 testa·

343 2858 514 2886 mcntum
543 2850 696 2886 nonnisi
725 2851 760 2886 in
789 2851 949 2887 mortuis
974 2852 1254 2889 confirmatur:
1283 2852 1349 2889 sed

343 2909 468 2946 adhuc
486 2909 588 2945 inter
608 2923 714 2959 spem
734 2910 819 2947 vitae
840 2918 1061 2960 metumque
1078 2911 1226 2961 positus
1247 2925 1350 2949 mor—

345 2969 411 3013 tis,
435 2969 567 3005 vivens
587 2968 786 3018 libensque
812 2969 992 3020 dispersit
1015 2979 1052 3007 ct
1079 2970 1182 3007 dedit
1204 2985 1351 3022 paupe—

346 3028 470 3074 ribus,
493 3036 534 3065 ut
548 3028 695 3077 justitia
715 3029 798 3078 ejus
821 3038 991 3066 maneret
1010 3029 1047 3066 in
1069 3031 1247 3067 sceeulum
1276 3044 1348 3068 sae—

346 3086 461 3124 culiss.
494 3088 689 3138 Numquid
718 3097 755 3125 ct
784 3089 947 3138 pecunia
969 3103 1146 3126 mansura
1179 3091 1352 3128 similiter

346 3156 425 3185 erat
445 3148 482 3184 in
508 3149 686 3185 saeculum
709 3150 864 3186 sacculi?
887 3154 989 3187 Bona
1010 3163 1100 3199 erg«)
1124 3164 1348 3202 recompen-

1414 1890 1548 1927 animae
1565 1890 1709 1940 pariter
1723 1898 1761 1926 et
1776 1890 1950 1939 corporis
1967 1902 2036 1926 suo
2052 1888 2188 1926 ordine
2201 1889 2302 1925 salus
2319 1897 2425 1925 utra-

1413 1964 1487 2001 que
1523 1950 1737 2001 procedens
1755 1979 1765 1996 ,
1804 1949 1951 1999 liquido
1982 1949 2210 1986 monstravit
2243 1948 2283 1985 in
2313 1947 2425 1985 vobis

1414 2011 1665 2061 adimpletum
1693 2010 1799 2060 quod
1828 2010 1867 2046 in
1897 2009 2093 2059 Scriptura
2127 2022 2194 2046 sua
2222 2009 2426 2059 pollicetur

1410 2076 1513 2109 Deus
1532 2086 1539 2108 ε
1558 2073 1639 2120 Ego
1660 2073 1844 2115 occidam,
1865 2081 1901 2108 et
1919 2085 1986 2121 ego
2005 2074 2128 2107 vivere
2137 2069 2285 2119 faciam
2294 2085 2309 2115 ,·
2333 2084 2426 2120 per-

1414 2137 1573 2177 cutiam,
1597 2140 1632 2167 et
1654 2145 1720 2181 ego
1737 2131 1907 2176 sanabo,
1931 2140 1965 2167 et
1981 2144 2054 2166 non
2076 2140 2130 2167 est
2151 2135 2218 2180 qui
2241 2132 2288 2166 dc
2307 2145 2424 2167 mauu

1415 2206 1499 2227 mea
1513 2198 1633 2240 possit
1653 2206 1780 2228 eruere
1792 2189 1819 2228 ⁸.
1841 2191 2030 2228 Percussit
2049 2203 2221 2237 carnem,
2237 2199 2280 2228 ut
2299 2191 2424 2228 anima

1417 2261 1615 2289 sanaretur
1636 2268 1644 2290 :
1664 2252 1802 2290 occidit
1815 2253 2010 2289 avaritiam
2023 2281 2033 2299 ‚
2046 2260 2087 2288 ut
2102 2251 2260 2301 justitiae
2275 2252 2426 2289 vivere-

1417 2313 1477 2350 tis.
1497 2314 1555 2351 Sic
1572 2313 1765 2350 vivificato
1783 2321 1820 2350 et
1837 2321 1984 2359 sanato,
2003 2312 2093 2362 quid
2107 2311 2338 2362 sperandum
2354 2321 2424 2359 est,

1416 2372 1488 2409 nisi
1509 2381 1551 2409 ut
1573 2372 1653 2422 jam
1679 2386 1758 2409 non
1779 2373 1826 2410 sit
1846 2372 1911 2423 qui
1930 2385 2000 2409 vos
2018 2372 2064 2409 de
2085 2385 2200 2409 manu
2214 2373 2285 2410 Dei
2304 2373 2426 2422 possit

1416 2434 1578 2469 eruere?
1610 2433 1640 2469 si
1662 2441 1787 2469 tamen
1808 2433 2071 2482 evangelicum
2099 2431 2194 2469 illud
2220 2433 2424 2470 consilium

1417 2492 1622 2529 observare
1639 2506 1717 2529 non
1738 2492 1925 2543 negligitis
1943 2507 1952 2529 ε
1970 2495 2007 2528 E
2011 2506 2073 2529 cce
2086 2506 2200 2529 sanus
2212 2490 2344 2540 sactus
2360 2507 2399 2530 es
2409 2522 2422 2539 ‚

1411 2557 1498 2598 jam
1523 2555 1616 2588 noli·
1623 2566 1806 2601 peccare,
1829 2566 1876 2588 ne
1896 2554 2057 2589 deterius
2078 2554 2228 2602 aliquid
2247 2554 2315 2588 tibi
2336 2566 2426 2588 cou-

1368 2618 1402 2652 D
1416 2617 1536 2662 ti'ngat
1547 2620 1575 2649 9.
1597 2613 1710 2661 Quod
1730 2613 1907 2650 videlicet
1926 2613 2070 2651 idcirco
2096 2620 2311 2664 praemonet
2339 2612 2425 2663 pius

1415 2676 1527 2710 Pater
1542 2702 1551 2719 ,
1573 2674 1660 2723 quia
1681 2686 1758 2709 non
1780 2673 1862 2710 vult
1881 2682 1923 2710 ut
1947 2673 2145 2724 contingat
2164 2687 2172 2710 ε
2192 2672 2338 2723 quippe
2357 2672 2424 2722 qui

1416 2746 1495 2770 non
1513 2734 1594 2770 vult
1615 2742 1778 2770 mortem
1799 2734 2011 2783 peccatoris
2023 2763 2032 2780 ,
2051 2733 2117 2771 sed
2134 2733 2252 2783 magis
2275 2741 2316 2769 ut
2331 2745 2426 2769 con-

1415 2802 1588 2831 vertatur
1604 2803 1641 2831 ct
1658 2794 1774 2831 vivat.
1793 2797 1840 2832 Et
1860 2795 2009 2832 merito.
2038 2798 2132 2844 Quae
2152 2794 2254 2832 enim
2282 2793 2425 2831 utilitas

1415 2854 1455 2891 in
1475 2855 1658 2904 sanguine
1675 2855 1909 2905 peccatoris?
1930 2869 2009 2892 non
2026 2855 2126 2892 enim
2143 2854 2316 2892 infernus
2335 2867 2424 2891 con-

1419 2914 1588 2952 fitebitur
1611 2919 1716 2962 Deo,
1740 2929 1865 2966 neque
1891 2929 1996 2954 mors
2015 2913 2185 2953 laudabit
2213 2927 2301 2952 eum
2327 2929 2336 2951 :
2358 2913 2425 2952 sed

1417 2989 1486 3012 vos
1505 2976 1571 3026 qui
1591 2977 1738 3022 vivitis,
1762 2976 1986 3014 benedicitis
2002 2976 2170 3015 Domino
2183 3003 2193 3021 ,
2215 2983 2253 3012 et
2275 2974 2398 3012 dicitis
2411 3002 2421 3020 ,
2464 2976 2470 2982 “

1418 3037 1504 3072 Nou
1528 3038 1685 3081 moriar,
1716 3039 1785 3073 secl
1802 3042 1927 3074 vivam
1939 3064 1949 3081 ‚
1969 3046 2006 3073 et
2026 3035 2189 3072 narrabo
2213 3048 2327 3083 opera
2348 3037 2425 3071 Do-

1418 3099 1511 3131 mitii
1519 3111 1531 3139 ‚·
1546 3105 1583 3133 et
1598 3096 1688 3134 illud
1702 3127 1711 3143 ‚
1728 3099 1915 3145 Impulsus
1929 3109 2073 3133 eversus
2085 3109 2164 3133 sum
2178 3104 2218 3131 u!
2235 3096 2422 3138 caderem,

1418 3164 1454 3191 cc
1475 3157 1659 3192 Dominus
1674 3162 1838 3205 suscepit
1851 3170 1910 3192 me
1925 3162 1966 3193 ¹⁰.
2422 3153 2424 3155 ¹

396 3291 406 3306 ¹
429 3287 519 3316 Prox'.
539 3297 595 3322 111,
616 3287 653 3317 12
668 3309 674 3322 ,
689 3292 717 3317 et
738 3286 834 3318 Hebr.
856 3299 923 3324 xri,
943 3293 1022 3319 6.-
1036 3294 1047 3310 ²
1063 3287 1180 3320 Thi-en.
1204 3301 1243 3319 ιιι
1257 3314 1263 3325 ,
1286 3293 1362 3320 1.*
1384 3287 1396 3312 3
1413 3290 1507 3322 izi-eli.
1529 3303 1629 3328 xxxi,
1647 3295 1664 3322 8
1680 3317 1686 3328 ,
1702 3297 1733 3324 9.
1753 3311 1797 3315 κ
1816 3291 1828 3318 ’ἱ
1848 3292 1952 3323 Galat.
1975 3302 2021 3328 tt,
2041 3293 2155 3322 20.—
2173 3287 2186 3312 ⁵
2201 3288 2281 3320 Psal-
2298 3299 2422 3326 Lxxnt,

352 3342 405 3370 21.
424 3357 464 3361 —
489 3337 826 3379 ‘⁵Psal.cx1,9.ss7
848 3342 1164 3380 {sai.x1,111‚2:›.—
1185 3342 1570 3378 ⁸l)eut.xxx11.39.--—
1585 3349 1705 3378 ssJnau.
1724 3357 1759 3381 v,
1783 3347 1833 3375 lli.
1855 3363 1896 3368 —
1920 3350 1950 3366 ¹⁰
1970 3344 2051 3376 Psal.
2072 3354 2181 3382 στα-ιι,
2204 3344 2254 3380 17,
2277 3345 2328 3374 13.
