2517 3920
353 194 428 230 815

1123 195 1159 229 S,
1189 193 1445 229 BERNARDI
1474 192 1677 227 ABBATIS

409 281 569 323 scopatu
589 272 627 310 in
651 285 730 310 uno
747 272 883 322 spiritu
907 271 953 309 ad
975 271 1161 308 honorem
1183 271 1253 308 Dei
1272 268 1407 307 con—⁵⁹

2359 176 2448 239 816}

1413 269 1474 306 8et
1494 269 1690 305 conscium
1706 297 1716 315 ,
1739 267 1820 304 aliis
1851 267 2088 317 prae-fecerit,
2118 275 2156 304 et
2181 269 2347 310 Priorem
2363 275 2430 313 do-

407 344 602 386 gregatus,
635 335 792 371 sincerae
824 334 1017 371 eharitatis
1046 332 1300 382 obsequium,
1330 339 1368 367 et
1389 329 1417 362 A
1436 344 1521 368 mus
1544 329 1797 367 constituerit.
1829 328 1977 382 Exinde
2006 343 2120 378 quam
2155 329 2329 370 immanis
2356 335 2431 375 lues

407 395 573 434 debitam
596 409 683 433 cum
706 396 811 432 omni
838 394 1080 444 subjectione
1098 393 1365 430 reverentiam.

413 527 445 563 l.
476 527 741 565 Conlitcantur
767 524 937 561 Domino
963 521 1234 560 misericordiae
1255 520 1337 570 ejus
1354 549 1364 565 ,

356 587 536 637 quoniam
552 599 637 622 cum
650 585 688 621 in
702 585 812 621 initio
823 592 958 620 vestrae
976 582 1171 619 electionis
1185 581 1263 618 sive
1278 594 1367 617 con-

358 647 601 692 secrationis,
626 645 731 682 navis
752 653 889 681 sanctae
915 643 1092 680 Ecclesiae
1121 641 1365 687 universalis,

358 721 443 758 quae
462 707 533 744 soli
557 706 670 743 beato
690 710 803 743 Petro
826 704 1040 754 specialiter
1065 702 1267 739 commissa
1290 709 1365 747 est,

356 777 497 805 certam
512 781 588 804 non
603 765 747 803 habens
762 765 980 808 stationem,
994 762 1184 799 hincinde
1199 762 1367 798 adversis

357 828 538 865 fluctibus
566 834 849 870 concuteretur,
873 833 910 860 et
937 823 1033 859 adeo
1061 822 1367 872 periclitaretur,

357 896 399 924 ut
422 901 501 937 prae
526 885 787 935 magnitudine
813 883 974 933 periculi
1004 883 1239 919 Salvatorem
1262 882 1369 931 quasi

358 948 612 984 dormientem
632 945 921 990 suscitaremus,
944 943 1150 979 clamantes
1170 955 1254 978 cum
1277 940 1370 978 bea—

358 1008 404 1044 tis
438 1006 655 1056 discipulis,
692 1008 874 1049 Domine,
897 1005 997 1038 salva
1030 1016 1117 1045 nos,
1146 1006 1316 1050 perimus
1333 1007 1369 1046 ¹3

1435 404 1587 440 gregem
1620 389 1775 427 Domini
1803 397 2027 439 corrumpat
2056 398 2094 426 et
2120 390 2333 440 interimat,
2366 409 2449 435 nos³

1436 449 1602 486 scribere
1623 448 1921 500 supersedimus.
1944 449 1988 486 Id
2013 449 2114 485 enim
2136 459 2261 488 vestra
2276 444 2449 502 pruden-³

1436 511 1487 547 tia
1511 511 1647 547 melius
1678 510 1797 546 novit.
1835 510 2011 559 Denique
2037 511 2228 559 superbis
2245 514 2350 552 malis
2363 515 2433 554 du-

1435 570 1526 607 dum
1549 570 1759 608 scribentes
1781 570 1884 621 apud
1906 569 2224 620 praedecessorem
2251 582 2432 624 vestrum,

1435 631 1553 668 felicis
1575 631 1769 668 memoriae
1792 644 1931 681 papam
1954 630 2186 678 Adrianum,
2216 633 2434 683 lacrymabi-

1433 691 1506 727 lem
1522 693 1801 741 querimoniam
1819 691 2067 741 exposuimus
2083 705 2090 727 ε
2107 699 2144 727 et
2157 700 2199 728 ut
2212 693 2434 736 lamentabili

1435 752 1556 788 ruinae
1587 752 1759 802 praedicti
1800 751 2022 788 monasterii
2061 751 2174 788 finem
2200 752 2432 804 imponeret,

1436 812 1575 849 devote
1601 813 1867 862 suggessimus.
1893 812 1966 860 Qui
1996 811 2208 862 prudenter
2233 813 2451 870 intelligens¹

1436 873 1523 923 quia
1548 873 1598 910 ita
1617 882 1772 923 oportet
1792 873 1873 910 fieri
1887 902 1896 919 ,
1921 873 2044 910 missis
2063 873 2197 910 litteris
2223 873 2268 910 ad
2286 888 2436 915 venera-

1436 932 1531 969 biles
1559 933 1784 983 episcopos,
1803 933 1968 969 Alanum
1996 933 2387 984 Autissiodorensem,
2402 946 2436 975 et

1436 992 1702 1030 Theobaldum
1731 993 1980 1031 Parisiensem
1993 1023 2002 1040 ,
2024 1003 2258 1045 praeceptum
2277 996 2382 1044 fecit,
2399 1008 2453 1036 ut.

359 1069 504 1105 clam-or
525 1076 656 1103 noster
672 1065 847 1102 introivit
863 1064 900 1099 i‘n
921 1076 1031 1100 aures
1047 1062 1149 1111 ejus,
1168 1063 1234 1112 qui
1253 1063 1372 1099 salvat
1391 1055 1418 1088 Β
1438 1054 1477 1091 in
1506 1055 1711 1104 praesentia
1743 1055 2008 1105 religiosorum
2045 1054 2226 1092 abbatum
2253 1069 2330 1093 rem
2358 1057 2437 1096 dili-

359 1143 378 1166 a
400 1127 711 1179 pusillanimitate
725 1125 881 1176 spiritus
910 1132 948 1160 et
974 1131 1217 1173 tempestate,
1239 1132 1277 1159 et
1296 1132 1374 1160 sta-

362 1190 434 1227 tuit
452 1189 661 1240 procellam
680 1188 717 1224 in
739 1200 869 1224 auram
884 1215 893 1232 ,
912 1193 949 1222 et
963 1184 1123 1221 deduxit
1139 1198 1211 1221 nos
1228 1184 1265 1220 in
1283 1197 1375 1234 por—

362 1262 442 1289 tum
465 1264 578 1301 quem
596 1248 834 1286 volebamus.
856 1245 1089 1284 Volebamus
1107 1254 1232 1282 autem
1244 1275 1252 1291 ,
1271 1253 1308 1282 et
1326 1245 1374 1281 ad

359 1315 432 1351 hoc
453 1312 556 1349 anxii
577 1309 863 1361 suspirabamus
879 1337 888 1353 ,
920 1316 961 1344 ut
976 1306 1056 1356 jam
1082 1320 1160 1343 non
1179 1315 1275 1343 esset
1298 1305 1377 1342 dis-

363 1376 504 1414 cidium
534 1390 541 1411 :
576 1372 641 1410 sed
660 1371 850 1408 exstincto
871 1381 1003 1405 errore
1029 1366 1352 1417 perniciosissimo
1367 1395 1377 1413 ,

365 1439 411 1475 ad
439 1435 683 1475 serviendum
710 1431 901 1476 Domino,
923 1438 960 1466 et
985 1428 1033 1465 ad
1063 1429 1182 1464 solam
1213 1437 1377 1465 vestram

365 1496 642 1536 beatitudinem
659 1490 948 1535 honorandam,
971 1488 1171 1525 cedentem
1192 1488 1323 1538 utique
1339 1488 1378 1524 in

367 1558 544 1597 cathedra
570 1554 759 1604 Principis
787 1551 1083 1602 Apostolorum,
1104 1562 1211 1598 reges
1241 1557 1278 1585 et
1304 1562 1379 1598 po-

366 1621 448 1672 puli
478 1623 816 1667 congregarentur,
843 1621 881 1648 et
906 1610 1160 1648 convenirent
1182 1610 1219 1645 in
1247 1623 1379 1645 imum.

368 1680 558 1730 Quoniam
573 1678 690 1727 igitur
702 1674 781 1725 jam
802 1685 1044 1722 nequaquam
1062 1670 1168 1706 omni
1185 1678 1302 1706 vento
1317 1669 1384 1705 do-

372 1742 503 1779 ctrinae
525 1735 849 1780 circumferimur,
869 1745 938 1769 nec
963 1731 1138 1768 audimus
1163 1730 1383 1766 seductores

373 1804 561 1846 dicentes,
582 1803 679 1836 Ecce
706 1797 790 1842 hic,
815 1802 880 1830 aut
907 1805 995 1829 ecce
1026 1791 1122 1837 illic,
1143 1790 1209 1827 sed
1233 1791 1287 1826 illi
1315 1791 1383 1826 fir-

1440 1123 1574 1164 genter
1593 1114 1852 1162 discuterent,
1877 1124 1915 1153 et
1935 1116 2146 1153 secundum
2165 1116 2270 1166 quod
2293 1116 2453 1168 dignum,

1441 1182 1539 1212 esset
1556 1204 1565 1222 ‚
1611 1176 1822 1225 apostolica
1869 1176 2096 1213 auctoritate
2140 1176 2437 1218 determinarent.

1442 1238 1616 1286 Cumque
1647 1236 1708 1273 die
1736 1238 1896 1287 praefixo
1917 1237 2103 1275 Latiniaci
2122 1237 2285 1288 jussioni
2305 1237 2440 1278 domini

1442 1300 1556 1346 Papae
1576 1297 1699 1347 parati
1716 1306 1842 1335 essent
1859 1297 2128 1348 obtemperare
2142 1313 2152 1345 ;
2166 1299 2228 1335 ille
2243 1312 2318 1335 non
2335 1298 2440 1338 abbas

1445 1357 1631 1394 dicendus
1647 1387 1656 1403 ,
1684 1372 1761 1395 non
1783 1359 1872 1396 satis
1895 1359 2140 1396 conscientiae
2159 1359 2279 1396 fidens
2297 1368 2334 1397 et
2349 1359 2442 1409 judi-

1446 1418 1545 1455 cium
1564 1417 1864 1467 subterfugiens,
1880 1419 2043 1469 protulit
2058 1419 2097 1455 in
2113 1419 2281 1456 medium
2298 1420 2440 1467 litteras,

1446 1478 1638 1515 nescimus
1658 1492 1734 1528 qua
1754 1478 1960 1516 calliditate
1976 1487 2042 1516 aut
2055 1478 2302 1529 subreptione
2321 1493 2442 1518 emen·

1449 1539 1590 1576 dicatas
1602 1569 1611 1586 ,
1626 1540 1665 1576 in
1679 1539 1819 1589 quibus
1839 1541 2066 1577 auctoritate
2084 1540 2229 1578 domini
2244 1554 2348 1592 papae
2358 1554 2444 1592 prae-

1450 1600 1539 1637 dicti
1576 1600 1735 1638 Adriani
1767 1600 1972 1638 videbatur
2002 1601 2265 1648 interminari,
2301 1615 2346 1639 ne
2373 1599 2455 1653 ipse>

1450 1659 1568 1697 abbas
1580 1690 1590 1707 ,
1607 1669 1740 1711 utpote
1764 1661 1864 1698 filius
1886 1663 2064 1700 Ecclesiae
2089 1666 2273 1700 Romanae
2289 1692 2297 1708 ,
2316 1677 2336 1700 a
2354 1663 2455 1713 prae-'

1451 1721 1561 1757 dictis
1577 1722 1768 1772 episcopis
1791 1723 1918 1773 aliqua
1944 1723 2092 1760 ratione
2113 1723 2191 1760 sive
2208 1722 2351 1774 judicio
2367 1723 2455 1761 fati-1

1453 1791 1628 1832 garetur,
1650 1783 1729 1820 sive
1755 1793 1992 1833 gravaretur.
2014 1788 2071 1822 Ita
2088 1785 2283 1835 negotium
2303 1798 2347 1822 ex
2366 1792 2448 1822 tunc

375 1863 550 1901 missimae
586 1864 726 1903 Petrae,
757 1869 873 1906 super
900 1867 1013 1903 quam
1037 1852 1211 1889 Pontifex
1225 1852 1384 1902 pontili-
1410 1847 1437 1883 C
1454 1844 1709 1881 indiscussum
1731 1845 1924 1882 remansit.

375 1938 461 1962 cum
490 1935 596 1959 suam
623 1917 797 1957 fundavit
816 1914 1032 1959 ecclesiam,
1052 1911 1300 1949 immobiliter
1319 1911 1388 1948 ad-

376 1986 564 2022 haeremus
583 1997 591 2018 ε
614 1982 652 2017 in
684 1977 824 2016 nostris
856 1973 1144 2012 necessitatibus
1157 2003 1166 2020 ,
1184 1972 1254 2009 sub
1271 1973 1388 2009 tutela

377 2045 494 2083 vestri
516 2042 752 2093 apostolatus
769 2036 1009 2074 confidenter
1029 2034 1271 2084 confugii-nus
1284 2063 1293 2080 ,
1317 2047 1390 2084 po-

378 2108 560 2146 stulantes
579 2101 788 2146 humiliter,
807 2107 850 2136 ut
871 2098 992 2146 siqua
1012 2104 1100 2132 sunt
1122 2096 1161 2131 in
1182 2094 1298 2131 domo
1319 2095 1388 2131 Dei

377 2167 567 2212 salubria,
607 2162 776 2201 clavibus
804 2159 905 2197 beati
930 2157 1042 2209 ,Petri
1071 2156 1327 2202 confirmeti53
1360 2156 1389 2192 si

377 2244 452 2280 qua
470 2227 583 2265 noxia
597 2255 606 2271 ,
629 2221 832 2273 repellatis.

432 2291 467 2327 2.
492 2293 556 2334 Et,
578 2294 621 2323 ut
634 2285 680 2321 de
696 2282 825 2319 multis
843 2290 1033 2317 taceamus
1046 2308 1055 2325 ,
1073 2291 1194 2315 unum
1216 2286 1272 2314 est
1285 2276 1390 2328 quod

378 2365 448 2390 nos
469 2348 662 2401 praecipue
683 2342 890 2393 discipulos
914 2340 1015 2377 beati
1044 2338 1241 2377 Benedicti
1264 2339 1304 2375 in
1325 2338 1389 2374 illa

376 2414 526 2464 quiete,
548 2421 662 2459 quam
680 2403 751 2442 sub
776 2411 899 2440 vestra
919 2401 1159 2441 Sublimitate
1179 2400 1365 2437 habemus
1379 2429 1389 2446 ,

379 2487 457 2511 non
484 2483 618 2522 parum
640 2464 860 2518 perturbat,
884 2462 1065 2499 videlicet
1090 2460 1195 2511 quod
1222 2460 1391 2498 Latinia-

378 2546 528 2572 censem
546 2529 742 2567 ecclesiam
755 2557 764 2574 ,
783 2526 873 2563 olim
889 2525 927 2561 in
942 2524 1142 2561 sanctitate
1156 2531 1193 2560 et
1206 2523 1391 2572 religione

378 2596 580 2631 'florentem
593 2598 631 2627 et
648 2588 759 2638 copia
775 2599 904 2623 rerum
919 2584 1138 2621 affluentem
1153 2613 1163 2630 ,
1181 2583 1299 2620 modo
1312 2596 1389 2620 non

1508 1905 1544 1942 3.
1581 1907 1811 1956 Propterea,
1847 1906 2077 1945 venerabilis
2105 1911 2230 1954 Pater,
2252 1907 2374 1944 adhuc
2394 1906 2449 1944 vi-

1454 1978 1571 2015 perea
1597 1966 1732 2015 pestis,
1762 1966 1887 2004 adhuc
1912 1976 1955 2004 ut
1984 1981 2122 2005 cancer
2152 1968 2289 2019 serpit3
2310 1967 2449 2004 etfama

1457 2027 1567 2073 mali,
1591 2027 1714 2064 veloci
1732 2027 1943 2065 mobilitate
1962 2029 2113 2079 vigens,
2132 2043 2202 2079 per
2221 2027 2332 2066 urbes
2345 2031 2452 2066 Fran-

1457 2087 1522 2124 ciae
1547 2086 1762 2125 crebrescit.
1792 2090 1982 2137 Quoniam
2002 2090 2118 2140 igitur
2144 2090 2314 2127 videntes
2338 2089 2451 2139 legum

1457 2148 1611 2185 Ordinis
1642 2149 1939 2199 praevaricantes
1965 2163 2129 2187 moerore
2159 2150 2402 2197 tabescimus,
2420 2157 2455 2193 et

1458 2217 1584 2245 tamen
1606 2208 1645 2246 in
1665 2209 1827 2246 alienam
1856 2223 2016 2248 messem
2044 2211 2177 2248 falcem
2206 2211 2352 2248 mittere
2371 2222 2455 2260 pro-¹

1456 2269 1663 2318 hibemur3
1694 2279 1865 2308 vestrum
1895 2280 1952 2308 est
1981 2281 2107 2309 atttem
2138 2271 2314 2310 arborem
2343 2271 2453 2308 infru-

1457 2339 1627 2368 ctuosam
1640 2360 1650 2377 ,
1672 2331 1750 2368 imo
1772 2332 1892 2369 malos
1913 2332 2060 2370 fructus
2081 2333 2279 2370 facientem
2296 2329 2453 2369 succide-

1458 2406 1521 2438 re,
1544 2401 1582 2429 et
1598 2406 1680 2429 eam
1704 2406 1789 2443 quae
1814 2394 1980 2430 fructum
1999 2393 2147 2431 bonum
2170 2395 2264 2431 ferat
2279 2393 2452 2430 inserere:

1457 2466 1662 2503 precamur
1681 2453 1942 2501 exhortantes,
1963 2463 2153 2504 quatenus
2173 2453 2376 2492 secundum
2389 2464 2453 2503 po-

1459 2514 1615 2550 tentiam
1636 2528 1710 2564 qua
1732 2515 2005 2565 praeeminetis,
2026 2524 2064 2553 et
2086 2515 2294 2553 secundum
2314 2513 2453 2564 sapien-

1459 2574 1549 2611 tiam
1578 2588 1653 2624 qua
1678 2575 1850 2625 polletis,
1882 2576 2065 2614 adversus
2084 2577 2345 2614 imminentem
2375 2586 2461 2629 per-¹¹

378 2657 458 2693 sine
478 2649 715 2691 lacrvmabili
736 2659 902 2685 moerore
921 2645 1125 2695 aspicimus
1141 2643 1188 2681 ab
1207 2644 1273 2681 illo
1289 2652 1389 2682 statu
1409 2647 1441 2681 D
1458 2635 1595 2672 niclffll]
1623 2636 1849 2673 sententiam
1880 2637 2084 2687 Pl'Offfl‘fltlS
2097 2667 2107 2684 2
2141 2637 2320 2674 adversus
2351 2646 2453 2686 (luam

380 2715 496 2766 dejici
514 2722 551 2750 et
576 2713 615 2749 in
638 2721 845 2761 pomorum
867 2705 1080 2744 custodiam
1107 2704 1241 2755 redigi.
1264 2708 1393 2742 Homo

380 2777 481 2814 enim
501 2775 565 2825 qui
585 2772 655 2811 sub
682 2771 838 2807 nomine
860 2768 1022 2819 pastoris
1043 2766 1211 2804 ecclesiae
1236 2779 1393 2816 praeno—

382 2838 532 2874 minatae
550 2846 713 2885 praeesse
732 2830 905 2875 videtur,
930 2841 1008 2865 non
1030 2828 1153 2863 solum
1170 2840 1248 2864 non
1269 2826 1393 2876 prod-

380 2911 460 2936 esse
473 2927 482 2943 ,
501 2897 579 2932 imo
600 2892 807 2944 plurimum
824 2888 957 2926 obesse
978 2885 1166 2937 probatur
1183 2901 1190 2922 :
1210 2886 1393 2936 quoniam

381 2958 555 2996 subditos
578 2955 631 2992 ad'
658 2964 833 2990 normam
856 2948 1051 2999 religionis
1077 2961 1156 2984 non
1182 2947 1392 2994 informat,

381 3031 514 3055 verum
537 3015 651 3052 etiam
670 3010 962 3061 ignominiosam
990 3017 1027 3045 et
1049 3008 1231 3044 infamem
1258 3020 1395 3057 gerens

381 3079 522 3122 vitam,
548 3071 814 3112 miserabiliter
846 3069 1098 3114 scandalizat,
1129 3076 1167 3105 et
1198 3081 1327 3104 secum
1357 3067 1396 3104 in

379 3138 637 3189 perditionem
655 3131 881 3184 praecipitat.
902 3134 950 3167 Et
969 3130 1058 3179 quia
1077 3142 1155 3165 non
1176 3128 1312 3178 estqui
1336 3140 1397 3165 re-

379 3201 536 3243 clamet,
560 3197 598 3233 in
621 3203 765 3232 tantam
782 3190 1061 3242 impudentiam
1075 3188 1155 3238 jam
1175 3189 1326 3239 erupit,
1352 3198 1393 3225 ut

381 3259 588 3310 quemdam
608 3269 657 3294 ex
678 3252 858 3291 fratribus
874 3281 883 3297 ‚
916 3251 973 3288 sui
994 3249 1146 3287 sceleris
1167 3249 1394 3300 complicem

434 3387 438 3401 ¹
461 3379 576 3412 Mauh.
602 3389 663 3409 vm
680 3399 688 3415 ‚
706 3380 762 3406 25.

1461 2709 1538 2732 non
1566 2697 1801 2746 przevaleant
1819 2706 1942 2748 portae
1962 2698 2073 2735 inferi
2089 2727 2098 2745 ,
2118 2706 2156 2735 et
2181 2711 2251 2748 per
2279 2709 2388 2747 quam
2407 2707 2453 2732 re-

1460 2757 1600 2807 pressis
1632 2757 1981 2808 blasphemantium
2017 2759 2178 2809 linguis,
2210 2771 2277 2796 ora
2307 2755 2453 2794 laudan-

1462 2817 1558 2854 tium
1581 2832 1723 2855 nomen
1749 2820 1905 2856 Domini
1931 2820 1970 2856 in
1990 2820 2063 2857 hoc
2089 2834 2206 2871 opere
2228 2827 2351 2857 vestro
2373 2829 2453 2868 ape-

1462 2878 1621 2916 riantur.
1637 2880 1781 2926 Valete,
1802 2889 1838 2917 et
1853 2881 1892 2917 in
1911 2880 2243 2919 benedictionibus
2260 2877 2453 2917 dulcedini.-

1461 2938 1659 2976 dexteram
1683 2940 1903 2991 apostolicae
1934 2941 2139 2991 majestatis
2169 2954 2284 2992 super
2313 2951 2381 2977 nos
2398 2950 2453 2975 ex-

1462 2998 1618 3037 tendite.
