2517 3920
311 213 408 250 1043

676 350 853 389 CAPUT
883 351 940 389 II.

305 473 385 515 Quis
412 472 524 505 modus
553 473 587 505 in
611 474 873 517 appellationibus
904 474 944 506 ad
969 473 1080 506 Sedem
1112 473 1315 516 apostolicam

683 528 878 560 adhibendus
892 529 943 560 sit.

359 645 395 681 6.
427 647 478 681 Et
512 644 693 693 quoniam
726 643 861 681 incidit
888 643 934 680 de
967 640 1311 693 appellationibus,

303 704 485 754 prosequi
514 705 750 754 aliquatenus
779 717 856 740 non
882 703 954 740 erit
975 702 1022 739 ab
1047 716 1099 738 re.
1118 705 1254 750 Magno
1271 701 1311 737 in

303 763 362 799 his
387 771 424 800 et
443 764 507 813 pio
527 777 623 813 opus
640 763 779 800 intuitu
796 771 876 809 est3
895 775 943 798 ne
960 761 1064 811 quod
1086 773 1222 810 magna
1243 760 1313 797 fuit

303 824 554 860 necessitatea
587 823 783 873 provisum
801 852 810 868 ‚
838 823 934 859 male
962 820 1105 857 utendo
1129 820 1312 857 reddatur

304 883 452 919 inutile.
470 883 562 920 Mihi
579 883 730 919 videtur
751 891 787 919 et
808 883 844 918 in
862 883 1018 918 multam
1036 894 1147 931 posse
1163 894 1225 918 eas
1244 881 1312 918 de-

303 941 434 977 venire
468 941 697 990 perniciem,
720 940 749 977 si
779 954 856 977 non
877 954 1026 977 summo
1051 939 1314 977 moderamine

308 1001 513 1036 actitentur
530 998 560 1036 b.
582 1001 809 1049 Appellatur
841 999 887 1036 de
914 1008 995 1036 toto
1017 999 1162 1036 mundo
1188 999 1233 1036 ad
1262 1008 1314 1037 te.

1096 217 1131 252 S.
1163 215 1418 251 BERNARDI
1446 213 1647 249 ABBATIS

1322 288 1371 308 ⁴²²⁸
1386 289 1517 325 fomes.
1562 288 1699 336 Iniqua
1732 293 1858 323 autem
1897 286 2024 323 omnis
2072 288 2304 338 appellatio,
2345 292 2392 328 ad

1335 352 1367 386 A
1386 362 1499 397 quam
1532 346 1690 397 justitiae
1720 346 1850 395 inopia
1882 359 1961 382 non
1993 348 2128 396 coegit.
2163 350 2394 398 Appellare,

2295 213 2390 252 1044

1384 421 1462 444 non
1489 416 1532 443 ut
1560 419 1717 456 graves,
1742 406 1806 442 sed
1833 406 1864 443 si
1893 407 2061 456 graveris
2077 435 2086 452 ,
2115 407 2216 444 licet.
2250 411 2395 459 Appel-

1383 467 1540 503 landum
1567 480 1588 503 a
1620 465 1819 503 sententia.
1843 470 1943 503 Ante
1969 467 2197 503 sententiam
2218 468 2395 518 improbe

1383 526 1541 562 omnino
1555 553 1565 571 ,
1599 525 1671 561 nisi
1699 524 1749 561 ob
1780 525 2022 562 manifestum
2043 539 2247 575 gravamen
2264 555 2274 572 ‚
2295 541 2395 577 prae-

1383 585 1548 621 sumitur
1565 584 1784 636 appellatio,
1803 585 1877 633 Qui
1893 585 2009 635 igitur
2030 598 2108 622 non
2127 595 2308 636 gravatus
2327 601 2395 638 ap-

1381 646 1521 694 pellat,
1556 646 1677 695 liquet
1708 645 1796 695 quia
1828 654 1894 682 aut
1921 659 2080 695 gravare
2109 646 2300 693 intendit,
2331 657 2396 686 aut

1379 713 1530 756 tempus
1567 705 1767 742 redimere.
1808 709 1895 743 Non
1931 714 1988 743 est
2022 715 2150 742 autem
2188 707 2394 756 suffugium

1378 766 1583 816 appellatio
1599 795 1609 812 ,
1631 765 1696 803 sed
1712 765 1915 815 refugium.
1935 769 2109 814 Quantos
2130 766 2308 803 novimus
2326 780 2396 817 ap-

1377 827 1537 876 pellasse
1551 827 1734 876 pulsatos,
1749 839 1826 876 quo
1842 826 1995 863 interim
2013 826 2158 872 liceret,
2176 826 2281 876 quod
2294 840 2396 864 nun—

1380 900 1495 936 quam
1519 887 1635 924 licet?
1656 887 1859 924 Nonnullis
1875 887 1987 923 etiam
2004 915 2014 932 ,
2039 886 2169 936 quoad
2188 887 2392 934 vixerunt,

1380 948 1529 985 licuisse
1561 948 1832 998 appellationis
1857 947 2040 997 suffragio
2066 947 2211 984 nefaria
2236 947 2394 995 scimus,

1380 1006 1490 1044 verbi
1518 1008 1658 1056 gratia,
1687 1007 1899 1052 incestum,
1926 1006 2170 1044 adulterium.
2201 1007 2320 1055 Quale
2339 1016 2395 1045 est

302 1058 350 1094 Id
375 1057 528 1107 quidem
558 1059 593 1094 in
619 1058 880 1095 testimonium
906 1059 1105 1108 singularis
1125 1059 1312 1109 primatus
1331 1066 1357 1100 B
1376 1066 1470 1113 hoc,
1500 1065 1727 1116 turpitudini
1757 1065 2014 1116 patrocinari,
2033 1065 2139 1115 quod
2155 1066 2216 1103 vel
2231 1066 2394 1104 maxime

302 1117 369 1153 tui.
398 1121 447 1154 At
473 1126 530 1164 tu,
548 1118 577 1154 si
595 1118 693 1168 sapis
707 1146 716 1163 ,
738 1131 814 1155 non
837 1119 1003 1168 primatu
1021 1118 1222 1168 gaudebis,
1244 1119 1310 1157 sed

303 1177 442 1214 fructu.
461 1178 654 1227 Apostolis
676 1178 819 1215 dictum
836 1187 892 1215 est
909 1194 916 1216 :
936 1182 980 1215 In
1001 1181 1069 1215 hoc
1087 1183 1204 1216 nolite
1218 1194 1314 1229 gau-

305 1239 404 1282 dere,
428 1240 531 1285 quod
546 1242 702 1286 spiritus
720 1238 1083 1284 subjiciuntnrvobis
1095 1240 1314 1290 ¹.Appella-

305 1305 367 1333 tur
397 1297 445 1333 ad
474 1305 532 1344 te,
555 1306 598 1334 ut
624 1297 730 1335 dixi:
754 1306 791 1334 et
817 1298 962 1335 utinam
992 1307 1068 1335 tam
1097 1300 1310 1347 fructuose,

297 1369 411 1406 quam
426 1358 648 1395 necessarie.
666 1359 823 1396 Utinam
841 1373 925 1396 cum
943 1373 1149 1409 oppressus
1161 1361 1311 1407 clamat,

296 1417 433 1453 sentiat
451 1431 671 1468 oppressor,
687 1427 725 1455 et
741 1432 819 1455 non
838 1419 1037 1469 superbiat
1052 1421 1192 1471 impius
1209 1421 1312 1458 unde

297 1478 515 1515 incenditur
543 1493 702 1530 pauper.
734 1480 834 1529 Quid
865 1489 940 1517 tam
966 1481 1172 1528 decorum,
1200 1491 1242 1519 ut
1264 1482 1312 1519 ad

298 1538 580 1575 invocationem
613 1540 667 1576 tui
693 1540 859 1577 nominis
890 1542 1066 1591 oppressi
1101 1542 1311 1592 effugiant,

296 1599 440 1635 versuti
475 1613 553 1636 non
586 1600 834 1650 refugiantc?
867 1602 967 1649 Quid
995 1616 1015 1639 e
1047 1603 1202 1652 regione
1237 1612 1311 1640 tam

297 1670 545 1707 perversum,
576 1668 653 1696 tam
686 1661 779 1697 recti
804 1662 992 1708 alienum,
1015 1671 1057 1699 ut
1078 1664 1227 1700 laetetur
1247 1665 1310 1714 qui

296 1719 437 1755 malum
470 1720 581 1766 fecit3
613 1729 649 1757 et
680 1721 746 1770 qui
776 1722 881 1768 tulit,
914 1723 1079 1760 inaniter
1111 1724 1315 1773 fatigetur?

296 1778 616 1815 Inhumanissime
651 1793 730 1816 non
770 1782 937 1817 moveris
975 1795 1063 1831 erga
1094 1783 1311 1828 hominem,

1378 1125 1576 1163 formidari
1619 1139 1641 1162 a
1677 1125 1856 1175 turpibus
1901 1125 2133 1176 oportebat?
2178 1129 2392 1176 Quousque

1380 1200 1554 1223 murmur
1586 1186 1778 1223 universae
1821 1194 1932 1223 terrae
1973 1193 2037 1222 aut
2069 1185 2303 1232 dissimulas,
2331 1195 2396 1223 aut

1380 1259 1458 1282 non
1486 1245 1681 1283 advertis?
1708 1249 1918 1295 Quousque
1950 1245 2159 1282 dormitas?
2188 1259 2390 1296 quousque

1380 1318 1459 1342 non
1484 1306 1638 1355 evigilat
1662 1305 1919 1342 consideratio
1943 1314 2008 1342 tua
2028 1305 2077 1342 ad
2097 1313 2240 1342 tantam
2260 1306 2394 1355 appel-

1379 1365 1568 1402 lationum
1595 1365 1861 1402 confusionem
1887 1372 2003 1414 atque
2030 1363 2282 1401 abusionem?
2298 1369 2396 1402 Prae-

1380 1434 1437 1462 ter
1452 1425 1517 1475 jus
1537 1434 1575 1462 et
1596 1426 1670 1471 fas,
1694 1433 1836 1476 praeter
1857 1438 2004 1462 morem
2034 1433 2072 1462 et
2091 1424 2266 1462 ordinem
2287 1426 2393 1463 fiunt.

1378 1490 1464 1524 Non
1485 1487 1607 1533 locus,
1628 1499 1707 1523 non
1724 1485 1876 1532 modus,
1896 1499 1975 1523 non
1992 1494 2162 1536 tempus,
2183 1498 2262 1522 non
2283 1499 2394 1524 causa

1381 1546 1630 1594 discernitur,
1651 1555 1716 1584 aut
1740 1560 1918 1597 persona.
1943 1550 2234 1583 Praesumuntur
2260 1546 2395 1584 leviter

1380 1608 1544 1658 passim,
1571 1608 1801 1658 plerumque
1830 1616 1867 1644 et
1895 1607 2085 1657 nequiter.
2103 1607 2286 1645 Volentes
2311 1620 2394 1644 ma-

1380 1668 1538 1718 lignari,
1574 1681 1704 1704 nonne
1752 1668 1810 1704 his
1843 1668 2085 1717 potissimum
2122 1667 2257 1705 terreri
2295 1668 2395 1705 sole-

1381 1728 1503 1765 bant?
1541 1732 1650 1766 Nune
1684 1729 1823 1765 terrori
1858 1728 1931 1778 ipsi
1965 1741 2013 1765 ex
2041 1728 2098 1765 his
2126 1728 2243 1778 magis
2275 1729 2394 1775 fiunt,

1381 1797 1494 1838 atque
1511 1788 1549 1825 id
1567 1787 1689 1825 bonis.
1712 1788 1940 1826 Antidotum
1958 1801 2113 1826 versum
2132 1788 2172 1825 in
2187 1801 2392 1825 venenum.

297 1838 357 1874 cui
377 1838 490 1875 illatae
512 1838 663 1888 injuriae
685 1841 928 1878 cumulavere
950 1841 1122 1879 dolorem
1144 1852 1177 1879 et
1201 1843 1310 1881 labor
1328 1852 1354 1887 C
1376 1853 1462 1887 Non
1480 1849 1641 1885 mutatio
1657 1848 1826 1886 dexterae
1846 1849 1997 1885 Excelsi
2016 1848 2110 1885 haec.

295 1898 461 1945 itineris,
485 1907 523 1936 et
559 1900 698 1936 damna
718 1914 972 1950 expensarum
995 1917 1003 1939 :
1025 1903 1090 1939 sed
1112 1904 1309 1940 nihilomi-

298 1971 369 1994 nus
389 1958 630 2007 ignavissime
650 1960 688 1996 in
706 1961 813 1997 illum
832 1975 909 1998 non
928 1964 1093 1999 moveris
1108 1992 1117 2009 ,
1135 1965 1200 2013 qui
1223 1964 1311 2002 huic

301 2026 358 2054 tot
379 2020 636 2057 calamitatum
664 2021 802 2070 partim
820 2031 955 2059 auctor
970 2052 980 2069 ,
1006 2024 1146 2073 partim
1168 2026 1311 2061 exstitit

296 2091 420 2115 causa.
440 2080 731 2130 Evigila,homo
748 2083 831 2128 Dei,
851 2096 935 2119 cum
953 2083 1032 2119 haec
1050 2084 1278 2133 contingunt
1300 2101 1308 2122 τ

296 2148 495 2176 moveatur
512 2141 717 2186 miseratio,
733 2151 933 2178 moveatur
950 2150 986 2178 et
998 2142 1210 2192 indignatio
1233 2153 1307 2181 tua.

292 2199 460 2236 Alteram
479 2200 567 2237 laeso
585 2201 761 2247 ,alteram
778 2201 929 2238 laedenti
944 2201 1311 2241 debes.Consoletur

295 2259 358 2295 ille
381 2259 608 2298 damnorum
636 2263 819 2299 resarcitu
853 2276 1032 2309 suorum,
1054 2264 1311 2302 satisfactione

293 2317 536 2367 injuriarum,
552 2322 624 2358 line
643 2322 920 2358 calumniarum
941 2338 948 2359 :
969 2336 1054 2359 cum
1071 2324 1143 2360 isto
1158 2325 1210 2361 ita
1228 2338 1313 2375 aga-

297 2387 371 2423 tur,
392 2388 434 2416 ut
454 2381 638 2430 poeniteat
656 2382 786 2419 fecisse
804 2382 909 2432 quod
931 2396 1009 2419 non
1027 2384 1153 2421 timuit
1172 2386 1308 2432 facere,

296 2446 334 2474 et
350 2451 429 2475 non
452 2439 498 2476 de
516 2441 640 2490 poenis
660 2441 875 2478 innocentis
893 2442 1026 2480 rideat.

348 2501 381 2536 7.
412 2499 589 2537 Arbitror
608 2501 710 2538 idem
731 2501 871 2539 debere
892 2503 971 2552 pati
991 2503 1119 2551 illum,
1137 2505 1204 2554 qui
1223 2505 1304 2542 sine

295 2572 406 2596 causa
431 2561 528 2597 forte
553 2562 774 2611 appellavit.
791 2564 1010 2600 Formulam
1033 2564 1130 2601 hanc
1146 2564 1305 2613 justitiae

1432 1909 1466 1945 8.
1497 1908 1754 1958 Appellantur
1776 1906 1870 1944 boni
1896 1920 1917 1944 a
1943 1907 2075 1954 malis,
2094 1915 2138 1944 ut
2158 1920 2236 1944 non
2256 1907 2394 1945 faciant

1377 1968 1479 2005 bona
1499 1984 1507 2005 :
1531 1977 1568 2004 et
1585 1967 1835 2018 supersedent
1855 1981 1877 2005 a
1900 1980 1996 2005 voce
2015 1967 2174 2004 tonitrui
2192 1967 2245 2004 tui
2266 1968 2394 2004 formi-

1378 2028 1522 2065 dantes.
1550 2028 1727 2077 Denique
1755 2028 1999 2078 appellantur
2024 2028 2218 2078 episcopi,
2244 2041 2292 2065 ne
2320 2028 2394 2064 illi-

1378 2089 1450 2124 cita
1483 2087 1651 2125 audeant
1688 2088 1934 2124 matrimonia
1968 2088 2117 2125 solvere
2156 2088 2218 2126 vel
2256 2087 2393 2138 prohi-

1376 2147 1481 2184 bere,
1516 2147 1772 2197 Appellantur
1805 2160 1853 2184 ne
1887 2147 2065 2197 rapinas,
2102 2160 2150 2184 ne
2185 2147 2311 2194 furta,
2343 2159 2392 2183 ne

1378 2208 1594 2256 sacrilegia,
1617 2215 1654 2243 et
1680 2221 1765 2256 quae
1791 2206 1980 2256 ejusmodi
2006 2216 2114 2254 sunt,
2136 2207 2276 2257 punire
2295 2207 2392 2243 ulla-

1380 2276 1490 2304 tenus
1525 2268 1586 2304 vel
1618 2266 1797 2304 cohibere
1830 2276 2079 2317 praesumant.
2111 2268 2390 2318 Appellantur,

1379 2340 1427 2364 ne
1453 2327 1628 2377 indignas
1659 2336 1696 2363 et
1722 2327 1882 2364 infames
1907 2340 2092 2377 personas
2117 2341 2138 2364 a
2162 2328 2277 2364 sacris
2304 2327 2391 2364 offi-

1379 2388 1444 2425 ciis
1468 2387 1710 2425 beneficiisve
1737 2388 1924 2438 repellere
1944 2400 2011 2424 seu
2036 2400 2216 2425 amovere
2235 2396 2389 2438 queant.

1379 2447 1494 2496 Quod
1530 2456 1572 2484 tu
1607 2447 1757 2484 invenis
1794 2448 2007 2486 remedium
2034 2447 2173 2485 morbo
2202 2448 2316 2494 huic,
2343 2460 2402 2484 ne·

1375 2508 1481 2557 quod
1507 2515 1705 2558 repertum
1737 2507 1784 2544 ad
1813 2508 2027 2544 remedium
2054 2507 2148 2551 fuit,
2177 2507 2390 2558 reperiatur

1373 2568 1420 2605 ad
1440 2569 1630 2604 mortem?
1655 2568 1806 2605 Zelatus
1830 2576 1887 2605 est
1904 2568 2094 2605 Dominus
2121 2567 2280 2604 domum
2300 2580 2390 2604 ora-

292 2620 454 2669 praefigit
487 2621 556 2658 tibi
594 2630 631 2659 et
660 2623 798 2660 divinae
836 2624 1162 2662 incommutabilis
1202 2627 1299 2663 ratio
1319 2633 1353 2667 D
1374 2628 1487 2665 tionis
1527 2628 1664 2664 factam
1701 2628 1924 2678 speluncam
1952 2628 2173 2665 latronum²
2203 2643 2212 2665 2
2240 2636 2282 2665 tu
2309 2626 2390 2678 ejus

295 2681 503 2728 aequitatis,
541 2691 596 2729 et,
641 2684 680 2720 ni
715 2685 848 2730 fallor,
881 2685 966 2735 ipsa
997 2686 1301 2735 appellationum

291 2738 373 2786 lex,
404 2750 447 2777 ut
472 2742 600 2780 illicite
630 2753 813 2794 usurpata
845 2746 1052 2795 appellatio
1087 2759 1155 2783 nec
1181 2747 1303 2796 prosit

289 2801 520 2848 appellanti,
547 2816 617 2840 nec
652 2806 843 2854 appellato
877 2805 990 2842 obsit.
1019 2806 1167 2855 thuid
1198 2807 1301 2844 enim

290 2858 428 2896 frustra
450 2862 624 2910 fatigatus
647 2866 694 2900 sit
714 2865 853 2902 homo?
870 2870 992 2914 Quam
1016 2867 1172 2916 plenum
1193 2865 1301 2916 justi-

288 2918 372 2962 tiae,
407 2928 449 2956 ut
476 2934 554 2958 sese
581 2925 709 2972 potius
733 2926 894 2971 laeserit,
924 2927 991 2976 qui
1016 2927 1136 2964 voluit
1165 2927 1301 2977 proxi-

288 2979 450 3016 mum*?
485 2984 703 3030 Appellasse
736 2986 886 3035 inique,
912 2988 1087 3037 iniquum
1114 2996 1199 3024 est:
1228 2988 1302 3024 ini-

288 3051 364 3086 que
419 3047 456 3075 et
499 3040 681 3090 impune,
732 3044 949 3094 iniquarum
998 3048 1301 3098 appellationum

347 3187 355 3201 ¹
374 3185 447 3213 Luc.
466 3194 507 3220 Χ,
529 3186 583 3214 20.
603 3202 646 3206 -
665 3189 676 3205 ²
692 3186 807 3218 Mauh.
825 3200 904 3226 xxx.
927 3194 979 3222 13.

1370 2688 1543 2724 minister
1561 2687 1778 2724 dissimulas
1797 2688 2024 2725 miserorum
2042 2688 2232 2738 refugium
2259 2687 2388 2724 datum

1368 2761 1473 2784 arma
1498 2747 1722 2796 iniquitati?
1749 2747 1886 2785 Videas
1911 2748 2068 2798 praeripi
2095 2748 2236 2798 passim
2264 2755 2389 2798 partes

1369 2821 1666 2858 oppressorum,
1696 2816 1734 2845 et
1760 2822 2015 2860 prorumpere
2043 2809 2091 2846 ad
2116 2808 2388 2860 appellandum

1368 2882 1448 2905 non
1484 2877 1560 2905 tam
1606 2877 1810 2918 gravatos,
1850 2883 1964 2919 quam
2011 2883 2170 2919 gravare
2204 2870 2386 2907 volentes.

1367 2928 1468 2977 Quid
1500 2929 1573 2965 hoc
1609 2930 1816 2978 mysterii?
1855 2934 1978 2967 Tuum
2019 2938 2076 2967 est
2111 2929 2385 2974 considerare,

1368 3002 1446 3025 non
1487 3002 1615 3026 meum
1651 2990 1904 3026 commentari
1943 2989 2059 3027 istud.
2103 2993 2151 3027 Et
2188 3003 2287 3035 cur,
2328 2989 2387 3025 in—

1368 3049 1474 3099 quis,
1516 3049 1614 3086 male
1647 3049 1830 3099 appellati
1863 3063 1942 3087 non
1970 3049 2154 3096 veniunt,
2187 3047 2384 3087 ostensuri

337 3246 350 3261 ‘¹
367 3240 471 3279 Alias,
495 3241 640 3274 “sllilslle-
664 3263 706 3267 —
721 3237 736 3260 b
751 3248 797 3276 De
815 3248 1058 3289 appellationum
1081 3262 1136 3282 usu
1151 3253 1340 3286 conserenda
1354 3256 1485 3297 epistola
1504 3258 1566 3287 178
1589 3261 1617 3286 et
1633 3262 1713 3286 notae
1727 3255 1766 3286 ad
1787 3266 1854 3287 cam
1872 3280 1878 3290 ,
1897 3256 1970 3287 item
1989 3255 2164 3287 Hildeberti
2186 3253 2314 3297 epistola
2329 3255 2385 3284 82.

341 3298 354 3313 ς
368 3292 405 3324 Id
422 3299 548 3326 estnon
566 3295 763 3338 confugiant,
791 3305 823 3330 ut
850 3306 934 3331 tomo
960 3306 990 3339 ,3,
1015 3303 1045 3333 in
1066 3314 1207 3337 sermone
1230 3311 1241 3338 l
1264 3307 1409 3339 Guerrici
1428 3308 1466 3339 de
1494 3309 1715 3352 Assumptione
1731 3334 1738 3347 ‚
1767 3321 1799 3341 n.
1826 3314 1834 3341 1
1854 3334 1861 3348 ‚
1890 3317 1920 3342 et
1941 3310 2014 3342 alibi
2038 3310 2121 3353 apud
2145 3309 2262 3352 probos
2282 3312 2384 3340 auclo-

304 3356 361 3377 res.
383 3346 462 3378 Inde
478 3348 644 3391 refugium.
