2533 3920
372 213 392 246 ἶ)
401 214 419 247 S
426 211 448 247 3

1143 217 1178 251 S.
1210 214 1462 250 BER-NARDI
1492 212 1696 248 ABBATIS

2379 213 2450 251 584
2497 197 2499 256 ἒ

369 302 452 324 sum
477 289 567 336 filii,
586 304 698 340 quam
725 291 855 329 matris
883 289 1061 340 injuriam
1087 306 1094 328 :
1116 291 1220 341 quod
1247 290 1433 328 tamen³²⁸⁵
1447 298 1550 326 ctum
1584 296 1711 325 autem
1743 299 1812 336 per
1842 293 1994 322 nostros
2024 298 2102 322 non
2136 298 2234 335 nego
2256 316 2266 333 ,
2297 290 2451 328 consilio

370 357 407 385 et
438 349 562 399 ipsum
595 352 812 389 excusabile
848 361 903 389 est
933 353 971 388 in
1004 352 1247 390 adolescente
1284 353 1374 389 filio.
1398 357 1425 390 A
1448 358 1573 386 tamen
1596 348 1807 385 multorum
1834 346 2116 395 Religiosorum
2135 375 2144 393 ‚
2172 346 2340 398 episcopi
2360 363 2452 387 con-

369 413 514 461 Nempe
536 411 921 462 delictajuventutis,
942 413 1045 462 ipsa,
1061 426 1146 463 quae
1167 413 1377 460 commisit,

369 479 524 507 excusat
552 481 641 509 aetas
663 473 884 523 proclivior.
903 478 962 510 An
988 474 1139 510 nescitis
1159 474 1248 522 quia
1264 473 1379 523 proni

368 539 456 566 sunt
476 544 607 569 sensus
627 533 793 570 hominis
810 563 819 580 ‚
843 542 880 570 et
899 534 1149 583 cogitationes
1172 534 1209 570 in
1236 534 1379 570 malum

370 589 417 626 ab
438 591 693 630 adolescentia
710 595 744 630 ¹?
765 594 1044 632 Confidendum
1066 603 1254 630 mutatum
1276 594 1323 630 iri
1340 594 1380 630 in

369 651 522 697 melius,
540 654 660 702 patris
679 654 823 691 meritis
839 663 876 691 et
892 654 1145 703 eleemosynis
1157 660 1183 690 ³.
1203 658 1381 704 Propter-

369 723 412 745 ea
432 710 685 749 insistendum
703 714 822 763 magis
835 742 844 759 ‚
870 715 1063 763 magisque
1080 715 1180 751 votis
1201 723 1236 751 et
1253 714 1381 764 preci-

369 770 441 805 bus
459 769 506 806 ad
526 774 647 809 Deum
666 787 738 823 pro
755 787 800 810 eo
820 789 827 810 ε
847 774 937 823 quia
957 775 1024 810 etsi
1044 774 1105 810 ille
1123 775 1248 810 minus
1264 774 1382 810 inter-

370 828 481 876 dum,
505 844 620 880 quam
638 832 791 879 debuit,
810 847 848 870 se
868 834 1019 870 filialem
1040 833 1239 880 exhibuit3
1262 842 1382 870 mater

372 896 498 925 tamen
525 903 597 939 pro
627 892 703 928 suis
728 892 937 928 visceribus
964 901 1181 930 maternum
1206 893 1381 931 deserere

371 960 449 984 non
475 948 610 995 debet,
640 951 704 987 sed
730 965 800 988 nec
826 953 927 988 valet
959 953 1150 989 affectum.
1186 956 1385 1002 Numquid

367 1016 490 1055 potest
513 1019 635 1045 mater
659 1011 826 1047 oblivisci
836 1013 917 1058 filii
938 1017 1032 1048 uter-i
1059 1015 1146 1048 sui?
1166 1015 1217 1048 Ec
1233 1018 1265 1049 si
1287 1016 1353 1049 illa
1367 1044 1378 1060 ‚

1447 409 1618 446 niventia
1642 417 1679 444 et
1700 420 1878 452 assensu,
1909 405 2050 442 nobilis
2080 419 2235 456 quoque
2267 406 2450 457 dominae,

1446 482 1531 518 quae
1549 468 1675 504 locum
1695 467 1802 503 illum
1822 466 1859 502 in
1876 466 2033 516 propria
2060 465 2300 515 possessione
2324 467 2453 507 funda-

1447 530 1502 565 vit
1519 558 1528 574 ‚
1548 528 1734 579 petitione
1756 535 1793 563 et
1813 526 2012 562 voluntate
2026 554 2035 571 ‚
2059 525 2233 575 publice,
2252 535 2294 563 ut
2309 530 2454 579 accepi-

1448 603 1544 636 mus,
1558 598 1594 626 et
1608 589 1699 625 nihil
1715 588 1754 624 in
1772 586 1998 624 abscondito
2015 587 2166 623 factum.
2181 586 2455 628 Existimabam

1447 658 1573 687 autem
1593 663 1631 686 se
1650 648 1768 685 libere
1786 661 1898 698 posse
1915 647 2108 697 suscipere
2125 647 2268 693 locum,
2289 660 2400 697 quem
2416 650 2454 688 in

1447 711 1517 748 Dei
1534 710 1707 747 libertate
1722 738 1730 755 ‚
1749 717 1787 745 et
1801 709 1881 745 sine
1895 707 2051 744 alterius
2068 707 2235 743 ccclesiae
2253 706 2456 757 subjectio-
2492 743 2493 746 ,

1449 785 1496 808 ne
1525 771 1724 807 fundatum
1741 799 1750 815 ,
1773 770 1966 820 ipsaquae
1994 767 2222 804 fundaverat
2247 768 2454 820 asserebat;

1449 840 1485 868 et
1518 831 1715 881 privilegia
1729 860 1738 876 ,
1770 839 1812 867 ut
1850 830 1982 875 aiunt,
2013 841 2094 880 prae
2128 827 2304 865 manibus
2337 839 2454 870 erant.

1449 894 1638 928 Caeterum
1666 891 1755 940 quia
1783 893 2122 928 Carraccetenses⁰
2157 889 2293 925 fratres
2324 888 2455 930 factam
2490 918 2491 922 ,

1449 951 1517 988 sibi
1536 952 1574 987 in
1592 951 1665 987 hoc
1680 950 1874 1000 injuriam,
1891 959 1934 986 ut
1954 949 2117 987 scribitis
2130 979 2139 996 ‚
2156 959 2455 1000 conqueruntur,

1451 1025 1521 1048 nec
1542 1011 1742 1048 audientes
1767 1011 2010 1048 Salomonem
2025 1039 2034 1056 ,
2052 1010 2118 1060 qui
2138 1010 2211 1057 ait,
2229 1011 2316 1046 Noli
2328 1012 2456 1059 prohi-
2488 1042 2489 1046 ,

370 1068 518 1117 inquit,
543 1069 659 1107 oblita
676 1070 816 1118 fuerit,
843 1087 909 1122 ego
934 1083 1061 1109 tamen
1085 1087 1158 1109 non
1186 1074 1384 1110 obliviscar
1400 1073 1427 1106 B
1450 1071 1534 1108 bere
1553 1085 1635 1107 eum
1658 1076 1724 1120 qui
1747 1070 1839 1107 bene
1861 1074 1943 1107 vale
1953 1067 2104 1118 facere;
2118 1073 2152 1105 si
2171 1079 2294 1119 potes,
2322 1080 2358 1107 et
2381 1076 2456 1121 ipse
2487 1062 2490 1097 Ῐ

372 1132 424 1162 tui
437 1133 462 1163 ².
486 1131 647 1167 Oremus
677 1140 715 1168 et
742 1133 939 1182 ploremus
969 1147 1098 1170 coram
1128 1135 1317 1181 Domino,
1340 1144 1383 1172 ut

371 1191 475 1225 Deus
493 1197 606 1227 tantae
619 1192 758 1229 indolis
771 1192 955 1242 juvenem
969 1224 978 1240 ‚
994 1194 1196 1245 probitatis
1211 1205 1383 1246 paternae

373 1248 603 1287 imitatorem
636 1252 768 1303 (quod
800 1268 877 1292 non
912 1255 1151 1307 diffidimus)
1178 1270 1245 1294 sua
1275 1258 1386 1295 saciat

373 1309 526 1358 pietate.
551 1314 751 1362 Agendum
776 1329 861 1351 cum
887 1329 933 1352 eo
961 1316 999 1352 in
1028 1317 1163 1367 spiritu
1191 1318 1381 1366 lenitatis,

373 1367 601 1421 blandisque
621 1372 814 1424 obsequiis
839 1390 846 1412 ε
869 1376 958 1425 quia
979 1376 1031 1413 sic
1051 1377 1186 1413 melius
1206 1377 1253 1414 ad
1282 1377 1385 1416 bona

375 1442 493 1479 opera
520 1434 809 1482 provocabitur,
838 1450 952 1485 quam
978 1437 1009 1473 si
1036 1437 1314 1476 irritationibus
1348 1448 1385 1476 et

375 1490 703 1542 increpationibus
731 1505 991 1546 exasperetur.
1022 1500 1078 1534 Ita
1115 1511 1203 1534 sane
1230 1498 1276 1535 de
1303 1499 1384 1548 ejus

373 1550 447 1587 cita
477 1552 640 1603 laetaque
663 1557 874 1593 mutatione
890 1571 1002 1607 posse
1023 1558 1204 1595 laetificari
1226 1560 1386 1596 confidi-

375 1623 458 1647 mus
482 1626 548 1649 cor
573 1624 743 1652 vestrum
771 1626 808 1653 et
837 1626 1010 1654 nostrum
1037 1618 1220 1668 pariter*.
1242 1620 1384 1667 Quidni

373 1684 442 1720 ego
464 1674 550 1710 totis
567 1677 717 1726 cupiam
733 1678 943 1715 visceribus
959 1679 1130 1728 quotidie
1148 1693 1186 1716 se
1199 1680 1283 1730 ipso
1302 1682 1382 1718 fieri

373 1733 569 1771 meliorem
589 1739 603 1772 P
626 1738 779 1774 [tinam
795 1739 943 1788 qualem
959 1740 1089 1776 inveni
1112 1740 1151 1776 in
1174 1754 1246 1786 nie,
1267 1742 1379 1779 talem

371 1803 523 1843 semper
540 1796 578 1832 in
599 1810 733 1834 omnes
754 1798 959 1836 inveniam.
978 1799 1079 1847 Quid
1105 1800 1206 1836 enim
1222 1830 1230 1845 ‚
1253 1815 1378 1851 quan—

1451 1131 1543 1167 heae
1553 1129 1652 1179 sac3
1670 1145 1679 1176 ;
1695 1130 1807 1167 nobis
1834 1130 1872 1167 in
1903 1138 1979 1167 tam
2005 1138 2136 1167 sancto
2160 1143 2278 1180 opere
2305 1139 2456 1170 contra-

1451 1191 1586 1228 dicunt
1619 1207 1626 1229 :
1658 1200 1697 1229 et
1724 1191 1908 1241 quoniam
1941 1204 2074 1228 servos
2097 1191 2169 1228 Dei
2197 1204 2276 1228 non
2308 1200 2457 1242 oportet
2485 1180 2488 1188 .

1452 1253 1600 1302 litigare
1614 1251 1628 1278 4
1646 1267 1656 1299 3
1678 1252 1829 1289 consilii
1851 1251 1962 1289 nobis
1984 1252 2054 1288 fuit
2072 1251 2119 1288 ad
2142 1260 2314 1289 vestrum
2341 1253 2458 1303 potis-

1453 1313 1591 1350 simum
1616 1313 1818 1350 consilium
1840 1326 1993 1349 causam
2023 1312 2241 1359 remittere,
2267 1321 2309 1350 ut
2335 1321 2456 1352 vestra

1451 1374 1677 1411 auctoritate
1694 1382 1731 1410 et
1748 1386 1867 1424 opera
1883 1373 2008 1410 omnis
2024 1373 2154 1423 inepta
2179 1381 2217 1410 et
2239 1372 2379 1422 injusta
2392 1402 2402 1421 ‚
2417 1382 2457 1412 ut

1451 1434 1558 1471 aiunt
1576 1463 1585 1479 ‚
1609 1434 1798 1471 calumnia
1815 1434 2060 1483 conquiescat
2076 1448 2086 1480 ;
2104 1441 2142 1470 et
2161 1433 2269 1472 Ordo
2290 1434 2329 1470 in
2346 1433 2456 1472 domo

1450 1495 1520 1532 Dei
1538 1503 1726 1545 receptus,
1745 1494 1792 1531 ad
1806 1493 1889 1543 ejus
1905 1494 2080 1543 gloriam,
2098 1501 2135 1530 et
2154 1501 2322 1530 vestram
2342 1493 2457 1544 ipsius

1453 1556 1613 1592 salutem
1636 1555 1817 1604 deinceps
1834 1554 1872 1590 in
1893 1567 1987 1604 pace
2007 1561 2247 1603 permaneat.

1508 1616 1543 1653 2.
1581 1619 1676 1653 Nam
1706 1624 1743 1651 et
1775 1615 1891 1651 frater
1927 1613 2118 1651 Nivardus
2135 1614 2165 1660 *,
2201 1613 2268 1664 qui
2301 1614 2482 1653 multum⁷

1450 1676 1662 1726 gratulatur
1678 1674 1724 1711 de
1740 1673 1852 1710 vobis
1866 1702 1875 1719 ‚
1895 1673 1984 1710 satis
2007 1673 2047 1709 in
2067 1673 2140 1709 hoc
2163 1673 2210 1710 de
2238 1672 2349 1710 vobis
2368 1686 2457 1711 con-
2477 1693 2481 1717 ς

1449 1738 1566 1773 {idere
1592 1736 1767 1781 monuit,
1787 1743 1867 1771 tum
1899 1742 2062 1784 propter
2090 1742 2255 1771 vestram
2284 1747 2372 1784 erga
2391 1747 2458 1772 nos

1447 1798 1648 1847 specialem
1693 1795 1937 1832 devotionem
1963 1825 1974 1840 ,
2013 1803 2093 1831 tum
2135 1795 2248 1831 etiam
2301 1797 2483 1845 propter?
2531 1812 2533 1815 ⁴

373 1859 450 1888 tum
472 1855 519 1891 ad
543 1869 633 1903 nm,
659 1871 826 1907 unquam
852 1859 955 1895 volui
973 1888 982 1904 ‚
1004 1868 1040 1895 et
1061 1873 1137 1896 non
1167 1860 1284 1897 fecit?
1304 1865 1381 1899 Re-
1402 1862 1428 1899 C
1450 1858 1606 1903 bonam,
1629 1871 1743 1907 quam
1763 1856 1910 1893 audivit
1929 1869 1948 1892 a
1969 1854 2094 1900 vobis,
2115 1855 2162 1892 de
2179 1855 2254 1892 hoc
2270 1856 2353 1905 ipso
2369 1868 2455 1905 pro-

374 1911 515 1950 ti'ibuat
535 1915 588 1952 illi
608 1921 807 1955 Dominus.
831 1921 1016 1955 Caeterum
1038 1933 1109 1969 pro
1136 1919 1266 1967 vobis,
1285 1922 1381 1959 sicut

372 1983 472 2022 saepe
492 1976 656 2023 petistis,
679 1990 799 2028 saepe,
821 1988 937 2028 prout
957 1980 1152 2029 oportuit,
1172 1988 1209 2016 et
1225 1983 1380 2029 monui,

373 2039 409 2066 et
430 2033 610 2071 monebo.

374 2177 1379 2199 ιιιιιιιιιιιιιιιιιιιιιιιιιιιιιιιιιιιιιιιιιιιιιιιιιιιιιιιιιιιιιιιιιιιιι

538 2314 917 2372 EPISTOLA
993 2310 1212 2375 CCCI.¹'

456 2466 591 2491 SANCIAE
618 2470 754 2495 SORORI
786 2473 1039 2496 IMPERATORIS
1069 2474 1251 2498 HISPANIAE
1269 2463 1295 2500 *.

365 2582 636 2625 Controversiam,
655 2598 691 2618 ex
709 2589 888 2631 receptione
905 2588 1068 2630 cujusdam
1090 2591 1270 2621 monasterii
1293 2592 1374 2624 inter

1449 1919 1681 1955 missionem.
1713 1918 1749 1954 Si
1779 1925 1905 1953 autem
1931 1916 2066 1953 vestris
2084 1915 2096 1967 ζ
2115 1916 2221 1966 quod
2239 1929 2317 1952 non
2335 1916 2454 1953 credi-

1450 1978 1562 2029 mus)
1590 1977 1820 2015 salutaribus
1847 1977 2002 2014 monitis
2029 1984 2095 2013 aut
2119 1976 2286 2013 consiliis
2308 1984 2456 2014 contra-

1450 2039 1616 2076 dictores
1641 2039 1695 2075 illi
1721 2038 1963 2088 acquiescere
1989 2037 2129 2074 nolunt
2147 2053 2157 2083 ;
2178 2045 2270 2074 tunc
2298 2036 2473 2084 duorum¹

1444 2100 1592 2150 judicio
1609 2100 1895 2150 episcoporum,
1912 2098 1959 2135 ad
1977 2111 2075 2148 quos
2091 2098 2170 2135 duo
2188 2098 2254 2135 illa
2278 2098 2362 2135 loca
2374 2097 2456 2148 jure
2489 2139 2495 2145 ,
2526 2115 2533 2136 ;

1447 2160 1658 2211 parochiali
1674 2160 1868 2210 pertinere
1888 2167 2115 2205 noscuntur,
2133 2159 2258 2195 omnis
2278 2158 2378 2196 inter
2396 2170 2472 2212 eos}

1445 2221 1710 2258 controversia
1731 2220 1961 2257 terminetur
1983 2235 1991 2257 ε
2014 2219 2197 2270 quodque
2221 2218 2269 2256 ab
2289 2220 2343 2257 eis
2358 2218 2455 2269 judi·
2468 2218 2493 2264 {4
2527 2243 2533 2257 ι

1444 2290 1571 2319 catum
1597 2282 1676 2319 sive
1694 2281 1945 2318 constitutum
1974 2280 2219 2318 concorditer
2247 2280 2456 2327 fuerit‚ve-

1443 2351 1563 2380 strum
1585 2343 1659 2379 erit
1679 2350 1802 2378 ratum
1828 2340 1989 2387 habere,
2007 2349 2044 2378 et
2064 2340 2111 2377 de
2137 2348 2278 2377 caetero
2301 2340 2456 2378 firmiter
2488 2374 2490 2377 .
2523 2358 2533 2379 :

1445 2411 1705 2439 manutenere.
1730 2402 1767 2439 Si
1798 2402 1937 2438 timetis
1976 2405 2098 2438 Deum
2117 2430 2127 2447 ,
2154 2414 2231 2437 non
2263 2399 2454 2450 patiemini

1444 2462 1623 2512 impediri
1646 2470 1793 2498 tantum
1812 2461 1957 2498 bonum
1973 2490 1982 2506 ,
2002 2475 2074 2498 nec
2093 2460 2235 2498 bonam
2254 2461 2357 2498 illam
2375 2471 2455 2498 mu-

1442 2522 1572 2558 lierem
1608 2521 1781 2558 frustrari
1809 2535 1829 2558 a
1861 2521 2051 2558 desiderio
2089 2534 2187 2566 suo,
2219 2533 2291 2557 nec
2326 2520 2454 2557 fratres

1440 2583 1526 2619 illos
1548 2595 1624 2619 suae
1652 2581 1869 2618 devotionis
1895 2581 2041 2632 privari
2065 2582 2217 2627 fructu,
2238 2593 2308 2617 nec
2333 2584 2487 2618 Deum»

415 2649 486 2670 suos
514 2647 543 2672 et
573 2642 650 2673 alios
676 2643 827 2684 quosdam
852 2644 1026 2685 Religiosos
1048 2650 1171 2683 natam,
1193 2647 1259 2687 ejus
1279 2657 1374 2689 opera
1393 2647 1424 2680 D
1443 2642 1610 2692 denique
1646 2650 1720 2678 tam
1762 2650 1919 2692 accepto
1966 2641 2038 2678 sibi
2070 2641 2266 2678 reformati
2306 2637 2470 2679 Ordinis·⁵

414 2694 509 2735 sopiri
529 2697 627 2737 cupit.

427 2815 458 2849 1.
478 2815 590 2862 Quod
612 2817 751 2854 sactum
772 2826 828 2855 est
851 2818 897 2855 de
918 2819 1138 2869 receptione
1159 2819 1378 2859 Tholdanos

372 2876 589 2912 monasterii
607 2906 615 2923 ‚
633 2879 759 2914 sciatis
773 2892 841 2928 per
859 2892 918 2915 me
940 2893 1018 2916 non
1039 2893 1119 2916 esse
1139 2880 1296 2927 factum,
1317 2891 1378 2919 ut-

368 2943 458 2982 pote
491 2934 684 2974 absentem
709 2947 745 2975 et
770 2939 1009 2988 ignorantem
1041 2940 1134 2991 quid
1164 2942 1282 2978 tieret.
1307 2945 1380 2980 Fa—

1447 2703 1632 2740 sacrilicio
1667 2701 1929 2740 defraudarid.
1946 2701 2202 2741 Obsecramus
2229 2715 2299 2739 vos
2327 2709 2364 2738 et
2385 2713 2452 2751 pro

1446 2764 1601 2800 novella
1621 2771 1748 2800 vestra
1769 2764 2008 2814 plantatione
2021 2792 2030 2809 ‚
2054 2764 2140 2800 illos
2157 2763 2297 2813 loquor
2312 2761 2358 2798 de.
2373 2759 2452 2812 spi-

1447 2837 1495 2860 na
1518 2851 1527 2868 ,
1558 2832 1600 2860 ut
1632 2823 1684 2860 eis
1725 2824 1872 2861 viscera
1909 2823 2183 2862 misericordiae
2220 2820 2450 2861 exhibeatis:
2479 2853 2483 2857 i

1446 2892 1636 2933 quatenus
1655 2892 1784 2920 vestro
1804 2884 1992 2921 beneficio
2013 2884 2227 2931 sustentati,
2245 2883 2284 2920 in
2303 2880 2449 2920 servitio

1448 2944 1519 2980 Dei
1538 2953 1575 2981 et
1592 2957 1662 2981 suo
1681 2944 1827 2982 Ordine
1849 2953 2110 2995 perseverent.

421 3096 430 3111 ¹
450 3093 531 3122 Gen.
547 3103 624 3130 vnt,
656 3096 711 3124 21.
728 3112 772 3115 ——
794 3099 806 3115 ²
824 3094 896 3125 lsai.
914 3098 1144 3133 xux‚15.—
1162 3094 1175 3117 3
1189 3099 1283 3127 Prov.
1301 3108 1364 3135 11¹,
1383 3101 1438 3130 27.
1461 3117 1506 3121 —-
1522 3099 1536 3125 4
1550 3102 1582 3131 11
1598 3100 1682 3131 Tim.
1703 3111 1748 3138 11,
1770 3102 1826 3131 24.

416 3153 430 3167 ³
451 3153 573 3194 Nempe
590 3151 766 3184 Theobaldi
791 3154 919 3196 Magni,
949 3154 988 3185 de
1011 3166 1073 3197 quo
1096 3166 1190 3198 supra
1215 3157 1246 3187 in
1263 3158 1354 3189 Notis
1379 3158 1418 3189 ad
1440 3159 1604 3201 epistolam
1622 3163 1662 3193 37

1691 3171 1698 3192 :
1724 3161 1813 3202 cujus
1835 3161 2048 3204 eleemosynas
2065 3166 2096 3192 et
2118 3160 2281 3204 benefacta
2305 3157 2447 3203 praedicat
2466 3175 2469 3177 ·

370 3205 444 3235 Vita
468 3216 533 3235 non
561 3206 661 3236 solum
686 3207 855 3245 Bernardi,
879 3207 932 3238 sed
953 3208 1046 3239 etiam
1068 3209 1218 3241 Norberti
1245 3217 1273 3242 et
1303 3212 1435 3244 aliorum
1453 3226 1459 3251 ;
1488 3214 1562 3245 item
1584 3226 1666 3246 noxa
1682 3215 1732 3246 hic
1749 3215 1882 3258 epistola
1896 3218 1976 3247 416.

416 3251 432 3275 ²³
449 3259 569 3301 Scripta
593 3259 674 3291 circa
687 3270 804 3291 annum
826 3263 926 3292 1149.
944 3281 986 3284 —
1002 3268 1015 3283 ⁰
1033 3263 1120 3294 Alias
1134 3288 1141 3301 ‚
1167 3265 1383 3298 carracenses.

413 3313 428 3333 ‘¹
448 3313 632 3345 Lambertus
655 3315 857 3356 Campester‚
882 3315 1027 3347 editionis
1045 3317 1118 3347 anni
1149 3320 1236 3348 1520
1261 3326 1390 3359 auctor,
1422 3320 1473 3352 hic
1497 3321 1537 3353 ad
1564 3322 1736 3364 marginem
1755 3327 1862 3359 notat,
1887 3321 2079 3354 mentionem
2110 3319 2341 3354 reformationis
2355 3316 2442 3350 fuisse

364 3371 503 3408 tempore
517 3365 678 3397 Bernardi.
