2565 3952
123 166 197 205 345

121 251 259 290 fovisti.
307 247 431 288 Ambo
476 257 603 286 tamen
652 247 954 285 collaboratores
974 278 983 295 ,
1026 247 1140 285 ambo

119 311 360 362 coadjutores
388 309 460 348 Dei
486 323 619 347 sumus
649 325 656 346 :

119 387 201 412 mus
228 373 393 409 fructum
421 372 461 407 in
488 371 729 421 respectione
751 371 965 408 animarum
987 380 1139 408 sancta-

117 448 214 473 rum.
244 433 337 482 Quis
364 432 455 469 mihi
486 431 550 468 det
584 432 812 469 memoriam
847 432 901 468 tui
938 445 1134 483 nunquam

116 496 290 534 deserere
305 524 314 541 ,
336 507 532 544 nunquam
556 493 604 530 ab
624 494 708 544 ipsa
729 493 878 530 deseri?

111 626 1132 639 αικνιψιιινωιινινιςιιιιςννιιπκιιιιικκιωιιυιννικνιιιηινινιικιι-κ-ιιιπι

224 736 603 793 EPISTULA
656 735 1008 793 CXXXVI.a

853 877 860 901 l

345 894 391 915 AD
422 893 690 917 INNOCENTIL‘M
721 893 835 916 papan
862 887 882 916 ¹.

1047 164 1311 201 EPISTOLAE.

2149 177 2224 215 34ss

1153 240 1200 258 {⁴3

685 309 800 347 {nubo
826 309 971 361 pariter
1002 323 1134 360 51)Ql'ss-
1155 307 1189 339 A
1206 309 2228 329 ιιιιιιιιιιιιιιιιιιιιιιιιιιιιιιιιιιιιιιιιιιιιιιιιιιιιιιιιιιιιιιιιιιιιιι

1310 420 1687 479 EPISTOLA
1733 419 2113 482 CXXXVH.·¹

1364 587 1410 610 AD
1447 586 1739 611 IMPERATRICEM
1770 588 2012 613 ROMANORCM
2038 584 2062 613 Ω.

1197 707 1453 740 Mediolanenses
1472 719 1538 740 non
1559 715 1632 741 ante
1650 714 1794 753 receptos
1814 709 1845 741 in
1864 710 1995 752 gratiam
2018 721 2036 742 a
2053 711 2204 743 Pontifice
2223 736 2230 749 ‚

1245 774 1340 805 quam
1357 763 1416 808 ipsi
1429 764 1615 796 Lotharium
1632 764 1856 808 imperatorem
1869 767 2054 809 reciperent.
2076 766 2158 798 Hinc
2173 778 2225 799 cos

1243 819 1418 850 clementia»
1440 818 1651 863 Imperatricis
1676 819 1888 852 commendat.

1249 949 1294 983 In
1349 945 1662 982 reconciliatione
1709 945 2094 983 Mediolanensium*
2139 961 2218 984 non

102 1017 279 1054 Damnum,
299 1015 339 1048 de
363 1016 456 1049 illatis
474 1016 597 1060 injuriis
620 1013 798 1047 satisfacere
826 1021 990 1059 paratum.
1021 1014 1126 1046 mitius
1148 1014 1175 1049 B
1194 1005 1302 1044 obliti
1335 1021 1467 1044 sumus
1499 1007 1600 1044 unde
1634 1022 1654 1044 a
1686 1015 1814 1044 vestra
1844 1008 2081 1045 Excellentia
2115 1022 2219 1059 pree-

482 1070 609 1103 tractari
641 1070 736 1113 cupit.

150 1195 190 1234 Si
216 1195 337 1232 tristia
360 1208 514 1246 semper
529 1193 770 1239 acciderent,
789 1194 875 1243 quis
893 1194 1125 1231 sustineret?

96 1255 126 1293 si
146 1269 299 1307 semper
315 1264 521 1306 prospera,
536 1255 622 1304 quis
642 1268 720 1291 non
742 1257 1035 1291 contemneret?
1051 1254 1123 1292 Sed

97 1329 225 1354 rerum
245 1324 356 1353 cauta
372 1315 625 1366 gubernatrix
643 1315 856 1365 Sapientia,
877 1315 1016 1352 horum
1036 1329 1123 1365 per-

97 1377 308 1414 necessaria
335 1375 599 1413 vicissitudine
624 1389 670 1412 eo
701 1375 966 1412 moderamine
993 1375 1122 1413 electis

97 1436 173 1474 suis
190 1449 345 1473 cursum
366 1436 455 1472 vitae
476 1435 702 1485 temporalis
713 1435 892 1481 alternat,
914 1442 957 1470 ut
971 1448 1039 1471 nec
1052 1433 1122 1471 atl-

96 1509 207 1534 versa
226 1496 416 1546 frangant,
433 1509 504 1534 nec
520 1495 608 1533 laeta
624 1495 838 1532 dissolvant
859 1510 866 1531 :
887 1509 973 1531 cum
992 1495 1123 1546 potius

98 1566 135 1596 et
162 1559 232 1595 ista
257 1571 305 1594 ex
333 1558 407 1595 illis
434 1557 627 1608 gratiora,
645 1565 684 1594 et
702 1557 769 1594 illa
788 1571 836 1594 ex
856 1557 914 1593 his
938 1556 1122 1594 tolerabio

97 1619 191 1657 liora
216 1618 441 1656 reddantur.
470 1618 702 1656 Benedictus
733 1632 803 1669 per
833 1618 962 1655 omnia
984 1622 1088 1656 Deus
1112 1634 1119 1656 :

98 1681 245 1719 tristitia
263 1689 394 1718 nostra
411 1694 523 1718 versa
537 1689 595 1719 est
612 1681 649 1718 in
668 1680 851 1731 gaudium
863 1711 872 1728 ,
888 1691 1122 1732 acceperunt

97 1742 223 1780 oleum
244 1750 333 1793 post
352 1742 485 1779 vinum
510 1743 674 1779 vulnera
701 1751 844 1779 nostra.
870 1746 1062 1793 Raptorcs
1084 1751 1121 1780 et

1191 1069 1328 1105 moniti
1358 1069 1566 1105 fueramus.
1595 1068 1708 1117 Quod
1739 1069 1809 1105 etsi
1836 1083 1915 1106 non
1948 1070 2218 1117 monuissetis,

1191 1130 1444 1166 nihilominus
1468 1129 1611 1166 honori
1640 1138 1771 1166 vestro
1795 1138 1832 1166 ct
1859 1131 1965 1180 regni
1990 1130 2219 1167 utilitatibus

1191 1191 1482 1228 intenderemus
1496 1220 1505 1236 ,
1530 1191 1628 1227 sicut
1648 1190 1792 1240 ubique
1812 1200 1850 1228 et
1869 1205 2023 1241 semper
2041 1191 2217 1238 fideliter,

1192 1261 1382 1302 quantum
1421 1264 1648 1302 possumus,
1682 1252 1853 1288 facimus.
1883 1255 1969 1289 Non
2004 1260 2093 1288 ante
2128 1266 2218 1289 sanc

1189 1312 1501 1350 Mediolanenses
1523 1312 1561 1348 in
1583 1312 1744 1361 gratiam
1772 1312 1919 1348 domini
1943 1316 2055 1362 Papae
2082 1322 2120 1350 et
2147 1317 2220 1350 Ec-

1191 1373 1314 1410 clesiae
1339 1373 1528 1410 unitatem
1552 1373 1695 1422 recepti
1726 1380 1834 1419 sunt,
1865 1386 2069 1422 quousque
2095 1374 2220 1423 palam

1190 1432 1370 1472 Conrado
1401 1433 1569 1470 refutato
1599 1440 1636 1468 et
1667 1431 1880 1481 abnegato,
1913 1432 2113 1469 dominum
2146 1447 2221 1470 no-

1190 1502 1313 1531 strum
1342 1493 1570 1531 Lotharium
1597 1493 1634 1529 in
1658 1506 1768 1530 suum
1794 1506 1920 1542 regem
1951 1501 1988 1529 et
2018 1493 2218 1531 domiuum

1189 1563 1445 1605 receperunt,
1475 1562 1512 1591 et
1546 1557 1811 1591 Romanorum
1846 1555 2121 1605 imperatorem
2149 1569 2218 1592 au-

1188 1624 1344 1665 gustum
1369 1630 1446 1652 uua
1472 1629 1560 1652 cum
1585 1624 1667 1652 toto
1687 1615 1780 1652 orbe
1798 1616 1962 1653 confessi
1980 1625 2069 1653 sunt
2087 1632 2094 1654 :
2113 1626 2150 1653 ct
2172 1617 2218 1654 dc

1188 1676 1331 1727 injuria
1364 1685 1579 1723 transacta,
1610 1677 1723 1726 juxta
1756 1678 1959 1714 consilium
1991 1686 2028 1714 et
2057 1678 2219 1715 manda-

1190 1747 1270 1776 tum
1296 1738 1444 1775 domini
1465 1743 1578 1790 Papae
1594 1769 1603 1785 ,
1626 1739 1742 1789 digne
1764 1738 1875 1776 vobis
1895 1753 1976 1776 sese
2002 1740 2217 1777 satisfactu-

97 1802 298 1854 praedones
322 1803 550 1855 compuncti
570 1803 826 1840 humiliantur
847 1818 855 1840 :
877 1804 1116 1841 sacerdotem
1137 1810 1165 1845 C
1188 1814 1251 1837 ros
1284 1814 1366 1838 esse
1396 1810 1497 1838 tacto
1524 1810 1769 1838 sacrosancto
1798 1802 2007 1852 Evangelio
2042 1816 2217 1852 spopon-

97 1864 269 1912 Domini,
283 1864 321 1901 in
341 1875 457 1914 quem
477 1863 558 1902 ausi
575 1873 665 1902 sunt
684 1864 836 1902 mittere
858 1879 1016 1912 manus,
1032 1879 1120 1903 cum

98 1924 244 1963 honore
274 1926 500 1972 remittunt3
525 1926 649 1976 spolia
678 1939 765 1976 quae
795 1926 1061 1977 diripuerant,
1083 1938 1121 1965 et

98 1986 177 2024 sine
208 1987 353 2025 desidia
383 1988 636 2038 recolligunt,
674 1996 714 2025 et
746 1988 828 2025 sine
852 1988 987 2025 fraude
1009 1990 1120 2026 resti-

99 2055 222 2086 tuunt.
248 2048 286 2086 Si
318 2048 411 2099 quid
443 2049 583 2086 horum
612 2057 670 2086 est
697 2049 803 2099 quod
839 2050 1006 2086 inveniri
1039 2064 1118 2087 non

98 2110 237 2160 possit,
255 2110 429 2147 Dalfinus
455 2123 528 2161 pro
555 2123 602 2147 eo
631 2110 836 2147 satisfaciet
864 2110 912 2147 ad
940 2110 1123 2162 benepla-

99 2169 214 2208 citum
230 2179 401 2208 vestrum
422 2186 430 2208 :
454 2170 528 2207 hoc
550 2170 696 2221 quippe
714 2184 830 2207 manu
848 2184 917 2208 sua
933 2171 972 2207 in
990 2180 1119 2208 nostra

99 2230 311 2269 affirmavit.
327 2236 402 2270 Pro
417 2245 494 2282 qua
510 2244 579 2268 sua
595 2232 854 2282 promissione
872 2231 1122 2282 adimplenda

100 2291 131 2329 si
147 2293 295 2330 venerit
313 2292 361 2330 ad
381 2292 501 2344 pedes
526 2301 662 2329 vestrae
682 2291 892 2342 Majestatis
906 2294 938 2339 *,
956 2293 1061 2342 quod
1082 2301 1119 2329 et

99 2355 325 2404 proposuit3
352 2354 485 2391 mitius
516 2367 633 2404 quam
665 2354 826 2400 meruit,
854 2354 1118 2404 supplicamus

100 2414 158 2464 agi
172 2428 258 2452 cum
277 2414 423 2465 juvene
445 2429 453 2451 :
472 2428 552 2452 non
569 2414 677 2464 quod
696 2415 860 2452 velimus
882 2415 1117 2465 impunitum

101 2487 179 2512 esse
210 2484 287 2513 tam
318 2475 463 2527 grande
497 2475 666 2522 facinus,
699 2475 765 2512 sed
798 2484 842 2512 ut
872 2476 1061 2523 Ecclesia,
1088 2476 1118 2512 si

102 2535 182 2574 fieri
204 2546 355 2588 potest,
385 2536 515 2574 debita
535 2537 794 2574 satisfactione
814 2537 1053 2583 honoretur-3
1077 2546 1119 2574 ut

1190 1863 1345 1900 derunt.
1374 1866 1437 1901 [n
1458 1863 1490 1899 le
1526 1877 1683 1913 magnas
1723 1872 1879 1913 agentes
1909 1863 2049 1912 gratias
2079 1863 2217 1900 divina}

1188 1923 1372 1971 bonitati,
1399 1938 1485 1974 quae
1508 1923 1652 1974 absque
1679 1923 1872 1961 bellorum
1901 1924 2106 1974 periculis,
2135 1924 2219 1961 abs-

1188 1999 1262 2035 que
1288 1984 1453 2027 humani
1478 1985 1675 2034 sanguinis
1705 1985 1917 2031 effusione,
1943 1985 2120 2022 inimicos
2152 1999 2219 2022 ve-

1189 2055 1290 2084 stros
1311 2047 1364 2084 sic
1385 2046 1625 2092 humiliavit3
1653 2059 1833 2096 rogamus
1852 2055 2019 2083 vestram
2045 2047 2132 2084 satis
2151 2061 2217 2084 uo-

1188 2106 1248 2144 bis
1269 2116 1467 2157 expertam
1485 2106 1742 2151 clementiam,
1761 2115 1804 2142 ut
1821 2114 1994 2157 tempore
2015 2120 2084 2144 suo
2101 2137 2110 2152 ,
2130 2122 2217 2145 cum

1189 2167 1437 2217 requisierint
1466 2166 1639 2216 praedicti
1671 2166 1996 2213 Mediolanenses,
2035 2181 2105 2217 per
2141 2168 2215 2204 do-

1189 2230 1336 2266 minum
1361 2232 1503 2279 Papam
1521 2258 1530 2274 ,
1550 2228 1683 2278 utique
1705 2227 1956 2265 mediatorem
1979 2242 2056 2265 suae
2077 2242 2216 2266 recon-

1188 2291 1415 2336 ciliationis,
1437 2290 1596 2339 gratiam
1627 2298 1794 2326 vestram
1809 2319 1818 2336 ,
1850 2288 2039 2339 benignos
2064 2303 2134 2327 vos
2156 2299 2215 2327 at—

1186 2364 1260 2401 que
1285 2350 1492 2402 placabiles
1519 2351 1760 2387 inveniamus
1792 2365 1799 2386 :
1833 2359 2023 2400 quatenus
2053 2364 2123 2387 nec
2149 2365 2217 2388 eos

1186 2413 1373 2463 poeniteat
1399 2411 1499 2448 sanis
1526 2411 1699 2461 paruisse
1727 2411 1895 2448 consiliis
1911 2440 1919 2456 ,
1939 2419 1977 2447 et
1996 2424 2064 2448 vos
2084 2411 2131 2448 de
2161 2412 2216 2449 eis

1187 2473 1360 2511 debitum
1393 2472 1565 2509 habeatis
1602 2472 1801 2509 servitium
1829 2481 1867 2509 et
1893 2472 2096 2509 honorem.
2124 2476 2212 2510 Xon

1187 2536 1289 2573 enim
1325 2534 1434 2571 decet
1461 2543 1503 2570 ut
1532 2534 1663 2570 fideles
1694 2533 1833 2579 vestri,
1862 2533 1928 2582 qui
1958 2546 2030 2583 pro
2062 2533 2211 2570 honore

102 2596 134 2635 is
155 2599 220 2648 qui
243 2599 445 2647 satisfacit,
468 2612 586 2650 supra
604 2599 706 2636 vires
725 2599 921 2650 patientiae
943 2613 1021 2637 suae
1040 2613 1117 2637 non
1139 2607 1172 2642 D
1187 2605 1317 2634 vestro
1346 2595 1542 2642 laborant,
1572 2594 1674 2646 apud
1698 2608 1767 2631 vos
1786 2594 2087 2632 confundantur.
2111 2598 2214 2633 Con-

102 2669 371 2710 exasperetur,
416 2669 454 2698 et
483 2661 671 2711 poeniteat
698 2667 712 2684 ⁰
741 2661 939 2698 hominem
977 2662 1118 2699 nostris

102 2721 333 2771 acquievisse
356 2722 538 2760 consiliis.

151 2978 165 2994 ὓ
177 2973 300 3017 Scripta
313 2983 398 3005 anno
417 2973 535 3006 Christi
553 2976 564 3005 1
579 2976 655 3005 134.

1187 2659 1399 2696 fundentur
1426 2666 1575 2702 autem,
1606 2657 1636 2693 si
1665 2656 1730 2706 qui
1758 2656 1804 2692 de
1827 2655 2062 2706 benignitate
2084 2666 2212 2694 vestra

1187 2732 1295 2770 spem
1325 2718 1573 2768 indulgentife
1605 2717 1887 2767 promiserunt,
1911 2730 1997 2753 cum
2023 2730 2096 2767 pro
2118 2717 2211 2767 ipsis

1187 2779 1493 2824 intervenerint,
1516 2778 1737 2815 invenerint
1765 2790 1834 2814 vos
1853 2776 1866 2828 ζ
1882 2776 1988 2827 quod
2009 2776 2130 2828 absit)
2152 2778 2215 2814 in—

1188 2839 1420 2879 exorabiles.

91 3021 98 3026 *
151 3018 168 3041 ¹³
191 3029 229 3058 111
251 3027 408 3069 prioribus
433 3027 524 3059 editis
547 3027 710 3070 legebatur
724 3052 732 3065 ,
750 3025 809 3057 Ad
829 3025 971 3058 eumdem
991 3051 1001 3064 ,
1025 3027 1112 3069 quod
1134 3027 1175 3059 ad
1194 3030 1324 3058 Pertum
1347 3026 1532 3069 episcopum
1558 3026 1764 3068 Papiensem,
1793 3024 1843 3055 cui
1870 3023 2054 3066 praecedens
2083 3022 2213 3065 epistola

106 3079 251 3122 inscripta
266 3087 352 3120 erat,
368 3080 560 3113 referebant.
583 3087 626 3113 At
641 3081 674 3112 in
699 3079 825 3111 duobus
849 3080 1106 3112 Cisterciensibus
1130 3081 1350 3124 manuscriptis
1370 3086 1401 3111 et
1422 3080 1455 3111 in
1476 3079 1609 3112 totidem
1632 3078 1822 3111 Colbertiuis
1848 3077 2061 3119 interponitur
2083 3076 2214 3117 epistola

105 3133 270 3165 centesima
291 3135 520 3178 septuagesima
545 3142 674 3174 octava,
707 3134 747 3165 ad
767 3135 988 3166 Innocentium
1011 3146 1138 3178 papam.
1159 3136 1282 3178 Scripta
1309 3142 1355 3167 est
1385 3141 1491 3166 autem
1515 3134 1583 3166 haec
1602 3133 1734 3176 epistola
1753 3132 1915 3163 occasione
1932 3130 2134 3173 praedonum,
2159 3129 2211 3169 qui

107 3187 265 3232 episcopos
281 3201 319 3221 ex
346 3190 459 3222 Pisano
483 3191 616 3222 concilio
633 3191 707 3222 anni
728 3192 817 3222 1134
834 3196 1027 3222 revertentes
1047 3191 1231 3234 spoliarunt.
1252 3190 1335 3222 Vide
1353 3192 1454 3222 Notas
1474 3189 1514 3220 ad
1534 3189 1698 3231 epistolam
1716 3187 1896 3229 vigesimam
1910 3185 2042 3216 tertiam.

154 3246 168 3262 '³
183 3243 317 3286 Supple,
344 3255 423 3281 non,
446 3255 483 3276 ex
498 3245 651 3288 superiori
669 3243 813 3276 membro
826 3268 833 3281 ‚
853 3256 918 3274 non
937 3252 1155 3288 efflasse-eretur,
1175 3251 1205 3275 el
1226 3255 1289 3274 noa
1304 3244 1479 3288 poeniteat,-
1500 3249 1533 3273 ut
1554 3242 1583 3274 in
1604 3242 1666 3273 sine
1687 3240 1826 3284 epistolae
1849 3238 2016 3280 sequentis.

154 3294 169 3315 '¹
182 3296 304 3340 Scripta
323 3308 406 3329 anno
426 3291 543 3330 Chrisii
562 3300 662 3330 113'1.
689 3317 732 3321 ——
750 3303 764 3319 e
783 3297 963 3330 Richeram.
983 3299 1069 3330 Alias
1086 3324 1091 3335 ,
1115 3302 1340 3343 Imperalorem
1353 3310 1365 3334 ;
1390 3296 1554 3328 mendose.
