2565 3952
114 183 164 220 49
865 182 1124 217 PRAEFATIO
1169 181 1200 218 G
1209 182 1460 217 ENERALIS.
2165 183 2216 219 50

173 278 343 318 XLVII.
366 278 448 318 Per
470 275 639 317 funesta
663 288 709 316 ac
733 274 938 316 diuturna
957 274 1196 315 schismatis
1216 274 1331 315 illius
1361 278 1574 328 tempora,
1596 277 1780 328 quantos
1794 273 2038 314 Bernardus
2053 274 2217 316 labores

113 357 377 408 sustinuerit,
397 359 505 410 quot
524 356 674 396 itinera
694 353 946 405 confecerit,
965 366 1016 394 ex
1033 351 1122 406 ejus
1138 352 1237 393 Vita
1252 356 1293 393 et
1323 352 1529 406 epistolis,
1553 356 1600 392 ut
1614 351 1701 406 jain
1712 350 1920 402 diximus,
1944 351 2212 405 intelligitur.

113 434 251 489 Hujus
274 436 336 476 rei
362 448 488 476 causa
514 440 580 476 ter
607 435 651 474 in
682 433 847 474 ltaliam
869 432 1086 486 profectus
1118 436 1206 483 est,
1240 430 1418 485 ejusque
1443 431 1616 472 tandem
1636 443 1765 484 opera
1785 430 1967 471 schisma
1993 444 2212 485 compres-

111 527 230 566 sum,
254 519 424 555 mortuo
448 512 650 554 Anaeleto
676 524 787 553 anno
818 513 927 552 1138
954 525 963 552 :
988 511 1057 552 cui
1083 510 1342 551 schismatici
1366 510 1582 550 Victorem
1603 510 1848 563 antipapam
1874 508 2211 561 substituerunt,

116 612 131 626 «
154 605 240 634 1100
262 598 350 633 tam
379 592 610 647 pertinacia
633 591 893 643 schismatis,
929 602 1059 644 quam
1088 593 1133 630 ut
1165 589 1452 643 opportunius
1486 600 1564 641 per
1594 587 1783 642 aliquam
1823 588 2027 641 temporis
2051 600 2214 628 morani

115 690 131 705 »
159 672 282 725 Papae
308 670 557 712 Innocentio
583 669 975 710 reconciliarentur.
1007 688 1022 702 »
1052 670 1104 708 Et
1125 680 1170 708 re
1191 666 1367 721 quidem
1390 667 1482 720 ipsa
1500 667 1650 708 Victor
1681 685 1697 700 «
1719 665 1773 707 ad
1792 667 1937 707 virum
1958 671 2167 720 sanctum,
2195 688 2209 702 »

108 749 233 791 idest
255 748 545 800 Bernardum,
573 767 588 783 «
623 752 746 789 00010
778 760 820 789 50
850 747 1054 799 000111111;
1080 752 1122 788 01
1152 747 1222 788 1110
1253 760 1379 800 0001,
1414 747 1625 788 0111101001
1655 747 1832 802 (10111010
1865 747 2083 801 0501110115
2112 747 2216 788 1051-

112 848 128 863 »
142 828 314 883 guibus,
327 827 381 870 ad
396 827 560 869 domini
576 827 814 868 Innocentii
829 825 960 881 pedes
981 825 1161 868 adduxit
1174 824 1180 842 ¹
1193 859 1200 868 .
1213 828 1288 868 »Et
1305 827 1374 868 hic
1392 827 1550 868 funesti
1567 839 1615 867 ac
1632 825 1828 867 diuturni
1846 825 2083 866 schismatis
2097 824 2210 866 finis.

163 909 357 950 XLVIII.
391 908 515 950 Tanti
562 907 784 959 beneficii,
826 907 1008 947 maxime
1044 919 1120 961 per
1157 905 1425 947 Bernardum
1469 906 1668 960 accepti,
1709 918 1873 946 memor
1909 906 2211 957 Innocentius,

104 987 453 1030 cisterciensibus
484 987 667 1029 decimas
696 1000 748 1028 ex
775 986 974 1028 omnibus
1005 999 1112 1041 quas
1142 985 1354 1028 habebant
1380 986 1719 1041 possessionibus
1752 986 1927 1040 propria
1965 987 2213 1027 auctoritate

102 1065 335 1120 relaxavit,
372 1066 624 1108 inconsultis
654 1067 705 1107 iis
734 1065 788 1107 ad
812 1078 921 1120 quos
949 1065 1157 1119 ejusmodi
1184 1065 1355 1107 (10010110
1382 1065 1665 1119 pertinebant.
1688 1066 1739 1106 Et
1762 1065 1850 1106 11100
1872 1077 1981 1105 nora
2007 1064 2210 1105 discidio-

100 1157 200 1186 rum
226 1158 352 1186 causa
369 1178 379 1198 ,
415 1158 509 1200 quie
536 1158 623 1186 non
650 1158 803 1199 parum
836 1144 1037 1185 molestiae
1068 1143 1286 1185 Bernardo
1306 1146 1539 1186 accersivit.
1562 1145 1791 1198 Conquesti
1817 1149 1915 1185 sunt
1941 1144 2210 1197 potissimum

100 1224 178 1266 hac
204 1225 257 1266 (10
284 1238 330 1266 10
366 1225 683 1276 Cluniacenses,
706 1224 865 1278 quibus
894 1236 1046 1277 magna
1072 1225 1133 1265 rei
1166 1224 1388 1265 familiaris
1410 1223 1575 1277 jactura
1593 1236 1643 1264 ex
1674 1225 1858 1277 gratuita
1881 1223 1953 1263 illa
1975 1224 2212 1264 Innocentii

99 1304 351 1346 liberalitate
370 1304 630 1345 afferebatur
651 1319 659 1344 z
679 1316 815 1357 eoque
833 1315 1055 1357 progressa
1073 1307 1135 1344 est
1157 1315 1307 1343 eorum
1329 1301 1591 1356 indignatio,
1614 1306 1663 1343 ut
1687 1302 1884 1342 monaehi
1913 1302 2212 1355 Gigniacenses

98 1384 289 1426 vicinum
320 1383 402 1424 sibi
443 1383 787 1425 Cisterciensium
829 1382 1131 1423 monasterium
1154 1413 1165 1433 ,
1200 1381 1471 1422 Mirator'ium
1505 1379 1695 1432 dictum,
1734 1378 2034 1434 susquedeque
2067 1383 2210 1420 verte-

97 1462 198 1503 rint.
233 1463 382 1504 Totam
406 1460 535 1517 hujus
566 1460 783 1515 tragoediae
817 1460 1040 1502 historiam
1069 1460 1284 1515 explicant
1319 1459 1506 1514 epistolae
1536 1459 1809 1514 potissimum
1843 1457 1938 1499 duae
1956 1490 1967 1510 ,
1993 1471 2079 1500 una
2096 1460 2211 1499 Petri

96 1539 390 1593 Venerabilis,
427 1539 558 1581 altera
595 1541 634 1582 S.
675 1539 905 1592 Bernardi,
936 1552 1032 1594 quae
1069 1543 1170 1581 sunt
1211 1539 1323 1580 inter
1366 1537 1651 1579 Bernardinas
1689 1537 1975 1579 ducentesima
2008 1538 2211 1592 wigesima

95 1624 243 1662 octava
279 1623 322 1661 et
354 1618 644 1661 ducentesima
673 1621 930 1674 octogesima
968 1617 1178 1671 secunda,
1222 1621 1263 1659 et
1295 1619 1413 1659 Notae
1440 1622 1596 1658 nostrae
1629 1615 1684 1658 ad
1712 1616 1893 1658 easdem.
1933 1618 2080 1670 Neque
2112 1629 2211 1657 vero

94 1701 238 1742 statim
253 1700 460 1742 exstincta
484 1703 547 1741 est
565 1699 619 1741 lis
637 1699 729 1754 illa,
750 1699 825 1742 sed
852 1712 1054 1755 processu
1076 1698 1282 1753 temporis
1302 1697 1356 1739 ad
1376 1697 1479 1738 alias
1499 1698 1627 1738 etiam
1650 1697 1844 1751 regiones
1864 1696 2146 1750 permanarit.

153 1780 302 1821 XLIX.
337 1778 390 1821 Id
411 1783 528 1834 patet
554 1792 606 1821 ex
641 1779 819 1834 epistola
841 1779 1096 1834 octogesima
1127 1775 1334 1827 secunda,
1366 1789 1497 1831 quam
1527 1774 1730 1817 Richardi
1758 1774 2067 1828 archiepiscopi
2097 1775 2209 1815 Can-

91 1859 320 1900 tuariensis
348 1859 547 1912 nomine,
577 1860 731 1900 Petrus
760 1859 971 1901 Blesensis
998 1878 1013 1893 «
1050 1856 1193 1899 abbati
1217 1861 1259 1898 et
1284 1857 1515 1897 conventui
1539 1855 1807 1897 Cisterciensi
1839 1875 1852 1890 υ
1880 1854 2064 1908 scripsit.
2093 1855 2143 1896 In
2164 1866 2210 1895 ea

91 1938 206 1980 enim
222 1937 401 1992 epistola
419 1969 430 1991 ,
449 1938 678 1992 praemissis
699 1938 1043 1980 Cisterciensium
1063 1935 1265 1978 laudibus
1285 1968 1296 1989 ,
1318 1934 1466 1977 subdit
1496 1935 1540 1976 in
1561 1946 1646 1975 uno
1676 1946 1825 1975 eorum
1848 1933 2005 1974 famam
2035 1932 2208 1974 decolo-

91 2018 207 2070 rari,
229 2016 348 2072 quod
372 2036 387 2051 «
425 2017 645 2059 monachis
668 2021 710 2059 et
740 2017 904 2059 clericis
933 2015 1119 2058 decimas
1139 2016 1370 2058 auferrent.
1398 2016 1449 2056 Et
1467 2027 1563 2069 quaa
1586 2017 1674 2067 est,
1702 2033 1717 2048 »
1741 2014 1826 2066 ait,
1856 2032 1870 2048 a
1897 2013 1985 2054 hac
2004 2012 2210 2067 injuriosa

99 2116 114 2131 »
143 2096 417 2148 immunitas,
439 2100 489 2137 ut
522 2096 708 2151 exempti
741 2097 833 2138 sitis
865 2110 888 2138 a
915 2096 1179 2138 decimarum
1206 2096 1441 2148 solutione,
1476 2093 1637 2150 quibus
1670 2093 1866 2135 0110011110
1899 2097 2023 2135 101110
2062 2097 2207 2145 01001,

98 2195 114 2211 >³
140 2180 369 2230 antequam
388 2179 538 2216 vestrae
555 2179 721 2229 essent3
747 2180 790 2217 et
809 2188 904 2231 quae
928 2176 1076 2217 solutae
1101 2181 1203 2218 5001
1221 2176 1453 2227 1111010005,
1485 2186 1573 2215 000
1591 2186 1873 2228 personarum
1905 2172 2105 2224 obtentu,
2136 2170 2209 2213 sed

98 2255 344 2296 »territorii
374 2253 574 2296 ratione?
606 2255 647 2296 Si
677 2255 722 2296 10
760 2259 945 2296 vestram
976 2256 1287 2309 possessionem
1322 2257 1446 2295 terrae
1482 2251 1692 2294 devolutae
1728 2256 1855 2304 sunt,
1895 2264 2028 2307 quare
2055 2252 2100 2292 in
2130 2250 2210 2291 hoc

99 2353 116 2368 »
140 2333 406 2389 periclitatur
439 2333 626 2375 alienum
651 2332 750 2388 jus?
780 2346 880 2374 nam
912 2332 966 2375 ad
992 2346 1070 2374 vos
1100 2337 1222 2374 101110
1239 2365 1249 2385 ,
1276 2331 1399 2387 juxta
1421 2344 1693 2373 communem
1727 2331 1988 2386 aequitatem,
2017 2343 2115 2372 cum
2134 2342 2211 2371 suo

100 2433 116 2449 »
142 2426 268 2456 onere
296 2413 575 2456 transierunt.
618 2433 634 2448 »
670 2415 723 2454 Et
755 2412 921 2468 objecto
959 2412 1042 2454 sibi
1059 2414 1208 2466 Papae,
1233 2410 1278 2452 id
1309 2415 1371 2451 est
1394 2411 1659 2461 Innocentii,
1681 2409 1930 2463 privilegio,
1952 2409 2140 2463 reponit,
2168 2408 2213 2450 id

94 2492 281 2546 potuisse
307 2510 322 2526 «
350 2491 524 2532 tolerari
545 2490 598 2533 ad
617 2496 786 2546 tempus
806 2522 815 2542 ,
841 2490 961 2546 quod
976 2503 1102 2532 causa
1125 2489 1384 2531 necessitatis
1409 2489 1549 2530 tuerat
1572 2487 1867 2529 introductum
1891 2501 1900 2528 t
1924 2486 2027 2528 dum
2049 2487 2166 2529 Ordo
2190 2506 2204 2521 υ

95 2570 253 2612 50111001
283 2570 571 2612 Cisterciensis
606 2590 621 2605 «
651 2571 697 2612 in
724 2575 976 2625 paupertate
1011 2569 1247 2624 gaudebat,
1280 2568 1385 2610 (111111
1414 2569 1460 2610 10
1491 2580 1595 2609 0505
1631 2568 1847 2622 egentium
1874 2579 1961 2608 suae
1993 2567 2212 2607 tenuitatis

102 2649 304 2691 »viscera
337 2648 573 2690 liberaliter
597 2649 862 2692 effundebat.
907 2670 922 2685 υ
947 2651 1130 2702 Verum,
1164 2648 1459 2703 multiplicatis
1494 2646 1835 2702 possessionibus
1871 2665 1886 2680 «
1918 2647 2044 2687 etiam
2062 2646 2107 2686 in
2126 2647 2209 2686 im-

102 2747 118 2763 »
142 2741 359 2782 10005001,
394 2728 619 2783 privilegia
651 2728 740 2770 haec
774 2730 921 2784 potius
958 2728 1226 2781 ambitionis,
1266 2739 1397 2781 quam
1431 2725 1651 2779 religionis
1685 2726 1967 2766 instrumenta
1989 2725 2165 2765 censeri.
2192 2744 2206 2757 υ

98 2807 305 2848 Caeterum
335 2825 351 2842 «
389 2806 607 2862 quidquid
635 2806 887 2862 indulgeant
922 2806 1148 2862 privilegia
1186 2808 1388 2848 Romanae
1425 2805 1642 2858 Ecclesiae,
1679 2818 1766 2845 non
1802 2803 2028 2858 expedire,
2066 2808 2214 2845 contra

103 2903 120 2919 ι»
142 2885 442 2926 conscientiam
461 2884 580 2939 quod
600 2884 786 2926 alienum
807 2890 871 2927 est
890 2898 1114 2941 usurpare.
1145 2905 1161 2921 »
1187 2886 1256 2927 Ad
1273 2891 1539 2938 extremuni,
1561 2885 1596 2925 si
1621 2884 1858 2939 pertinaces
1884 2887 1925 2924 et
1959 2882 2213 2924 inflexibiles

98 2961 175 3005 hac
192 2964 238 3006 in
256 2977 303 3006 re
321 2977 365 3005 50
387 2963 655 3005 exhibebunt
671 2996 682 3017 ,
707 2964 1010 3006 interminatur
1036 2965 1276 3007 Bichardus
1291 2997 1302 3014 ,
1333 2977 1377 3006 se
1416 2983 1432 2999 <t
1468 2963 1642 3005 vinculo
1672 2962 1950 3004 anathematis
1981 2962 2211 3003 innodatu-

105 3060 121 3077 »
147 3054 246 3084 rum
275 3044 500 3085 universos
527 3062 544 3078 »
573 3043 652 3098 qui
689 3042 855 3098 aliquid
887 3043 1240 3085 Cisterciensibus
1275 3042 1499 3096 dederint,
1516 3047 1590 3084 ant
1619 3041 1916 3094 vendiderint,
1942 3061 1957 3075 «
1996 3041 2111 3082 unde
2144 3040 2213 3094 jus

106 3139 122 3155 »
148 3120 440 3164 decimationis
476 3122 707 3176 obveniat3
753 3142 767 3157 »
811 3127 853 3164 et
887 3122 941 3164 ad
956 3123 1163 3165 thronum
1196 3123 1353 3164 summi
1392 3123 1414 3163 J
1420 3120 1556 3163 udicis
1584 3120 1898 3175 appellaturum
1915 3152 1925 3172 ,
1970 3138 1984 3153 «
2024 3132 2076 3160 ne
2115 3119 2212 3173 quis

105 3216 122 3233 n
148 3198 274 3254 hujus
301 3200 524 3242 vinculum
554 3201 1008 3243 excommunicationis
1047 3201 1253 3244 absolvat.
1293 3221 1308 3236 »
1346 3202 1462 3254 Quin
1494 3201 1621 3242 etiam
1655 3212 1698 3242 se
1735 3199 1981 3254 principum
2024 3198 2211 3238 savorem

147 3361 154 3379 ¹
177 3361 261 3393 vitae
278 3362 369 3394 libro
387 3367 404 3394 2
417 3386 425 3401 ,
445 3372 481 3393 n.
504 3365 557 3395 47.
