2533 3920
379 202 454 241 507

1149 202 1184 237 S.
1215 202 1472 238 BERMRDI
1500 202 1702 238 ABBATIS

2382 207 2456 246 508

381 282 447 332 qui
473 289 586 318 natus
617 287 672 316 est
695 278 775 316 eis?
809 277 958 316 Invidia
983 278 1063 315 haec
1088 277 1275 315 diabolica
1299 287 1356 316 est
1375 279 1552 317 :²⁵⁷hens
1582 278 1744 316 verbum
1776 278 1866 324 Dei,
1894 278 2179 329 evangelizabat
2197 288 2240 317 ut
2259 283 2457 324 manduca-

380 342 524 380 invidia
548 341 617 377 hac.
644 352 747 376 mors
770 339 927 376 intravit
959 338 1000 374 in
1022 337 1154 375 orbem
1187 347 1388 376 terrarum.
1411 346 1442 381 A
1458 349 1526 377 ret.
1547 341 1584 379 Si
1605 339 1696 389 quid
1716 352 1832 389 supra
1847 339 1991 375 victum
2008 339 2145 377 elicere
2161 349 2312 390 poterat
2327 355 2348 380 a
2367 344 2457 383 sim-

380 408 441 442 An
474 410 584 453 putat
603 400 785 451 parvulos
811 400 1006 437 Salvatore
1039 412 1116 435 non
1138 411 1269 448 egere,
1299 399 1389 448 quia

382 462 533 515 parvuli
561 462 676 498 sunt?
708 460 745 497 Si
768 460 820 497 ita
847 468 927 505 est,
963 472 1054 508 ergo
1088 459 1203 508 gratis
1229 472 1389 508 magnus

384 522 574 561 Dominus
595 521 714 557 factus
731 528 787 557 est
811 532 953 569 parvus
972 534 979 555 :
1002 527 1044 555 ut
1064 519 1259 565 omittam,
1285 518 1389 568 quod

382 582 592 632 flagellatus
609 588 664 617 est
678 608 687 625 ,
721 579 827 628 quod
848 579 968 629 sputis
987 579 1128 626 illitus,
1153 578 1257 629 quod
1286 579 1390 616 cruci

382 643 538 686 affixus,
559 639 664 690 quod
683 639 848 688 denique
863 646 1038 675 mortuus
1054 646 1120 674 est.

436 702 471 739 2.
494 705 578 739 Non
601 708 655 736 est
671 699 731 736 hic
751 699 868 735 homo
885 712 906 734 a
920 702 1003 735 Deo
1018 727 1027 744 ,
1049 698 1116 747 qui
1130 698 1182 734 sic
1197 697 1390 734 contraria

380 767 462 801 Deo
491 770 528 798 et
549 760 658 806 facit,
687 767 724 796 et
749 759 932 808 loquitur.
955 757 1057 795 Proh
1081 756 1211 793 dolor!
1236 755 1390 793 auditur

382 834 508 862 tamen
529 836 550 859 a
569 819 767 871 pluribu53
788 828 826 856 et
844 819 1032 868 populum
1049 817 1114 867 qui
1138 816 1209 854 sibi
1232 816 1386 863 credat,

379 883 505 921 habet.
542 885 572 920 Ο
595 879 893 917 infelicissimum
925 879 1134 928 populum!
1157 877 1216 914 Ad
1252 890 1386 913 vocem

382 944 494 981 unius
513 940 678 978 haeretici
707 940 897 976 siluerunt
918 939 956 974 in
979 951 1024 974 eo
1054 950 1186 973 omnes
1217 936 1388 986 prophe-

383 1005 463 1041 ticae
495 1010 531 1038 et
551 1000 771 1050 apostolicae
791 1011 928 1043 voces,
957 1011 1041 1047 quae
1067 997 1113 1033 de
1138 995 1387 1032 convocanda

379 1064 418 1099 iu
439 1074 515 1099 una
530 1059 665 1097 Christi
683 1057 755 1094 fide
773 1070 793 1093 θ
810 1056 956 1093 cunctis
969 1054 1190 1092 nationibus
1206 1055 1385 1102 Ecclesia,

379 1135 455 1159 uno
475 1118 644 1156 veritatis
674 1117 810 1167 spiritu
841 1116 1075 1152 cecinerunt.
1108 1117 1208 1163 Ergo
1244 1114 1387 1150 fefelle-

378 1190 467 1219 runt
487 1179 618 1216 divina
645 1177 819 1222 oracula,
839 1176 1022 1213 falluntur
1036 1174 1209 1211 omniun]
1231 1174 1332 1210 oculi
1350 1182 1387 1211 et

377 1241 515 1287 animi3
537 1239 601 1290 qui
628 1236 733 1287 quod
759 1238 892 1287 legunt
912 1235 1158 1287 praedictum,
1186 1234 1387 1271 intuentur

377 1301 588 1351 impletum.
609 1302 730 1346 Quam
748 1305 849 1333 certe
866 1296 1104 1332 manifestam
1121 1293 1299 1331 omnibus
1319 1308 1385 1331 ve-

378 1363 526 1399 ritatem
547 1359 650 1396 solus
669 1358 739 1394 iste
760 1356 951 1406 stupenda
966 1385 976 1403 ,
998 1364 1035 1392 et
1052 1368 1209 1406 prorsus
1226 1355 1385 1393 Judaica

376 1422 564 1466 caecitate,
599 1428 663 1456 aut
690 1432 768 1454 non
788 1417 921 1454 videns
938 1446 947 1464 ,
977 1425 1041 1453 aut
1060 1416 1238 1453 invidens
1257 1416 1383 1452 adim-

375 1483 515 1533 pletam
531 1509 540 1525 ,
559 1479 671 1516 simul
687 1478 814 1515 nescio
835 1491 911 1527 qua
924 1485 1004 1513 arte
1022 1475 1210 1513 diabolica
1231 1490 1385 1526 persua-

375 1543 421 1579 sit
442 1541 589 1592 populo
610 1539 725 1575 stulto
743 1546 779 1574 et
803 1537 1019 1587 insipienti,
1052 1536 1098 1572 de
1116 1550 1156 1572 re
1184 1537 1383 1573 manifesta

377 1616 446 1639 nec
489 1601 565 1638 suis
605 1599 760 1636 credere
800 1599 919 1635 oculis
956 1613 964 1634 ;
1003 1597 1178 1634 fefellisse
1210 1598 1380 1648 priores,

376 1676 504 1700 errare
539 1669 713 1711 posteros
741 1673 748 1696 :
775 1667 898 1696 totum
938 1658 1125 1694 mundum
1157 1658 1269 1694 etiam
1296 1666 1384 1708 post

374 1724 536 1760 effusum
557 1720 696 1759 Christi
713 1719 935 1768 sanguinem
955 1718 1149 1768 perditum
1171 1718 1217 1754 iri
1244 1733 1251 1754 :
1271 1726 1308 1754 et
1336 1717 1384 1754 ad

375 1784 500 1828 solos,
530 1794 627 1831 quos
659 1779 825 1830 decipit,
863 1787 960 1815 totas
994 1778 1284 1814 miserationum
1313 1778 1385 1815 Dei

1455 399 1680 450 plicioribus
1703 399 1859 449 populi,
1878 400 1938 435 vel
1959 398 2006 436 ab
2021 400 2148 450 aliqua
2174 409 2455 454 matronarum;

1456 461 1494 497 id
1526 460 1696 497 ludendo
1725 459 1837 504 aleis,
1875 467 1940 495 aut
1969 468 2071 497 certe
2101 460 2139 497 in
2161 474 2253 497 usus
2272 463 2458 513 turpiores

1456 521 1619 571 turpiter
1640 519 1874 557 effundebat.
1895 523 2134 570 Frequenter
2158 521 2345 570 siquidem
2373 532 2459 575 post

1456 580 1636 617 diurnum
1661 579 1797 630 populi
1822 580 1999 630 plausum
2014 608 2024 626 ‚
2049 588 2163 617 nocte
2184 580 2354 620 insecuta
2372 597 2457 624 cum
2488 629 2490 632 y

1456 639 1720 678 meretricibus
1751 640 1931 677 inventus
1950 648 2008 676 est
2026 639 2255 690 praedicator
2279 641 2458 693 insignis,
2475 689 2478 692 ⁴

1455 709 1493 737 et
1509 700 1704 737 interdum
1734 700 1848 737 etiam
1868 713 1954 737 cum
1984 698 2209 750 conjugatis.
2229 701 2385 751 Inquire
2399 731 2410 750 ,
2427 704 2459 743 si

1455 761 1598 812 placet,
1625 761 1685 797 vir
1712 759 1872 808 nobilis,
1891 759 2089 810 quomodo
2110 759 2158 796 de
2176 763 2350 799 Lausana
2365 763 2456 802 civi-

1456 829 1531 858 tate
1557 820 1712 868 exierit3
1751 819 1948 871 quomodo
1981 819 2028 857 de
2054 821 2332 869 Cenomannis,
2361 836 2459 873 quo-

1454 881 1570 918 modo
1591 881 1637 918 de
1657 881 1821 928 Pictavi;
1849 879 2047 930 quomodo
2067 879 2114 917 de
2139 880 2341 931 Burdegali
2365 896 2459 922 :nec

1454 949 1559 990 patet
1579 941 1614 977 ei
1635 941 1784 991 uspiam
1811 940 2041 978 reversionis
2069 940 2215 987 aditus,
2243 949 2377 992 utpote
2395 945 2458 995 qui
2508 966 2511 975 x

1455 1000 1555 1037 foeda
1572 1009 1659 1050 post
1690 1013 1730 1037 se
1757 1000 1901 1050 ubique
1921 1000 2120 1050 reliqii'erit
2137 1001 2308 1051 vestigia.
2327 1005 2383 1039 Tu
2412 1003 2458 1042 de
2487 1033 2492 1042 .

1454 1124 1580 1157 Terrae
1599 1120 1774 1170 profecto
1799 1120 1839 1157 in
1862 1133 1937 1170 qua
1959 1128 2037 1167 est,
2056 1120 2145 1157 fecit
2162 1120 2280 1158 fetere
2297 1121 2454 1162 odorem

1453 1181 1492 1217 in
1509 1181 1688 1218 universa
1711 1190 1813 1218 terra
1841 1196 1849 1218 :

1410 1059 1519 1096 Btali
1553 1059 1690 1097 arbore
1732 1059 1886 1097 taudem
1925 1058 2049 1096 bonos
2082 1060 2263 1110 sperabas
2292 1061 2457 1102 fructus?
2488 1061 2490 1087 ἶ

1885 1180 1974 1230 quia
1995 1194 2068 1216 non
2087 1190 2233 1229 potest,
2251 1180 2363 1231 juxta
2378 1196 2458 1221 ser-
2488 1207 2489 1210 =

1453 1255 1607 1278 monem
1634 1242 1812 1288 Domini,
1847 1241 1961 1277 arbor
1986 1242 2089 1277 mala
2101 1239 2251 1289 fructus
2271 1241 2383 1279 bonos
2393 1241 2457 1292 sa-

1451 1315 1533 1338 cere
1548 1308 1572 1339 ¹.

1505 1362 1541 1400 4.
1563 1365 1654 1399 Haec
1677 1375 1788 1412 ergo,
1823 1369 1865 1398 ut
1893 1361 1992 1409 dixi,
2025 1374 2137 1399 causa
2156 1360 2343 1399 adventus
2372 1362 2455 1402 mei.
2487 1385 2490 1390 ·

1450 1426 1526 1460 Nec
1547 1436 1568 1459 a
1587 1435 1647 1458 me
1667 1422 1750 1471 ipso
1773 1435 1876 1458 nunc
1892 1422 2022 1468 venio,
2045 1421 2112 1459 sed
2133 1422 2336 1459 vocatione
2356 1423 2458 1473 pari-

1451 1491 1509 1519 ter
1544 1491 1581 1519 et
1613 1482 1858 1519 miseratione
1890 1482 2072 1519 Ecclesiae
2105 1482 2236 1519 trahor

1450 1543 1559 1593 spina
1579 1543 1667 1588 illa,
1692 1551 1729 1579 et
1748 1556 1868 1593 prava
1899 1543 2039 1593 ipsius,
2069 1542 2160 1579 dum
2193 1542 2318 1580 adhuc
2342 1556 2458 1594 parva

1450 1611 1566 1650 sunt,
1610 1603 1782 1653 germina
1817 1602 1864 1639 de
1902 1616 1994 1653 agro
2026 1603 2221 1640 dominico
2256 1603 2457 1654 exstirpari

1450 1673 1610 1714 queant,
1634 1678 1711 1701 non
1734 1678 1818 1701 mea
1834 1693 1843 1710 ‚
1869 1665 1935 1714 qui
1953 1665 2081 1701 nullus
2101 1677 2183 1701 sum
2196 1693 2206 1710 ,
2228 1663 2295 1701 sed
2313 1673 2459 1702 sancto·
2510 1680 2514 1687 ·

1451 1739 1559 1772 rum,
1594 1739 1680 1762 cum
1710 1724 1850 1775 quibus
1881 1738 1988 1770 sum,
2023 1725 2297 1775 CPlSCOPOl'lllll
2318 1738 2456 1772 manu,

1452 1794 1515 1822 tua
1538 1799 1694 1835 quoque
1710 1785 1860 1835 potenti
1875 1784 2032 1822 dextera
2048 1793 2295 1835 cooperante.
2314 1789 2358 1822 In
2373 1785 2457 1835 qui-
2485 1795 2494 1831 ,ζ

2268 1498 2276 1520 ;
2306 1482 2335 1519 si
2362 1483 2458 1521 forte
2486 1498 2489 1503 ·
2511 1504 2514 1513 τ

2485 1750 2494 1792 .-μ
2485 1660 2491 1725 m-ae-
2486 1599 2489 1606 .

375 1844 545 1888 divitias,
573 1850 609 1878 et
626 1840 883 1878 universitatis
901 1839 1058 1889 gratiam
1083 1839 1314 1888 pervenisse.
1338 1842 1385 1875 Et
1407 1846 1433 1881 C
1451 1845 1522 1883 bus
1542 1847 1760 1897 ppaecjpuus
1780 1854 1835 1883 est
1855 1844 2082 1882 venerabilis
2100 1845 2284 1883 Ostiensis
2310 1846 2456 1895 episco-
2485 1881 2489 1886 ¹

377 1918 478 1942 nunc
500 1902 614 1952 hujus
646 1902 701 1938 rei
729 1901 849 1950 gratia
864 1929 873 1946 ,
896 1900 983 1936 licet
1011 1900 1049 1936 in
1071 1899 1190 1935 multa
1209 1899 1382 1948 corporis

376 1964 617 2009 infirmitate,
654 1963 724 1998 iter
752 1960 898 2010 arripui
929 1960 976 1997 ad
1006 1960 1073 1996 has
1093 1965 1257 2010 partesfl,
1289 1973 1382 2009 quas

375 2025 615 2076 potissimum
646 2022 846 2071 singularis
883 2022 984 2058 ferus
1019 2021 1255 2070 depascitur,
1290 2020 1381 2056 dum

376 2099 454 2121 non
475 2093 529 2121 est
551 2084 614 2133 qui
638 2082 803 2127 resistat,
828 2094 952 2130 neque
988 2081 1053 2130 qui
1085 2081 1231 2116 salvum
1258 2081 1379 2117 faciat.

374 2146 527 2195 Quippe
558 2143 604 2179 de
645 2151 724 2178 tota
759 2142 916 2179 Francia
948 2154 1020 2191 pro
1057 2141 1168 2177 simili
1195 2140 1382 2190 effugatus

378 2206 520 2244 malitia
534 2234 543 2251 ,
564 2205 630 2240 has
646 2203 744 2240 solas
762 2202 830 2239 sibi
848 2203 995 2238 invenit
1012 2202 1226 2252 expositas,
1244 2201 1283 2237 iu
1300 2201 1382 2250 qui-

375 2267 448 2304 bus
468 2265 694 2302 fiducialiter
726 2262 796 2300 sub
832 2272 896 2300 tuo
932 2263 1131 2299 dominatu
1160 2262 1199 2298 in
1228 2275 1381 2311 gregem

376 2327 513 2365 Christi
532 2334 612 2362 toto
633 2325 762 2361 surore
784 2323 1015 2369 bacchatur,
1034 2323 1139 2373 quod
1165 2331 1280 2359 tuone
1305 2323 1380 2359 ho-

373 2388 458 2425 nori
480 2394 684 2436 congruat,
704 2385 883 2435 princeps
901 2384 1077 2430 illustris,
1098 2382 1377 2433 ipsejiiclicato.

367 2452 444 2486 Nec
473 2446 611 2482 mirum
644 2453 769 2481 tamen
785 2472 795 2489 ,
819 2444 851 2480 si
873 2444 1109 2494 serpensille
1130 2442 1287 2480 callidus
1312 2443 1379 2480 de—

366 2508 466 2558 cepit
487 2515 543 2553 te,
566 2506 710 2555 quippe
728 2504 893 2555 speciem
914 2504 1066 2554 pietatis
1082 2502 1245 2550 habens,
1267 2503 1376 2552 cujus

364 2569 545 2605 virtutem
566 2566 719 2615 penitus
740 2564 954 2614 abnegavit.

417 2629 453 2665 3.
476 2627 548 2666 Sed
566 2639 669 2663 nunc
687 2625 775 2662 audi
793 2625 878 2674 quis
898 2625 961 2660 ille
978 2624 1036 2660 sit.
1055 2626 1184 2660 Homo
1203 2632 1375 2673 apostata
1392 2625 1425 2658 D

363 2698 417 2726 cst
439 2703 445 2724 :
465 2688 529 2737 qui
559 2687 691 2724 relicto
723 2685 918 2733 religionis
949 2683 1081 2720 habitu
1100 2683 1213 2734 (nam
1238 2697 1374 2720 mona—

361 2750 452 2785 chus
468 2747 638 2785 exstitit*
655 2746 687 2796 ),
710 2745 756 2781 ad
790 2745 990 2795 spurcitias
1017 2745 1140 2780 carnis
1163 2752 1200 2780 et
1221 2744 1347 2780 sacculi
1362 2774 1372 2791 ,

363 2819 554 2858 tamquam
572 2808 675 2844 canis
694 2805 740 2842 ad
757 2818 867 2842 suum
888 2804 1091 2850 vomitum,
1110 2812 1166 2840 est
1182 2817 1370 2841 reversus.

359 2874 440 2907 Prae
461 2869 685 2904 confusione
707 2874 833 2902 autem
866 2864 1039 2901 habitare
1069 2865 1167 2901 inter
1188 2873 1369 2913 cognatos

358 2937 395 2965 et
413 2936 525 2964 notos
546 2940 624 2963 non
641 2926 851 2971 sustinens,
874 2925 933 2961 vel
956 2925 1085 2974 potius
1107 2938 1182 2961 nou
1204 2925 1365 2974 permis-

360 3001 423 3025 sus
451 2987 500 3023 ob
525 2985 824 3036 magnitudinem
847 2985 1034 3031 criminis3
1066 2985 1251 3021 succinxit
1272 2985 1367 3021 hun-

360 3049 430 3086 bos
450 3060 560 3092 suos,
577 3055 614 3083 ct
628 3047 698 3082 iter
715 3059 790 3095 qua
808 3045 1001 3081 nesciebat
1019 3074 1028 3091 ,
1047 3046 1230 3095 arripuit,
1248 3045 1367 3083 factus

359 3121 575 3160 ,gyrovagus
602 3116 639 3143 ct
659 3107 844 3156 profugus
870 3119 985 3155 super
1015 3114 1166 3142 terrain.
1193 3109 1366 3155 Cumque

361 3169 576 3206 mendicare
597 3167 795 3216 coepisset,
829 3166 958 3215 posuit
990 3166 1027 3202 iu
1050 3174 1204 3215 sumptu
1243 3170 1366 3202 Exau-

362 3230 501 3280 gelium
519 3228 530 3279 (
551 3241 636 3264 uam
657 3227 844 3264 litteratus
864 3235 943 3262 crat
958 3225 992 3276 ),
1013 3234 1049 3263 et
1074 3226 1207 3262 venale
1231 3226 1366 3263 distra-

411 3369 420 3385 ¹
437 3361 551 3395 Malth.
572 3373 641 3399 vn,
665 3363 717 3392 18.

1448 1921 1520 1958 pus
1531 1908 1560 1954 *,
1576 1907 1623 1944 ab
1639 1908 1848 1958 apostolica
1868 1907 1963 1944 Sede
1977 1906 2024 1943 ad
2041 1907 2114 1943 hoc
2130 1907 2255 1956 ipsum
2271 1905 2455 1954 directus;
2508 1925 2509 1930 =

1448 1969 1565 2004 homo
1587 1969 1652 2017 qui
1675 1982 1809 2018 magna
1843 1968 1931 2005 fecit
1950 1968 1988 2004 in
2016 1967 2155 2013 Israel,
2189 1975 2227 2003 et
2258 1967 2454 2004 victoriam
2486 1998 2487 2001 ,

1449 2027 1553 2064 dedit
1573 2029 1749 2065 Ecclesiae
1765 2041 1842 2064 suae
1863 2028 1901 2064 in
1919 2028 2046 2064 multis
2062 2041 2132 2078 per
2146 2028 2253 2064 illum
2271 2028 2456 2066 Dominus
2485 2048 2488 2054 ·

1449 2087 1706 2137 omnipotens.
1729 2091 1808 2124 Tua
1829 2087 2010 2134 interest,
2037 2087 2096 2123 vir
2115 2087 2259 2136 inclyte
2272 2116 2281 2133 ,
2300 2086 2456 2124 honori-

1449 2148 1518 2183 fice
1537 2148 1730 2197 suscipere
1747 2148 1875 2193 illum,
1904 2155 1942 2184 et
1961 2161 2026 2185 eos
2043 2147 2109 2197 qui
2126 2160 2213 2184 cum
2236 2147 2321 2198 ipso
2343 2155 2451 2194 sunt;

1449 2220 1490 2243 ac
1511 2221 1558 2244 ne
1582 2216 1709 2245 tantus
1737 2207 1847 2245 labor
1866 2216 2061 2245 tantorum
2081 2208 2273 2255 virorum,
2290 2221 2365 2258 pro
2392 2216 2455 2246 tua
2507 2228 2510 2236 .

1448 2268 1688 2318 potissimum
1708 2277 1940 2319 tuorumque
1955 2269 2077 2306 salute
2093 2276 2314 2319 susceptus,
2335 2268 2454 2305 ineffi-

1449 2342 1516 2364 cax
1536 2329 1601 2375 sit,
1625 2328 1835 2365 secundum
1868 2337 2098 2380 potestatem
2129 2328 2296 2380 desuper
2329 2329 2452 2366 datam
2483 2355 2487 2366 .

1447 2389 1516 2426 tibi
1536 2403 1694 2440 operam
1720 2389 1824 2427 dare.

2081 2538 2165 2548 xxxx»-
2169 2539 2251 2548 wssxm
2255 2538 2338 2548 xxx-zm
2343 2538 2394 2548 ιιιι
2398 2537 2452 2547 nnn

1578 2660 1949 2716 EPISTULA
2014 2647 2325 2716 CCXL11.¹'

1574 2822 1619 2844 AD
1637 2822 1865 2856 TOLOSANOS,
1890 2822 1980 2846 POST
2007 2822 2180 2845 REDITUM
2201 2821 2314 2845 SUUM.

1433 2938 1570 2969 Sollicite
1594 2937 1774 2979 fugiendos,
1797 2938 1860 2969 imo
1879 2944 1910 2970 et
1932 2937 2085 2980 fugandos
2106 2937 2280 2969 haereticos.
2298 2939 2447 2968 Exercen-
2481 2935 2485 2951 ³

1480 2992 1552 3023 dam
1566 2992 1818 3036 hospitalitatem.
1835 2996 1901 3026 Nec
1914 2993 2040 3035 quosvis
2053 2991 2275 3036 praedicatores
2288 2991 2447 3023 admitten-

1481 3047 1548 3079 dos.

1492 3169 1522 3204 l.
1546 3171 1587 3205 In
1617 3168 1784 3205 adventu
1807 3167 2016 3205 charissimi
2038 3166 2163 3204 fratris
2193 3172 2233 3204 et
2250 3163 2441 3203 coabbatis

1435 3229 1553 3265 nostri
1575 3229 1757 3266 Bernardi
1778 3229 1824 3266 de
1842 3227 2110 3267 Grandi-Silva
2122 3256 2132 3274 ,
2151 3226 2438 3271 exsultavimus,

1280 3362 1292 3376 ³
1312 3360 1393 3391 Yide
1410 3360 1524 3391 librum
1544 3364 1561 3391 :3
1581 3361 1662 3391 Yiloe
1677 3385 1683 3398 ,
1700 3371 1770 3402 cap.
1795 3364 1826 3391 ὓ.
1852 3378 1894 3382 —·
1910 3353 1925 3376 ¹³
1943 3358 2066 3402 Scripta
2081 3369 2164 3390 anno
2180 3357 2295 3391 Clu-isti
2317 3358 2420 3389 1147.
