2517 3920
364 238 459 274 1413
1137 240 1169 271 S.
1204 235 1455 270 mamam
1488 233 1687 267 ABBA't'ls'
2348 228 2443 263 lile

355 316 444 353 milii
470 316 557 366 plus
588 315 766 352 novitatis
794 314 991 359 curiosus,
1024 326 1138 363 quam
1171 312 1364 349 studiosus
1375 308 1595 359 ⁴³⁵⁰prorsus
1622 304 1834 344 incredibili
1862 304 2038 340 felicitate
2067 311 2289 341 cerneretur
2310 304 2446 354 imple-

353 377 549 421 veritatis;
582 376 807 426 gravarique
835 375 881 412 de
902 375 1006 411 omni
1040 387 1079 410 re
1110 373 1250 410 sentire
1280 385 1366 408 cum
1391 372 1417 404 A
1438 377 1542 415 tum,
1566 367 1672 418 quod
1687 369 1839 415 Moyses
1861 363 2040 415 optabat,
2067 377 2152 401 cum
2171 363 2335 409 diceret,
2358 365 2448 410 Quis

355 435 454 479 aliis,
480 444 516 471 et
534 435 659 472 dicere
687 434 791 485 quod
814 443 878 471 aut
898 434 1000 471 solus
1024 446 1101 469 non
1123 432 1281 476 dixerit,
1304 438 1368 467 aut

357 495 514 544 primus.
538 496 649 534 Unde
669 497 710 532 fit
733 505 774 533 ut
795 496 833 532 in
854 495 912 531 his
931 508 1016 544 quae
1034 494 1147 530 sentit
1168 493 1227 528 vel
1245 491 1368 541 loqui-

360 563 435 602 tur,
465 556 621 593 modum
652 556 810 593 omnino
844 564 972 591 tenere
1009 562 1074 590 aut
1104 553 1272 602 ignoret,
1305 556 1370 588 aut

358 615 580 655 dissimulet.
603 620 698 653 Ecce
718 617 818 653 enim
840 624 877 651 ct
900 615 937 651 in
957 615 1025 650 liae
1049 613 1256 650 assertione
1280 626 1369 659 sua,

358 675 449 712 dum
472 691 582 726 pares
602 677 639 714 in
662 677 816 713 scientia
846 676 931 711 facit
953 687 1086 711 omnes
1114 674 1178 723 qui
1210 682 1370 710 ventura

358 736 583 785 sperabant,
606 737 648 773 iis
668 736 733 786 qui
753 735 943 786 prieterita
959 735 1107 783 legunt3
1133 737 1254 770 Deum
1277 747 1369 783 pro-

358 795 459 831 fecto
493 804 558 832 aut
589 796 701 831 nimis
733 808 890 844 parcum
927 793 1129 844 praedicat,
1162 802 1227 829 aut
1257 793 1369 830 nimis

358 855 523 903 largum,
542 855 694 891 oculum
713 853 952 890 discretionis
970 866 1016 889 ex
1038 853 1141 889 nulla
1158 861 1265 902 parte
1283 866 1370 903 ape-

357 915 470 951 riens.
490 918 566 951 Aut
585 914 685 950 enim
705 927 907 950 numerum
928 913 1138 949 electorum
1155 912 1256 948 illius
1279 921 1370 948 tem-

358 975 463 1024 poris
488 974 558 1011 sub
587 975 775 1024 paucitate
805 973 940 1023 redigit
958 973 1240 1010 rarissimorum
1258 973 1370 1022 spiri-

357 1035 540 1080 tualium,
565 1048 660 1084 quos
685 1049 756 1085 pro
778 1048 854 1071 suae
883 1034 1093 1071 sanctitatis
1114 1034 1269 1083 speciali
1299 1048 1368 1070 ex-

1435 428 1540 464 (labit
1556 438 1593 464 uc
1612 439 1739 463 omnes
1755 425 1979 474 prophetent
1992 425 2022 459 ¹?
2042 427 2198 472 Quaeso,
2216 423 2309 474 quid
2326 423 2447 460 simile

1434 489 1560 525 attulit
1578 486 1849 537 Evangelium?
1872 489 2027 523 Frustra
2045 485 2231 534 gloriatur
2246 485 2385 522 Paulus
2401 484 2448 521 de

1436 548 1613 599 primitiis
1642 547 1820 598 spiritus,
1843 558 1937 595 quas
1964 558 2002 581 se
2027 553 2136 595 putat
2168 558 2253 581 cum
2276 545 2354 581 suis
2381 558 2449 581 co-

1436 609 1617 659 apostolis
1638 607 1847 657 accepisse,
1869 619 1955 642 cum
1988 605 2040 642 nil
2072 606 2144 642 tale
2161 605 2201 642 in
2221 604 2355 642 diebus
2373 606 2449 641 suis

1437 670 1606 720 potuerit
1637 668 1816 719 experiri.
1853 666 2028 716 Denique
2060 665 2185 703 aiebat
2217 680 2224 702 :
2257 667 2453 714 Numquid

1437 745 1564 767 omnes
1577 730 1778 779 propheta?
1793 730 1830 764 ²?
1859 731 2012 765 Frustra
2025 756 2035 774 ‚
2062 727 2216 776 inquam
2233 757 2243 773 ‚
2265 726 2451 776 gloriatur

1436 791 1482 827 de
1505 790 1709 840 Evangelio
1730 802 1823 834 suo,
1847 787 1936 837 quia
1958 800 2036 823 non
2056 786 2104 823 ab
2124 787 2304 834 homine,
2326 798 2451 836 neque

1436 864 1506 900 per
1523 850 1715 886 hominem
1739 847 1833 884 illud
1851 847 2063 897 acceperit,
2085 847 2151 884 sed
2168 846 2276 897 quasi
2297 847 2468 897 speciali⁷

1436 910 1601 960 quadam
1636 908 1888 958 praerogativa
1932 921 2001 957 per
2040 907 2313 944 revelationem
2359 911 2449 944 Jesu

1437 967 1599 1007 Christi3
1621 983 1630 1005 ε
1654 981 1740 1005 cum
1758 975 1795 1004 et
1815 974 1902 1003 ante
1923 967 2049 1016 ipsum
2069 979 2140 1016 per
2157 966 2343 1016 Spiritum
2362 980 2452 1004 san-

1436 1039 1538 1066 ctum
1570 1029 1684 1066 fuerit
1712 1028 1824 1064 etiam
1853 1027 2006 1077 populis
2034 1027 2256 1064 revelatum.
2291 1027 2363 1066 Sed
2382 1041 2453 1064 nec

355 1095 527 1131 cellentia
563 1095 727 1144 insignes
754 1095 995 1144 illustresque
1027 1094 1099 1130 illis
1133 1093 1370 1143 temporibus
1391 1092 1418 1126 B
1437 1091 1634 1141 apostolus
1660 1093 1794 1126 Petrus
1822 1088 1998 1138 profecto
2028 1086 2161 1124 debuit
2180 1087 2452 1137 propheticum

356 1155 558 1199 exstitisse,
579 1169 622 1192 ae
643 1155 824 1204 singulari
844 1168 1003 1191 munere
1024 1155 1185 1204 Spiritus
1206 1154 1366 1203 singula,

356 1216 409 1251 uti
426 1224 588 1252 ventura
605 1224 712 1252 erant
724 1245 733 1262 ,
750 1214 961 1265 praevidere
979 1215 1185 1252 certissime
1200 1216 1369 1265 potuisse

356 1276 550 1325 Scriptura
570 1285 866 1322 commemorat3
895 1276 1004 1313 etsie
1032 1276 1143 1313 nimis
1171 1275 1369 1312 abbreviat

357 1348 510 1373 manum
531 1336 619 1382 Dei,
639 1336 728 1372 dum
748 1345 887 1386 praeter
907 1350 1049 1386 paucos
1069 1337 1154 1373 illos
1172 1336 1369 1386 perfectis—

355 1395 488 1443 simos,
527 1396 717 1433 neminem
757 1410 803 1432 eo
845 1405 1018 1446 tempore
1049 1405 1159 1446 putat
1198 1396 1368 1446 potuisse

354 1457 490 1493 salvari
513 1473 520 1494 ε
544 1466 607 1494 aut
625 1467 746 1504 certe,
771 1457 799 1493 si
825 1466 861 1494 et
878 1457 940 1493 illa
965 1465 1136 1506 tempora
1158 1456 1366 1504 multitudi-

355 1529 441 1552 nem
463 1518 735 1554 salvandorum
764 1519 876 1554 ctiam
905 1526 1044 1567 praeter
1072 1517 1163 1553 istos
1189 1515 1366 1553 habuisse

358 1590 435 1613 non
462 1578 671 1623 (liflitetur;
696 1592 893 1628 maguam,
921 1578 987 1614 sed
1014 1577 1221 1614 inauditam
1248 1577 1367 1613 divini

355 1639 524 1675 muneris
541 1639 752 1688 largitatem
768 1639 887 1675 veteri
910 1639 1054 1689 populo
1073 1638 1248 1674 collatam
1268 1651 1369 1675 asse-

356 1698 403 1734 rit
430 1714 437 1735 :
460 1699 647 1748 siquidem
677 1713 829 1736 omnem
860 1700 961 1735 illam
985 1698 1268 1735 multitudinem
1291 1712 1371 1734 om-

357 1759 440 1804 nia,
462 1772 546 1808 quae
574 1760 619 1795 de
642 1760 824 1807 mysterio
851 1768 989 1795 nostrie
1016 1758 1289 1808 redemptionis
1313 1772 1373 1794 su-

357 1819 486 1868 perius
510 1827 730 1855 enumerata
760 1827 867 1862 sunt,
894 1818 1038 1866 liquido
1068 1818 1372 1868 praecognovisse

1436 1151 1530 1187 illud
1551 1151 1597 1187 ad
1627 1163 1693 1187 sua
1711 1158 1884 1199 tempora
1912 1155 2136 1198 retorquere
2148 1176 2158 1194 ,
2176 1145 2389 1194 Effundam
2406 1149 2454 1183 de

1437 1213 1577 1261 Spiritu
1598 1225 1678 1247 meo
1700 1222 1813 1259 super
1822 1208 1930 1255 filios
1950 1216 1987 1243 et
1991 1209 2102 1254 filias
2119 1216 2280 1251 vestras,
2305 1217 2341 1243 et
2356 1222 2452 1256 pro-

1431 1271 1638 1321 phetabunt
1652 1271 1736 1318 filii
1762 1273 1878 1306 vestri
1908 1277 1943 1304 et
1956 1268 2109 1315 filioe43
2145 1268 2175 1305 si
2195 1267 2454 1305 abundantior

1431 1332 1511 1382 jam
1538 1338 1784 1383 praecesserat
1814 1328 2012 1366 transactis
2037 1329 2182 1366 saeculis
2211 1329 2346 1366 effusio
2368 1330 2453 1380 Spi-

1437 1393 1542 1429 ritus.
1573 1396 1650 1430 Aut
1676 1399 1777 1427 certe
1803 1389 2017 1439 Propheta,
2048 1389 2109 1425 vel
2139 1388 2268 1438 potius
2290 1389 2330 1425 in
2356 1393 2453 1427 Pro-

1433 1454 1547 1504 pheta
1575 1456 1679 1490 Deus
1714 1450 1772 1502 (si
1803 1463 1894 1486 vere
1922 1449 1986 1485 illa
2020 1457 2194 1499 tempora
2221 1449 2450 1499 apostolica,

1433 1526 1518 1549 cum
1536 1512 1609 1548 hoc
1626 1511 1787 1556 diceret,
1808 1507 2062 1559 intuebatur),
2083 1521 2160 1545 non
2179 1509 2306 1559 plane,
2324 1507 2453 1557 essun-

1435 1575 1536 1617 dum,
1563 1572 1650 1620 sed,
1671 1571 1898 1609 Subtraham
1920 1570 2038 1620 magis
2058 1572 2105 1605 de
2127 1571 2268 1618 Spiritu
2291 1584 2371 1606 mco
2393 1570 2450 1606 di-

1438 1635 1535 1670 xisse
1566 1633 1765 1670 debuerat.
1789 1632 1889 1680 Quid
1920 1632 2046 1669 enim?
2076 1630 2106 1667 si
2140 1630 2226 1667 filiis
2259 1630 2455 1679 Evangelii

1437 1708 1569 1731 omnes
1589 1703 1738 1730 veteres
1764 1691 1890 1741 justos
1910 1705 2021 1741 pares
2043 1691 2200 1727 facimus
2217 1691 2257 1727 in
2283 1691 2454 1737 scientia,

1440 1755 1627 1804 numquid
1660 1766 1738 1790 non
1769 1761 1806 1789 et
1841 1753 2059 1802 superiores
2088 1751 2128 1787 in
2163 1751 2282 1800 gratia
2316 1764 2454 1787 conse-

1441 1824 1602 1866 quenter
1621 1815 1728 1851 fateri
1746 1827 1898 1850 necesse
1915 1814 1997 1849 est?
2017 1820 2152 1862 utpote
2173 1824 2271 1861 quos
2295 1824 2372 1848 non
2396 1812 2454 1847 le-

357 1879 582 1916 constiterit.
605 1881 698 1916 Cum
716 1879 816 1915 enim
835 1892 880 1914 ex
897 1877 953 1914 his
970 1878 1166 1927 quidpiam
1187 1887 1277 1914 tunc
1298 1892 1367 1915 nee
1388 1878 1414 1912 C
1438 1877 1528 1921 ctio,
1555 1876 1652 1912 sieut
1672 1887 1761 1919 nos,
1783 1882 1848 1910 aut
1868 1873 2103 1923 praetlicati0‚
2132 1871 2198 1909 sed
2220 1871 2302 1922 ipsa
2321 1872 2453 1908 unctio

360 1940 543 1989 scriptum
573 1940 792 1984 manifeste,
830 1952 899 1974 nec
937 1937 1088 1987 publice
1120 1939 1368 1987 praedicatum

358 1999 471 2036 fuisse
489 1999 729 2036 manifestum
752 1999 799 2035 sit
819 2014 826 2035 ε
847 2007 962 2034 restat
980 2006 1020 2034 ut
1040 1999 1225 2034 fateamur
1243 1999 1369 2035 omnia

359 2059 537 2096 omnibus
554 2073 621 2109 per
637 2059 818 2109 Spiritum
835 2059 999 2095 revelata
1015 2059 1150 2105 suisse3
1165 2058 1266 2094 etsie
1283 2071 1369 2094 om-

358 2131 425 2154 ncs
449 2117 682 2167 spirituales,
706 2129 838 2153 omnes
858 2117 1068 2166 perfectos,
1090 2129 1223 2153 omnes
1250 2117 1369 2153 exsti-

359 2178 446 2214 tisse
466 2178 691 2227 prophetas,
719 2185 911 2226 quotquot
939 2176 986 2213 ab
1020 2177 1186 2214 adventu
1216 2177 1371 2213 Domini

360 2246 463 2274 retro
480 2237 573 2286 justi
600 2246 637 2273 et
656 2238 748 2274 salvi
770 2238 934 2274 suerunt.
954 2237 1040 2275 Fuit
1064 2238 1190 2286 itaque
1207 2238 1372 2287 antiquis

362 2298 599 2348 temporibus
619 2307 684 2335 aut
706 2312 861 2349 perrara
891 2299 1008 2344 salus>
1030 2307 1093 2335 aut
1114 2299 1273 2334 nimium
1296 2312 1371 2335 nu-

362 2373 512 2396 merosa
539 2359 723 2409 perfectio
750 2374 757 2395 :
791 2372 956 2408 quorum
992 2358 1145 2408 quidem
1175 2358 1374 2408 quodlibet

363 2433 495 2469 sapere
509 2449 518 2466 ‚
543 2419 781 2456 discretionis
803 2419 984 2455 terminos
1008 2419 1190 2456 excedere
1211 2429 1278 2456 est.

422 2480 480 2516 12.
505 2479 616 2528 Quod
635 2479 666 2515 si
687 2478 838 2515 videtur
855 2478 1090 2515 tolerabilius
1105 2508 1113 2524 ‚
1137 2480 1214 2515 imo
1236 2488 1273 2516 et
1293 2484 1375 2517 Deo

365 2540 540 2589 digniusa
564 2539 779 2588 judicatur,
817 2540 981 2590 replesse
1010 2539 1138 2589 potius
1167 2548 1205 2576 et
1239 2539 1376 2577 ditasse

365 2601 500 2637 saecula
520 2601 582 2637 illa
602 2600 846 2637 multitudine
866 2601 1124 2650 perfectorum
1142 2629 1150 2646 ‚
1174 2614 1287 2649 quam
1309 2601 1378 2637 sal-

1437 1937 1614 1973 docuerit
1635 1948 1768 1972 omnes
1793 1933 1839 1970 de
1854 1932 2048 1970 omnibus.

1498 1998 1556 2033 13.
1580 2000 1670 2033 Esto
1692 2003 1820 2031 tamen
1844 2009 1850 2030 :
1876 1994 2084 2030 toleremus
2106 2005 2176 2029 nos
2200 2000 2370 2028 nostram
2391 1991 2454 2028 in—

1433 2056 1595 2106 juriam,
1626 2065 1663 2093 et
1693 2055 1868 2106 Apostoli
1897 2066 2053 2104 quoque
2083 2066 2213 2099 suam,
2239 2061 2282 2089 ut
2302 2060 2340 2089 et
2360 2052 2454 2102 ipsis

1437 2117 1585 2154 minimi
1602 2117 1714 2153 etiam
1736 2116 1984 2165 antiquorum
2002 2114 2198 2164 justorum
2229 2126 2455 2164 comparen-

1439 2177 1557 2214 turin
1589 2177 1763 2223 scientia,
1787 2176 2042 2227 praefe1·antur
2067 2176 2107 2212 in
2131 2174 2262 2225 gratia.
2294 2173 2368 2212 Sed
2392 2181 2450 2211 est

1438 2251 1528 2274 sane
1549 2238 1654 2288 quod
1677 2237 1757 2274 ullo
1780 2237 1940 2273 omnino
1969 2245 2082 2287 pacto
2103 2249 2182 2273 non
2206 2235 2386 2281 ferimus,
2417 2242 2455 2271 et

1439 2300 1597 2346 merito;
1629 2308 1670 2336 ut
1696 2299 1885 2336 Dominus
1905 2298 2085 2335 videlieet
2111 2296 2241 2347 gloriae
2269 2295 2456 2332 sentiatur

1439 2360 1498 2396 vel
1526 2360 1603 2396 falli
1624 2372 1793 2409 unquam
1816 2358 2006 2409 potuisse,
2027 2358 2088 2395 vel
2118 2357 2247 2394 fallere
2271 2355 2452 2393 voluisse.

1444 2424 1491 2457 Et
1510 2419 1663 2470 quidem
1682 2420 1763 2470 ipse
1780 2427 2014 2469 protestatus
2031 2427 2106 2466 est,
2123 2419 2225 2455 inter
2244 2424 2354 2453 natos
2372 2429 2456 2453 mu-

1444 2482 1583 2522 lierum
1618 2480 1802 2531 majorem
1833 2484 1982 2518 Joanne
2015 2480 2182 2530 Baptista
2215 2490 2295 2515 non
2326 2490 2454 2515 surre-

1443 2543 1542 2580 xisse
1556 2540 1581 2579 ⁵.
1612 2541 1708 2579 Vide
1739 2550 1867 2578 autem
1899 2540 1929 2577 si
1955 2553 2034 2576 non
2064 2552 2155 2576 vere
2186 2538 2323 2576 falsum
2347 2536 2456 2574 fateri

1446 2603 1619 2653 cogimur
1646 2601 1825 2639 Veritatis
1848 2601 1921 2637 hoc
1948 2599 2232 2646 testimonium,
2250 2599 2280 2636 si
2306 2606 2455 2636 tantum

365 2660 580 2697 vandorum
617 2668 723 2697 tanta
762 2660 874 2696 fuisse
907 2661 1096 2709 paucitate
1129 2669 1351 2697 contentum
1367 2689 1376 2706 ,
1396 2669 1428 2702 D
1449 2663 1662 2700 tribuamus
1682 2660 1876 2698 veteribus
1890 2690 1899 2708 ,
1920 2668 2108 2710 quantum
2126 2672 2197 2696 nec
2213 2658 2352 2696 Joanni
2368 2657 2455 2694 vin-

366 2729 553 2770 quatenus
583 2729 621 2757 et
653 2720 746 2757 salvi
777 2733 855 2757 non
881 2720 994 2770 pauci
1021 2729 1111 2757 tunc
1146 2721 1306 2766 fierent,
1338 2729 1376 2757 et

367 2794 500 2817 omnes
531 2781 779 2817 nihilominus
804 2781 939 2831 repleti
965 2781 1101 2831 spiritu
1124 2781 1374 2831 prophetico,

369 2840 529 2877 necdum
559 2841 726 2878 revelata
760 2842 939 2890 mysteria
967 2842 1046 2890 jam
1082 2850 1173 2878 tunc
1194 2850 1375 2891 penetra—

371 2908 455 2936 rent
477 2915 484 2936 :
507 2900 559 2945 si,
586 2901 760 2949 inquam,
788 2901 861 2937 hoc
887 2902 1083 2951 recipitur,
1114 2900 1375 2938 benedicimus

371 2959 524 3011 quidem
546 2964 668 2997 Deum
696 2961 733 2997 in
761 2962 872 2998 donis
889 2962 989 3009 suis;
1009 2962 1074 2999 sed
1101 2962 1193 3011 quid
1215 2963 1377 3012 tempori

370 3019 500 3070 gratiae
520 3028 754 3057 reservatum
775 3022 821 3057 sit
834 3051 843 3068 ‚
863 3035 941 3058 non
959 3022 1130 3059 videmus
1149 3037 1156 3059 :
1179 3023 1250 3059 nisi
1272 3023 1376 3072 quod

371 3091 522 3132 tempus
557 3081 684 3130 gratiae
717 3082 811 3118 illud
844 3086 972 3132 potius
1004 3084 1116 3134 juxta
1150 3085 1376 3122 sententiam

368 3142 467 3178 banc
498 3141 613 3177 fuerit
643 3141 912 3190 appellandum
927 3172 937 3190 ‚
963 3145 1000 3180 in
1028 3158 1105 3194 quo
1128 3153 1184 3181 tot
1203 3153 1240 3181 et
1264 3153 1376 3182 tantae

370 3201 438 3239 Dei
455 3201 601 3252 populo
618 3200 759 3238 divitiae
785 3201 939 3250 spiritus
962 3204 1191 3252 affluebant3
1212 3213 1254 3242 ut
1282 3205 1377 3242 illud

1443 2724 1570 2760 dicare
1589 2723 1774 2759 valemus.
1794 2725 1879 2758 Non
1900 2721 2034 2770 utique
2054 2720 2097 2756 fit
2129 2718 2271 2769 injuria
2294 2717 2454 2764 Joanni‚

1441 2784 1471 2820 si
1493 2782 1584 2833 quid
1605 2783 1799 2831 ignorasse
1817 2780 1987 2818 creditur
2010 2788 2076 2817 aut
2096 2779 2250 2825 dicitur,
2272 2772 2455 2815 nimirum

1442 2843 1547 2893 quod
1562 2851 1599 2880 et
1612 2843 1693 2893 ipse
1705 2855 1783 2878 non
1803 2841 2006 2878 diffitetur:
2020 2839 2086 2877 sed
2107 2839 2137 2876 si
2160 2838 2266 2889 quod
2284 2837 2456 2889 praeconi

1443 2904 1620 2943 Veritatis
1641 2916 1842 2952 negamus,
1865 2910 1997 2939 contra
2018 2900 2255 2951 praeconium
2275 2899 2455 2937 Veritatis

1444 2965 1552 3002 alteri
1578 2964 1732 3010 damus;
1753 2963 1827 3000 hoc
1853 2975 1932 2999 non
1960 2969 2107 2998 tantum
2134 2958 2294 3009 injuria,
2319 2958 2385 2996 sed
2417 2966 2456 2995 et

1443 3024 1680 3075 blasphemia
1722 3031 1803 3069 est,
1835 3031 1871 3060 et
1908 3023 2022 3072 plane
2066 3019 2329 3058 contradicere
2375 3032 2454 3056 non

1443 3085 1582 3123 Joanni
1595 3113 1604 3130 ‚
1625 3084 1690 3121 sed
1706 3083 1876 3121 Veritati.
1897 3081 1999 3131 Quid
2015 3082 2131 3130 ergo?
2149 3079 2304 3117 Amicus
2322 3078 2454 3129 sponsi

1444 3145 1612 3190 dubitat,
1636 3153 1674 3188 et
1700 3144 1857 3194 quaerit,
1886 3145 1940 3178 Tu
1965 3155 2004 3178 es
2023 3145 2089 3190 qui
2115 3150 2293 3177 venturus
2313 3153 2374 3184 es,
2403 3152 2454 3174 an

1444 3208 1562 3242 alium
1583 3212 1843 3253 exspectamus
1859 3201 1901 3239 ⁶?
1922 3210 1960 3239 et
1977 3214 2048 3239 nos
2068 3199 2238 3238 millibus
2255 3199 2453 3236 hominum

419 3344 427 3357 ¹
444 3338 541 3367 Num.
558 3346 607 3372 xx,
635 3338 689 3367 29-
706 3355 742 3357 e
763 3342 773 3357 ‘²
789 3340 800 3367 Ι
816 3339 887 3368 Cor.
907 3348 973 3375 xu,
993 3340 1047 3368 29.
1066 3357 1108 3360 »—
1127 3338 1138 3361 3
1156 3340 1257 3371 Galat.
1290 3353 1310 3372 t.
1324 3341 1395 3368 —4'
1416 3345 1483 3373 Aet.
1504 3354 1540 3379 ιι,
1567 3336 1710 3376 172'J0e1
1732 3351 1778 3377 11,
1801 3336 1936 3370 23.——5
1952 3336 2115 3369 Mauh.x1
2131 3332 2391 3374 ‚11.-⁶lbid.
2416 3336 2448 3365 3.

415 3401 428 3416 ³¹
445 3395 530 3426 Alias
544 3419 551 3432 ‚
563 3395 693 3438 juslius.
