2517 3936
0 3717 11 3936 &h—-ffl
3 3404 9 3708 v—-—-.—........-
3 3372 6 3382 ,
2 3329 5 3349 -..
2 3282 5 3320 Α,
2 3250 5 3272 ,Α

93 213 190 251 1337

717 218 1003 254 TRACTATUS
1031 220 1096 254 DE
1126 221 1399 257 DILIGENDO
1429 225 1536 259 DEO.

2060 236 2154 273 13:33

88 302 179 331 tunc
195 301 232 330 et
246 290 424 343 probabit
442 292 620 328 universa
634 292 846 331 dilectionis
865 296 1201 343 testi1uonia‚³⁸⁸et
1230 298 1361 335 sitiunt
1385 297 1568 347 justitiam
1584 328 1592 344 ,
1613 303 1790 349 quoniam
1816 307 2043 358 quandoque
2071 311 2154 360 ipsi,

87 367 171 404 quae
191 353 228 390 in
247 351 367 403 priori
384 351 573 397 adventu,
594 360 773 402 tanquam
796 354 842 391 de
863 356 1013 392 sinistra
1038 356 1094 392 di·
1115 353 1141 385 Α

84 413 193 460 lecti,
225 419 448 462 acceperat,
480 424 560 461 prae
599 412 845 450 multitudine
885 414 1096 453 dulcedinis

85 472 338 524 amplexantis
364 472 530 509 dexterae
559 473 858 520 contemnenda,
879 483 915 510 et
939 476 1096 512 omnino

79 532 160 583 jam
181 533 289 584 quasi
310 531 443 570 subtus
466 531 654 569 habenda.
677 533 821 587 Sentiet
845 535 950 583 quod
969 536 1097 572 audie-

85 602 143 631 rat
157 608 166 631 τ
189 594 283 630 Caro
299 607 373 630 non
382 595 540 643 prodest
551 595 756 642 quidquam
768 609 781 638 ,-
798 599 954 642 spiritus
967 605 1021 631 est
1032 600 1098 644 qni

83 655 286 702 vivficot¹.
306 653 489 692 Probabit
503 653 607 704 quod
630 654 773 704 legerat
791 669 798 690 :
819 655 976 703 Spiritus
991 669 1094 691 meus

81 729 198 765 super
220 718 296 752 mel
320 716 458 762 dulcis,
477 724 511 751 ee
531 715 734 750 hoereditas
749 728 832 750 mea
845 729 957 764 super
968 718 1044 751 mel
1062 725 1099 751 et

75 773 221 824 savum.
237 773 350 823 Quod
366 787 461 811 vero
474 774 664 824 sequitur,
677 775 865 810 Memoria
880 789 964 811 mea
979 779 1015 811 in
1031 785 1095 825 ge-

81 839 278 872 neratione
293 837 540 871 soeculorum²
551 849 562 881 ς
582 833 657 871 hoc
678 833 790 882 dicit,
808 835 895 885 quia
911 836 1094 885 quamdiu

81 902 182 932 stare
201 907 379 946 praesens-
392 895 564 932 cernitur
587 895 790 942 saeculum,
817 896 856 932 in
881 909 958 945 quo
981 909 1093 946 gene-

80 955 180 993 ratio
200 955 374 1003 advenit,
395 964 432 993 et
451 956 648 1006 generatio
664 957 853 1006 praeterit,
875 970 952 993 non
972 956 1093 994 deerit

80 1016 210 1054 electis
230 1016 443 1053 consolatio
469 1016 516 1054 de
535 1016 732 1063 memoria,
752 1015 891 1067 quibus
918 1017 1091 1054 nondum

80 1075 128 1113 de
155 1076 361 1127 praesentia
392 1077 507 1127 plena
538 1077 696 1115 refectio
724 1077 957 1127 indulgetur.
979 1078 1091 1116 Unde

79 1137 265 1188 scriptum
288 1145 363 1185 est,
383 1140 611 1174 Memoriam
635 1138 886 1175 abundantiae
900 1141 1090 1175 suavitatis
1107 1129 1134 1163 Β

78 1206 158 1234 tuoe
182 1197 402 1235 eructabunt
420 1212 432 1234 :
462 1198 564 1236 haud
588 1198 769 1246 dubium,
791 1199 885 1249 quin
913 1199 971 1247 hi,
992 1214 1090 1250 quos

77 1257 194 1308 paulo
217 1258 394 1308 superius
416 1257 584 1305 dixerat,
612 1261 813 1296 Generatio
837 1270 873 1296 et
895 1266 1090 1310 generatio

77 1318 249 1354 laudabit
273 1332 391 1367 opera
415 1327 479 1355 tua
491 1317 519 1356 3.
540 1319 727 1357 Memoria
749 1333 840 1370 ergo
868 1320 907 1356 in
928 1333 1090 1370 genera-

76 1378 182 1415 tione
194 1379 422 1416 saeculorum
435 1408 445 1426 ,
467 1380 670 1430 praesentia
689 1380 728 1416 in
749 1393 868 1430 regno
890 1381 1087 1418 coelorum.

76 1441 134 1476 Ex
160 1439 232 1476 ista
259 1440 496 1490 glorificatur
526 1439 607 1490 jam
640 1450 835 1492 assumpta
857 1442 1020 1480 electio:
1042 1442 1088 1479 de

75 1499 138 1536 illa
157 1499 311 1538 interim
331 1501 583 1552 peregrinans
600 1502 797 1552 generatio
814 1502 1047 1540 consolatur.

427 1626 607 1666 CAPUT
637 1628 711 1668 IV.

118 1749 256 1791 Quinam
267 1760 307 1781 ex
321 1749 380 1781 Dei
391 1750 609 1783 recordatione
622 1751 870 1783 consolationem
884 1751 1007 1794 capiant
1030 1762 1037 1782 2

260 1803 355 1846 quive
369 1804 467 1847 magis
485 1804 526 1836 ad
544 1805 610 1847 ejus
624 1816 764 1837 amorem
778 1805 894 1837 idonei.

1164 365 1201 393 et
1231 371 1306 393 non
1339 358 1420 402 alii,
1442 358 1746 397 saturabuntur1¹⁴
1766 366 1827 399 vae
1850 365 1936 409 tibi,
1968 372 2157 416 generatio

1164 431 1280 467 prava
1303 426 1414 467 atque
1437 422 1634 467 perversa!
1656 433 1710 455 we
1732 421 1815 468 tihi,
1834 428 1973 474 popule
1991 430 2100 465 stulte
2121 441 2155 467 ct

1164 477 1373 527 insipiens,
1405 477 1469 527 qui
1498 486 1534 513 et
1563 480 1783 516 memoriam
1811 483 1963 531 fastidis,
1994 496 2029 523 et
2056 502 2155 537 prae-

1163 537 1321 572 sentiam
1343 537 1580 586 expavescis!
1606 538 1740 574 Merito
1761 541 1910 588 quidem
1931 558 1937 578 :
1960 558 2026 581 uec
2043 549 2155 584 modo

1164 595 1264 631 enim
1299 594 1452 631 liberari
1489 595 1545 631 vis
1583 595 1628 632 de
1663 597 1799 646 laqueo
1832 602 2069 648 venantium,
2107 607 2155 641 si-

1162 654 1316 703 quidem
1340 655 1406 704 qui
1426 655 1561 691 volunt
1587 655 1721 693 divites
1750 658 1829 694 lieri
1852 659 1888 695 in
1912 660 1982 697 hoc
2007 665 2156 711 saeculo,

1162 713 1337 750 incidunt
1353 715 1391 750 in
1406 715 1582 764 laqueum
1604 715 1745 753 diaboli
1760 724 1767 737 ¹
1786 732 1795 763 ;
1817 731 1886 755 nec
1903 727 1991 756 tunc
2005 735 2024 757 a
2039 723 2156 759 verbo

1161 787 1295 825 aspero
1325 776 1469 825 poteris
1495 775 1660 813 liberari.
1682 780 1712 815 Ο
1734 778 1891 815 verbum
1920 793 2112 830 asperum,
2133 798 2156 819 ο

1161 847 1286 872 sermo
1314 836 1452 872 durus!
1479 839 1554 882 Ite,
1586 840 1798 884 maledicti,
1835 844 1872 874 in
1899 845 2019 888 ignem
2041 852 2153 878 ‹eler-

1159 909 1246 931 mcm
1264 903 1308 933 ¹¹.
1333 897 1476 934 Durior
1504 897 1616 948 plane
1649 907 1761 948 atque
1787 900 1958 949 asperior
1980 902 2066 948 illo,
2089 904 2153 952 qui

1157 955 1327 1004 quotidie
1345 956 1455 993 nobis
1475 956 1521 993 de
1538 959 1718 995 memoria
1736 960 1918 1008 passionis
1938 961 1975 997 in
1991 963 2154 1000 Ecclesia

1158 1016 1382 1065 replicatur:
1399 1019 1471 1064 Qui
1488 1020 1691 1054 manducat
1703 1033 1821 1055 meam
1835 1034 1996 1066 carnem,
2013 1031 2048 1057 el
2064 1022 2157 1059 bibit

1157 1079 1373 1125 sanguinem
1404 1091 1536 1122 meum,
1559 1078 1671 1114 habet
1695 1084 1813 1115 vitam
1847 1089 2039 1117 (eternam.
2070 1086 2152 1119 Hoc

1156 1144 1230 1181 est,
1248 1137 1313 1186 qui
1333 1137 1464 1173 recolit
1483 1146 1643 1174 mortem
1665 1152 1798 1184 meam,
1821 1148 1857 1176 et
1876 1142 2051 1190 exemplo
2066 1155 2149 1179 meo

1156 1196 1360 1234 mortificat
1386 1197 1555 1235 membra
1579 1212 1645 1235 sua
1658 1212 1741 1248 quae
1756 1208 1843 1235 sunt
1863 1213 1977 1250 super
1997 1209 2148 1248 terram,

1156 1255 1270 1293 habet
1286 1257 1402 1294 vitam
1419 1266 1596 1295 aeternam
1616 1274 1623 1295 :
1645 1259 1717 1295 hoc
1737 1268 1810 1306 est,
1829 1260 1857 1296 si
1879 1262 2149 1310 compatimini,

1157 1325 1194 1353 et
1208 1318 1500 1367 conregnabitis.
1516 1321 1564 1355 Et
1583 1328 1707 1355 tamen
1725 1320 1895 1369 plerique
1912 1320 1958 1356 ab
1974 1321 2043 1357 hac
2061 1335 2151 1359 voce

1157 1378 1366 1415 resilientes
1386 1387 1422 1415 et
1442 1378 1623 1416 abeuntes
1646 1379 1834 1428 hodieque
1856 1387 2077 1425 retrorsum,
2097 1395 2151 1418 re-

1157 1438 1349 1487 spondent
1372 1452 1449 1475 non
1466 1438 1598 1484 verbo,
1618 1438 1682 1475 sed
1704 1439 1800 1475 sacto
1825 1455 1833 1475 :
1865 1442 1985 1475 Duras
2013 1450 2064 1476 est
2091 1441 2151 1477 lzic

1155 1512 1295 1542 sermo;
1317 1503 1399 1546 quis
1418 1508 1538 1547 polest
1561 1513 1643 1534 eum
1673 1500 1802 1534 audire
1816 1500 1871 1534 ¹²?
1887 1502 2016 1548 Itaque
2037 1513 2150 1549 gene-

1156 1558 1251 1595 ratio
1268 1572 1352 1608 quae
1373 1571 1451 1595 non
1473 1558 1610 1595 direxit
1627 1572 1692 1594 cor
1708 1571 1836 1604 suum,
1852 1567 1888 1594 et
1903 1572 1980 1594 non
1997 1568 2051 1595 est
2068 1574 2149 1596 cre-

1157 1617 1256 1655 ditus
1278 1632 1361 1655 eum
1393 1622 1476 1655 Deo
1498 1619 1651 1668 spiritus
1676 1617 1811 1666 ejus¹3,
1835 1618 1899 1654 sed
1921 1619 2036 1667 magis
2059 1632 2147 1669 spe-

1156 1692 1242 1716 rans
1256 1679 1294 1715 in
1310 1679 1457 1714 incerto
1477 1678 1708 1722 divitiarum,
1721 1677 1880 1714 verbum
1901 1678 2015 1714 modo
2029 1679 2151 1715 crucis

1155 1737 1287 1774 audire
1321 1746 1510 1787 gravatur,
1539 1751 1580 1774 ac
1615 1738 1833 1774 memoriam
1866 1738 2048 1786 passionis
2079 1737 2147 1774 sibi

1147 1798 1297 1848 judicat
1325 1811 1538 1834 onerosam.
1557 1801 1697 1835 Verum
1728 1797 1888 1846 qualiter
1914 1797 2020 1834 verbi
2049 1799 2148 1835 illius

1151 1858 1304 1908 pondus
1326 1859 1364 1895 in
1384 1858 1587 1908 praesentia
1609 1856 1808 1894 sustinebit
1826 1872 1833 1893 ε
1854 1860 1921 1901 Ite,
1944 1860 2146 1902 maledicti,

128 1925 186 1962 11,
217 1924 291 1963 Sed
311 1924 490 1973 interest,
512 1939 688 1976 quaenam
717 1926 914 1977 generatio
936 1939 983 1962 ex
1013 1927 1083 1964 Dei
1102 1916 1128 1951 C
1151 1924 1190 1955 in
1212 1924 1335 1968 ignem
1365 1928 1558 1964 oetermcm,
1580 1922 1643 1966 qui
1667 1927 1830 1966 paratus
1855 1927 1907 1953 est
1937 1917 2095 1962 diabolo,
2117 1927 2150 1953 et

71 1985 195 2035 capiat
213 1985 481 2024 recordatione
507 1987 689 2025 solamen.
718 1991 803 2025 Non
833 1987 933 2024 enim
967 2000 1083 2036 gene-

70 2045 169 2083 ratio
195 2059 315 2097 prava
331 2055 369 2083 et
388 2060 632 2097 exasperans,
650 2048 711 2085 cui
735 2048 889 2093 dicitur,
917 2051 986 2084 Voe
1013 2062 1082 2084 vo-

70 2104 140 2151 bis,
165 2108 310 2155 divites,
327 2111 393 2156 qai
405 2106 549 2144 habetis
563 2110 852 2145 consolationem
874 2109 1079 2145 vestrumst:

68 2165 134 2202 sed
152 2179 238 2216 quae
260 2165 387 2203 dicere
406 2168 596 2205 veraciter
614 2177 761 2219 potest,
786 2171 924 2205 Renuit
948 2182 1080 2204 conso-

69 2227 142 2262 lari
164 2230 296 2263 anima
315 2241 412 2264 mea.
432 2227 533 2269 Huic
553 2228 667 2278 plane
688 2237 726 2265 et
746 2228 950 2274 credimus,
970 2228 999 2266 si
1020 2241 1081 2266 se-

69 2293 156 2323 cuta
183 2285 367 2336 adjecerit
394 2302 403 2324 :
430 2290 582 2325 Memor
598 2288 662 2337 sui
693 2292 786 2332 Dei,
819 2298 856 2325 ec
882 2291 1081 2325 delectatus

67 2359 150 2383 sum
161 2344 189 2384 ⁵.
215 2350 367 2384 Justum
401 2348 547 2399 quippe
581 2357 656 2394 est,
685 2357 728 2386 ut
756 2362 853 2398 quos
878 2349 1082 2399 praesentia

68 2419 148 2443 non
169 2406 384 2455 delectant,
404 2416 547 2459 praesto
575 2409 629 2446 eis
649 2409 697 2446 sit
719 2409 904 2446 memoria
925 2409 1080 2446 futuro-

18 2482 25 2490 *
67 2479 180 2504 rum:
201 2475 240 2504 et
257 2468 324 2518 qui
349 2468 398 2506 de
427 2482 557 2506 rerum
588 2469 790 2506 fluentium
818 2468 989 2519 qualibet
1020 2469 1078 2506 af-

68 2527 228 2565 fluentia
254 2526 472 2580 despiciunt
499 2531 712 2577 consolari,
746 2530 963 2568 recordatio
995 2530 1082 2567 illos

68 2587 231 2626 delectet
260 2590 495 2628 aeternitatis.
511 2595 558 2629 Et
579 2591 660 2628 haec
676 2600 732 2629 est
758 2591 954 2641 generatio
975 2604 1082 2641 quae-

68 2649 235 2686 rentium
260 2650 473 2688 Dominum
487 2680 497 2698 ,
519 2652 774 2701 quaerentium
806 2664 885 2688 non
905 2664 991 2701 quae
1017 2664 1085 2688 sua

1151 1982 1294 2029 angelis
1311 1980 1419 2026 ejus?
1440 1983 1562 2029 Super
1583 1992 1694 2028 quem
1716 1978 1887 2028 profecto
1905 1977 2080 2014 ceciderit
2099 1978 2150 2014 la-

1148 2040 1206 2090 pis
1222 2042 1312 2086 iste,
1332 2048 1503 2077 conteret
1523 2053 1622 2076 eum.
1640 2043 1687 2076 At
1703 2052 1795 2075 vero
1817 2038 2008 2088 generatio
2029 2046 2148 2074 recto-

1149 2113 1234 2137 rum
1258 2099 1546 2137 benediceturhi
1570 2114 1577 2136 :
1604 2099 1669 2148 qui
1690 2098 1818 2147 utique
1841 2110 1924 2134 cum
1946 2098 2144 2146 Apostolo,

1150 2160 1228 2198 sive
1254 2160 1441 2206 absentes,
1460 2161 1538 2197 sive
1556 2166 1778 2210 praesentes,
1801 2156 2036 2194 contendunt
2059 2157 2143 2206 pla-

1151 2235 1236 2259 cere
1257 2220 1391 2259 De015.
1414 2221 1586 2270 Denique
1604 2218 1781 2264 audient,
1807 2219 1946 2262 Venite,
1968 2216 2144 2252 benedicti

1150 2283 1278 2318 Patris
1294 2286 1366 2318 mei
1379 2279 1422 2328 ¹5,
1438 2289 1506 2318 etc.
1525 2283 1630 2317 Tunc
1651 2279 1713 2314 illa
1728 2290 1812 2327 quae
1832 2289 1909 2312 non
1926 2275 2061 2312 direxit
2077 2288 2144 2311 cor

1150 2356 1259 2380 suum
1274 2372 1283 2389 ,
1303 2356 1387 2379 sero
1413 2341 1565 2391 quidem
1591 2339 1820 2390 experietur,
1843 2350 1955 2386 quam
1983 2336 2022 2372 in
2044 2336 2143 2372 illius

1150 2403 1436 2453 comparatione
1465 2400 1606 2438 doloris
1630 2399 1764 2449 jugum
1792 2397 1928 2435 Christi
1948 2408 2078 2441 suave,
2106 2404 2143 2431 et

1149 2478 1247 2502 onus
1263 2465 1345 2500 leve
1363 2462 1493 2507 fuerit,
1512 2461 1572 2497 cui
1601 2468 1777 2508 tanquam
1808 2456 1911 2506 gravi
1944 2464 1981 2492 et
2008 2468 2142 2504 aspero

1150 2525 1283 2562 duram
1313 2523 1499 2560 cervicem
1531 2518 1691 2569 superbe
1717 2516 1909 2554 subduxit.
1932 2519 2015 2552 Xon
2034 2523 2143 2564 pote-

1149 2585 1229 2631 stis,
1255 2598 1277 2621 ο
1299 2583 1425 2620 miseri
1456 2580 1554 2618 servi
1583 2590 1829 2621 mammonae,
1858 2575 1967 2611 simul
1991 2573 2143 2622 gloriari

1150 2647 1189 2683 in
1211 2658 1322 2683 cruce
1343 2642 1497 2681 Domini
1519 2639 1637 2677 nostri
1657 2642 1744 2674 Jesu
1763 2634 1918 2680 Christi,
1940 2642 1976 2670 et
1993 2645 2144 2683 sperare

68 2717 176 2756 sunt,
192 2709 260 2747 sed
276 2709 410 2747 faciem
431 2710 500 2748 Dei
518 2710 678 2749 Jacob6.
695 2711 768 2749 Dei
796 2724 887 2761 ergo
905 2724 1084 2761 quaeren-
1101 2713 1134 2747 D
1150 2707 1189 2743 in
1222 2705 1394 2756 pecuniae
1431 2700 1637 2745 thesauris;
1670 2705 1756 2748 post
1783 2708 1915 2732 aurum
1951 2693 2073 2738 ablre,
2109 2700 2145 2728 et

69 2767 171 2806 tibus
196 2777 235 2806 et
252 2769 535 2820 suspirantibus
565 2771 829 2821 praesentiam,
858 2780 1001 2821 praesto
1021 2771 1084 2807 in-

69 2827 180 2864 terim
207 2836 247 2865 et
278 2828 400 2866 dulcis
426 2830 612 2867 memoria
636 2839 713 2878 est,
742 2844 823 2868 non
855 2839 980 2867 tamen
1009 2843 1086 2880 qua

71 2888 277 2937 satientur,
296 2889 363 2927 sed
380 2903 456 2940 qua
484 2891 603 2941 magis
631 2891 800 2928 esuriant
824 2891 926 2929 unde
944 2891 1085 2928 satien-

68 2955 143 2984 tur.
164 2951 250 2986 Hoc
275 2949 402 3000 ipsum
437 2950 484 2987 de
517 2964 557 2988 se
582 2950 691 2988 cibus
723 2951 804 3002 ipse
840 2960 1013 2998 testatur,
1035 2951 1086 2987 ita

68 3007 223 3056 dicens,
252 3011 330 3057 Qui
358 3012 437 3047 edit
461 3025 534 3057 me,
561 3013 686 3048 adhuc
702 3017 836 3049 esuriet
850 3019 863 3042 7
881 3026 892 3047 .·
909 3012 1026 3062 etqui
1042 3024 1087 3048 eo

69 3064 216 3104 cibatus
247 3076 325 3116 est,
352 3069 538 3115 Satiabor‚
566 3071 716 3121 inquit,
747 3086 832 3107 cum
868 3075 1090 3120 apparuerit

66 3129 190 3176 glorIa
208 3137 273 3164 tna
286 3127 315 3166 ⁸.
336 3130 442 3167 Beati
457 3138 585 3168 tamen
600 3130 682 3181 jam
702 3145 806 3169 nunc
824 3132 890 3182 qui
911 3131 1086 3169 esuriunt

1148 2765 1313 2817 probare
1347 2776 1458 2814 quam
1491 2759 1613 2797 suavis
1647 2765 1703 2794 est
1740 2754 1940 2820 Dominus.
1979 2750 2143 2789 Proinde

1150 2840 1263 2877 quem
1278 2836 1428 2862 suavem
1445 2823 1482 2858 in
1500 2818 1681 2856 memoria
1695 2829 1772 2853 non
1788 2821 1932 2879 sentitis
1945 2841 1954 2859 ,
1970 2823 2144 2862 asperum

1150 2885 1285 2937 procul
1307 2882 1423 2920 dubio
1454 2881 1491 2916 in
1512 2876 1711 2928 praesentia
1731 2881 1909 2911 sentietis.
1961 2932 1967 2937 Ι

1211 2945 1267 2982 12.
1299 2946 1483 2981 Caeterum
1511 2937 1630 2975 fidelis
1655 2935 1779 2972 anima
1806 2941 1842 2969 et
1868 2939 2030 2982 suspirat
2048 2942 2147 2979 prae—

1155 3005 1312 3042 sentiam
1342 3001 1533 3038 inhianter
1549 3026 1559 3044 ,
1592 3005 1629 3034 et
1664 2996 1702 3032 in
1733 2992 1915 3031 memoria
1949 2988 2148 3040 requiescit

1153 3064 1340 3108 suaviter,
1362 3069 1399 3097 et
1420 3060 1541 3096 donec
1561 3056 1700 3094 idonea
1717 3054 1764 3091 sit
1779 3052 1944 3090 revelata
1961 3049 2051 3086 facie
2068 3059 2149 3113 spc-

1153 3125 1269 3164 culari
1287 3122 1444 3173 gloriam
1460 3118 1615 3158 Domini
1630 3146 1638 3162 ,
1658 3115 1779 3153 crucis
1796 3111 2002 3164 ignominia
2017 3109 2148 3158 gloria-

116 3281 127 3296 ¹
146 3277 241 3307 Joan.
258 3287 313 3314 vl,
338 3279 394 3309 64.
408 3296 453 3300 -
469 3284 482 3300 ²
500 3279 596 3311 Eccli.
615 3291 711 3318 xxw,
732 3283 789 3317 27,
814 3282 870 3311 28.
898 3297 939 3300 —
969 3276 982 3299 3
1010 3277 1091 3309 Psal.
1108 3286 1217 3311 cxxxv,
1240 3276 1272 3309 7»
1294 3274 1323 3302 4·
1343 3288 1387 3293 “““
1402 3270 1414 3294 ‘5
1434 3272 1510 3300 LuC.
1530 3278 1562 3296 Ἦ
1577 3291 1584 3303 ’
1606 3268 1659 3296 24·
1676 3282 1719 3286 —
1739 3261 1752 3283 5
1768 3260 1846 3292 psal'
1867 3267 1982 3291 Lxxw'
2003 3258 2034 3290 3’
2058 3256 2087 3320 4:
2104 3270 2147 3320 ’,-

61 3324 83 3350 ⁶
103 3328 184 3360 Psal.
200 3340 311 3367 xxm,
332 3334 364 3361 6.
377 3349 424 3353 -—-
437 3337 451 3361 7
472 3332 567 3363 Eccli.
583 3344 678 3370 xxrv,
698 3336 752 3364 29.
768 3350 813 3354 ——
829 3332 842 3354 S
860 3331 941 3362 Psal.
962 3342 1019 3361 ΧΠ
1032 3355 1039 3368 ,
1061 3333 1113 3361 15.
1129 3346 1173 3350 ὀ
1188 3334 1203 3356 9
1221 3324 1336 3358 Matth.
1353 3335 1384 3360 v,
1404 3327 1434 3353 6.
1452 3340 1493 3343 -
1513 3326 1542 3340 ¹⁰
1559 3323 1573 3350 I
1588 3319 1670 3349 Tim.
1696 3327 1747 3351 vr,
1773 3318 1803 3366 94.
1820 3330 1862 3333 >-
1884 3316 1907 3329 ¹¹
1929 3306 2041 3339 Mallh·
2066 3315 2125 3370 {¹¹
2138 3327 2145 3339 ⁹

70 3382 127 3412 41.
146 3399 190 3404 -—
213 3387 243 3404 ¹²
261 3385 357 3415 Joan.
384 3395 440 3422 v1‚
457 3388 513 3423 55,
537 3384 947 3421 61.-—¹3Psal.1,xxv1r,
973 3387 1002 3415 8.
1020 3401 1062 3405 —
1080 3380 1111 3406 τά
1126 3379 1206 3412 Psal.
1227 3389 1301 3415 ext,
1323 3380 1409 3407 2---
1431 3372 1459 3395 ¹⁵
1478 3373 1595 3404 11C01'·
1613 3382 1644 3404 *-
1663 3374 1692 3401 9·
1710 3385 1752 3389 ”
1770 3364 1799 3385 ¹⁶
1814 3360 1925 3394 nauh.
1948 3370 2025 3391 xxv·
2044 3360 2100 3387 3⁴·
