2517 3936
74 216 172 254 1049

414 355 592 394 CAPUT
623 356 695 394 lv.

68 480 192 514 Gradus
217 478 364 510 ordinum
391 488 427 509 ac
454 477 659 519 dignitatum,
683 487 752 518 quse
772 477 804 507 in
828 477 968 508 Ecclesia
988 483 1076 514 sunt,

112 544 178 565 non
206 538 322 564 temere
344 530 581 562 confundendos
613 540 649 560 ac.
667 529 909 571 perturbandos.
929 530 1011 560 Hinc
1028 529 1081 560 ab·

113 598 205 622 usum
225 585 386 629 quaerendi
402 584 564 628 privilegia
577 595 613 616 ac
629 583 842 626 exemptiones
860 584 1053 625 perstringit.

122 707 294 747 14.Audi
311 705 435 752 aliud,
456 705 487 742 si
504 713 630 741 tamen
647 704 763 741 aliud.
780 703 839 740 Ad
854 703 954 740 idem
973 705 1075 741 enim

65 768 235 806 fortassis
257 767 451 818 pertinere
471 766 556 816 quis
585 765 696 801 dicat.
719 768 799 801 Tua
820 764 1074 801 consideratio

64 827 203 866 viderit
218 827 305 864 hoc.
334 826 428 863 Mihi
445 825 599 862 videtur
615 838 694 862 non
718 826 832 874 longe
849 838 869 861 a
887 838 978 861 vero
996 826 1074 862 dis—

65 887 206 926 sentire
217 915 228 934 ,
242 885 360 936 quiid
375 886 472 922 forte
486 885 588 922 inter
603 885 771 922 avaritiae
787 885 932 935 species
949 886 1076 922 locan-

65 948 156 985 dum
171 946 375 998 putaverit.
394 949 475 995 Ego
490 959 584 983 vero
601 946 702 983 illius
719 954 783 983 aut
796 946 962 996 speciem
977 959 1071 991 esse,

63 1017 130 1047 aut
144 1009 311 1059 speciem
328 1006 470 1044 habere
491 1021 571 1044 non
589 1008 821 1058 negaverim.
843 1010 940 1044 Sane
959 1008 1074 1044 inter-

725 216 789 249 DE
818 213 1246 250 CONSIDERATIONE
1275 213 1421 249 LIBER
1449 216 1514 249 III.

1100 285 1322 325 '¹⁵¹debcatis
1340 318 1349 334 ‚
1373 290 1531 338 quaestio
1555 299 1622 326 est.
1640 295 1841 330 Honorum
1862 309 1904 332 ac
1924 298 2150 348 dignitatum

1100 356 1126 387 A
1145 348 1284 397 gradus
1305 357 1341 384 et
1359 349 1512 386 ordines
1533 350 1747 401 quibusque
1765 366 1852 391 suos
1870 369 2020 395 servare
2038 362 2150 409 positi

2050 226 2147 262 1050

1148 408 1258 454 estis,
1283 422 1361 444 non
1384 409 1574 455 invidere,
1599 419 1639 446 ut
1664 411 1817 460 quidam
1833 425 2045 455 vestrorum
2069 421 2119 458 ait
2141 436 2148 457 :

1150 469 1220 504 Cui
1237 469 1433 514 honorem,
1449 470 1623 505 honorem
1641 469 1666 506 3.

1204 529 1261 565 15.
1280 528 1493 577 Spiritualis
1510 529 1625 565 honio
1644 530 1706 566 ille
1728 532 1792 580 qui
1812 546 1923 569 omne
1945 534 2147 584 dijudicat,

1145 596 1188 623 ut
1208 588 1288 637 ipse
1308 601 1328 623 a
1353 589 1503 624 nemine
1524 588 1717 637 judicetur
1731 589 1758 637 ὃ,
1784 606 1896 629 omne
1917 608 2014 643 opus
2040 610 2149 634 suum

1144 647 1243 683 trina
1275 648 1439 696 quadani
1478 648 1783 686 consideratione
1817 654 2036 700 praeveniet.
2069 657 2152 693 Pri-

1144 720 1249 743 mum
1278 707 1459 756 quidem,
1489 721 1536 744 an
1565 708 1697 755 liceat;
1729 710 1890 757 deinde,
1918 726 1965 748 an
1998 713 2151 761 deceat;

1143 774 1341 815 postremo
1356 796 1366 813 ‚
1385 780 1431 803 an
1450 775 1487 803 et
1511 768 1703 817 expediat.
1732 772 1826 806 Nam
1848 771 1918 807 etsi
1938 782 2085 809 constet
2112 775 2151 810 in

1143 826 1348 863 christiana
1376 827 1508 875 utique
1534 827 1779 878 philosophia
1810 842 1888 866 non
1916 830 2050 869 decere
2082 834 2153 870 nisi

1143 887 1348 937 quodlicet
1366 917 1376 934 ‚
1400 902 1478 924 non
1499 888 1680 938 expedire
1698 890 1769 926 nisi
1795 891 1899 940 quod
1917 892 2027 929 decet
2051 903 2088 930 et
2106 895 2152 931 li-

1143 957 1202 984 cet
1221 963 1229 984 ε
1249 962 1327 985 ΠοΠ
1351 949 1534 985 continuo
1553 958 1679 986 tamen
1699 964 1813 988 omne
1833 952 1937 1001 quod
1959 954 2068 1001 licet,
2087 955 2153 992 de-

1143 1022 1228 1046 cere
1255 1017 1320 1046 aut
1342 1009 1524 1059 expedire
1554 1024 1790 1061 consequens
1811 1013 1895 1048 erit.
1920 1018 2019 1063 Age,
2044 1024 2153 1064 apte-

64 1078 122 1107 est
156 1077 231 1106 tuae
259 1068 530 1119 perfectionis,
564 1077 602 1105 et
628 1068 744 1105 malas
777 1081 856 1114 res,
886 1077 923 1105 et
956 1069 1072 1105 malas
1094 1071 1120 1105 Β
1142 1083 1253 1115 mus,
1282 1070 1312 1106 si
1343 1083 1576 1120 possumus-‚
1609 1072 1678 1108 tria
1711 1072 1793 1121 ipsa
1826 1073 1934 1122 operi
1967 1074 2066 1111 huic.
2103 1080 2153 1112 At

64 1129 210 1180 pariter
235 1129 381 1179 species
407 1128 588 1165 devitare.
606 1132 651 1165 In
669 1129 789 1165 altero
810 1129 1073 1175 conscientiae,

62 1190 104 1227 in
135 1190 256 1227 altero
285 1189 393 1226 famae
421 1189 600 1226 consulis.
630 1192 725 1226 Puta
752 1187 821 1225 tibi
850 1202 928 1225 non
961 1189 1074 1225 licere

62 1249 160 1301 (etsi
179 1250 270 1287 alias
292 1249 451 1286 sortasse
478 1248 611 1299 liceat)
628 1248 817 1298 quidquid
841 1250 937 1286 male
963 1250 1076 1286 fuerit

62 1311 290 1348 coloratum.
316 1310 495 1359 Denique
517 1310 712 1359 interroga
733 1308 899 1358 majores
918 1318 1020 1356 tuos,
1039 1319 1075 1347 et

62 1370 192 1407 dicent
208 1369 276 1406 tibi
296 1384 304 1406 ε
323 1369 382 1405 ΑΙ)
396 1373 498 1404 omni
508 1374 633 1417 specie
649 1372 753 1404 mala
767 1369 950 1405 abstinete
968 1383 1034 1405 vos
1049 1376 1072 1406 ¹.

61 1433 157 1469 Sane
177 1429 350 1466 minister
369 1428 529 1465 Domini
550 1429 761 1465 Dominum
783 1428 966 1473 imitetur,
987 1429 1076 1477 quia

62 1490 144 1541 ipse
165 1490 217 1527 ait
239 1505 248 1527 ι
274 1491 351 1536 Qui
370 1489 463 1524 milei
484 1493 692 1534 ministrat,
709 1502 767 1524 me
787 1498 968 1537 sequatur
982 1494 1008 1524 ².
1030 1492 1077 1525 Et

63 1549 181 1587 habes
206 1549 253 1586 de
273 1549 365 1586 illo:
387 1552 572 1586 Dominus
598 1554 790 1597 regnavit,
821 1552 992 1586 decorem
1014 1555 1077 1585 I'n-

62 1613 167 1654 eluit,
184 1611 309 1646 induit
322 1613 507 1646 Dominus
516 1607 784 1657 fortitudinem
806 1608 831 1645 3.
851 1613 907 1646 Tu
923 1623 1078 1659 quoque

65 1679 147 1709 esto
164 1670 275 1707 fortis
297 1670 337 1707 in
361 1669 435 1706 fide
447 1699 456 1716 ,
475 1669 637 1706 decorus
657 1669 697 1705 in
716 1669 858 1718 gloria3
878 1678 919 1706 et
935 1670 1078 1720 proba-

64 1731 113 1769 sti
140 1740 177 1768 te
207 1731 441 1767 imitatorem
475 1730 558 1768 Dei.
598 1729 800 1767 Fortitudo
828 1738 914 1773 tua,
937 1730 1075 1767 fiducia

65 1791 185 1828 fidelis
201 1791 446 1828 conscientiae
465 1806 472 1828 :
489 1790 606 1828 decor
628 1799 714 1826 tuus
729 1819 738 1836 ‚
758 1789 942 1839 splendor
962 1790 1074 1827 bonae

1141 1130 1339 1180 quomodo
1358 1144 1435 1167 ΠοΠ
1454 1132 1635 1168 indecens
1663 1131 1729 1168 tibi
1753 1133 1949 1170 voluntate
1975 1148 2045 1184 pro
2069 1136 2149 1185 lege

1142 1191 1214 1236 uti3
1233 1199 1270 1227 et
1295 1191 1383 1240 quia
1405 1204 1483 1228 non
1510 1200 1567 1229 est
1592 1192 1640 1228 ad
1658 1205 1771 1241 quem
1797 1194 2023 1243 appelleris,
2043 1204 2149 1245 pote-

1143 1259 1278 1287 statem
1313 1264 1491 1288 exercere
1514 1282 1523 1298 ‚
1560 1253 1750 1302 negligere
1791 1254 2014 1291 rationem?
2044 1260 2151 1293 Tune

1145 1310 1268 1360 major
1297 1313 1464 1349 Domino
1493 1321 1582 1358 tuo,
1604 1313 1670 1362 qui
1701 1313 1752 1349 ait
1775 1328 1782 1350 :
1807 1317 1893 1350 Noa
1919 1317 2150 1364 venijacere

1142 1374 1372 1407 voluntatem
1394 1376 1561 1408 meomT!
1584 1376 1812 1422 Quanquam
1838 1388 1917 1411 non
1937 1376 2062 1412 minus
2087 1377 2152 1414 de-

1138 1429 1254 1479 jecti,
1276 1444 1391 1480 quam
1414 1432 1502 1468 elati
1525 1433 1641 1469 animi
1664 1441 1740 1479 est,
1758 1435 1877 1470 veluti
1903 1437 2060 1473 rationis
2085 1451 2151 1474 ex-

1144 1498 1292 1539 pertem
1307 1520 1316 1536 ‚
1340 1504 1419 1527 ΠοΠ
1436 1505 1507 1541 pro
1525 1492 1691 1538 ratione,
1709 1492 1775 1529 sed
1798 1507 1868 1543 pro
1888 1494 1997 1532 libitu
2018 1509 2148 1546 agere3

1145 1549 1374 1599 necjudicio
1391 1553 1463 1601 agi,
1483 1552 1548 1589 sed
1563 1553 1747 1602 appetitu.
1764 1554 1863 1601 Quid
1879 1563 1954 1591 tam
1967 1555 2150 1594 bestiale?

1145 1613 1192 1646 Et
1208 1611 1238 1646 si
1254 1610 1451 1660 indignum
1480 1612 1599 1648 cuivis
1626 1614 1747 1649 utenti
1779 1614 1927 1651 ratione
1954 1616 2083 1652 tit-ere
2109 1625 2151 1653 ut

1146 1684 1284 1720 pecus,
1305 1672 1389 1720 quis
1414 1671 1451 1707 in
1469 1680 1504 1708 te
1524 1680 1671 1708 rectore
1697 1674 1869 1710 omnium
1893 1683 2035 1711 tantam
2058 1690 2152 1712 con-

1148 1731 1341 1767 tumeliam
1371 1740 1535 1777 naturae,
1559 1732 1717 1768 honoris
1744 1733 1923 1782 injuriam
1956 1736 2072 1771 ferat?
2092 1736 2152 1773 Sic

1143 1789 1411 1838 degenerando
1430 1790 1558 1840 (quod
1575 1790 1691 1841 absit)
1707 1794 1881 1841 generale
1897 1795 2148 1844 opprobrium

68 1852 274 1903 opinionis.
301 1856 358 1890 Ita
373 1880 382 1897 ‚
409 1865 539 1901 quaeso
558 1880 567 1897 ‚
593 1850 756 1887 induere
785 1850 1048 1888 fortitudinem
1066 1867 1075 1898 3
1097 1857 1123 1892 C
1144 1850 1263 1886 fecisti
1281 1851 1483 1900 proprium
1504 1850 1569 1887 tibi
1590 1867 1597 1888 ;
1623 1854 1742 1887 Homo
1771 1867 1850 1889 cnm
1873 1860 1910 1890 in
1929 1857 2065 1892 honore
2089 1871 2148 1892 es-

67 1913 210 1950 etenim
241 1913 421 1964 gaudium
450 1912 607 1949 Domini
635 1911 822 1948 fortitudo
849 1920 924 1948 tua.
957 1915 1099 1948 Porro1

68 1974 194 2024 specie
229 1982 292 2011 tua
328 1982 366 2010 et
401 1972 689 2023 pulchritudine
726 1980 790 2008 tua
828 1972 1078 2009 nihilominus

68 2043 249 2085 tanquam
283 2035 445 2086 propria
477 2032 724 2070 similitudine
756 2032 977 2069 delectatur.
1008 2036 1077 2069 In—

69 2094 187 2131 duere
213 2094 451 2131 vestimentis
478 2093 612 2143 gloriae
632 2101 728 2138 tuae,
752 2092 892 2128 vestire
915 2091 1078 2142 duplici-

67 2153 141 2192 bus
155 2184 164 2200 ,
186 2154 327 2204 quibus
347 2153 580 2191 domesticos
605 2165 694 2189 suos
721 2153 830 2189 fortis
854 2153 919 2189 illa
942 2153 1079 2189 mulier

67 2214 229 2252 induere
253 2215 493 2252 consuevit&
515 2217 599 2251 Non
621 2214 669 2250 sit
689 2214 728 2250 in
755 2214 988 2250 conscientia
1006 2227 1081 2250 nu-

70 2282 154 2312 tans
178 2275 380 2312 infirmitas
408 2274 568 2312 modicae
595 2274 710 2319 fidei,
736 2287 815 2310 non
845 2275 892 2311 sit
916 2275 955 2310 in
983 2274 1082 2311 fama

68 2348 200 2372 naevus
217 2336 326 2372 malae
343 2335 506 2386 speciei3
524 2344 561 2372 et
581 2335 753 2372 vestieris
779 2333 998 2384 duplicibus
1014 2364 1022 2381 ‚
1045 2343 1082 2371 et

69 2395 250 2445 gaudebit
267 2409 430 2446 sponsus
447 2409 564 2446 super
580 2409 761 2446 sponsam
778 2395 943 2444 animam
963 2404 1079 2441 tuam,

70 2463 108 2492 et
126 2455 306 2505 gaudebit
325 2469 441 2505 super
464 2464 500 2492 te
521 2459 625 2493 Deus
652 2464 752 2492 tuus.
782 2455 931 2492 Miraris
958 2468 1081 2504 quor-

71 2528 155 2553 sum
177 2515 280 2562 haec,
301 2515 454 2565 ignarus
472 2528 594 2565 usque
611 2515 735 2552 adhuc
757 2514 850 2565 quid
872 2514 997 2551 dicere
1015 2528 1083 2551 ve-

70 2574 149 2612 lim.
180 2579 266 2613 Non
298 2583 334 2611 te
364 2575 459 2612 tollo
489 2574 646 2612 diutius.
673 2578 849 2612 Murmur
874 2575 1015 2624 loquor
1046 2583 1083 2611 et

1144 1919 1221 1953 set,
1256 1924 1330 1945 non
1367 1914 1553 1946 intellexit
1569 1926 1582 1954 ,·
1617 1922 1858 1960 comparatus
1894 1924 1948 1950 est
1970 1917 2151 1960 jumentis

1145 1970 1426 2019 insipientibus,
1445 1975 1576 2008 similis
1589 1970 1718 2019 filetus
1736 1983 1791 2010 est
1810 1977 1885 2010 illis
1899 1974 1926 2011 8·
1943 1977 2042 2024 Quid
2062 1977 2152 2014 item

1146 2039 1221 2067 tam
1236 2031 1433 2081 indignum
1452 2032 1536 2079 tibi,
1559 2047 1672 2083 quam
1696 2043 1735 2070 ut
1755 2043 1876 2071 totum
1895 2044 2047 2081 tenenS,
2074 2050 2152 2074 ΠοΠ

1146 2091 1195 2127 sis
1212 2100 1414 2128 contentus
1439 2100 1540 2137 toto,
1563 2093 1636 2129 nisi
1664 2094 1842 2131 minutias
1867 2095 2069 2144 quasdam,
2093 2105 2152 2132 at-

1149 2164 1223 2200 que
1247 2152 1400 2200 exiguas
1430 2153 1629 2201 portiones
1654 2153 1772 2202 ipsius
1796 2154 1864 2191 tibi
1890 2156 2043 2192 creditae
2071 2157 2154 2193 uni-

1149 2212 1337 2248 versitatis
1354 2241 1363 2257 ,
1390 2221 1569 2261 tanquam
1594 2227 1671 2249 non
1704 2215 1779 2250 sint
1809 2224 1902 2261 tuae,
1924 2225 2068 2266 satagas
2088 2231 2153 2254 ne-

1149 2272 1226 2309 scio
1260 2272 1457 2321 quomodo
1491 2272 1613 2309 adhuc
1647 2274 1769 2311 facere
1804 2278 1908 2311 tuas?
1929 2275 2003 2313 [bi
2041 2278 2153 2314 etiam

1148 2333 1364 2370 meminisse
1399 2342 1434 2369 te
1454 2334 1544 2369 volo
1566 2334 1759 2383 parabolae
1784 2336 1931 2372 Nathan
1957 2336 2002 2373 de
2029 2337 2154 2374 homi-

1148 2408 1219 2439 ne,
1251 2394 1316 2443 qui
1338 2394 1472 2430 multas
1496 2407 1586 2430 oves
1606 2394 1792 2441 habens*‚
1820 2409 1934 2432 unam
1964 2410 2048 2445 quie
2075 2407 2155 2434 erat

1149 2455 1329 2504 pauperis
1356 2454 1575 2503 concupivit
1598 2460 1624 2489 9.
1652 2457 1735 2490 Huc
1766 2468 1920 2504 quoque
1945 2457 2071 2492 veniat
2097 2458 2153 2493 fa-

1150 2524 1272 2561 ctum,
1301 2515 1379 2551 imo
1411 2514 1555 2550 facinus
1584 2515 1681 2563 regis
1727 2514 1879 2560 Achab,
1921 2517 1985 2564 qui
2022 2530 2150 2553 rerum

1150 2589 1335 2613 summam
1365 2574 1536 2620 tenebat,
1563 2583 1599 2610 et
1626 2588 1739 2610 unam
1768 2575 1916 2611 vineam
1948 2576 2150 2614 affectavit.

69 2635 349 2685 querimoniam
379 2635 636 2672 ecclesiarum.
668 2635 855 2672 Truncari
883 2648 921 2672 se
951 2635 1083 2671 clami-
1100 2647 1132 2680 D
1149 2641 1307 2674 Avertat
1327 2639 1428 2672 Deus
1450 2649 1469 2671 a
1491 2643 1525 2670 te
1544 2634 1647 2684 quod
1668 2634 1729 2670 ille
1750 2634 1896 2670 audivit
1919 2650 1927 2671 ε
1958 2638 2151 2683 Occidisti,

71 2702 153 2732 tant
183 2708 226 2732 ac
261 2694 519 2732 demembrari
533 2695 562 2732 *.
591 2696 660 2733 Vel
686 2696 801 2733 nullae
818 2725 828 2742 ,
860 2696 920 2732 vel
948 2708 1079 2745 paucae

70 2755 279 2792 admodum
297 2764 387 2793 sunt
400 2783 410 2801 ,
431 2769 516 2806 quae
533 2756 684 2805 plagam
702 2756 812 2792 istam
829 2764 992 2805 autpnon
1009 2755 1080 2791 do-

70 2814 197 2860 leant,
212 2823 278 2852 aut
301 2828 378 2852 non
402 2815 570 2852 timeant.
592 2816 738 2864 Quaeris
764 2814 1080 2866 quamPSubtra-

70 2876 216 2913 huntur
235 2876 392 2914 abbates
409 2877 620 2927 episcopis,
635 2877 807 2928 episcopi
825 2877 1080 2927 archiepisco-

71 2937 154 2987 pis,
179 2938 457 2988 archiepiscopi
482 2938 707 2988 patriarchis
733 2939 812 2975 sive
841 2936 1080 2987 primatibus.

70 3000 227 3035 Bonane
250 2998 395 3048 species
418 2998 524 3035 haec?
540 2999 680 3036 Mirum
711 2999 742 3036 si
768 2999 940 3036 excusari
968 3007 1082 3047 queat

71 3059 132 3095 vel
163 3072 274 3109 opus.
307 3060 367 3097 Sic
400 3060 606 3097 factitando
638 3060 810 3110 probatis
840 3073 909 3096 vos
940 3058 1080 3095 habere

72 3118 349 3169 plenitudinem
371 3121 588 3170 potestatis,
614 3120 681 3157 sed
697 3120 856 3170 justitiae
884 3120 981 3155 forte
1003 3130 1081 3154 non

73 3178 138 3216 ita.
161 3181 297 3218 Facitis
325 3181 424 3228 hoc,
452 3182 541 3231 quia
570 3182 729 3231 potestis
753 3196 761 3218 ε
785 3180 849 3218 sed
882 3188 1010 3216 utrum
1045 3187 1082 3214 et

1147 2706 1181 2733 et
1203 2698 1458 2745 po.x·secl1·.stz‘¹0.

1204 2758 1262 2794 16.
1303 2756 1400 2793 Nolo
1439 2764 1565 2791 autem
1604 2754 1818 2804 praetendas
1858 2756 1949 2792 mihi
1987 2757 2152 2795 fructum

1147 2816 1462 2865 emancipationis
1494 2815 1622 2865 ipsius.
1661 2816 1794 2852 Nullus
1829 2825 1884 2852 est
1914 2817 2042 2862 enim,
2080 2819 2153 2856 nisi

1148 2875 1253 2926 quod
1289 2875 1378 2912 inde
1424 2875 1593 2925 episcopi
1638 2875 1906 2912 insolentiores
1927 2905 1937 2922 ‚
1977 2879 2155 2915 monachi

1147 2937 1259 2974 etiam
1279 2935 1540 2972 dissolutiores
1561 2936 1669 2972 fiunt.
1695 2936 1795 2983 Quid
1816 2936 1921 2986 quod
1947 2945 1985 2973 et
2009 2951 2156 2989 paupe-

1147 2998 1294 3034 riores?
1313 2996 1463 3045 Inspice
1490 2996 1706 3045 diligentius
1728 2997 1856 3033 talium
1877 2995 2019 3046 ubique
2039 2998 2155 3035 liber-

1149 3066 1275 3093 torum
1300 3064 1337 3092 et
1358 3056 1554 3092 facultates
1569 3085 1578 3101 ‚
1601 3064 1639 3092 et
1663 3056 1781 3102 vitas,
1812 3057 1841 3093 si
1872 3070 1949 3093 non
1975 3057 2154 3106 pudenda

1148 3116 1353 3153 admodum
1375 3124 1412 3152 et
1439 3116 1603 3153 tenuitas
1626 3117 1663 3153 in
1686 3116 1763 3162 his,
1781 3125 1823 3154 et
1842 3118 1882 3153 in
1901 3117 1975 3153 illis
1995 3118 2151 3153 saecula-

1149 3178 1239 3214 ritas
1259 3177 1464 3213 invenitur.
1490 3177 1618 3213 Matris
1646 3178 1770 3213 noxiae
1793 3176 1977 3213 libertatis
2005 3177 2153 3225 gemina

124 3311 133 3328 ¹
154 3311 170 3339 Ι
187 3306 297 3340 Thess.
312 3319 346 3347 ν,
370 3311 427 3340 22.
453 3315 523 3331 —2
541 3312 637 3341 Joan.
653 3320 704 3339 xn
718 3333 726 3347 ‚
743 3312 798 3340 26.
817 3326 859 3330 —
876 3306 889 3329 3
904 3307 1171 3343 Psal.xcx11‚1.
1188 3323 1232 3327 —
1250 3304 1264 3331 4
1281 3306 1375 3335 Prov.
1396 3314 1479 3335 xxxx
1494 3328 1502 3342 ‚
1526 3307 1581 3335 21.
1600 3323 1645 3326 —
1660 3302 1672 3326 5
1692 3307 1784 3336 Rom.
1804 3315 1886 3340 κω,
1912 3305 1941 3334 7.
1959 3321 2002 3325 —
2018 3300 2033 3324 6
2048 3306 2063 3334 Ι
2080 3303 2153 3334 Cor.

74 3370 120 3398 11,
147 3362 200 3392 15.
219 3380 266 3385 —
281 3367 295 3391 7
313 3364 409 3394 Joan.
425 3373 460 3392 w
475 3385 482 3399 ‚
510 3365 565 3394 38.
581 3380 624 3385 -—
641 3361 654 3385 8
674 3362 756 3393 Psal.
774 3372 896 3397 vam,
922 3363 974 3391 13.
1000 3378 1036 3382 —-
1055 3366 1070 3389 9
1084 3363 1115 3390 II
1129 3361 1206 3400 Reg.
1224 3369 1287 3390 xxx.
1317 3377 1351 3381 —
1369 3361 1641 3399 10111Reg.xx1.
