2517 3920
303 287 375 323 851

303 365 376 396 dem
398 362 600 404 rescriptum,
625 359 657 391 in
678 368 740 401 quo
763 368 834 389 eum
856 362 946 388 vocat
965 371 980 382 ιι
1002 352 1230 388 Cluniaeensis,
1246 350 1308 380 imo

307 433 320 445 ι·
341 417 439 448 divini
461 415 588 447 Ordinis
609 420 665 456 per
684 418 781 444 totam
802 409 964 441 Franciam
978 407 1112 450 primum
1127 403 1309 435 dissemina-

308 486 321 498 »
342 477 458 507 torem,
474 474 649 504 auctorem,
674 470 888 508 provectorem
901 487 908 500 ,
924 460 1087 492 inveterati
1107 456 1249 488 draconis
1271 454 1310 484 de

310 538 323 550 ι
345 529 390 554 101
429 520 689 552 monasteriorum
729 516 882 548 cubilibus
918 514 1132 556 expulsorem,
1172 507 1310 539 diuturni

310 591 326 602 »τ
345 575 446 607 somni
462 581 491 606 et
507 572 667 604 monastici
688 570 822 612 torporis
837 568 1037 599 excitatorem
1049 566 1087 596 de
1101 563 1221 595 duobus
1234 562 1309 592 alte-

311 638 326 648 »
344 633 413 653 rum
439 637 451 648 »
483 621 494 662 (
516 618 690 651 Beruardus
711 618 799 653 alter,
828 616 890 646 imo
909 614 1026 655 primus
1052 618 1119 642 erat
1142 610 1173 651 ),
1200 624 1212 635 ιι
1234 619 1311 649 quos

315 690 327 702 n
350 686 414 705 non
448 674 526 704 sictae
563 670 720 702 charitatis
757 669 872 699 vertice
911 665 1003 697 totius
1037 664 1147 695 Gallice
1181 661 1311 702 Belgicae

313 743 325 754 »ι
344 727 450 758 amicis
486 723 712 768 praeponendos
746 732 809 752 non
846 725 966 750 tantum
1002 716 1160 753 crederet,
1195 714 1249 745 sed
1281 719 1312 744 et

312 795 325 808 ι
346 780 470 822 publice
491 777 682 820 111-1011103101.
708 790 720 801 υ
743 773 894 805 Praeclara
909 777 992 802 certe
1014 768 1130 810 elogia,
1158 772 1310 808 (111301311-

312 834 383 864 dem
407 833 454 863 his
478 830 579 861 verbis
596 830 637 859 ita
655 826 811 859 concludit
827 836 834 855 :
851 839 862 851 «
880 827 914 854 In
929 823 1038 853 ultimo
1054 821 1181 852 fratrem
1205 818 1313 849 domni

312 901 325 913 ι
346 884 489 917 Gai-nerii
519 881 690 923 subprioris
712 879 827 915 nostri,
857 875 1027 908 charissimi
1052 874 1130 911 mei,
1160 873 1201 903 ita
1224 871 1313 902 vobis

312 954 325 966 υ
343 936 547 973 commendo,
580 940 611 965 ut
638 944 708 964 cum
732 931 840 962 labore
866 935 968 959 vestro
995 926 1131 969 probus,
1164 925 1310 966 sapiens,

311 992 493 1022 »litteratus
527 988 623 1018 factus
657 985 766 1022 fuerit,
797 982 886 1013 nobis
920 992 1009 1017 eum,
1038 979 1115 1010 sicut
1146 978 1185 1009 de
1216 978 1313 1009 altero

310 1058 323 1070 .
343 1043 472 1077 fecistis,
497 1038 725 1079 reconsignetis.
746 1051 758 1062 ›>
775 1038 821 1066 Ex
843 1034 955 1075 quibus
978 1033 1121 1073 colligere
1143 1037 1206 1065 est,
1228 1034 1315 1061 Gau-

308 1095 422 1126 fridum
446 1092 592 1123 doctrinae
621 1096 650 1121 et
680 1088 837 1130 sapientias
863 1086 954 1117 laude
981 1085 1200 1126 conspicuum,
1229 1084 1314 1115 insti-

308 1147 431 1178 tuendae
452 1144 622 1186 juventutis
648 1153 717 1173 cum
748 1141 815 1182 ipso
840 1139 1007 1182 episcopali
1034 1148 1163 1168 munere
1188 1147 1315 1179 operam

308 1199 486 1240 suscepisse.
509 1196 573 1228 Sub
596 1206 632 1226 eo
656 1194 739 1237 apud
762 1193 941 1224 Suessionas
954 1191 1095 1222 habitum
1114 1196 1159 1221 est
1173 1191 1317 1232 generale

308 1252 532 1284 monachorum
546 1249 671 1280 Ordinis
694 1247 790 1278 nostri
813 1246 982 1288 capitulum
1003 1245 1041 1276 de
1060 1256 1122 1286 quo
1139 1245 1170 1274 10
1186 1244 1317 1286 epistola

310 1310 366 1338 91.
383 1304 526 1336 Interfuit
539 1302 668 1333 concilio
683 1301 852 1332 Senonensi
866 1310 948 1330 anno
969 1302 978 1329 1
993 1301 1055 1329 140
1075 1309 1081 1329 ;
1097 1298 1172 1329 etin
1186 1297 1317 1340 epistola

309 1358 449 1401 synodali
467 1357 505 1388 ad
524 1355 739 1387 Innocentium
762 1354 894 1391 directa,
920 1363 989 1394 (111το
1010 1358 1055 1383 051
1078 1352 1157 1382 inter
1183 1354 1316 1382 Bernar-

310 1413 398 1443 dinas
418 1414 492 1448 191,
512 1410 618 1440 tertius
632 1408 823 1438 nominatur.

359 1468 423 1496 214
443 1467 483 1496 A.
506 1475 546 1493 AD
567 1473 740 1492 moxxcaos
764 1471 1010 1491 rmvrmexsrs.
1025 1478 1067 1481 ν
1083 1462 1130 1490 Ι13
1151 1458 1318 1500 legendum

311 1529 382 1551 cum
402 1517 580 1560 purioribus
600 1515 835 1555 manuscriptis3
853 1524 917 1544 non
939 1523 1012 1543 vero
1035 1511 1314 1548 Flaviniacenses,

311 1578 346 1603 ut
370 1580 534 1613 perperam
558 1569 667 1598 volunt
692 1567 834 1598 Horstius
857 1573 886 1597 et
912 1565 962 1596 alii
985 1565 1143 1603 nonnulli,
1171 1564 1256 1606 quod
1281 1575 1319 1595 ex

311 1625 406 1667 ipsius
430 1628 575 1654 contextu
599 1621 735 1662 epistola).
759 1619 858 1651 tribus
880 1620 1068 1660 argumentis
1090 1618 1251 1649 manifeste
1272 1628 1320 1649 re-

310 1678 435 1710 fellitur.
458 1676 560 1706 Primo
582 1684 717 1714 namque
738 1679 861 1703 sanctus
886 1671 1061 1703 Bernardus
1084 1672 1209 1709 asserit,
1235 1671 1321 1712 quod

311 1741 419 1762 eorum
435 1728 473 1759 ad
488 1738 565 1769 quos
581 1726 704 1763 scribit,
725 1741 737 1752 ιι
756 1736 818 1756 11011
841 1724 1060 1762 habitationis,
1078 1736 1141 1755 non
1165 1724 1320 1766 religionis

312 1798 325 1810 a
347 1794 382 1814 ac
405 1779 646 1813 conversationis
672 1790 768 1820 usque
782 1779 821 1809 ad
843 1778 903 1809 hoc
917 1785 1038 1820 tempus
1052 1779 1100 1809 vel
1115 1785 1241 1809 tenuem
1263 1788 1319 1808 no—

314 1852 326 1864 ·
345 1836 443 1868 titiam
458 1834 618 1871 hahuerit,
635 1832 688 1863 sed
710 1843 767 1863 nec
788 1833 922 1874 aliquam
946 1832 1113 1873 aliquando
1130 1832 1320 1862 mentionem

315 1906 327 1917 »
345 1890 403 1921 sibi
414 1889 452 1919 de
465 1888 537 1930 ipsis
550 1887 662 1917 factam
676 1886 789 1917 »fuisse
803 1886 987 1917 meminerit.
1000 1885 1133 1923 Deinde,
1152 1901 1164 1912 ιι
1180 1885 1322 1923 Multis,»

312 1943 431 1984 inquit,
455 1956 467 1967 «
487 1947 638 1971 terrarum
654 1939 778 1981 spatiis,
798 1945 828 1970 et
845 1939 974 1970 diversis
997 1938 1183 1980 provinciis,
1203 1945 1233 1969 et
1256 1939 1320 1969 dis--

314 2011 329 2022 n
349 1994 499 2027 similibus
518 1993 629 2034 linguis
655 1992 695 2022 ab
714 1992 847 2022 invicem
868 1992 1027 2023 distamus.
1052 2008 1063 2018 ι)
1083 1995 1245 2023 Postremo
1265 1992 1319 2022 de-

312 2050 418 2091 nique,
439 2063 452 2074 .‹
470 2050 536 2079 Nec
553 2046 665 2083 solum,
684 2061 696 2072 υ
717 2045 771 2083 311,
793 2060 805 2070 ιι
826 2044 1055 2086 episcopatibus
1074 2046 1209 2087 propriis
1226 2045 1319 2076 absu-

314 2119 330 2130 »
344 2114 425 2140 mus,
447 2101 501 2132 sed
511 2100 603 2131 etiam
617 2099 648 2130 in
660 2098 769 2129 eodem
783 2097 1049 2140 archiepiscopatu
1064 2110 1129 2129 non
1140 2098 1291 2139 degimus.
1307 2113 1319 2126 ιι

313 2160 392 2198 Quas
412 2155 516 2186 omnia
536 2152 710 2184 Flaviniaco
733 2163 796 2182 uon
815 2162 905 2193 posse
925 2158 1101 2193 competere
1121 2152 1234 2183 clarius
1251 2158 1317 2190 est,

314 2220 407 2250 quam
442 2214 475 2238 ut
511 2205 696 2248 probatione
725 2205 871 2246 indigeat.
907 2208 960 2235 Est
992 2205 1076 2236 enim
1111 2206 1319 2236 Flaviniacum

313 2262 462 2304 oppidum
484 2261 514 2290 in
539 2259 724 2300 Burgundiae
743 2258 876 2295 ducatu,
898 2258 1063 2295 Foutanis,
1085 2258 1168 2289 unde
1188 2262 1322 2290 Bernar-

312 2316 369 2346 dus
401 2315 551 2355 originem
580 2312 691 2350 traxit,
724 2312 878 2349 vicinum,
907 2323 964 2343 nec
993 2313 1126 2343 multum
1158 2312 1275 2343 distans
1304 2323 1321 2343 a

311 2368 531 2404 Clara-Valle,
565 2366 683 2397 habens
718 2365 790 2396 olim
813 2365 1036 2396 monasterium
1070 2365 1198 2396 Ordinis
1223 2366 1322 2398 sancti

310 2421 487 2457 Benedicti,
508 2419 647 2450 dioecesis
660 2418 822 2449 AEduensis
843 2418 900 2449 sub
920 2419 1085 2460 metropoli
1100 2419 1319 2461 Lugdunensi,

311 2476 388 2506 sicut
406 2481 436 2505 01
462 2472 687 2509 Clara-Vallis,
716 2472 859 2513 pretiosis
888 2478 1001 2503 sanctae
1029 2472 1157 2514 Reginae
1183 2473 1322 2514 reliquiis

311 2528 506 2558 illustratum.
531 2525 771 2557 Restituendum
791 2525 894 2567 itaque
908 2550 915 2563 ,
939 2523 1176 2563 Fla‹·iacenses,·
1199 2533 1323 2568 sumpta

312 2580 563 2612 denominatione
581 2589 598 2609 a
618 2578 760 2609 Flaviaco
773 2603 780 2617 ,
803 2579 856 2620 qui
873 2579 958 2609 vicus
985 2585 1031 2609 est
1053 2579 1193 2611 dioecesis
1220 2580 1318 2611 Bello-

311 2634 450 2665 vacensis
478 2632 516 2663 ad
539 2635 650 2673 Eptam
678 2631 826 2669 fluvium,
858 2633 889 2662 iu
919 2643 982 2673 quo
1006 2643 1024 2663 a
1055 2631 1148 2663 beato
1171 2635 1322 2664 Gerema-

311 2697 347 2717 ro
376 2686 536 2717 conditum
563 2691 607 2715 est
633 2684 739 2715 nobile
766 2685 1040 2716 Benedictinorum
1063 2684 1241 2716 coenobium
1264 2686 1323 2717 sub

312 2749 427 2769 annum
452 2741 531 2774 050,
552 2736 635 2767 unde
656 2748 882 2778 nonnunquam
898 2741 921 2768 F
925 2737 1095 2776 laviacum,
1116 2739 1230 2780 passim
1248 2750 1323 2770 vero

313 2789 592 2821 Sancti-Gereniari
610 2790 648 2820 de
663 2790 805 2821 Flaviaco
817 2815 824 2828 ‚
847 2790 1074 2832 appellabatur.
1095 2791 1189 2832 Quod
1205 2798 1324 2834 spectat

315 2844 355 2875 ad
379 2854 492 2874 nomen
527 2843 647 2873 abbatis
679 2843 887 2874 Flaviaccnsis
922 2843 982 2874 1100
1015 2852 1186 2885 grammate
1215 2845 1324 2876 decur-

314 2901 431 2931 tatum,
453 2898 575 2924 Domno
597 2897 634 2926 H.
660 2896 746 2925 Patri
767 2894 980 2926 Flos-incensis
1002 2895 1157 2933 ecclesiae‚
1184 2905 1244 2930 010.
1269 2910 1323 2929 ex-

313 2947 513 2990 primendum
535 2958 600 2978 esse
621 2954 696 2989 puto
723 2949 936 2989 llildegarium
952 2953 965 2980 I
977 2975 984 2987 ,
1013 2950 1067 2991 qui
1081 2950 1120 2981 ab
1134 2962 1216 2982 auno
1235 2955 1246 2982 1
1261 2956 1321 2983 106

314 3012 410 3042 usquc
429 2999 467 3030 ad
493 3010 609 3030 annum
633 3004 716 3031 1123
740 3002 882 3033 Flaviaco
899 3003 1059 3044 111-1111111550
1078 3010 1273 3035 memoratur
1291 3005 1322 3036 iu

314 3054 439 3094 vulgato
464 3052 565 3082 indice
583 3052 759 3084 Acheriano
782 3054 820 3084 ad
844 3055 1041 3086 Guibertum.
1059 3060 1177 3087 Verum
1195 3068 1266 3088 eum
1284 3058 1323 3089 ad

315 3117 431 3137 annum
456 3106 563 3136 saltem
594 3108 680 3136 1120
710 3107 884 3147 pervenisse
906 3109 1016 3149 colligo
1045 3120 1083 3140 ex
1108 3111 1186 3141 serie
1212 3111 1323 3142 harum

316 3159 528 3201 epistolarum.
551 3160 628 3188 Sunt
655 3159 707 3200 qui
733 3163 897 3200 Hugonem
925 3161 984 3192 hoc
1014 3163 1081 3192 loco
1110 3170 1237 3201 notent,
1269 3165 1322 3195 sed

315 3222 491 3254 perperam.
511 3213 582 3241 Duo
600 3211 725 3252 quidem
744 3212 898 3253 leguntur,
921 3214 987 3254 ejus
1002 3214 1061 3244 loci
1087 3215 1234 3251 abbates,
1254 3219 1322 3247 Ilu-

314 3265 401 3305 gonis
426 3264 552 3294 nomine
571 3274 577 3295 :
599 3264 653 3294 sed
678 3265 796 3306 primus
823 3265 911 3296 desiit
939 3277 1020 3296 anno
1045 3270 1149 3305 1100,
1170 3270 1324 3301 secundus

313 3316 494 3358 Hildegario
519 3320 548 3347 11
578 3318 723 3348 successit
751 3328 834 3347 anno
869 3317 1019 3349 duntaxat
1054 3322 1160 3357 1172,
1193 3327 1323 3363 uterque

312 3369 443 3411 proinde
464 3370 554 3411 longe
577 3376 663 3400 extra
681 3371 778 3400 sancti
805 3371 954 3401 Bernardi
978 3372 1142 3402 calculum.
1162 3375 1260 3404 Porro
1285 3386 1322 3405 ex

312 3422 422 3452 eodem
451 3422 594 3453 csrnol‘io
618 3423 675 3453 viri
702 3423 841 3454 doctriua
860 3430 886 3454 et
909 3424 1021 3465 pictate
1041 3424 1174 3465 insignes
1199 3427 1322 3467 prodie-

810 281 861 316 IN
890 277 1069 315 TOMUM
1098 273 1296 311 PRIMUM
1322 270 1526 307 OPERUM
1557 269 1592 304 S.
1623 264 1875 302 BERNARDI

2305 259 2379 297 852

1373 354 1458 385 runt,
1475 358 1512 378 ex
1530 346 1642 387 quibus
1658 341 1824 379 Radulfus,
1843 338 1971 372 Levitici
1987 339 2151 380 interpres,
2170 338 2253 370 circa
2265 349 2378 371 annum

1376 403 1443 432 912
1456 423 1463 437 ,
1483 399 1633 439 multique
1658 396 1709 427 alii
1736 394 1881 436 deinceps
1893 418 1900 431 ,
1920 392 2054 423 maxime
2072 391 2194 434 praefati
2213 392 2382 434 Hildegarii

1375 461 1515 494 tempore
1534 451 1668 482 floruere
1679 473 1686 487 ,
1704 458 1782 489 quos
1798 447 1879 478 inter
1895 446 2066 478 Guibertus
2077 470 2084 483 ‚
2106 445 2222 477 exinde
2239 446 2270 477 in
2286 447 2383 479 abba-

1375 513 1437 538 tem
1458 503 1625 545 Novigenti
1650 512 1749 544 prope
1768 500 1967 532 Codiciacum
1984 508 2178 541 assimiptus‚
2198 500 2282 531 velut
2300 500 2384 532 sidus

1376 557 1535 590 eminebat
1553 567 1560 587 ε
1579 562 1613 586 111
1629 566 1693 586 11011
1710 554 1865 584 immerito
1891 553 2104 584 Flaviacenses
2124 553 2155 583 in
2175 564 2230 584 sua
2249 554 2289 585 ad
2312 557 2384 586 Ber-

1376 611 1508 642 nardum
1527 609 1657 651 epistola
1669 632 1676 645 ,
1698 613 1731 637 ut
1756 607 1807 637 hic
1830 607 1896 648 ipse
1915 613 2057 644 testatur,
2078 607 2258 638 monasterii
2277 607 2324 638 sui
2341 607 2386 639 fa-

1377 675 1460 695 mam
1479 666 1613 694 Romam
1630 671 1727 701 usque
1744 659 1889 691 diffusam
1907 660 2125 701 gloriarentur.

1428 718 1492 747 214
1516 719 1553 745 A.
1570 713 1789 745 Flaviacensis.
1805 731 1850 736 ——
1864 716 1912 744 Ita
1926 712 2105 754 legendum,
2124 722 2188 742 non
2199 736 2206 750 ,
2229 710 2387 743 Flavinia-

1379 769 1482 799 censis
1493 781 1505 804 ;
1524 774 1559 798 ut
1575 772 1695 798 constat
1713 777 1750 797 ex
1767 766 1932 797 momentis
1948 765 1980 796 in
1996 771 2071 796 nota
2089 764 2184 796 modo
2201 764 2388 806 praecedenti

1379 821 1538 864 expositis.

1428 878 1494 906 215
1526 875 1561 905 C.
1589 873 1643 905 sed
1669 873 1838 904 medicum.
1861 890 1907 895 —
1931 871 2074 903 Medicos
2103 870 2177 901 olim
2205 870 2337 913 agebant
2359 878 2390 903 et

1379 927 1481 960 clerici
1493 952 1501 965 ‚
1518 933 1563 963 ,et
1587 926 1743 957 monachi.
1773 929 1820 957 De
1848 925 1967 958 clericis
1995 924 2028 956 id
2055 923 2169 967 probat
2197 924 2390 957 Christianus

1380 984 1486 1022 Lupus
1503 980 1535 1010 iu
1552 981 1633 1011 notis
1650 980 1690 1011 ad
1706 979 1806 1010 varias
1823 979 1969 1021 epistolas
1984 977 2107 1009 concilii
2130 983 2198 1008 tum
2219 971 2367 1019 Ephesini
2380 1002 2388 1017 ,

1380 1040 1447 1065 tum
1476 1033 1739 1065 Chalcedonensis
1750 1057 1758 1071 ,
1789 1043 1861 1075 pag.
1889 1035 1954 1064 100
1984 1042 2031 1073 sq.
2058 1030 2289 1062 Monachorum
2316 1030 2392 1062 item

1381 1087 1467 1118 varia
1481 1088 1623 1129 exempla
1639 1092 1826 1129 suppetunt,
1843 1096 1978 1128 quorum
1993 1095 2092 1116 unum
2113 1084 2232 1126 insigne
2248 1090 2295 1115 est
2309 1085 2393 1126 apud

1381 1144 1505 1183 Lupum
1530 1141 1760 1172 Ferrariensem
1786 1139 1817 1170 in
1837 1139 1968 1182 epistola
1994 1141 2054 1174 72,
2072 1138 2112 1169 (10
2134 1137 2261 1169 Didone
2281 1137 2394 1170 abbate

1383 1194 1565 1226 Senonensi.
1585 1195 1735 1236 Utrisque
1750 1193 1904 1225 medicina
1921 1191 2087 1224 recentiori
2099 1192 2171 1233 jure
2187 1191 2361 1223 interdicta.

1433 1252 1498 1281 219
1520 1252 1561 1280 A.
1584 1259 1735 1279 ABBATEM
1762 1259 1803 1277 011
1829 1255 2137 1277 ‘ramus-ronrmtss.
2152 1247 2333 1286 —Nempe
2347 1255 2393 1276 se-

1383 1302 1542 1340 cundum3
1560 1313 1634 1333 nam
1647 1301 1784 1343 primum
1800 1299 1894 1331 fuisse
1915 1298 2087 1340 Rogerium
2105 1298 2234 1340 legimus
2245 1322 2253 1336 ,
2272 1298 2307 1328 in
2320 1298 2394 1330 Vita

1383 1354 1481 1386 sancti
1494 1355 1658 1393 Bernardi,
1675 1354 1730 1386 lib.
1753 1357 1783 1391 1,
1800 1364 1869 1395 cap.
1888 1356 1942 1390 13,
1960 1351 2009 1383 cui
2022 1362 2105 1383 anno
2124 1354 2211 1383 1127
2227 1351 2393 1391 desinenti,

1384 1419 1512 1439 manum
1529 1408 1615 1439 dedit
1633 1407 1750 1445 Guido,
1770 1407 1823 1448 qui
1843 1416 1926 1437 anno
1943 1405 2083 1446 sequenti
2103 1416 2174 1436 cum
2189 1404 2350 1436 Bernardo
2365 1410 2397 1437 et

1384 1464 1518 1503 Hugone
1534 1460 1763 1492 Pontiniacensi
1774 1485 1782 1499 ,
1799 1459 1931 1491 concilio
1948 1459 2095 1490 'l'recensi
2111 1457 2269 1496 interfuit,
2290 1464 2396 1500 postea

1385 1526 1460 1545 vero
1479 1514 1631 1545 Ordinem
1652 1524 1744 1545 suum
1765 1519 1900 1554 quatuor
1912 1511 2173 1542 monasteriorum
2189 1510 2373 1543 fundatione
2385 1535 2393 1550 ,

1385 1568 1531 1598 nimirum
1563 1567 1698 1599 Caladiae
1710 1591 1717 1605 ,
1749 1565 1944 1598 Castellionis
1972 1565 2004 1596 in
2032 1564 2155 1596 dioecesi
2179 1564 2372 1596 Virdunensi
2386 1589 2394 1603 ,

1385 1620 1612 1651 Aureae-Vallis
1633 1620 1666 1650 in
1679 1619 1882 1654 Treverensi,
1899 1618 2088 1650 Alii-Fontis
2107 1618 2140 1649 in
2156 1618 2394 1657 Catalaunensi,

1384 1685 1449 1705 11011
1465 1685 1577 1716 parum
1595 1673 1751 1716 promovit
1771 1679 1800 1704 et
1818 1672 1988 1715 ampliavit.
2011 1675 2110 1703 Porro
2126 1671 2398 1703 Trium-Fontium

1385 1728 1563 1758 coenobium
1574 1752 1581 1766 ,
1601 1727 1702 1769 prima
1722 1727 1786 1757 filia
1802 1726 2015 1757 Clarae—Vallis
2025 1750 2032 1764 ‚
2051 1730 2162 1767 agente
2178 1725 2347 1757 Guillelmo
2359 1725 2398 1757 de

1387 1781 1555 1823 Campellis
1574 1781 1721 1823 episcopo
1747 1779 1984 1816 Catalaunensi,
2011 1785 2046 1810 ut
2065 1785 2195 1810 testatur
2213 1779 2399 1811 Guillelmus

1387 1834 1485 1866 abbas
1509 1833 1835 1871 Sancti-Theoderici,
1854 1833 1937 1864 Vitae
1963 1832 2061 1864 sancti
2080 1831 2231 1864 Bernardi
2256 1832 2336 1863 libro
2367 1836 2396 1872 1,

1389 1899 1458 1930 cap.
1480 1892 1517 1920 13
1530 1913 1538 1927 ,
1555 1888 1586 1919 10
1600 1898 1656 1919 5113
1670 1887 1793 1918 dioecesi
1807 1892 2021 1918 constructum
2033 1892 2079 1917 est
2092 1896 2174 1916 anno
2193 1889 2204 1916 1
2219 1890 2227 1916 1
2241 1888 2294 1924 18,
2314 1885 2400 1927 cujus

1388 1941 1514 1983 quidem
1531 1941 1704 1983 primordia
1720 1939 1863 1972 nonnihil
1877 1940 1979 1971 adhuc
1994 1939 2128 1971 obscura
2146 1938 2232 1970 lubet
2244 1938 2402 1981 paulisper

1387 1994 1553 2026 illustrare.
1571 1998 1607 2025 In
1623 1994 1710 2026 Actis
1723 1994 1951 2036 Episcoporum
1964 1992 2238 2025 Catalaunensium
2254 1992 2402 2023 recitatur

1388 2047 1505 2079 Charta
1521 2047 1654 2079 Bozonis
1670 2047 1807 2089 episcopi
1820 2046 1943 2090 septimi
1961 2057 1979 2077 a
1997 2046 2164 2078 Guillelmo
2176 2069 2184 2084 ‚
2204 2056 2265 2087 qua
2280 2051 2401 2087 partem

1389 2101 1473 2132 silvae
1491 2102 1563 2132 Luis
1580 2101 1620 2132 ab
1643 2101 1763 2132 Alardo
1781 2101 1927 2143 aliisque,
1945 2099 2232 2131 Sancti-Salvatoris
2246 2098 2401 2130 canonicis

1389 2154 1583 2196 regularibus
1597 2154 1804 2185 contraditam
1816 2178 1824 2192 ,
1840 2153 2006 2185 condendo
2019 2152 2210 2184 monasterio
2222 2152 2403 2195 impensisse

1389 2214 1530 2239 testatur.
1547 2208 1596 2239 Sic
1614 2208 1696 2239 enim
1713 2207 1809 2238 habet
1824 2217 1831 2237 :
1857 2222 1870 2234 ιι
1893 2206 1979 2238 Ν11111
2000 2216 2088 2248 aeque
2110 2205 2306 2237 securitatem
2321 2205 2404 2247 parit

1391 2276 1406 2287 n
1426 2261 1458 2291 in
1486 2261 1708 2302 longinquum,
1738 2271 1832 2302 quam
1863 2271 1934 2291 cum
1966 2270 2002 2290 ea
2028 2270 2097 2301 quae
2121 2258 2180 2301 piis
2204 2265 2235 2290 et
2260 2258 2403 2290 fidelibus

1392 2328 1404 2340 ι
1426 2313 1584 2344 donantur
1600 2313 1735 2345 ecclesiis
1750 2324 1825 2344 cura
1844 2313 1984 2355 diligenti
1998 2312 2164 2344 traduntur
2176 2312 2297 2344 litteris.
2313 2312 2404 2344 Ideo-

1391 2381 1404 2394 »
1425 2377 1485 2408 que
1500 2377 1557 2408 ego
1568 2370 1652 2398 Bozo
1663 2391 1670 2405 ,
1690 2367 1749 2397 Dei
1768 2366 1867 2408 gratia
1884 2365 2118 2399 Catalaunensis
2140 2365 2305 2408 episcopus
2317 2390 2324 2404 ‚
2348 2376 2404 2397 no-

1392 2435 1404 2446 =
1420 2426 1486 2451 tum
1506 2420 1586 2451 facio
1608 2419 1752 2450 omnibus
1766 2425 1829 2450 tam
1841 2418 2048 2462 praesentibus
2061 2429 2155 2460 quam
2168 2417 2280 2450 futuris
2290 2444 2298 2458 ‚
2320 2419 2405 2461 quod

1392 2488 1407 2499 u
1428 2476 1520 2514 Hugo
1548 2483 1652 2504 comes
1685 2473 1848 2504 Trecensis
1876 2473 1963 2504 illam
1994 2472 2178 2503 divisionem
2203 2473 2288 2503 silvae
2299 2497 2307 2511 ,
2335 2483 2403 2515 quae

1393 2540 1405 2553 n
1425 2525 1538 2557 dieitur
1551 2526 1623 2556 Luis
1634 2550 1641 2560 ,
1658 2536 1752 2567 quam
1771 2526 1861 2567 jussit
1875 2525 1942 2557 fieri
1963 2536 2021 2568 per
2034 2528 2165 2557 Petrum
2178 2525 2309 2557 Vitriaci
2324 2537 2412 2568 prae--

1392 2594 1407 2606 »²
1427 2580 1563 2621 positum
1574 2604 1581 2618 ,
1598 2585 1628 2610 et
1650 2590 1706 2621 per
1719 2580 1852 2621 majores
1867 2579 2006 2621 ejusdem
2019 2579 2122 2618 silvae,
2138 2579 2171 2610 id
2193 2585 2239 2611 est
2250 2579 2403 2611 Milonem

1392 2648 1408 2659 n
1427 2632 1466 2664 de
1487 2636 1560 2664 Sera
1573 2657 1580 2671 ,
1600 2633 1797 2670 walterum,
1817 2633 1970 2664 Vierdum
1992 2638 2022 2664 et
2044 2631 2120 2664 alios
2132 2657 2140 2671 ,
2162 2632 2281 2665 Alardo
2302 2643 2402 2664 sacer-

1392 2699 1405 2712 »
1425 2685 1508 2724 doti,
1528 2686 1708 2727 caeterisque
1724 2685 1932 2717 confratribus
1953 2686 1986 2717 in
2011 2686 2159 2717 Oratorio
2181 2685 2404 2718 Sancti-Salva-

1425 2739 1518 2777 toris‚
1554 2739 1638 2780 quod
1671 2739 1703 2769 in
1729 2739 1839 2770 eadem
1869 2745 1959 2781 parte
1983 2739 2076 2770 situm
2100 2745 2164 2777 est,
2192 2739 2341 2771 canonice
2372 2746 2403 2772 et

1393 2793 1608 2834 »regulariter
1644 2793 1748 2824 vivere
1776 2792 1976 2831 volentibus,
2007 2792 2040 2824 in
2077 2791 2222 2824 manibus
2250 2792 2403 2824 Willelmi

1393 2860 1406 2872 ι
1429 2846 1663 2877 Catalaunensis
1694 2846 1839 2877 Ecclesiae
1871 2846 2010 2888 episcopi
2043 2845 2210 2888 dereliquit
2242 2856 2251 2877 :
2283 2846 2402 2878 Alardo

1394 2914 1407 2926 ι
1428 2899 1630 2941 praecipiens,
1649 2906 1682 2930 111
1704 2899 1789 2941 quod
1812 2899 1852 2931 ab
1874 2910 1912 2930 eo
1933 2899 2132 2941 postulabat,
2160 2909 2177 2930 a
2194 2898 2403 2930 confratribus

1393 2967 1408 2978 υ
1431 2952 1688 2994 Compendiensis
1713 2952 1850 2984 ecclesiae
1875 2952 2049 2994 exciperet;
2069 2958 2100 2984 01
2119 2951 2202 2993 quod
2220 2951 2279 2994 ipsi
2296 2962 2403 2983 conce-

1394 3020 1408 3030 »
1426 3005 1555 3043 derent,
1573 3005 1737 3047 episcopus
1759 3005 1819 3036 sibi
1835 3005 2047 3037 confirmaret.
2071 3008 2147 3036 Haec
2168 3011 2272 3036 autem
2298 3005 2402 3037 omnia

1394 3073 1409 3084 n
1426 3057 1617 3089 habitatores
1646 3059 1705 3089 loci
1735 3059 1815 3089 illius
1844 3070 1902 3101 per
1934 3069 2046 3090 manus
2078 3058 2232 3090 willelmi
2264 3058 2401 3101 episcopi

1394 3126 1409 3137 u
1427 3112 1662 3143 Catalaunensis
1682 3112 1836 3143 dederunt
1850 3112 2010 3143 Bernardo
2027 3112 2134 3143 abbati
2152 3111 2376 3144 Clarae-Vallis
2389 3135 2397 3150 ,

1394 3179 1409 3190 n
1426 3165 1616 3195 concedente
1631 3168 1764 3206 Hugone
1777 3166 1890 3196 comite
1900 3190 1908 3204 ,
1921 3166 1961 3197 ad
1974 3165 2132 3196 abbatiam
2146 3165 2398 3202 construendam,

1395 3232 1407 3243 n
1427 3217 1511 3258 quod
1534 3224 1563 3248 et
1585 3217 1701 3249 factum
1725 3225 1781 3249 est.
1805 3233 1818 3245 ι»
1841 3221 1887 3250 Ex
1909 3229 1971 3260 quo
1991 3218 2078 3250 vides
2093 3229 2158 3249 non
2183 3224 2247 3249 tam
2271 3217 2400 3249 Guillel-

1392 3281 1494 3306 mum,
1514 3281 1607 3311 quam
1630 3274 1795 3312 Hugonem
1814 3271 1975 3307 comitem,
1991 3271 2031 3302 de
2045 3281 2107 3313 quo
2120 3281 2214 3313 supra
2235 3276 2339 3302 actum
2356 3275 2402 3301 est

1393 3322 1424 3353 111
1446 3323 1527 3353 110115
1551 3322 1591 3354 311
1613 3324 1777 3365 epistolam
1795 3327 1852 3363 31,
1867 3325 1988 3356 censeri
2004 3324 2120 3356 debere
2133 3323 2400 3356 Trium-Fontium

1393 3374 1603 3406 fundatorem.
1629 3377 1723 3416 Quod
1746 3388 1820 3408 vero
1843 3377 1969 3409 additur
1991 3377 2030 3408 de
2055 3377 2254 3408 concessione
2278 3376 2400 3408 confra-

1394 3433 1473 3458 trum
1493 3428 1786 3470 Compcndiensium
1799 3455 1806 3468 ,
1829 3430 1992 3472 quidinde
2014 3436 2116 3462 actum
2130 3430 2187 3466 511,
2203 3429 2346 3461 discimus
2363 3439 2400 3459 ex
