2533 3920
506 454 881 511 EPISTOLA
943 447 1226 510 CDVIII?

569 615 616 637 AD
639 615 683 638 w.
702 614 871 637 ABBATEM
892 613 1110 636 TRECENSEM
1126 598 1155 636 b.

359 735 517 767 Clericum
546 734 714 767 delicatum
743 734 856 766 saeculo
885 733 1129 770 valedicentem,
1164 732 1271 764 abbati
1296 735 1372 764 Tre-

404 790 488 821 censi
519 789 745 827 commendat,
778 789 895 820 veritus
929 788 1025 830 rigori
1049 788 1375 819 Clarae-Vallensium

407 845 561 888 imparem
582 844 661 876 fore.

358 970 492 1006 Amico
526 978 563 1006 et
591 982 779 1006 conservo
807 982 876 1005 suo
902 967 1060 1004 domino
1081 970 1142 1004 W.
1167 966 1296 1004 abbati
1317 981 1376 1004 ca-

407 1095 634 1128 BEaxARnrs
660 1091 828 1128 ecclesiae
859 1090 1125 1128 Clarae-Vallis
1143 1103 1276 1127 servus
1292 1090 1377 1126 inu-

412 1152 485 1189 tilis
500 1181 509 1197 ‚
534 1152 695 1189 salutem
716 1152 755 1189 in
778 1152 958 1189 Domino.

410 1284 599 1321 Clericum
632 1285 745 1321 istum
775 1285 1057 1335 relinquentem
1079 1284 1285 1330 saeculum,
1308 1297 1376 1321 no-

355 1344 505 1382 biscum
537 1359 691 1382 manere
718 1345 957 1396 cupientem,
979 1346 1027 1382 ad
1055 1354 1226 1383 vestrum
1248 1345 1376 1396 potius

355 1405 563 1452 Ordinem,
586 1407 725 1444 timens
749 1420 797 1443 ne
823 1408 945 1444 nostri
975 1407 1200 1444 difficultate
1223 1407 1376 1456 frange-

356 1475 483 1513 retur,
504 1468 712 1517 confugere
734 1469 917 1518 persuasi.
939 1467 1263 1506 Commendamus
1283 1480 1374 1516 ergo

355 1527 464 1564 vobis
500 1541 609 1574 eum,
640 1537 776 1578 utpote
809 1528 920 1565 nobis
955 1528 1054 1565 bene
1084 1528 1282 1578 cognitum
1301 1558 1310 1574 ,
1341 1537 1378 1564 et

358 1588 518 1626 honeste
552 1590 844 1639 morigeratum,
868 1598 906 1626 et
931 1591 970 1626 in
996 1590 1131 1626 litteris
1162 1589 1377 1635 eruditum3

356 1659 552 1700 postremo
580 1659 762 1701 tanquam
784 1652 851 1689 Dei
874 1666 1028 1689 servum
1046 1681 1055 1698 ‚
1074 1664 1188 1701 quem
1211 1665 1280 1702 per
1307 1651 1378 1688 Dei

355 1711 514 1760 gratiam
545 1712 660 1749 credo
691 1712 800 1750 vobis
829 1713 1002 1750 futurum
1034 1712 1152 1749 fidum
1183 1712 1375 1749 solatium.

355 1775 488 1821 Neque
512 1772 613 1809 enim
633 1773 758 1823 ipsum
778 1782 853 1810 tam
876 1782 1036 1825 propter
1053 1787 1092 1810 se
1108 1782 1121 1819 ‚‘
1137 1787 1253 1823 quam
1278 1786 1373 1823 pro-

358 1841 444 1883 pter
469 1847 538 1870 vos
552 1863 561 1879 ‚
586 1848 700 1884 quem
721 1835 913 1884 diligimus
933 1836 1030 1871 sicut
1050 1848 1140 1881 nos,
1163 1834 1210 1871 ad
1231 1848 1299 1871 vos
1321 1835 1376 1871 ire
1399 1829 1426 1864 C

359 1893 540 1931 volumus
561 1910 568 1931 z
593 1908 707 1944 quem
730 1904 893 1945 propter
915 1896 1003 1931 vitae
1027 1909 1104 1932 suae
1124 1896 1302 1932 meritum
1326 1896 1375 1931 li-

359 1953 496 1991 benter
522 1955 797 2002 retineremus,
818 1956 890 1993 nisi
917 1965 1015 1993 esset
1035 1957 1098 1993 illa
1122 1971 1253 2003 causa,
1274 1957 1380 2007 quod

358 2016 539 2053 clericum
563 2016 789 2064 delicatmn,
811 2017 954 2055 laboris
973 2019 1236 2069 inexpertem,
1257 2019 1379 2056 susci-

361 2089 453 2126 pere
476 2077 739 2116 formidamus.
763 2080 865 2116 Vale.

361 2236 1361 2249 =====================================================================

529 2371 913 2429 EPISTOLA
983 2363 1215 2430 (ΣΒΙΧ.ΘΙ

521 2538 566 2560 ΑΙ)
588 2539 799 2564 RORGONEM
817 2542 866 2564 DE
883 2541 1167 2565 ABBATIS-VILLA
1184 2527 1213 2563 *.

362 2665 473 2694 Mouet
494 2675 680 2707 corpoream
701 2668 900 2709 praesentiam
926 2678 991 2698 non
1017 2666 1122 2708 magni
1147 2665 1347 2708 pendendam
1370 2675 1377 2695 :

405 2726 493 2760 rogat
515 2726 631 2752 terram
649 2722 818 2763 quamdam
839 2723 990 2754 incultam
1006 2721 1172 2763 Religiosis
1190 2720 1330 2752 attribui.

356 2849 448 2886 Viro
464 2850 621 2899 illustri,
638 2853 750 2889 etiam
779 2853 891 2890 nobis
914 2863 1069 2904 quoque
1088 2853 1247 2898 dilecto,
1268 2855 1375 2889 Ron—

412 2924 504 2947 oox1
540 2911 587 2948 de
621 2912 942 2960 Abbatis-villa‚
976 2917 1202 2951 Bssaxfflncs
1234 2913 1374 2951 Clarae—

1130 161 1165 195 S.
1198 158 1452 195 BERNARDI
1484 156 1687 191 ABBATIS

1371 233 1419 252 5⁶¹

354 322 1371 339 ......................................................................
1389 299 1418 330 Α

2373 158 2443 196 724

1489 240 1605 277 Vallis
1645 247 1804 276 vocatus
1841 236 1985 283 abbas,
2032 238 2193 275 salutem
2229 247 2267 275 et
2304 249 2446 281 nostras
2484 258 2486 263 ·

1495 301 1702 338 orationes.

1493 423 1684 460 Perlatum
1707 430 1764 459 est
1783 421 1830 458 ad
1852 434 1921 458 nos
1935 450 1944 467 ,
1959 420 2064 471 quod
2081 429 2230 471 gratum
2247 420 2316 458 tibi
2332 432 2444 471 esset,

1440 485 1471 522 si
1496 485 1711 535 praesentiae
1741 492 1779 520 et
1802 483 1985 533 colloquii
2006 483 2128 520 nostri
2148 483 2296 533 copiam
2313 482 2448 523 habere

1439 546 1610 592 valeres3
1639 554 1677 582 et
1702 545 1775 582 hoc
1796 544 1884 581 ideo
1897 574 1906 591 ‚
1924 544 2015 593 quia
2034 557 2156 581 unum
2177 543 2225 580 de
2247 544 2364 581 servis
2381 545 2447 584 Al-

1441 606 1575 643 tissimi
1606 620 1666 643 me
1697 619 1778 643 esse
1807 604 1930 642 credit
1956 612 2021 641 tua
2050 603 2276 653 benignitas.
2307 607 2354 641 Et
2382 615 2449 656 ego

1442 666 1528 704 dico
1550 666 1616 704 tibi
1630 696 1639 713 ‚
1661 666 1767 717 quod
1788 679 1861 716 pro
1883 665 1954 702 hac
1982 673 2047 702 tua
2066 664 2303 710 humilitate,
2325 673 2363 702 et
2381 678 2450 716 pro
2488 690 2489 705 ;

1441 727 1545 764 bona
1574 735 1648 764 tuae
1678 726 1890 764 nobilitatis
1928 725 2051 771 sama,
2074 738 2189 775 quam
2217 724 2448 774 audivimus,
2488 723 2489 726 ¹

1443 787 1536 823 mihi
1559 800 1715 837 quoque
1736 785 1911 836 jucunda
1937 786 2039 822 foret
2059 793 2123 823 tua
2150 785 2362 835 praesentia.
2382 787 2452 825 Sed

1442 848 1531 885 licet
1548 848 1622 885 hoc
1641 849 1680 884 in
1702 861 1773 884 nos
1788 848 1967 884 humanae
1984 846 2137 897 pietatis
2156 845 2302 882 bonum
2323 845 2450 884 lauda—

1442 908 1519 945 bile
1541 909 1609 955 sit‚
1632 922 1709 945 non
1739 916 1866 945 tamen
1893 908 2120 958 perfectum.
2142 910 2238 945 Nam
2264 906 2346 944 liaec
2371 920 2452 945 cor-
2488 938 2490 942 .

1443 970 1587 1020 poralis
1621 969 1777 1020 quidem
1807 978 1865 1007 est
1893 969 2016 1016 visio,
2041 977 2079 1006 et
2103 968 2258 1014 brevis,
2285 976 2324 1006 et
2347 967 2452 1007 nobis
2489 987 2491 990 ⁴

412 1031 641 1067 nonicorum
660 1038 673 1053 ⁰
702 1030 931 1067 clericorum
963 1028 1233 1074 Trecensium,
1263 1029 1424 1066 fraterB
1447 1045 1534 1068 cum
1579 1031 1725 1068 caeteris
1767 1029 2026 1067 animantibus
2071 1029 2300 1067 communis.
2340 1030 2453 1080 Magis
2488 1045 2492 1078 ζ

1445 1105 1536 1141 ergo
1559 1091 1606 1128 ad
1625 1092 1729 1128 illam
1757 1100 1911 1129 aeternae
1933 1091 2124 1129 societatis
2142 1090 2452 1141 jucundissimam

1444 1153 1631 1190 visionem
1654 1153 1846 1203 suspirare
1865 1152 2072 1198 debemus,
2096 1151 2260 1189 ethonis
2278 1151 2453 1202 operibus

1443 1213 1618 1250 insistere
1635 1242 1644 1258 ,
1674 1222 1716 1250 ut
1742 1213 1790 1250 ad
1817 1213 1922 1250 illam
1951 1213 2236 1263 perveniamus.
2266 1215 2454 1262 Rogamus

2489 1163 2493 1203 l

1445 1283 1547 1312 tuam
1580 1276 1860 1322 Dilecffionem,
1893 1283 1936 1312 ut
1964 1283 2105 1312 terram
2138 1275 2266 1320 illam,
2291 1287 2376 1324 quae
2403 1274 2453 1311 tui
2490 1309 2492 1316 ,

1439 1334 1538 1385 juris
1559 1345 1615 1373 est
1634 1336 1670 1372 in
1694 1336 1863 1386 paroecia
1883 1335 1931 1372 de
1952 1335 2142 1374 Currenni
2157 1364 2166 1381 ‚
2195 1335 2243 1372 de
2266 1348 2343 1385 qua
2362 1333 2453 1371 dile-

1444 1405 1525 1433 ctus
1546 1405 1583 1433 et
1604 1396 1800 1434 familiaris
1821 1405 1952 1433 noster
1975 1395 2093 1433 abbas
2111 1395 2158 1432 de
2181 1395 2312 1433 Alchie
2335 1402 2455 1432 tecum
2490 1426 2492 1430 ,

1443 1459 1595 1495 locutus
1619 1466 1696 1504 est,
1718 1467 1755 1495 et
1775 1472 1861 1508 quae
1880 1458 2029 1495 deserta
2046 1466 2084 1494 et
2100 1457 2244 1495 inculta
2259 1456 2327 1493 tibi
2344 1485 2353 1502 ,
2371 1455 2456 1494 tuis-

1448 1533 1523 1570 que
1543 1519 1850 1557 antecessoribus
1866 1532 1987 1569 usque
2008 1532 2111 1555 nunc
2126 1517 2275 1555 inutilis
2294 1517 2382 1564 fuit,
2398 1530 2457 1554 ec-

1448 1580 1571 1617 clesiae
1596 1580 1643 1617 de
1666 1580 1777 1618 Alclii
1798 1581 1837 1617 in
1858 1581 2141 1629 eleemosynam
2167 1577 2378 1616 concedere
2399 1576 2457 1613 di-
2490 1614 2494 1619 ,

1446 1641 1574 1691 goeris
1605 1657 1613 1677 2

1645 1650 1837 1691 quatenus
1864 1650 1902 1678 et
1924 1641 2061 1678 animae
2088 1647 2246 1687 tuaefet
2265 1636 2458 1676 animabus
2491 1678 2494 1687 Ι

1448 1711 1735 1739 antecessorum
1775 1712 1813 1740 et
1848 1715 2113 1740 successorum
2155 1710 2334 1746 tuorum,
2363 1697 2460 1750 apud

1444 1767 1568 1801 Deum
1595 1764 1669 1801 hoc
1699 1773 1806 1802 tuum
1827 1764 2005 1814 proficiat
2031 1763 2274 1801 beneficium.

1555 1907 1711 1916 x==2==n===q
1717 1907 1741 1916 ιι
1746 1905 2295 1917 νιιιιιιννιψννιπψνιιινινιςκννιιιπωιιινιιη
2301 1904 2366 1914 νιιπι
2372 1903 2462 1913 nutu·-

1633 2031 2008 2089 EPISTOLA
2073 2019 2278 2088 CDX.f

1517 2192 1562 2213 AD
1584 2191 1799 2214 GlLDtINL'M
1821 2191 1989 2214 ABBATEM
2012 2188 2344 2215 §.arten-VICTORIS
2358 2174 2385 2211 *.

1694 2304 1728 2332 P.
1762 2300 1977 2332 Lombardum
2001 2299 2212 2332 commendat.

1445 2422 1682 2461 Reverendis
1703 2421 1877 2473 patribus
1898 2431 1935 2459 et
1956 2422 2144 2469 dominis,
2166 2430 2205 2460 et
2223 2422 2354 2460 amicis
2372 2421 2458 2466 cha-1
2511 2435 2521 2442 ⁷

1499 2485 1670 2531 rissimis,
1685 2487 1730 2523 G.
1753 2484 1821 2521 Dei
1837 2483 1956 2534 gratia
1976 2483 2188 2521 venerabili
2211 2483 2342 2521 abbati
2367 2487 2458 2523 San-—
2492 2502 2495 2519 :

1499 2545 1735 2582 cti-Victoris
1750 2544 1987 2592 Parisiensis,
2000 2553 2038 2582 et
2050 2545 2231 2583 universo
2252 2543 2457 2583 conventui
2492 2542 2496 2563 ²
2511 2555 2517 2571 ’·

1499 2615 1630 2643 sancto
1646 2634 1656 2651 ‚
1681 2607 1796 2643 frater
1814 2610 2046 2643 Bmmnnns
2067 2606 2327 2644 Clarae-Vallis
2341 2618 2455 2643 voca-

1501 2675 1560 2703 tus
1588 2665 1724 2713 abbas,
1751 2667 1912 2704 salutem
1934 2675 1972 2704 et
1991 2675 2143 2705 nostras
2161 2667 2456 2717 qualescumque
2493 2679 2495 2699 λ

1500 2727 1706 2765 orationes.

1494 2853 1655 2887 Necesse
1672 2848 1860 2886 habemus
1874 2849 1996 2886 multa
2010 2848 2223 2898 requirere,
2237 2848 2326 2898 quia
2340 2847 2454 2885 multa

1443 2911 1694 2961 requiruntur
1715 2924 1735 2947 a
1756 2909 1869 2947 nobis
1886 2925 1893 2947 ε
1916 2923 1986 2947 nec
2001 2909 2134 2947 amicis
2147 2921 2352 2960 possumus
2365 2921 2453 2959 par-
2494 2956 2495 2961 ¹

400 3075 414 3089 ³
432 3076 534 3105 Antea
548 3073 679 3116 epistola
694 3077 771 3107 349.
787 3093 831 3097 —-
847 3075 863 3096 b
875 3076 1078 3107 Guillelmum
1097 3075 1243 3106 abbatem
1257 3075 1355 3106 sancti
1374 3073 1505 3106 Martini
1520 3071 1684 3105 Trecensis
1701 3072 1829 3103 Ordinis
1842 3071 1940 3103 sancti
1952 3070 2132 3113 Augustini.

404 3133 418 3148 c
432 3128 491 3159 Hic
509 3127 660 3170 adjective
677 3143 690 3153 «
706 3128 848 3159 canonici
867 3144 879 3153 u
898 3129 1097 3171 appellantur
1123 3129 1243 3165 clerici,
1269 3128 1380 3160 eodem
1396 3138 1488 3159 sensu
1509 3138 1571 3168 quo
1591 3126 1623 3157 in
1652 3126 1806 3168 superiori
1825 3124 1957 3167 epistola
1978 3127 2293 3156 Praemonstratenses
2312 3122 2454 3155 dicuntur

363 3196 375 3207 «ι
394 3181 551 3223 regulares
570 3181 684 3212 clerici.
702 3196 715 3207 r·
730 3200 775 3204 —
789 3180 805 3201 ὃ
820 3184 922 3213 Antea
941 3182 1070 3224 epistola
1086 3186 1164 3214 350.

405 3241 419 3257 e
438 3236 601 3267 Alciacum
615 3260 622 3273 ‚
639 3236 862 3266 monasterium
885 3236 1012 3267 Ordinis
1029 3236 1127 3267 sancti
1147 3236 1325 3273 Benedicti,
1349 3234 1488 3266 dioecesis
1508 3239 1583 3265 tunc
1602 3232 1831 3269 Tem-anemis,
1852 3242 1938 3262 nunc
1953 3230 2222 3267 midumai—ensis,
2243 3229 2406 3261 fundatum
2421 3228 2452 3260 in

360 3290 494 3320 Wlorinis
515 3289 552 3320 ad
571 3289 740 3330 Quantiam
755 3288 882 3320 ssuvium
902 3289 960 3320 sub
977 3300 1093 3320 anuum
1110 3293 1189 3322 700.
1213 3290 1315 3331 primo
1329 3300 1387 3332 pro
1402 3288 1711 3322 sanctimonialibus.
1739 3287 1854 3329 quibus
1873 3292 2089 3318 successerunt
2113 3284 2259 3317 monachi
2278 3284 2318 3316 ab
2338 3284 2450 3315 instau-

361 3343 480 3375 ratione
500 3350 567 3385 post
588 3345 812 3375 Nortmannos.
830 3337 896 3366 „f
917 3347 1018 3375 Antea
1035 3344 1165 3386 epistola
1181 3347 1260 3375 366,

2493 2848 2522 2884 ‚it
