2517 3920
1048 825 1709 914 ADMONITIO

973 1063 1023 1096 IN
1054 1061 1365 1107 SUBSEQUENS
1394 1061 1695 1097 OPUSCULUM
1726 1063 1792 1097 IX.

1102 1235 1678 1255 &005ss

396 1408 477 1446 Hoc
492 1403 730 1457 opusculum
751 1400 974 1441 Bel-nardus
993 1409 1083 1439 ante
1098 1415 1251 1439 annum
1271 1402 1371 1439 1128
1391 1402 1614 1451 composuit
1629 1431 1638 1449 ,
1661 1400 1701 1439 id
1720 1409 1778 1439 est
1793 1409 1882 1439 ante
1903 1414 2056 1439 annum
2076 1402 2200 1441 aetatis
2220 1415 2299 1441 suae
2318 1403 2429 1442 trice-

342 1475 490 1512 simum
509 1480 711 1510 octavum.
736 1469 824 1521 Agit
841 1468 889 1506 de
909 1468 1046 1506 Gratia
1064 1476 1102 1506 et
1118 1467 1260 1505 Libero
1277 1466 1452 1504 Arbitrio
1468 1497 1477 1514 ,
1501 1481 1547 1505 ex
1569 1467 1766 1505 occasione
1786 1466 1992 1517 cujusdam
2011 1466 2228 1506 collationis
2248 1482 2339 1506 cum
2358 1468 2430 1507 ho-

343 1541 449 1577 mine
474 1538 601 1577 nescio
620 1550 701 1588 quo
715 1566 724 1583 ,
756 1536 817 1573 cui
839 1543 994 1572 sanctus
1013 1533 1158 1571 Doctor
1177 1534 1350 1571 nimium
1375 1534 1507 1585 gratiae
1526 1533 1708 1573 tribuisse
1726 1534 1833 1572 visus
1851 1533 1980 1572 suerat
1997 1563 2006 1581 ,
2031 1534 2144 1584 quasi
2163 1533 2266 1572 nihil
2286 1533 2428 1586 reliqui

340 1605 467 1644 libero
486 1604 650 1643 arbitrio
682 1602 822 1641 faceret
850 1602 891 1639 in
914 1599 1067 1638 actibus
1092 1599 1294 1638 humanis.
1319 1598 1547 1650 Praecipuus
1574 1613 1666 1652 ergo
1686 1598 1779 1637 libri
1809 1612 1948 1650 scopus
1972 1607 2048 1647 est,
2069 1613 2157 1651 quae
2173 1600 2251 1637 sint
2269 1600 2402 1652 gratiae
2418 1630 2427 1647 ,

341 1685 429 1723 quae
448 1670 563 1709 liberi
582 1669 735 1708 arbitrii
754 1677 883 1720 partes
902 1668 942 1705 in
960 1667 1115 1719 negotio
1132 1665 1283 1704 salutis.
1304 1667 1391 1703 Huc
1415 1666 1544 1704 multa
1560 1665 1751 1703 docentur
1769 1664 1817 1703 de
1838 1664 1964 1703 libero
1982 1664 2146 1703 arbitrio
2169 1664 2265 1713 Dei,
2285 1665 2428 1718 angeli,

342 1746 381 1776 et
397 1736 572 1775 hominis
586 1766 595 1783 ,
615 1736 778 1786 integri,
799 1733 897 1784 lapsi
916 1763 924 1780 ,
943 1742 981 1771 et
997 1732 1104 1770 beati
1128 1748 1136 1770 :
1156 1732 1249 1770 item
1272 1731 1319 1770 de
1340 1732 1464 1784 grat-ia
1483 1732 1602 1782 primi
1619 1731 1794 1769 hominis
1814 1739 1905 1769 ante
1922 1740 1961 1769 et
1979 1740 2070 1782 post
2084 1730 2256 1782 lapsum.
2276 1730 2431 1769 Parvus

341 1803 466 1850 liber,
490 1802 556 1841 sed
581 1802 651 1853 qui
671 1800 762 1852 plus
781 1801 883 1837 succi
902 1809 940 1837 et
965 1797 1096 1837 solidae
1118 1797 1303 1836 doctrinae
1320 1797 1518 1835 contineat
1532 1827 1541 1844 ,
1563 1812 1688 1848 quam
1707 1811 1851 1849 magna
1873 1796 2075 1835 librorum
2090 1796 2298 1835 volumina
2314 1827 2323 1844 ,
2343 1811 2429 1848 quae

343 1869 392 1907 de
422 1868 496 1906 hoc
527 1866 745 1919 theologico
773 1874 1008 1918 argumento
1035 1872 1289 1915 pertractant.
1319 1862 1442 1901 Stilus
1470 1873 1648 1916 vegetus,
1673 1864 1797 1901 vivaci
1827 1863 1983 1915 ingenio
2003 1871 2042 1901 et
2072 1861 2228 1902 lumine
2253 1863 2427 1914 plenus:

344 1933 465 1972 verba
480 1933 640 1983 propria
658 1941 697 1970 et
718 1932 887 1969 materiae
904 1929 1156 1968 accommoda
1171 1948 1179 1977 ;
1202 1930 1327 1967 oratio
1344 1928 1482 1976 facilis,
1502 1943 1581 1967 non
1597 1938 1680 1967 arte
1700 1929 1882 1980 quaesita,
1904 1927 1972 1967 sed
1989 1929 2102 1980 quasi
2121 1928 2313 1967 naturalis
2324 1947 2333 1977 ;
2351 1943 2430 1968 non

345 1999 463 2038 obesa
481 2009 519 2038 et
540 1998 648 2037 exilis
661 2029 670 2046 ,
696 1997 762 2037 sed
787 1998 945 2049 pinguis
963 2006 1001 2035 et
1020 2010 1183 2035 nervosa
1206 2013 1214 2033 :
1237 1996 1393 2047 elegans
1411 2025 1420 2042 ,
1443 1997 1652 2044 concinna,
1675 2004 1714 2034 et
1729 1994 1925 2046 jucunda;
1947 2009 2027 2033 non
2047 1994 2272 2033 trivialibus
2292 1994 2430 2033 scholae

346 2065 473 2103 verbis
492 2064 703 2116 languens,
724 2078 802 2101 non
822 2062 1012 2109 barbara,
1030 2070 1100 2099 aut
1117 2061 1279 2099 inculta.
1299 2060 1390 2099 Non
1411 2060 1464 2098 ita
1486 2075 1617 2113 pressa
1634 2091 1643 2109 ,
1661 2070 1707 2100 ut
1728 2075 1842 2113 parce
1866 2070 1904 2100 et
1923 2062 2111 2114 guttatim
2131 2060 2229 2100 fluat
2247 2079 2256 2109 ;
2278 2076 2348 2100 nec
2367 2070 2431 2100 ta—

346 2146 438 2169 men
468 2132 520 2168 ita
544 2130 706 2181 profusa
723 2159 732 2177 ,
763 2138 808 2167 ut
833 2129 1017 2166 torrentis
1039 2128 1186 2174 instar,
1209 2127 1321 2177 quasi
1346 2136 1466 2178 rupto
1486 2141 1624 2179 aggere
1644 2136 1682 2165 et
1705 2127 1844 2165 siccato
1867 2126 1978 2165 alveo
1992 2156 2001 2174 ,
2019 2134 2204 2177 erumpat
2227 2142 2236 2164 z
2258 2125 2325 2165 sed
2344 2126 2430 2177 pari

346 2206 479 2235 tenore
499 2205 537 2234 et
562 2197 668 2248 gravi
689 2196 892 2244 majestate
912 2193 1115 2245 aequaliter
1130 2192 1332 2244 profluens
1346 2223 1355 2240 ,
1377 2192 1527 2231 fontem
1546 2192 1692 2231 indicat
1713 2191 2021 2239 indeficientem,
2051 2192 2121 2243 qui
2140 2205 2220 2229 non
2242 2206 2289 2230 ex
2305 2191 2431 2230 alieno

345 2262 486 2314 plenus
505 2263 553 2300 sit
570 2292 578 2308 ,
605 2261 671 2299 sed
695 2275 741 2298 ex
769 2260 929 2311 proprio
946 2289 954 2305 ,
978 2260 1059 2296 imo
1074 2273 1120 2296 ex
1141 2258 1214 2295 Dei
1233 2256 1339 2295 dono
1354 2288 1363 2306 ,
1381 2267 1501 2309 atque
1520 2273 1567 2296 ex
1587 2260 1775 2297 continua
1795 2259 2006 2310 Scripturae
2026 2257 2306 2306 meditatione,
2328 2271 2430 2309 prae—

346 2329 485 2366 sertim
513 2326 710 2377 Apostoli,
732 2340 775 2363 11.
799 2325 862 2363 48.
897 2324 954 2362 De
980 2325 1054 2362 isto
1078 2322 1269 2374 opusculo
1295 2323 1515 2362 Gaufridus
1543 2326 1582 2362 in
1608 2324 1712 2363 libro
1736 2324 1851 2363 tertio
1876 2323 1924 2362 de
1950 2323 2045 2363 Vita
2073 2322 2262 2361 Bernardi
2279 2353 2288 2371 ,
2310 2323 2431 2374 capite

347 2403 481 2431 octavo
496 2423 504 2439 ,
527 2407 643 2444 agens
672 2410 679 2431 :
710 2411 726 2425 ιι
753 2392 885 2441 Quam
905 2405 985 2428 11011
1000 2391 1200 2442 ingratUS,
1230 2406 1246 2421 u
1268 2389 1421 2439 inquit,
1444 2407 1458 2422 «
1484 2390 1616 2441 gratiae
1633 2390 1729 2438 Dei,
1751 2404 1798 2428 ex
1815 2388 1877 2427 his
1894 2388 2021 2441 liquet
2035 2419 2044 2436 ,
2063 2401 2152 2440 quae
2172 2387 2220 2427 de
2240 2387 2377 2426 Gratia
2393 2395 2432 2426 et

349 2477 365 2491 »
392 2458 534 2497 Libero
555 2459 749 2505 Arbitrio,
769 2467 850 2496 tam
875 2455 1056 2502 fideliter,
1076 2469 1199 2505 quam
1215 2454 1411 2492 subtiliter
1432 2453 1665 2506 disputavit.
1701 2473 1716 2488 υ
1735 2454 1823 2493 -Nec
1843 2452 2181 2506 praetermittenda
2204 2452 2326 2492 verba
2346 2453 2433 2503 epi—

348 2524 452 2563 stolae
472 2525 807 2576 quinquagesimae
828 2522 1005 2561 secundae
1021 2552 1030 2570 ,
1052 2520 1103 2558 ad
1119 2521 1388 2559 Hai111c1·ic.um
1412 2520 1672 2567 cardinalem,
1689 2533 1777 2572 quae
1795 2519 1870 2558 sub
1885 2533 2037 2558 annum
2059 2520 2158 2558 1128
2180 2519 2322 2570 scripta
2340 2526 2395 2556 est
2419 2533 2428 2555 ε

355 2611 369 2625 «
395 2590 584 2640 Quaesivit
598 2606 621 2628 a
638 2604 701 2628 me
716 2589 904 2640 praefatus
923 2589 1128 2639 episcopus
1150 2604 1166 2620 »
1188 2585 1405 2625 Gaufridus
1425 2586 1677 2625 Carnotensis
1697 2605 1713 2620 «
1736 2586 1871 2638 aliqua
1892 2599 1939 2623 ex
1959 2585 2101 2623 nostris
2120 2583 2330 2636 Opusculis
2345 2596 2430 2635 quae

353 2680 369 2694 »
394 2660 503 2698 vobis
535 2659 710 2696 mitteret
732 2673 740 2694 :
760 2655 827 2693 sed
857 2669 936 2692 11011
952 2653 1029 2692 fuit
1061 2652 1112 2690 ad
1131 2667 1324 2699 manum,
1347 2652 1456 2703 quod
1481 2662 1610 2692 vestro
1641 2652 1819 2705 dignum
1849 2650 2047 2690 crederem
2066 2649 2212 2689 studio.
2231 2649 2428 2688 Libellum

354 2745 369 2759 u
396 2735 528 2763 tamen
559 2724 606 2762 de
633 2722 769 2761 Gratia
797 2729 835 2758 et
864 2719 1007 2758 Libero
1038 2718 1212 2756 Arbitrio
1240 2732 1367 2768 nuper
1395 2717 1500 2755 edidi
1519 2735 1527 2756 :
1546 2717 1663 2756 illum
1690 2717 1801 2756 vobis
1825 2717 1995 2756 libenter
2027 2717 2186 2754 mittam
2204 2747 2214 2764 ,
2245 2728 2338 2753 cum
2365 2727 2432 2752 vos

357 2809 371 2823 n
396 2791 495 2829 velle
517 2802 746 2841 cognovero.
772 2804 788 2820 n
814 2786 995 2824 Directus
1015 2793 1071 2823 est
1094 2783 1253 2822 libellus
1279 2783 1497 2822 Guillelmo
1518 2782 1913 2822 Sancti—Theoderici
1936 2781 2097 2829 abbati,
2127 2779 2314 2834 singulari
2336 2779 2433 2817 Ber-

353 2855 465 2893 nardi
491 2856 617 2892 amico
637 2884 645 2902 ,
679 2853 730 2891 ad
763 2866 883 2903 quem
915 2849 1105 2902 Apologia
1138 2851 1317 2901 superius
1352 2849 1456 2888 edita
1471 2881 1480 2897 ,
1515 2859 1552 2888 et
1582 2848 1754 2900 epistolae
1788 2847 2025 2900 complures.
2065 2845 2232 2885 Nullam
2259 2846 2432 2897 capitum

353 2922 585 2968 divisionem
609 2920 759 2959 habent
783 2919 930 2958 codices
956 2919 1198 2969 antiquiores
1213 2947 1222 2965 ,
1252 2915 1320 2955 sed
1340 2917 1584 2955 recentiores.
1608 2914 1824 2966 Vulgatam
1844 2922 1882 2953 et
1904 2920 2103 2964 receptam
2129 2912 2252 2951 satius
2269 2910 2432 2950 retinere

358 2988 486 3027 visum
504 2994 573 3024 est.
