2565 3952
103 138 178 175 533

1021 134 1285 171 EPISTOLAE.

2131 148 2207 184 534

154 213 326 264 ejusdem
370 213 446 249 loci
481 210 681 257 fratribus,
719 211 836 248 frater
866 209 1254 256 Bnamnnus‚²⁵⁴nia
1291 221 1486 264 tempora,
1534 215 1601 264 qui
1647 217 1797 253 transiit
1839 218 1887 254 ad
1929 223 2208 262 aeternitatem?

153 282 288 311 vestrae
310 271 520 310 sanctitatis
540 283 694 317 servus,
716 270 762 306 dc
787 269 894 306 bono
917 270 954 306 in
984 270 1120 307 melius
1140 270 1168 303 A
1189 276 1341 320 Quanta
1362 286 1452 310 sane
1474 282 1649 324 tempora
1664 289 1743 312 non
1760 277 2003 327 longaevitate
2018 311 2027 328 ,
2045 283 2111 319 sed
2128 285 2209 321 lon-

154 347 305 384 semper
322 332 523 383 proficere.

158 459 189 495 l.
211 460 360 495 Revera
380 468 483 491 nunc
512 455 551 491 in
572 463 627 501 te,
655 463 787 504 pater,
809 455 991 506 experior
1011 455 1117 506 quod

101 520 139 557 in
156 517 271 555 sacris
293 515 446 554 Litteris
467 515 601 565 legisse
625 528 685 551 me
704 515 861 552 memini
879 530 887 552 ε
911 516 999 553 Cum
1024 530 1116 553 con-

99 587 304 617 summatus
314 575 437 625 suerit
454 577 578 623 homo,
601 586 689 612 tunc
711 579 844 626 incipz't
869 589 892 613 ¹.
914 581 1000 615 Jam
1033 578 1115 615 seni

100 639 266 690 requies,
277 637 357 688 jam
373 651 518 675 corona
535 637 750 675 debebatur
764 638 925 675 emerito
945 653 952 676 ε
972 647 1010 676 et
1026 653 1114 676 ecce

100 709 276 750 tanquam
301 711 426 736 novus
454 699 493 735 in
523 699 672 737 Christo
695 700 824 746 miles,
852 713 953 737 nova
974 701 1113 738 iterum

99 761 166 800 tibi
199 761 340 798 excitas
378 759 480 797 bella
496 789 505 807 ‚
541 774 730 811 provocas
761 761 1043 809 adversarium3
1076 771 1114 799 et

98 835 177 862 rem
203 822 362 860 fortium
384 822 586 874 praesumis
622 822 743 860 fessus
772 836 912 869 senex,
940 823 1031 860 dum
1066 824 1113 862 ad

97 883 310 923 iterandum
337 893 553 930 certamen,
576 883 778 933 antiquum
805 884 953 921 hostem
968 914 977 932 ,
999 886 1113 923 etiam

98 945 383 998 quodammodo
430 945 595 982 invitum
642 945 854 995 compellis.
904 947 1113 984 Enimvero

1188 333 1433 382 ganimitate;
1462 334 1534 371 hoc.
1563 344 1643 381 est,
1668 349 1747 372 non
1780 350 1970 376 annorum
2004 343 2124 389 serie,
2148 347 2206 381 vel

1187 393 1340 431 dierum
1359 408 1543 441 numero,
1563 395 1627 432 sed
1644 398 1782 434 mentis
1801 397 2007 437 devotione
2021 429 2031 446 ,
2050 411 2087 438 et
2102 404 2206 440 inex—

1184 454 1397 505 stinguibili
1419 469 1571 506 semper
1589 458 1819 507 proficiendi
1839 460 2029 498 desiderio
2047 476 2207 513 percur-

1185 529 1269 553 rere
1290 516 1436 566 potuit,
1460 525 1562 554 tanta
1586 517 1657 554 sibi
1676 519 1714 555 in
1737 520 1880 557 meritis
1906 534 1984 558 non
2012 523 2204 562 immerito

1183 577 1405 614 vindicavit.
1428 578 1583 615 Retinet
1606 579 1752 630 quippe
1774 581 1936 628 virtute,
1954 585 2058 632 quod
2081 586 2206 622 amisit

1182 637 1221 674 in
1240 647 1427 688 tempore.
1443 642 1566 676 Porro
1580 654 1671 676 vera
1685 641 1809 678 virtus
1827 643 1940 678 finem
1958 644 2094 690 nescit,
2112 653 2205 682 tem-

1181 712 1278 749 pore
1309 713 1387 736 non
1419 699 1622 737 clauditur.
1650 701 1764 739 L'nde
1795 711 1852 739 est
1882 703 1996 750 illud,
2032 706 2205 742 Charitas

1182 773 1380 809 tamquam
1409 762 1553 797 excidit
1570 759 1583 782 5
1608 776 1615 798 :
1640 770 1678 798 et
1698 762 1788 799 item
1802 792 1812 810 ,
1833 765 2032 800 Patientia
2057 780 2205 815 paupe-

1182 835 1263 857 mm
1282 835 1356 857 ηοη
1374 821 1518 870 perflat
1537 827 1575 858 in
1586 824 1712 870 finem
1731 822 1745 844 ⁶
1768 839 1776 861 :
1805 832 1866 870 et,
1897 827 2025 861 szor
2045 829 2204 863 Domini

1180 892 1333 919 sanctus
1346 893 1551 932 permanet
1563 888 1602 919 ῘΙΖ
1619 887 1796 920 soeculllm
1811 888 1943 921 soecull
1957 893 1982 922 T.
1997 890 2202 937 Nunquam]

1178 942 1307 993 justus
1339 942 1549 980 arbitratur
1580 957 1619 981 se
1652 945 1992 995 comprehendisse
2018 948 2030 969 ὅ
2061 963 2069 985 ;
2105 962 2204 985 nun-

97 1008 185 1046 dum
205 1015 347 1058 praeter
366 1020 514 1044 morem
536 1015 642 1043 tuum
659 1035 668 1053 ,
697 1015 934 1057 tuorumque
961 1008 1111 1058 praede-
1131 1007 1158 1042 B
1181 1018 1297 1054 quam
1325 1004 1438 1051 dicit,
1462 1005 1558 1043 Satis
1589 1014 1665 1052 est;
1690 1006 1757 1043 sed
1785 1020 1938 1058 semper
1960 1010 2080 1046 esurit
2107 1011 2204 1047 sitit-

96 1080 287 1106 cessorum
310 1067 536 1104 traditiones
552 1073 582 1113 ²¹,
606 1066 792 1105 divinitus
814 1068 1023 1118 inspiratus
1044 1082 1110 1106 ec-

95 1128 222 1167 clesias
241 1136 280 1165 et
295 1127 551 1165 ecclesiastica
570 1127 757 1165 beneficia
774 1129 978 1179 relinquis3
997 1143 1111 1180 syna—

95 1202 208 1241 gogas
223 1197 366 1226 satanae
380 1218 390 1234 ,
408 1189 448 1226 id
467 1198 524 1226 est
540 1189 696 1226 cellulas
715 1198 823 1226 extra
840 1189 1061 1228 coenobium
1078 1192 1110 1238 *,

95 1251 133 1288 in
147 1249 285 1300 quibus
304 1258 380 1287 tres
393 1279 402 1296 ,
421 1251 483 1286 vel
504 1257 674 1300 quatuor
694 1250 829 1287 fratres
845 1251 927 1287 sine
948 1251 1085 1289 ordine
1098 1281 1107 1298 ,

93 1312 172 1351 sine
192 1310 395 1362 disciplina
415 1310 587 1348 habitare
616 1311 760 1358 solent,
782 1311 966 1359 destruis,
997 1312 1109 1349 femi-

92 1385 158 1410 nas
179 1385 200 1409 a
221 1371 456 1408 monasterio
473 1384 579 1408 arces
601 1370 633 1417 *,
652 1371 877 1421 caeterisque
893 1371 1046 1422 pietatis
1066 1386 1110 1409 ac

91 1432 300 1483 disciplinae
316 1431 430 1469 bonis
446 1431 653 1469 studiosius
669 1432 845 1482 invigilas
861 1433 974 1470 solito
990 1447 998 1470 :
1014 1432 1110 1483 quid

91 1494 191 1533 aliud
210 1494 360 1546 primus
381 1502 420 1532 et
436 1493 626 1531 maximus
647 1493 711 1531 ille
732 1502 935 1544 peccator,
958 1494 1030 1531 nisi
1051 1495 1109 1531 vi-

91 1553 192 1592 debit
211 1563 249 1592 et
265 1555 473 1602 irascetur,
492 1554 674 1592 dentibus
690 1555 767 1592 suis
785 1555 922 1592 fremet
947 1564 984 1592 et
1002 1555 1107 1593 tabe-

90 1616 190 1653 scet?
207 1615 281 1653 Sed
299 1629 386 1666 quae
400 1617 519 1653 cura?
536 1618 566 1653 E
594 1624 731 1653 contra
751 1623 793 1653 tu
813 1615 850 1652 in
872 1615 955 1665 ejus
976 1617 1108 1654 confu-

90 1675 194 1714 sione
207 1684 246 1714 et
264 1685 327 1713 tua
343 1676 610 1714 consolatione
626 1675 798 1714 cantabis
818 1681 900 1714 Deo
919 1686 984 1715 tuo
1002 1693 1009 1714 τ
1033 1680 1109 1726 Qui

89 1742 219 1774 timent
245 1747 300 1784 te,
327 1737 506 1775 videbunt
530 1752 602 1782 me,
632 1747 668 1774 et
690 1737 933 1783 laetabamur,
952 1743 1042 1788 quia
1067 1744 1106 1775 itz

1179 1079 1255 1115 que
1268 1065 1455 1116 justitiam
1475 1081 1482 1103 :
1502 1067 1554 1103 ita
1572 1075 1615 1103 ut
1631 1067 1661 1104 si
1677 1080 1828 1118 semper
1842 1069 2008 1116 viveret,
2028 1084 2201 1121 semper,

1179 1136 1367 1176 quantum
1397 1128 1435 1164 in
1464 1141 1504 1165 se
1531 1137 1611 1175 est,
1638 1127 1780 1177 justior
1811 1143 1892 1167 esse
1927 1133 2199 1180 contenderet,

1180 1201 1334 1238 semper
1351 1189 1397 1226 de
1415 1188 1520 1226 bono
1536 1189 1576 1225 in
1595 1190 1730 1226 melius
1746 1192 1934 1240 proficere
1951 1194 2038 1231 totis
2054 1194 2201 1232 viribus

1179 1258 1397 1286 conaretur.
1420 1253 1505 1287 Non
1526 1250 1627 1286 enim
1647 1250 1695 1286 ad
1713 1264 1856 1288 annum
1879 1254 1939 1289 vel
1961 1253 2008 1290 ad
2027 1263 2199 1305 tempus,

1176 1310 1297 1347 instar
1326 1311 1578 1358 mercenarii,
1611 1311 1677 1348 sed
1711 1312 1750 1348 in
1782 1321 1969 1350 aeternum
1998 1314 2130 1353 divino
2162 1330 2201 1354 se

1176 1372 1372 1423 mancipat
1394 1372 1605 1409 famulatui.
1628 1372 1730 1409 Audi
1753 1372 1920 1424 denique
1937 1388 2072 1412 vocem
2086 1375 2198 1426 justi,

1176 1436 1223 1469 In
1244 1443 1428 1469 (eternam
1459 1448 1533 1469 non
1562 1433 1763 1471 obliviscar
1779 1436 2072 1483 justificationes
2090 1447 2174 1474 tuas
2187 1467 2199 1483 ,

1177 1498 1267 1543 (suia
1294 1500 1333 1530 in
1354 1499 1444 1543 ipsis
1472 1497 1678 1543 vivificasti
1705 1509 1763 1531 me
1781 1511 1792 1531 .·
1817 1505 1855 1533 et
1882 1510 2057 1544 rursum,
2078 1501 2199 1535 Incli—

1176 1561 1264 1592 mwl'
1281 1570 1346 1592 cor
1360 1570 1483 1593 meum
1505 1559 1559 1592 acl
1572 1555 1783 1604 faciendas
1802 1559 2098 1605 juslgficaliones
2115 1570 2199 1597 tuas

1175 1621 1215 1652 in
1238 1626 1422 1653 (eternum
1443 1624 1471 1653 9.
1501 1621 1587 1655 Non
1617 1618 1734 1668 igitur
1767 1618 1814 1655 ad
1844 1627 2008 1669 tempus.
2031 1621 2199 1658 Proinde

1165 1683 1325 1725 justitia
1349 1680 1429 1725 ejas
1445 1688 1586 1725 manet,
1604 1693 1684 1716 non
1699 1680 1897 1730 aliquanto
1920 1690 2113 1731 tempore,
2133 1683 2199 1719 sed

1175 1745 1214 1776 in
1243 1743 1423 1776 soecaltcm
1454 1743 1586 1776 soeculz'
1607 1746 1649 1777 ¹0.
1677 1742 1920 1792 Sempiterna
1947 1744 2077 1792 itaque
2103 1743 2198 1793 justi

88 1798 201 1837 verbu
222 1809 289 1836 tna
311 1813 426 1848 super
451 1803 601 1849 speravi
618 1805 645 1836 ².
669 1803 747 1838 Nec
764 1799 980 1837 timendum
1002 1800 1108 1850 quod
1133 1802 1160 1839 C
1180 1801 1324 1838 esuries
1351 1801 1625 1852 sempiternam
1656 1811 1827 1839 meretur
1847 1804 2097 1841 refectionem
2127 1820 2134 1842 :
2162 1814 2199 1842 et

87 1860 309 1899 succumbat
323 1861 443 1907 hosti,
463 1861 531 1911 qui
551 1874 622 1899 nec
642 1861 743 1898 cedit
766 1862 877 1899 aetati.
895 1862 1023 1900 Vincit
1042 1876 1107 1899 an-

87 1934 156 1960 nos
170 1922 338 1969 animus,
357 1930 395 1960 et
411 1922 573 1973 frigente
587 1921 668 1972 jam
690 1936 855 1974 corpore
877 1923 999 1960 fervet
1017 1937 1105 1961 san—

87 1990 186 2020 ctum
204 1983 244 2020 in
262 1983 380 2021 corde
399 1983 655 2030 desiderium;
671 1983 911 2034 artubusque
930 1985 1105 2022 fatiscen-

87 2042 204 2090 tibus,
235 2043 349 2082 durat
377 2052 505 2082 tamen
528 2045 734 2082 incolumis
759 2045 952 2096 propositi
972 2045 1102 2095 vigor,

85 2116 153 2141 nec
171 2105 287 2142 sentit
303 2118 452 2155 rugosae
474 2105 600 2142 carnis
622 2105 774 2141 infirma
796 2105 953 2154 spiritus
973 2118 1104 2154 prom-

63 2207 70 2210 *
83 2172 181 2216 ptus.
201 2168 278 2203 Nec
298 2166 454 2202 mirum.
473 2165 622 2216 thuid
642 2166 745 2202 enim
766 2174 912 2203 metuat
929 2166 1102 2203 veterani

85 2224 264 2264 domicilii
282 2227 412 2265 ruinas
425 2257 435 2274 ,
451 2227 518 2277 qui
533 2226 715 2264 fabricam
739 2228 978 2278 spiritualem
995 2227 1102 2265 videt

83 2285 122 2325 in
135 2287 214 2325 dies
227 2288 267 2325 in
282 2288 447 2326 sublime
464 2302 717 2339 consurgere,
734 2289 924 2339 proficere
939 2289 976 2325 in
995 2297 1102 2326 aeter-

84 2348 262 2386 nitatem?
275 2352 410 2388 Certus
427 2363 595 2400 namque
609 2359 667 2387 est
679 2379 688 2396 ,
704 2351 735 2388 si
754 2350 945 2388 terrestris
962 2349 1101 2388 domus

83 2408 152 2446 ista
177 2410 418 2457 dissolvitur,
449 2411 556 2461 quod
589 2410 884 2449 aedificationem
916 2410 1031 2449 habet
1055 2425 1102 2449 ex

83 2472 180 2518 Deo,
207 2471 367 2509 domum
396 2485 475 2509 non
505 2485 623 2509 manu
658 2472 795 2509 factam
809 2502 818 2519 ,
848 2480 1031 2510 aeternam
1061 2473 1100 2509 in

83 2530 186 2569 coelis
204 2532 231 2569 ³.

1175 1863 1264 1900 licet
1283 1862 1320 1900 in
1344 1862 1453 1900 brevi
1470 1872 1763 1900 consummetur
1782 1878 1855 1915 pro
1877 1873 2074 1914 tempore,
2091 1863 2198 1914 judi—

1174 1932 1283 1961 catur
1301 1932 1426 1960 tamen
1444 1924 1618 1975 explesse
1634 1932 1809 1975 tempora
1825 1925 1943 1962 multa
1958 1939 2030 1976 pro
2044 1926 2198 1963 virtutis

1173 1985 1445 2036 perpetuitate.

1227 2048 1262 2084 3.
1287 2045 1496 2095 Quomodo
1525 2046 1692 2097 denique
1720 2047 1904 2097 temporis
1934 2046 2102 2086 brevitas
2122 2049 2195 2086 bo—

1172 2122 1314 2145 norum
1354 2107 1583 2158 praejudicet
1617 2117 1817 2159 perpetuae
1856 2108 2078 2157 devotioni,
2109 2124 2195 2160 quae

1170 2169 1406 2218 pertinacem
1425 2167 1685 2218 reproborum
1708 2169 1891 2206 malitiam
1914 2183 2097 2207 excusare
2116 2185 2193 2208 non

1169 2230 1336 2267 sufficit?
1358 2229 1417 2268 Ob
1443 2229 1517 2267 hoc
1545 2230 1647 2267 enim
1673 2231 1811 2280 procul
1831 2229 1950 2267 dubio
1975 2231 2195 2269 inflexibilis

1169 2299 1206 2328 et
1222 2289 1424 2328 obstinatae
1446 2291 1584 2327 mentis
1602 2291 1764 2341 punitur
1782 2291 2016 2328 aeternaliter
2034 2293 2191 2338 malum,

1170 2352 1258 2389 licet
1280 2351 1545 2401 temporaliter
1562 2359 1828 2401 perpetratum
1843 2381 1852 2398 ,
1870 2352 1960 2401 quia
1981 2352 2087 2402 quod
2106 2352 2195 2390 bre—

1169 2426 1215 2450 ve
1234 2413 1306 2450 fuit
1325 2421 1500 2462 tempore
1521 2413 1581 2449 vel
1605 2425 1742 2462 opere,
1764 2413 1922 2462 longum
1942 2426 2023 2450 esse
2044 2423 2194 2451 constat

1168 2473 1206 2509 in
1230 2472 1417 2523 pertinaci
1438 2472 1638 2509 voluntate
1661 2488 1668 2509 :
1686 2472 1739 2509 ita
1762 2481 1820 2519 ut,
1840 2473 1870 2510 si
1887 2487 2085 2523 nunquam
2109 2488 2192 2511 mo-

1169 2542 1321 2571 reretur
1334 2563 1343 2580 ,
1365 2547 1564 2584 nunquam
1582 2535 1680 2571 velle
1698 2548 1857 2584 peccare
1877 2534 2068 2572 desineret
2083 2551 2093 2582 3
2113 2536 2192 2573 imo

134 2592 168 2629 2.
187 2593 261 2630 Sed
281 2593 383 2631 dicet
408 2594 546 2645 aliquis
568 2609 576 2631 :
601 2594 703 2643 Quid
724 2595 754 2632 si
776 2603 901 2632 morte
919 2608 1097 2645 praeven-
1116 2601 1149 2635 D
1167 2608 1321 2645 semper
1338 2595 1468 2632 vivere
1484 2595 1621 2640 vellet,
1638 2604 1682 2632 ut
1699 2608 1850 2646 semper
1867 2609 2027 2646 peccare
2049 2606 2190 2646 posset.

83 2658 141 2689 tus
174 2654 288 2691 fuerit
316 2654 458 2702 homo,
493 2654 659 2692 necdum
694 2655 873 2692 videlicet
909 2656 1100 2706 spirituali

83 2713 239 2752 aedificio
274 2717 570 2753 consummato?
605 2716 802 2754 Perfectus
834 2716 980 2766 quippe
1019 2730 1098 2754 non

82 2772 193 2812 habet
210 2789 288 2826 quo
308 2777 485 2827 proficiat
503 2793 510 2814 z
532 2786 570 2814 et
587 2778 654 2828 qui
668 2778 842 2828 proficit,
858 2792 903 2815 eo
922 2779 1006 2829 ipso
1021 2793 1099 2829 quo

81 2836 250 2884 proficit,
284 2838 479 2888 perfectus
508 2851 588 2875 non
620 2852 702 2876 esse
735 2838 995 2876 convincitur.
1032 2843 1099 2877 Est

82 2897 184 2945 quod
204 2899 326 2936 securi
354 2898 402 2936 de
427 2899 495 2936 illo
527 2899 643 2950 plena
674 2899 749 2936 fide
778 2899 1096 2950 respondeamus.

82 2956 258 2996 Dicemus
277 2973 418 3011 nempe
437 2974 445 2997 :
468 2962 754 2997 consummatus
775 2965 814 2996 in
835 2960 945 3006 brevi,
966 2964 1096 3010 exple-

85 3021 134 3053 vit
153 3026 321 3069 tempora
346 3023 467 3057 multa
482 3021 509 3058 ¹5.
532 3025 636 3059 Bene
658 3021 796 3068 multa,
825 3021 892 3071 qui
917 3021 1098 3059 universa

83 3080 359 3130 complectitur.
379 3082 587 3131 Quomodo
604 3082 706 3120 enim
730 3095 810 3119 non
831 3082 1001 3132 explevit
1018 3096 1099 3119 om-

1168 2656 1336 2695 Proinde
1358 2665 1487 2707 potest
1501 2665 1538 2693 et
1556 2657 1602 2693 de
1620 2657 1693 2694 isto
1712 2671 1782 2707 per
1803 2658 2039 2694 contrarium
2055 2658 2191 2695 itidem

1168 2717 1266 2763 dici,
1304 2719 1593 2754 Consummatus
1618 2723 1657 2753 in
1692 2717 1803 2762 brevi,
1827 2720 1993 2767 explevit
2022 2728 2192 2768 tempora

1167 2781 1287 2816 multa
1314 2793 1326 2814 :
1353 2778 1460 2829 quod
1481 2779 1620 2816 merito
1651 2779 1886 2825 multorum,
1907 2780 1985 2816 imo
2015 2781 2189 2817 omnium

1169 2848 1390 2890 temporum
1417 2840 1744 2890 receperim-icem
1760 2869 1770 2886 ,
1798 2840 1864 2890 qui
1890 2840 1997 2877 nullo
2018 2849 2192 2891 tempore

1167 2901 1307 2937 malam
1342 2901 1510 2938 voluerit
1542 2910 1691 2938 mutare
1723 2901 1978 2938 intentionem
2007 2900 2036 2938 Β.
2060 2906 2193 2952 Itaque

1166 2961 1403 2999 indefessum
1426 2962 1657 3013 proficiendi
1679 2962 1869 3008 studium,
1893 2971 1930 2999 et
1946 2962 2051 3012 jugis
2071 2977 2191 2999 cona-

1168 3032 1229 3061 tus
1245 3023 1293 3060 ad
1311 3023 1590 3074 perfectionem
1606 3053 1615 3070 ,
1632 3024 1819 3074 perfectio
1840 3032 2053 3074 reputatur.

1220 3084 1257 3120 4.
1292 3083 1406 3132 Quod
1434 3084 1464 3121 si
1498 3084 1652 3123 studere
1682 3085 1934 3135 perfectioni,
1956 3098 2036 3121 esse
2061 3084 2190 3134 perfe-

130 3220 141 3236 ¹
161 3216 256 3248 Eccli.
275 3227 375 3255 xvm,
393 3222 427 3249 6.
445 3237 491 3241 —
513 3224 527 3240 2
547 3218 631 3250 Psal.
654 3229 777 3255 cxvm,
796 3220 853 3250 74.
870 3235 915 3240 -—
932 3215 946 3240 3
969 3220 1001 3249 II
1025 3220 1100 3250 Cor.
1122 3230 1156 3256 v,
1186 3222 1216 3250 l.
1232 3238 1277 3242 -—
1307 3221 1321 3246 4
1338 3223 1411 3262 Sap.
1442 3231 1489 3257 iv,
1522 3223 1574 3252 13.
1595 3239 1641 3243 —
1663 3218 1676 3242 5
1695 3224 1708 3252 Ι
1724 3223 1798 3253 Cor.
1830 3231 1908 3255 xm,
1943 3222 1975 3250 8.
2006 3237 2049 3240 ——
2078 3216 2186 3250 61).κέιίἔ

84 3277 132 3307 lx,
154 3273 208 3302 19.
235 3288 267 3292 -
292 3277 305 3301 7
321 3271 402 3303 Psal.
420 3276 599 3309 xv111‚10.
620 3292 665 3296 —
680 3272 694 3296 8
710 3271 850 3315 Philipp.
873 3283 937 3310 111,
963 3275 1015 3304 13.
1032 3291 1074 3295 —-
1093 3279 1108 3303 9
1123 3273 1206 3305 Psal.
1223 3284 1353 3310 cxvru,
1372 3276 1415 3305 93
1432 3299 1439 3311 ,
1468 3277 1542 3305 112.
1561 3294 1603 3296 —
1629 3280 1661 3295 ¹0
1678 3274 1758 3305 Psal.
1781 3284 1856 3308 ext,
1881 3275 1913 3302 3.

128 3338 141 3353 ἃ
164 3331 198 3362 Id
217 3338 262 3363 est
275 3333 472 3364 remissiones
496 3333 668 3377 disciplinae
682 3333 853 3375 regularis,
873 3344 889 3365 a
905 3333 1078 3376 majoribus
1097 3333 1253 3372 inducam,
1271 3341 1303 3365 ut
1331 3334 1360 3365 in
1379 3335 1508 3377 epistola
1528 3338 1584 3367 91.
1607 3354 1648 3357 —-
1671 3327 1686 3350 h
1706 3335 1810 3371 Alias,
1836 3331 2042 3363 wlzmmwm.
