2533 3920
364 198 433 234 1:²13
1127 203 1162 237 S.
1194 203 1448 238 BERNARDI
1485 204 1688 239 ABBATIS
2362 202 2433 239 1:²14

355 276 403 314 sit
421 284 459 313 et
478 276 671 327 ingenium
694 277 805 314 velox
821 277 868 313 ad
883 277 1169 328 intelligendum
1186 279 1288 328 quod
1305 279 1362 316 di-
1379 279 1410 296 ²³
1431 279 1520 325 tibi,
1541 289 1582 317 ut
1600 281 1693 317 mihi
1712 279 1818 329 loqui
1835 278 1957 316 debeo
1978 279 2083 329 quod
2112 280 2257 325 senti03
2280 280 2440 328 horreo,

356 337 474 384 citur,
497 345 536 374 et
550 338 728 374 voluntas
744 337 849 386 agilis
868 336 915 374 ad
932 338 1150 387 eligendum
1171 338 1275 388 quod
1293 339 1363 375 uti·
1382 343 1410 375 A
1429 340 1582 389 inquam
1595 370 1604 387 ‚
1622 340 1868 377 considerans
1880 368 1890 386 ‚
1907 339 2031 385 unde,
2051 353 2129 389 quo
2150 340 2300 377 vocaris
2317 355 2325 377 ε
2345 354 2441 391 prae-

358 397 443 435 liter
463 396 657 434 suadetur.
683 397 757 435 Sed
785 397 870 435 licet
889 398 1104 448 specialiter
1135 398 1290 448 quidem
1319 398 1367 434 ad

359 465 412 504 te,
435 471 513 494 non
542 466 667 494 tamen
689 466 764 494 tam
786 458 906 494 multa
924 467 1085 508 propter
1112 467 1148 495 te
1168 458 1368 495 scribenda

358 518 503 568 putavi.
531 521 621 555 Haec
641 518 788 567 itaque,
816 517 956 568 quibus
975 522 1079 555 Deus
1098 518 1268 569 providit
1290 518 1368 553 sore

359 577 586 614 necessaria.
606 581 658 615 Te
678 586 804 614 autem
817 607 827 624 ‚
850 586 892 614 ut
912 591 1038 615 meum
1055 577 1132 627 jam
1153 578 1243 615 olim
1262 578 1369 614 sami—

361 638 625 684 liarissimum‚
655 639 786 688 paucis
815 647 852 675 et
879 652 965 676 cum
993 640 1097 675 omni
1121 639 1257 676 liducia
1283 652 1369 675 mo-

363 713 433 736 neo
447 729 457 746 ‚
479 712 526 736 ne
546 698 625 748 jam
645 699 786 737 diutius
807 700 952 737 animas
980 700 1278 737 desiderantium
1304 707 1339 735 te
1356 727 1365 743 ‚

360 760 397 795 in
423 768 496 796 tuae
526 759 679 808 quidem
707 759 843 797 animae
870 760 1106 797 horrendum
1128 760 1339 810 periculum
1356 788 1366 805 ,

361 820 415 856 tui
432 820 716 870 exspectatione
740 820 960 870 suspendas.
984 824 1039 857 En
1069 829 1131 858 tua
1156 833 1367 869 eorumque

361 879 426 930 (ni
446 879 582 930 fallor)
604 880 668 929 qui
693 889 817 917 tecum
839 889 947 927 sunt,
973 890 1010 917 et
1031 895 1154 926 mors,
1176 890 1213 917 et
1233 881 1308 917 vita
1330 881 1377 923 in,

360 952 476 976 manu
495 948 558 975 tua
577 947 645 975 est.
674 939 918 977 Arbitramur
938 940 1037 982 enim
1067 939 1253 989 quidquid
1275 940 1371 977 sece-

361 999 410 1035 ris
432 1007 471 1035 tu
501 1007 567 1035 aut
595 999 781 1045 volueris,
811 999 896 1035 illos
930 1012 1010 1036 esse
1044 1000 1221 1036 facturos.
1262 999 1370 1036 Alio-

1435 402 1562 437 εει-11η]
1604 415 1690 438 cum
1728 400 1875 436 nullum
1906 400 2171 436 intercurrerit
2207 401 2441 450 poenitentiae

1436 470 1606 511 tempus,
1629 475 1698 512 per
1720 460 1824 511 quod
1846 469 2054 510 utcumque
2084 459 2348 509 hujuscemodi
2373 475 2444 512 pe-

1436 521 1728 558 riculosissimus
1750 521 1929 557 transitus
1954 521 2029 557 fiat.
2059 523 2107 557 Et
2133 521 2288 570 quidem
2318 529 2443 559 rectus

1436 581 1532 618 ordo
1556 582 1715 632 requirit
1735 591 1777 618 ut
1794 582 1901 632 prius
1916 581 2112 632 propriam
2125 610 2134 626 ,
2151 581 2290 618 deinde
2303 582 2444 620 alienas

1436 655 1569 678 curare
1590 641 1742 678 studeas
1761 640 2023 677 conscientias.
2042 640 2191 677 Primus
2204 640 2350 691 quippe
2366 640 2446 690 pie·

1436 702 1520 739 tatis
1540 701 1679 751 gradus
1697 710 1751 738 est
1765 731 1774 748 ,
1795 701 1842 738 de
1859 714 1937 750 quo
1957 699 2142 750 scriptum
2157 709 2214 738 est
2231 715 2239 737 :
2260 701 2445 738 Miserere

1434 767 1577 798 anima?
1597 772 1674 798 lace
1686 765 1847 811 placens
1863 763 1945 796 Deo
1958 768 1980 797 ¹.
2002 764 2059 798 Ex
2077 760 2151 797 hoc
2167 768 2294 797 autem
2313 759 2360 798 ad
2377 761 2446 798 mi-

1435 823 1636 860 serandum
1655 823 1874 873 proximum
1891 831 1996 859 recto
2013 821 2092 871 jam
2115 822 2265 859 tramite
2283 821 2445 859 charitas

1435 883 1611 920 ordinata
1637 883 1814 934 procedit
1846 899 1853 921 ε
1890 883 2035 933 quippe
2056 896 2171 932 quem
2198 882 2246 919 ad
2264 882 2321 919 sui
2341 882 2448 932 quis-

1436 957 1510 992 que
1542 956 1758 980 mensuram
1793 957 1921 980 amare
1953 943 2187 993 praecipitur.
2212 942 2326 991 Quod
2353 943 2383 980 si
2407 942 2447 979 in

1438 1004 1537 1039 hunc
1559 1004 1715 1040 modum
1737 1018 1815 1053 quo
1841 1013 1876 1040 te
1906 1004 2089 1040 hactenus
2115 1003 2196 1053 ipse
2231 1003 2390 1050 amasti,
2411 1011 2449 1041 et

359 1058 452 1107 quin
477 1066 607 1108 aperte
637 1058 818 1094 denuntia
840 1058 933 1105 illis,
963 1058 1175 1108 quiajuxta
1195 1059 1369 1094 omnium
1390 1060 1416 1094 B
1439 1062 1504 1099 tibi
1525 1063 1819 1100 committendos
1840 1072 2035 1100 amaturus
2055 1076 2094 1099 es
2109 1078 2119 1110 3
2137 1063 2238 1100 malo
2260 1076 2331 1112 ego
2359 1063 2448 1113 qui-

361 1117 542 1154 abbatum
576 1126 796 1154 nostrorum
826 1131 904 1154 non
939 1118 1262 1154 contemnendam
1285 1131 1372 1155 sen-

364 1177 518 1213 tentiam
530 1206 539 1223 ‚
557 1191 642 1227 quae
663 1178 800 1214 merito
817 1178 1003 1228 processit
1018 1178 1056 1214 in
1075 1192 1144 1215 vos
1162 1193 1169 1215 ε
1191 1178 1265 1226 Qui
1284 1177 1374 1215 redu

360 1238 498 1285 ierint,
515 1238 668 1286 vivent3
690 1238 756 1289 qui
773 1239 994 1286 renuerint,
1013 1239 1238 1278 morientur.

361 1376 1373 1388 ιιιιιιιιιιιιιιιιιιιιιιιιιιιιιιιιιιιιιιιιιιιιιιιιιιιιιιιιιιιιιιιιιιιιι

565 1493 946 1550 EPISTOLA
991 1491 1169 1550 VIII.a

471 1642 515 1663 AD
536 1642 745 1666 BRUNONEM
768 1641 1032 1665 COLONIENSEM
1054 1629 1267 1665 ELECTUM*.

367 1751 542 1782 Rei-nardus
559 1762 577 1782 a
590 1754 736 1782 Rrunone
752 1752 909 1783 consultus
923 1751 962 1782 de
984 1752 1175 1794 acceptando
1197 1752 1377 1794 episcopatu

415 1806 614 1842 Coloniensi,
636 1807 678 1837 ita
696 1807 882 1849 respondet,
907 1813 939 1836 ut
962 1817 1145 1848 suspensum
1168 1817 1238 1837 eum
1256 1812 1376 1843 teneat,

1439 1122 1525 1159 dem
1561 1122 1629 1159 tibi
1668 1136 1747 1159 non
1779 1122 1992 1167 committi,
2027 1135 2142 1172 quam
2172 1122 2225 1159 sic
2263 1122 2379 1173 diligi.
2413 1124 2451 1161 Si

1441 1191 1566 1220 autem
1588 1183 1694 1233 prius
1711 1191 1747 1220 te
1764 1183 1921 1233 diligere
1939 1182 2151 1230 didicisses,
2169 1191 2207 1220 et
2218 1195 2278 1219 me
2292 1182 2450 1220 forsitan

1441 1243 1556 1280 scires
1571 1256 1711 1280 amare.

1495 1305 1530 1341 2.
1550 1304 1623 1343 Sed
1643 1304 1736 1354 quid
1749 1333 1758 1350 ‚
1781 1304 1811 1341 si
1827 1317 1933 1341 suam
1950 1307 2053 1341 Deus
2071 1304 2256 1342 acceleret
2275 1302 2343 1341 tibi
2363 1316 2451 1354 gra·

1442 1365 1530 1401 tiam
1547 1394 1556 1411 ,
1577 1373 1614 1402 et
1646 1364 1876 1414 multiplicet
1912 1364 2237 1412 misericordiam3
2270 1373 2309 1401 et
2330 1363 2379 1400 sit
2404 1362 2452 1400 ad

1441 1424 1713 1461 restituendam
1738 1425 1998 1462 innocentiam
2025 1425 2218 1462 efficacior
2243 1425 2355 1461 velox
2373 1424 2454 1460 cle—

1442 1485 1583 1521 mentia
1598 1514 1607 1531 ‚
1630 1498 1743 1535 quam
1767 1485 1950 1521 diuturna
1973 1485 2217 1535 poenitentia?
2242 1488 2380 1522 Beatus
2399 1485 2452 1522 si-

1442 1545 1622 1595 quidem,
1657 1546 1719 1582 cui
1747 1559 1826 1582 non
1856 1545 2062 1596 imputabit
2095 1546 2283 1583 Dominus
2316 1558 2454 1596 pecca-

1444 1614 1524 1642 tum
1540 1612 1566 1642 ².
1603 1609 1698 1643 Nam
1735 1606 1819 1656 quis
1850 1605 2044 1643 accusabit
2073 1606 2256 1644 adversus
2289 1607 2452 1643 electum

1443 1666 1539 1702 Dei?
1569 1666 1606 1704 Si
1635 1670 1737 1703 Deus
1763 1666 1972 1716 justificat,
2001 1666 2085 1717 quis
2105 1675 2163 1704 est
2182 1667 2249 1717 qui
2268 1666 2452 1704 condem-

1445 1729 1538 1763 net?
1567 1730 1648 1764 Hoc
1665 1727 1794 1764 salutis
1815 1727 2087 1777 compendium
2109 1736 2262 1765 sanctus
2278 1727 2341 1765 ille
2355 1728 2454 1764 latro

1446 1796 1674 1825 consecutus
1703 1796 1786 1834 est3
1822 1801 1901 1825 uno
1933 1787 2147 1838 eodemque
2177 1787 2238 1824 die
2274 1787 2388 1824 simul
2416 1795 2454 1824 et

414 1860 476 1891 imo
495 1866 607 1891 terreat
631 1862 712 1892 mole
736 1861 810 1893 tanti
834 1861 970 1893 muneris
982 1886 989 1899 ‚
1004 1872 1134 1893 monens
1149 1871 1205 1904 per
1221 1861 1377 1892 orationes
1398 1851 1424 1887 C
1445 1848 1642 1885 confessus
1656 1849 1874 1895 latl'OCiniQ
1896 1857 1934 1885 et
1950 1848 2193 1885 intl'OdUCtUS
2205 1848 2246 1884 in
2269 1848 2428 1898 gloriam
2441 1876 2451 1893 ν

415 1916 578 1947 consulere
594 1919 696 1948 Deum
703 1941 709 1947 .

428 2032 457 2066 l.
472 2030 618 2077 Quaeris
632 2044 653 2067 a
671 2043 729 2067 me
747 2030 966 2076 consilium,
983 2030 1042 2066 vir
1057 2029 1214 2066 illustris
1228 2033 1378 2077 Bruno,

370 2102 417 2125 an
451 2089 670 2126 volentibus
705 2099 739 2127 te
773 2103 1004 2140 promovere
1034 2089 1081 2126 ad
1116 2089 1377 2139 episcopatum

370 2148 608 2198 acquiescere
637 2148 788 2186 debeas.
824 2149 917 2198 Quis
941 2149 1014 2185 hoc
1041 2150 1261 2186 mortalium
1288 2150 1379 2186 deli-

371 2209 452 2245 nire
474 2212 704 2259 praesumat?
723 2214 827 2247 Deus
858 2209 1014 2245 forsitan
1043 2218 1156 2246 vocat
1177 2224 1184 2246 :
1205 2211 1289 2260 quis
1310 2224 1379 2247 au-

369 2269 453 2305 deat
474 2269 718 2307 dissuadere?
738 2273 850 2307 Forte
872 2283 951 2306 non
972 2278 1084 2306 vocat
1105 2284 1113 2306 ε
1135 2271 1220 2319 quis
1237 2283 1378 2320 appro-

369 2330 555 2379 pinquare
587 2331 793 2367 consulat?
829 2334 968 2368 Utrum
998 2343 1092 2366 vero
1121 2331 1273 2368 vocatio
1307 2331 1377 2368 Dei

370 2390 442 2435 sit,
465 2403 513 2426 an
535 2403 613 2427 non
638 2390 704 2437 sit3
728 2390 814 2440 quis
833 2390 928 2426 scire
949 2389 1091 2439 possit,
1111 2398 1273 2440 excepto
1291 2390 1376 2440 Spi-

368 2449 442 2485 ritu
457 2450 523 2499 qui
540 2457 730 2488 scrutatur
747 2449 860 2486 etiam
876 2447 954 2486 alta
968 2448 1038 2486 Dei
1052 2478 1061 2494 ‚
1078 2449 1137 2488 vel
1156 2449 1186 2485 si
1203 2449 1265 2486 cui
1278 2449 1376 2487 sorte

367 2510 592 2547 revelaverit
620 2510 724 2560 ipsc?
746 2510 864 2559 Magis
890 2522 1044 2559 quoque
1070 2508 1230 2546 dubium
1251 2509 1376 2547 reddit

367 2570 567 2606 consilium
593 2569 657 2606 illa
677 2570 716 2606 in
736 2569 870 2606 litteris
892 2569 965 2606 tuis
985 2569 1158 2614 humilis,
1182 2568 1247 2605 sed
1266 2568 1376 2604 terri—

1444 1905 1552 1943 brevi
1573 1907 1738 1957 quodam
1757 1915 1962 1944 contentus
1980 1915 2098 1958 ponte
2119 1907 2243 1945 crucis
2261 1907 2308 1944 ad
2328 1916 2454 1944 trans-

1444 1966 1651 2017 igendumb
1672 1968 1718 2004 de
1740 1967 1894 2017 regione
1919 1967 2237 2005 dissimilitudinis
2256 1967 2295 2004 in
2314 1976 2454 2004 terram

1445 2028 1676 2074 viventium,
1700 2036 1738 2064 et
1759 2027 1805 2064 de
1826 2028 1907 2064 luto
1930 2027 2030 2064 saecis
2046 2028 2084 2064 in
2110 2027 2329 2078 paradisum
2347 2027 2455 2064 volu-

1445 2087 1558 2136 ptatis
1574 2087 1598 2124 3.
1621 2091 1704 2124 Hoc
1721 2086 1889 2124 subitum
1911 2087 2064 2137 pietatis
2083 2087 2293 2124 remedium
2316 2100 2454 2138 perce—

1445 2146 1501 2196 pit
1519 2147 1608 2183 felix
1626 2147 1689 2183 illa
1708 2147 1900 2196 peccatrix
1916 2177 1925 2194 ,
1947 2161 2034 2184 cum
2060 2156 2217 2199 repente
2233 2148 2298 2185 ubi
2319 2161 2456 2199 super-

1445 2206 1735 2244 abundaverant
1756 2207 1910 2250 delicta,
1926 2207 2123 2245 abundare
2138 2209 2254 2258 coepit
2267 2217 2306 2245 et
2321 2208 2452 2259 gratia.

1443 2267 1598 2317 Absque
1630 2268 1751 2304 multo
1771 2269 2006 2318 poenitentiae
2033 2268 2165 2305 labore
2191 2268 2347 2306 dimissa
2365 2277 2456 2306 sunt

1443 2329 1476 2366 ei
1498 2338 1653 2379 peccata
1670 2330 1807 2375 multa,
1825 2330 2007 2379 quoniam
2028 2329 2162 2367 dilexit
2180 2330 2368 2367 multum4
2390 2346 2398 2368 :
2417 2339 2455 2368 et

1442 2389 1481 2425 in
1520 2389 1629 2426 brevi
1667 2389 1806 2426 meruit
1843 2390 2036 2426 charitatis
2073 2391 2244 2441 accipere
2282 2391 2455 2429 latitudi-

1443 2463 1528 2487 nem
1551 2479 1559 2496 ,
1585 2463 1692 2500 quae,
1715 2458 1756 2486 ut
1784 2450 1968 2500 scriptum
1989 2459 2068 2497 est,
2100 2456 2264 2500 cooperit
2288 2455 2455 2490 mulum-

1443 2513 1567 2545 (linem
1596 2519 1836 2559 peccalorum
1851 2509 1877 2547 5.
1909 2514 1992 2548 Hoc
2014 2520 2053 2549 et
2078 2513 2140 2549 ille
2160 2514 2392 2563 paralyticus
2415 2515 2455 2551 in

1444 2570 1652 2619 Evangelio
1678 2570 1821 2620 duplex
1845 2579 1958 2620 atque
1980 2573 2221 2610 celerrimum
2241 2575 2456 2624 potentiSsi—

368 2630 454 2667 bilis
487 2631 698 2677 confessi0;
735 2643 812 2680 qua
846 2629 963 2666 vitam
1000 2637 1103 2665 tuam
1140 2636 1215 2664 tam
1250 2627 1377 2677 gravi·
1393 2635 1426 2670 Β
1446 2644 1516 2667 mae
1533 2629 1714 2667 bonitatis
1734 2631 1922 2680 persensit
1941 2631 2167 2671 beneficium
2184 2662 2194 2680 ‚
2217 2635 2324 2684 prius
2344 2649 2454 2673 men-

370 2699 449 2738 ter,
469 2700 532 2737 et,
563 2699 606 2727 ut
635 2690 770 2736 credo,
791 2703 870 2726 non
896 2689 967 2726 nisi
997 2688 1186 2725 veraciter
1212 2701 1375 2725 accusas.

368 2755 445 2789 Nec
481 2752 581 2788 enim
608 2750 826 2800 negandum
859 2758 934 2796 est,
968 2748 1233 2798 hujuscemodi
1260 2749 1377 2786 vitam

369 2824 449 2848 csse
466 2810 657 2860 indignam
675 2819 750 2847 tam
772 2810 867 2846 sacri
885 2809 1066 2859 dignitate
1082 2809 1292 2846 ministerii.
1306 2809 1378 2847 Sed

370 2884 521 2908 rursum
544 2884 623 2907 non
645 2870 835 2907 immerito
855 2884 875 2906 c
904 2869 1060 2919 regione
1085 2869 1193 2906 times
1213 2868 1320 2920 (nam
1341 2877 1379 2906 et

368 2943 438 2967 nos
455 2929 620 2980 idipsum
638 2929 883 2980 metuimus),
907 2930 937 2966 si
952 2928 1003 2965 ob
1020 2929 1161 2966 malum
1179 2929 1377 2966 conscien-

370 2991 430 3027 tiae
455 2990 502 3027 de
522 2990 724 3027 commisso
746 2989 912 3026 scientiae
938 2989 1082 3026 talento
1106 3002 1184 3026 non
1206 2989 1295 3026 facis
1317 2990 1377 3026 lu-

367 3065 475 3088 crum
498 3066 506 3088 :
529 3051 600 3088 nisi
619 3050 724 3100 quod
749 3050 823 3087 alio
851 3050 948 3086 sorte
973 3049 1191 3099 negotiandi
1212 3063 1375 3099 genere,

367 3111 436 3148 etsi
470 3111 596 3147 minus
624 3110 798 3160 copiose,
838 3110 964 3147 minus
1000 3119 1126 3146 tamen
1164 3110 1377 3160 periculose

368 3170 598 3207 fructificare
631 3170 788 3207 valeres.
818 3173 988 3217 Horreo,
1021 3170 1164 3217 satc0r3
1197 3170 1250 3207 sic
1274 3171 1375 3208 enim

1446 2699 1503 2737 te,
1523 2704 1634 2740 quam
1658 2704 1771 2728 carne
1791 2701 1957 2729 curatus.

1498 2752 1534 2788 3.
1550 2751 1622 2788 Sed
1640 2751 1740 2788 aliud
1755 2760 1812 2788 est
1831 2753 1993 2789 celerem
2011 2753 2170 2804 adipisci
2188 2755 2339 2793 veniam
2360 2769 2454 2806 pec-

1445 2819 1639 2858 catortnn3
1661 2820 1698 2848 et
1717 2812 1818 2848 aliud
1842 2812 1888 2849 de
1910 2813 2003 2864 ipsis
2023 2814 2230 2852 sceleribus
2249 2815 2297 2852 ad
2314 2815 2454 2853 infulas

1445 2884 1534 2907 mox
1567 2871 1728 2921 provehi
1760 2871 1998 2921 dignitatum.
2034 2874 2155 2912 Video
2189 2883 2316 2912 tamen
2351 2879 2452 2913 Mat-

1446 2930 1585 2967 tliaeum
1614 2930 1661 2967 de
1690 2931 1833 2968 telonio
1863 2932 1911 2969 ad
1947 2934 2184 2984 apostolatus
2212 2935 2363 2972 culmen
2395 2949 2455 2974 as-

1444 2990 1668 3040 suinptu¹n⁶
1699 3006 1706 3027 :
1738 2992 1803 3028 sed
1837 2993 1910 3030 hoc
1944 3007 2005 3031 me
2034 3007 2186 3032 rursum
2220 2995 2451 3044 cofiturbat,

1445 3051 1549 3100 quod
1570 3065 1645 3088 nou
1668 3052 1777 3102 prius
1792 3053 1954 3090 audierit
1973 3067 2060 3091 cum
2087 3055 2232 3092 caeteris
2251 3064 2452 3106 coaposto-
2476 3083 2489 3091 -

1444 3111 1488 3147 lis
1520 3111 1618 3158 suis,
1657 3114 1712 3148 Ite
1748 3117 1786 3149 in
1820 3113 1944 3150 orbem
1975 3119 2205 3161 universmn,
2237 3119 2454 3164 proeclicate

1443 3174 1479 3208 E
1483 3175 1692 3221 vangeliam
1713 3180 1816 3211 anmi
1837 3184 2023 3211 creatur-(e
2037 3182 2072 3222 7,
2093 3189 2206 3226 quam
2228 3177 2347 3226 egerit
2367 3190 2454 3227 poe-

419 3313 428 3328 ¹
450 3307 546 3338 Eccli.
569 3319 657 3344 xxx,
679 3309 816 3337 2'1.—²
842 3306 921 3337 Psal.
953 3317 1057 3342 xxx1,
1085 3309 1114 3337 2.
1133 3325 1176 3329 -—-
1206 3304 1220 3329 3
1240 3310 1315 3339 Luc.
1345 3319 1455 3343 xxxu,
1490 3311 1607 3341 ἴου-43.
1631 3329 1672 3331 -
1696 3310 1709 3335 4
1733 3309 1779 3340 Id.
1803 3321 1870 3349 vn,
1894 3313 2011 3343 37-50.
2035 3331 2076 3334 ——
2106 3309 2120 3333 ⁵
2139 3315 2154 3344 1
2170 3315 2253 3345 Petr.
2282 3324 2335 3351 xv,
2359 3316 2391 3345 8.
2409 3331 2453 3336 —

367 3362 382 3381 ⁴¹
407 3362 521 3393 Manli.
547 3374 600 3399 tx,
627 3366 697 3394 2-0.
724 3381 764 3390 «⁴
791 3368 804 3391 7
824 3363 924 3392 Marc.
952 3371 1027 3398 xvi,
1061 3364 1110 3391 15).

1415 3364 1426 3377 ”
1450 3363 1568 3405 Scripta
1586 3374 1668 3393 anuo
1691 3363 1805 3395 Clu-isti
1828 3368 1835 3395 Ι
1853 3368 1925 3396 131.
1945 3384 1983 3388 -—
2004 3359 2019 3382 ¹·
2035 3365 2120 3398 Alias
2133 3391 2140 3405 ‚
2166 3365 2404 3398 eranscm1dmn.
