2517 3936
70 202 165 241 1157

597 208 761 245 SERMO
791 211 857 245 DE
892 212 1233 250 CONVERSIONE
1263 217 1329 251 ΑΙ)
1359 218 1605 255 CLERICOS.

2036 231 2131 269 1158

63 287 128 321 Est
152 290 190 319 et
211 282 413 333 pacificus,
437 282 503 332 qui
524 282 626 320 bona
649 297 721 334 pro
746 287 851 323 malis
881 287 1066 333 reddens,
1081 287 1205 339 ⁴⁹¹eg0
1234 305 1306 326 non
1335 298 1466 328 vocavi
1487 307 1549 329 eos
1561 301 1587 330 7.
1618 296 1730 333 Unde
1756 306 1880 337 tantus
1903 305 2134 352 praelationis

63 343 101 380 in
121 350 306 392 promptu
329 341 443 378 habet
464 350 503 378 et
526 343 707 392 prodesse
730 346 897 383 nocenti.
922 347 1070 384 Primus
1089 350 1117 383 A
1136 350 1267 395 ardor,
1284 351 1385 387 unde
1402 352 1618 390 ambitionis
1638 355 1870 405 impudentia
1890 370 1988 400 tanta
2002 395 2012 412 ,
2033 341 2134 405 unda

63 401 218 452 quidem
245 402 429 451 parvulus
459 410 536 448 est,
561 411 598 438 et
623 403 730 439 facile
756 405 1034 442 scandalizatur
1058 422 1065 442 :

64 475 134 499 nec
168 462 274 498 facile
306 462 373 512 qui
402 461 624 510 hujusmodi
654 471 732 509 est,
767 464 803 500 in
829 465 902 501 hoc
932 467 1068 502 saeculo

63 536 228 573 nequam
251 531 289 560 et
308 523 425 573 pleno
441 521 628 559 scandalis
650 523 793 572 poterit
819 523 993 561 obtinere
1011 538 1071 562 sa-

64 584 195 621 lutem.
220 582 440 629 Secundus,
462 590 505 619 ut
522 582 707 632 scriptum
724 592 801 629 est,
826 583 865 619 in
889 585 1072 634 patientia

65 657 132 682 sua
153 642 324 694 possidet
343 643 508 680 animam
533 655 641 680 suam
658 649 683 679 ¹.
711 646 806 680 Nam
832 645 963 681 tertius
986 645 1073 694 qui-

64 703 151 741 dem
174 716 252 741 non
284 703 401 740 modo
425 716 530 740 suam
555 701 746 753 possidet,
772 702 840 740 sed
870 712 908 740 et
930 704 1075 741 multo-

65 777 150 802 rum
183 764 330 801 animas
364 763 564 801 lucrifacit.
601 763 776 810 Primus,
811 772 998 813 quantum
1035 765 1073 801 in

63 826 148 876 ipso
163 834 238 872 est,
260 838 393 876 pacem
409 824 524 862 habet
543 839 551 861 τ
569 825 759 862 secundus
779 838 911 875 pacem
937 822 1071 862 tenet':

65 886 200 923 tertius
215 899 349 936 pacem
371 886 469 923 facit.
490 886 629 923 Merito
645 885 813 936 proinde
833 885 1074 923 beatificatur

65 945 221 983 nomine
238 946 322 992 filii,
339 944 445 995 quod
462 958 560 995 opus
577 946 643 982 filii
662 945 904 996 impleverit,
931 954 972 982 ut
988 953 1075 996 post

65 1019 177 1043 suam
213 1018 293 1042 non
329 1005 502 1055 ingratus
544 1006 894 1043 reconciliationem
912 1035 922 1052 ‚
961 1006 1074 1042 etiam

65 1127 357 1173 ministraverit,
392 1126 541 1164 bonurn
573 1128 735 1177 gradum
760 1127 831 1164 sibi
856 1127 1021 1177 acquirit
1038 1133 1074 1174 2;

69 1201 140 1226 nec
170 1188 212 1225 in
237 1188 354 1225 domo
381 1188 502 1239 patris
533 1188 672 1238 gradus
696 1188 832 1225 melior
860 1187 1076 1225 credendus

64 1256 146 1295 est,
169 1262 285 1298 quam
307 1249 386 1286 filii.
409 1249 446 1286 Si
469 1249 571 1285 enim
596 1248 684 1294 filii,
709 1256 746 1285 et
768 1247 939 1284 liaeredes
961 1262 968 1284 :
994 1247 1075 1284 hae-

67 1308 177 1347 redes
197 1309 354 1359 quidem
377 1309 469 1356 Dei,
494 1309 712 1346 cohaeredes
735 1318 862 1345 autem
888 1308 1026 1346 Christi
1040 1307 1075 1358 ἔ,

65 1377 108 1406 ut
128 1369 456 1419 quemadmodum
482 1370 564 1420 ipse
585 1369 698 1415 dicit,
723 1368 790 1405 ubi
812 1369 894 1419 ipse
916 1376 993 1413 est,
1022 1366 1075 1404 ibi

66 1429 114 1467 sit
134 1438 174 1467 et
191 1430 365 1468 minister
384 1444 475 1468 suus
487 1431 514 1468 4.
540 1431 800 1481 Fatigavimus
819 1443 887 1467 vos
910 1429 1076 1480 prolixi-

68 1499 143 1529 tate
164 1491 352 1529 sermonis
365 1521 375 1538 ,
393 1500 431 1529 et
448 1491 683 1529 detinuimus
704 1492 804 1528 ultra
823 1504 938 1540 quam
959 1503 1077 1540 opor-

67 1560 175 1589 teret.
209 1555 268 1589 Ex
299 1551 373 1589 hoc
401 1551 480 1601 jam
511 1552 627 1589 finem
662 1551 885 1602 loquacitati
909 1558 1075 1596 nostrae,

66 1626 182 1663 quem
205 1626 283 1650 non
305 1614 471 1664 imperat
494 1613 744 1660 verecundia,
776 1613 929 1650 videtur
952 1612 1078 1662 impe-

67 1687 152 1711 rare
165 1674 225 1711 vel
240 1674 348 1711 hora.
362 1677 596 1711 Mementote
610 1683 737 1711 tamen
750 1673 925 1724 Apostoli
939 1702 947 1719 ,
965 1685 1079 1722 quem

66 1734 274 1785 aliquando
297 1734 458 1772 verbum
478 1735 764 1785 praedicationis
788 1747 910 1784 usque
934 1734 973 1770 in
999 1747 1080 1770 me-

69 1795 170 1832 diam
187 1804 341 1832 noctem
357 1795 480 1845 legitis
498 1795 743 1846 protraxisse.
766 1797 918 1831 Utinam
937 1793 1080 1839 adhuc,

1134 411 1288 447 vesania
1312 419 1415 448 tanta
1438 415 1745 464 praesumptionis
1768 417 1967 458 humanae?
1991 427 2135 464 Audet-

1136 484 1182 507 ne
1195 471 1330 520 aliquis
1344 481 1512 509 vestrum
1528 475 1666 510 terreni
1682 475 1882 524 cujuslibet
1900 484 2015 529 reguli
2031 514 2039 530 ‚
2059 500 2134 524 non

1137 530 1384 580 praecipiente
1406 540 1470 569 aut
1491 533 1604 570 ctiam
1637 535 1864 584 prohibente
1885 552 1948 584 co,
1973 555 2138 594 occupa-

1140 602 1179 625 re
1198 590 1406 627 ministeria
1420 620 1429 636 ,
1449 593 1656 643 praeripere
1673 593 1855 633 beneficia
1867 627 1875 642 ,
1896 603 2044 648 negotia
2061 604 2137 640 ‹lis-

1140 651 1330 698 pensare?
1363 654 1439 687 Nec
1472 660 1511 688 tu
1542 657 1665 689 Deum
1689 663 1817 703 putes,
1839 670 1922 706 quae
1946 659 1983 695 in
2007 674 2139 712 magna

1141 709 1257 746 domo
1280 723 1346 747 sua
1370 724 1390 747 a
1413 712 1511 749 vasis
1534 713 1599 750 irae
1623 715 1719 764 aptis
1743 716 1780 751 in
1806 717 2000 757 interitum
2030 725 2141 760 susti-

1141 779 1233 816 net,
1268 771 1495 821 approbare.
1526 775 1637 811 Multi
1669 776 1822 825 quidem
1858 780 2042 829 veniunt,
2076 786 2140 821 scd

1141 830 1340 868 considera
1361 833 1445 882 quis
1466 842 1636 871 vocetur.
1661 836 1842 874 Ordinem
1866 840 1989 889 ipsum
2014 842 2140 880 domi—

1140 890 1215 926 nici
1249 892 1436 929 sermonis
1458 894 1622 931 attende.
1657 897 1794 942 Beati,
1826 899 1973 948 inquit,
2007 908 2144 940 'nando

1141 952 1271 995 corde,
1294 957 1470 1000 qnoniam
1493 958 1565 1002 ipsi
1579 958 1697 991 Deum
1716 957 1914 994 videbunt:
1929 974 1970 996 ac
1988 961 2142 1011 deinde,

1145 1013 1257 1046 Beati
1271 1014 1447 1060 pacifici,
1480 1018 1751 1063 qzmsgiamfilii
1777 1021 1847 1054 Dei
1875 1022 2141 1062 2›‹1‹·al)iiritur⁸.

35 1085 42 1091 “
65 1066 160 1104 alios
183 1066 404 1103 I'eCOUCilisst
422 1066 526 1103 Patri
549 1079 618 1103 SUO
642 1081 650 1104 ἰ
677 1065 863 1116 Siquidem
887 1066 953 1115 qui
975 1065 1074 1102 bene
1096 1076 1123 1109 Β
1143 1071 1416 1109 Mundicordes
1444 1074 1576 1123 utique
1602 1084 1712 1111 vocat
1735 1080 1844 1114 Pater
1871 1080 2048 1127 coelestis,
2079 1085 2144 1132 qui

1142 1144 1220 1167 non
1238 1142 1416 1181 quaerunt
1433 1147 1517 1182 quae
1535 1148 1600 1170 sua
1621 1144 1728 1181 sunt,
1751 1137 1814 1172 sed
1833 1151 1916 1186 quae
1933 1143 2022 1176 Jesu
2042 1143 2144 1179 Chri-

1143 1191 1189 1227 sti
1208 1206 1215 1227 :
1234 1205 1303 1228 nec
1319 1192 1423 1241 quod
1441 1192 1511 1228 sibi
1527 1194 1618 1229 utile
1632 1223 1640 1239 ‚
1658 1194 1723 1231 sed
1743 1196 1846 1244 quod
1864 1199 2002 1235 multis.
2021 1202 2142 1246 Petro,

1142 1250 1283 1300 inquit,
1302 1266 1408 1287 anias
1432 1256 1517 1288 me?
1539 1255 1717 1300 Domine,
1740 1264 1777 1290 tn
1797 1261 1865 1291 scis
1887 1260 1973 1304 quia
1989 1274 2073 1295 aino
2095 1272 2140 1298 te.

1144 1312 1285 1355 Pasce,
1305 1311 1378 1357 ait,
1397 1326 1475 1348 oves
1491 1320 1631 1350 meas9.
1648 1315 1809 1362 Quando
1824 1317 1922 1352 enim
1938 1319 1988 1354 sic
2007 1330 2146 1359 amatas

1143 1384 1234 1408 oves
1269 1372 1525 1410 committeret
1556 1387 1632 1409 non
1658 1375 1827 1410 amanti?
1859 1376 2044 1414 Nimirum
2074 1380 2146 1417 hoc

1143 1432 1326 1481 quaeritur
1350 1433 1448 1470 inter
1469 1433 1749 1484 dispensatores
1763 1464 1771 1480 ,
1792 1444 1834 1471 ut
1852 1436 1970 1474 fidelis
1987 1439 2069 1487 quis
2087 1440 2147 1476 in-

1145 1492 1332 1529 veniatur.
1357 1496 1422 1529 Vae
1440 1494 1620 1530 ministris
1641 1494 1878 1539 infidelibus,
1902 1497 1966 1545 qui
1984 1499 2145 1535 necdum

1144 1553 1379 1589 reconciliati
1398 1583 1407 1600 ,
1445 1554 1768 1591 reconciliationis
1807 1556 1938 1593 alienae
1973 1560 2121 1608 negotia
2138 1590 2146 1607 ‚

1145 1613 1254 1663 quasi
1284 1613 1457 1651 homines
1490 1615 1555 1665 qui
1580 1615 1766 1665 justitiam
1797 1617 1976 1663 fecerint,
2011 1633 2148 1670 appre—

1145 1673 1332 1711 hendunt.
1354 1678 1418 1712 Vae
1442 1675 1526 1712 filiis
1550 1676 1615 1712 irae
1629 1705 1638 1721 ,
1659 1676 1725 1725 qui
1746 1689 1783 1713 se
1804 1677 1996 1715 ministros
2019 1681 2147 1729 gratiae

1147 1735 1389 1784 profitentur.
1418 1739 1481 1772 Vae
1504 1736 1588 1772 filiis
1611 1735 1697 1781 irae,
1723 1736 1789 1785 qui
1809 1737 2053 1786 pacificorum
2077 1740 2147 1776 sibi

1147 1808 1334 1846 usurpare
1361 1795 1499 1844 gradus
1523 1804 1559 1832 et
1583 1797 1738 1832 nomina
1768 1810 1845 1833 non
1868 1808 2060 1836 verentur.
2085 1805 2148 1838 Vae

76 1864 120 1893 ut
138 1856 257 1906 ipsius
276 1855 404 1893 verbis
424 1865 511 1893 utar
524 1884 533 1901 ,
551 1860 765 1892 sustineatis
785 1857 971 1891 modicum
991 1856 1084 1903 quid
1101 1862 1128 1898 C
1150 1856 1234 1892 filiis
1258 1856 1323 1892 irae
1336 1886 1345 1902 ,
1371 1857 1435 1906 qui
1458 1857 1586 1894 fideles
1610 1871 1691 1894 sese
1712 1857 1937 1896 mediatores
1959 1861 2060 1909 pacis
2076 1890 2085 1906 ‚
2110 1871 2150 1898 ut

66 1919 298 1967 insipientiae
317 1931 426 1954 meoe.
459 1920 632 1954 AEmulm·
648 1922 748 1953 enim
778 1931 846 1953 vos
865 1919 938 1953 Dei
957 1929 1081 1952 oemii-

67 1980 208 2014 latione
219 1975 247 2014 ⁵.

428 2103 606 2142 CAPUT
635 2103 749 2142 XIX.

101 2225 248 2257 Graviter
265 2225 445 2269 perstringit
459 2225 642 2257 ambitiosos
653 2250 661 2264 ‚
680 2225 733 2267 qui
746 2232 862 2256 temere
879 2231 908 2256 et
925 2224 1051 2267 indigne

219 2298 223 2302 -
250 2290 353 2312 sacras
370 2281 516 2312 Ecclesiae
535 2280 711 2312 functiones
733 2285 896 2322 usurpant.

124 2402 188 2439 32.
209 2403 351 2450 Filioli,
372 2403 458 2454 quis
478 2402 759 2440 demonstrabit
776 2402 886 2439 vobis
908 2403 1040 2452 fugere
1064 2416 1084 2438 a

71 2470 234 2499 ventura
252 2463 335 2500 ira?
356 2467 478 2501 Nemo
497 2463 600 2500 enim
625 2463 742 2513 magis
766 2463 861 2499 iram
888 2470 1082 2507 meretur,

72 2535 187 2572 quam
207 2523 371 2561 amicum
390 2523 574 2560 simulans
591 2524 782 2560 inimicus.
806 2522 905 2561 Juda
920 2552 929 2569 ,
954 2523 1086 2560 osculo

74 2583 189 2620 tradis
211 2584 346 2622 Filium
366 2584 550 2630 hominis,
573 2584 692 2621 homo
715 2583 928 2630 unanimis,
953 2583 1018 2633 qui
1042 2583 1088 2620 si-

73 2645 153 2681 mul
182 2657 331 2681 mecum
354 2644 485 2681 dulces
508 2643 686 2694 capiebas
712 2643 839 2690 cibos,
863 2644 930 2694 qui
952 2644 991 2679 in
1021 2656 1086 2693 pa-

73 2704 228 2754 ropside
251 2717 407 2741 manum
428 2704 575 2754 pariter
592 2704 806 2741 intinxisti!
827 2708 911 2742 Non
936 2712 992 2740 est
1017 2702 1085 2739 tibi

73 2776 161 2813 pars
178 2765 219 2801 in
238 2765 436 2811 oratione,
458 2778 534 2814 qua
558 2773 644 2801 orat
663 2764 711 2801 ad
729 2768 880 2802 Patrem
903 2772 941 2800 et
964 2763 1055 2800 dicit
1079 2778 1087 2799 :

75 2827 210 2871 Pater,
227 2830 378 2875 ignosce
395 2828 491 2870 illis,
508 2830 598 2874 quia
613 2830 785 2861 nesciunt
797 2823 1050 2874 quiclfaciimt
1060 2822 1087 2861 5.

74 2888 139 2923 Vae
149 2885 260 2922 vobis
275 2886 342 2936 qui
358 2886 503 2922 clavem
520 2886 653 2922 tollitis
669 2899 746 2922 non
761 2885 928 2922 scientiae
944 2885 1065 2921 solum
1077 2913 1086 2931 ,

17 2957 19 2964 ⁴
74 2944 140 2982 sed
161 2953 200 2982 et
221 2946 460 2983 auctoritatis
477 2948 485 2982 l
509 2958 580 2982 nec
603 2945 676 2995 ipsi
693 2945 882 2992 introitis,
903 2954 941 2982 et
960 2945 1088 2981 multi-

19 3021 20 3026 *
75 3005 226 3056 pliciter
250 3006 446 3057 impeditis
477 3020 574 3057 quos
606 3006 855 3043 introducere
889 3005 1086 3043 debuistis.

77 3065 224 3103 Tollitis
240 3067 340 3103 enim
355 3096 364 3113 ,
383 3075 422 3104 et
436 3080 516 3104 non
533 3067 703 3117 accipitis
720 3067 857 3110 claves.
872 3070 929 3104 De
950 3065 1090 3116 quibus

78 3125 267 3163 Dominus
286 3127 462 3176 queritur
484 3140 555 3177 per
576 3127 807 3177 prophetam
829 3140 836 3162 :
859 3130 939 3175 Ipsi
959 3140 1091 3175 regim-

22 3205 24 3210 =
79 3195 227 3233 verunt,
249 3195 288 3223 et
303 3199 378 3223 non
401 3201 452 3224 ex
471 3201 530 3224 me
547 3203 559 3224 :
573 3192 771 3237 principes
791 3191 1033 3230 exstiterunt,
1057 3195 1093 3221 ct

1149 1925 1306 1966 peccata
1329 1918 1464 1967 populi
1488 1918 1712 1963 comedant,
1735 1919 1983 1957 mentiuntur.
2003 1925 2065 1957 Vae
2087 1923 2150 1971 qui

1150 1976 1389 2014 ambulantes
1404 1977 1442 2013 in
1461 1991 1593 2024 carne,
1610 1982 1691 2015 Deo
1709 1979 1858 2028 placere
1875 1993 1952 2016 non
1973 1990 2151 2030 possunt,

1149 2045 1187 2074 et
1207 2039 1358 2088 placare
1378 2039 1475 2075 velle
1499 2047 1750 2089 praesumunt.

1204 2099 1265 2136 33.
1291 2103 1376 2137 Non
1401 2099 1608 2146 miramur,
1634 2100 1784 2146 fratres,
1804 2100 2035 2151 quicumque
2056 2116 2154 2152 prac-

1149 2169 1294 2197 sentem
1314 2169 1452 2197 statum
1474 2161 1649 2197 Ecclesiae
1668 2160 1910 2207 miseramur3
1936 2175 2013 2198 non
2037 2163 2152 2199 mira-

1151 2235 1237 2258 mur
1257 2222 1303 2258 de
1326 2221 1451 2258 radice
1477 2221 1624 2258 colubri
1648 2222 1821 2270 regulum
1846 2222 2045 2258 orientem.
2068 2227 2153 2260 Non

1151 2282 1336 2318 miramur
1350 2311 1359 2326 ‚
1380 2282 1409 2318 si
1425 2281 1633 2318 vindemiat
1653 2281 1801 2317 vineam
1821 2281 1995 2328 Domini,
2016 2283 2081 2331 qui
2097 2283 2155 2318 in—

1151 2343 1319 2380 stitutam
1342 2356 1363 2379 a
1382 2342 1550 2380 Domino
1574 2340 1885 2392 praetergreditur
1900 2342 2011 2377 viam.
2029 2345 2155 2392 Impu-

1153 2403 1288 2439 denter
1320 2403 1419 2439 enim
1444 2402 1590 2452 pacifici
1614 2400 1771 2450 gradum
1806 2409 1842 2436 et
1865 2401 1931 2437 filii
1961 2402 2030 2438 Dei
2053 2403 2152 2439 vices

1153 2471 1315 2513 occupat
1332 2463 1447 2499 homo
1462 2491 1470 2507 ,
1497 2462 1561 2511 qui
1583 2474 1652 2497 nec
1674 2461 1835 2510 primam
1854 2460 2006 2510 quidem
2030 2461 2152 2498 adbuc

1156 2537 1289 2560 vocem
1313 2523 1467 2560 Domini
1494 2522 1540 2558 ad
1564 2535 1629 2557 cor
1657 2521 1870 2557 revocantis
1893 2520 2037 2557 audivit
2060 2537 2067 2557 :
2090 2530 2153 2558 aut

1155 2585 1185 2621 si
1202 2584 1357 2634 quando
1377 2583 1532 2620 forsitan
1556 2581 1710 2631 coeperit
1735 2580 1887 2624 audire,
1906 2581 2074 2617 resiliens
2092 2582 2154 2618 fu-

1153 2645 1206 2694 git
1224 2645 1270 2681 ad
1294 2645 1405 2690 folia,
1433 2652 1474 2680 ut
1490 2641 1788 2680 absconderetur
1804 2641 1842 2676 in
1865 2640 1928 2677 eis.
1948 2643 2155 2691 Propterea

1153 2705 1316 2742 necdum
1352 2717 1510 2754 peccare
1544 2702 1708 2752 quievit,
1747 2700 1812 2737 sed
1844 2701 1995 2749 longam
2031 2701 2154 2738 adhuc

1159 2766 1273 2802 trahit
1308 2773 1444 2801 restem
1476 2779 1483 2800 :
1519 2762 1681 2799 necdum
1710 2762 1829 2798 factus
1855 2769 1911 2797 est
1939 2761 1998 2797 vir
2019 2762 2155 2799 videns

1157 2834 1420 2876 paupertatem
1439 2837 1563 2868 suam,
1585 2821 1650 2858 sed
1673 2821 1785 2865 dicit,
1809 2820 1897 2870 quia
1920 2820 2024 2857 dives
2048 2835 2130 2858 sum
2145 2851 2155 2868 ,

1157 2894 1193 2922 et
1220 2886 1360 2922 nullius
1383 2897 1499 2933 cgeO,
1522 2895 1607 2919 cum
1631 2882 1678 2917 sit
1697 2894 1862 2930 pauper,
1887 2889 1923 2916 et
1953 2881 2096 2927 nudus,
2121 2890 2159 2918 et

1156 2945 1270 2982 miser
1284 2974 1292 2989 ,
1313 2953 1349 2981 et
1367 2942 1601 2981 miserabilis.
1622 2941 1722 2978 Nihil
1744 2941 1797 2977 illi
1818 2941 1864 2977 de
1889 2941 2022 2990 spiritu
2048 2955 2157 2978 man—

1157 3004 1388 3050 suetudinis,
1413 3017 1489 3053 quo
1508 3009 1797 3052 praeoccupatos
1818 3001 1857 3037 in
1879 3001 2015 3038 delicto
2040 3002 2159 3051 possit

1156 3065 1345 3101 instruere
1358 3092 1367 3109 ,
1386 3061 1631 3098 considerans
1648 3073 1686 3097 se
1703 3061 1826 3110 ipsum
1838 3089 1847 3105 ,
1868 3073 1914 3096 ne
1932 3060 2060 3110 etipse
2079 3068 2158 3096 ten-

1157 3133 1268 3161 tetur.
1287 3122 1598 3173 Compunctionis
1609 3122 1796 3171 lacrymas
1810 3122 1980 3158 nesciens
1990 3150 1999 3166 ,
2014 3121 2161 3156 laetatur

1157 3184 1274 3234 magis
1289 3197 1375 3220 cum
1395 3183 1491 3220 male
1508 3182 1656 3229 fecerit,
1676 3190 1713 3218 et
1728 3182 1764 3218 in
1783 3180 1896 3218 rebus
1913 3180 2083 3230 pessimis
2097 3192 2158 3214 ex-

131 3326 140 3341 ¹
159 3324 235 3352 Luc.
251 3333 332 3360 xm,
359 3325 499 3354 19.—²
522 3326 537 3353 Ι
559 3322 642 3353 Tim.
666 3324 802 3358 111,13.
818 3339 861 3343 —
878 3318 892 3341 3
912 3324 1003 3352 Rom.
1022 3332 1104 3354 vm,
1138 3322 1187 3350 17.
1204 3339 1247 3343 -——
1263 3320 1275 3344 ⁵¹
1297 3322 1388 3351 Joan.
1414 3329 1480 3355 λιι,
1505 3322 1559 3349 26.
1576 3338 1613 3340 v
1634 3315 1645 3337 5
1670 3319 1698 3346 11
1721 3318 1792 3348 Cor.
1818 3326 1869 3348 xi,
1898 3319 1925 3351 1,
1945 3318 2032 3344 2.»-
2048 3311 2062 3334 ⁶
2082 3317 2156 3345 Luc.

81 3385 189 3413 xxm,
211 3378 267 3407 3'-
289 3396 329 3398 —
345 3383 358 3406 7
379 3380 460 3408 Osee
480 3387 560 3413 un,
586 3379 617 3407 4.

636 3396 678 3399 —
699 3375 713 3398 8
734 3375 848 3407 Mauh.
867 3387 898 3409 V,
921 3378 952 3407 8,
974 3379 1004 3405 9.
1024 3393 1062 3396 -ᾼ
1081 3377 1296 3406 9J01111.xxr.
1320 3375 1370 3402 17.
