2517 3920
330 223 428 260 1395

1092 220 1126 255 S.
1158 219 1411 255 BERNARDI
1441 220 1640 255 ABBATIS

2305 219 2405 255 1396

327 301 506 350 dignatur
541 296 613 335 sibi
647 294 827 333 adhibere
864 303 1124 332 creaturarum
1159 293 1531 333 111iniste-020Utitur
1556 309 1646 346 ergo
1678 300 1782 333 Deus
1812 295 1850 330 iu
1881 296 2039 332 salutem
2069 309 2226 333 suorum
2253 297 2406 334 irratio-

329 361 413 396 ria³¹
430 389 440 406 ,
472 371 550 395 non
577 356 717 407 quibus
744 363 872 405 egeat,
895 355 959 393 sed
981 355 1120 405 quibus
1146 369 1215 405 per
1243 356 1334 401 hoc,
1353 356 1384 389 A
1405 356 1541 403 nabili,
1571 365 1608 392 et
1639 357 1728 392 item
1755 354 1965 392 insensibili
2001 363 2198 401 creatura,
2227 364 2407 406 tanquam

329 421 391 457 vel
413 420 459 456 de
485 418 625 469 quibus
646 417 778 468 prosit.

385 480 448 516 44.
481 482 671 529 Operatur
691 491 781 527 ergo
799 478 949 515 illorum
970 477 1128 513 salutem
1145 505 1153 521 ,
1173 490 1337 525 quorum

332 540 488 577 nomina
510 547 598 575 sunt
618 539 657 574 in
674 537 772 574 libro
793 538 899 583 vitae,
919 536 1124 586 aliquando
1145 550 1214 586 per
1237 550 1339 573 crea-

332 609 454 636 turam
500 599 579 635 sine
623 599 704 647 ipsa
719 626 728 643 ,
761 597 967 646 aliquando
1007 610 1077 646 per
1125 604 1339 633 creaturam

333 668 467 696 contra
498 659 642 708 ipsam,
665 656 869 706 aliquando
901 669 970 705 per
1004 665 1214 693 creaturam
1253 670 1339 693 cum

337 719 430 769 ipsa.
454 719 574 755 Multa
595 717 766 767 profecto
799 717 896 752 fiunt
931 715 1150 752 hominibus
1177 715 1342 753 salubria

334 792 404 829 per
447 776 727 822 insensibilem,
760 784 797 812 et
839 776 929 811 item
970 789 1039 824 per
1082 776 1341 813 irrationalem

334 846 547 874 creaturam
582 851 590 872 z
619 849 703 885 quae
737 835 880 871 idcirco
909 834 986 870 dixi
1019 835 1099 871 fieri
1130 836 1210 872 sine
1238 836 1340 885 ipsa,

334 898 439 948 quod
457 910 533 933 non
547 904 679 945 queat,
697 895 891 931 intellectu
904 907 1048 939 carens,
1067 908 1147 931 esse
1164 896 1223 931 vel
1243 910 1344 932 con-

335 959 422 994 scia.
450 957 568 993 Multa
587 968 740 1004 quoque
762 955 970 991 multorum
992 955 1103 991 saluti
1128 955 1234 991 utilia
1256 956 1344 992 facit

335 1023 437 1056 Deus
472 1031 540 1066 per
573 1017 713 1061 malos,
736 1016 814 1052 sive
840 1015 1035 1061 homines,
1060 1016 1137 1052 sive
1159 1016 1313 1065 angelos
1335 1031 1342 1052 :

1400 417 1578 466 jumento
1609 417 1669 453 vel
1707 417 1985 462 instrumento,
2026 429 2111 465 quae
2139 415 2219 465 jam
2256 417 2410 467 expleto
2452 445 2454 447 >

1406 490 1522 527 opere
1557 490 1744 526 nusquam
1772 485 1895 513 erunt.
1929 477 2062 514 Utitur
2092 484 2266 513 ereatura
2292 477 2410 513 ratio-

1406 539 1506 583 nali,
1546 537 1611 574 sed
1650 538 1856 582 malevola,
1889 537 1996 586 quasi
2034 536 2243 586 disciplinae
2280 537 2410 587 virga,

1406 611 1541 647 quam,
1566 605 1738 633 correcto
1776 597 1872 642 filio,
1895 597 1933 632 in
1966 596 2092 645 ignem
2123 595 2303 646 projiciet
2332 605 2416 633 tan-

1406 671 1518 708 quam
1546 666 1779 694 sarmentum
1809 657 1955 694 inutile.
1981 657 2111 694 Utitur
2136 664 2174 692 et
2198 657 2352 706 Angelis
2376 665 2414 694 et

1407 716 1627 754 hominibus
1652 717 1764 753 bonae
1788 716 2020 760 voluntatis,
2045 724 2226 766 tanquam
2253 717 2414 753 commi-

1408 776 1591 813 litonibus
1618 785 1654 813 et
1686 776 1974 826 coadjutoribus
2007 776 2104 822 suis,
2134 789 2230 825 quos
2262 785 2416 826 peracta

1410 837 1569 873 victoria
1586 837 1817 886 amplissime
1834 835 2062 873 munerabit.
2080 836 2255 886 Denique
2272 845 2310 873 et
2322 840 2416 873 Pau-

1409 897 1467 932 lus
1487 896 1533 931 de
1555 909 1592 931 se
1607 924 1616 940 ,
1639 896 1792 944 suisque
1810 895 2014 940 similibus,
2039 895 2217 932 audacter
2236 909 2416 946 pronun-

1411 956 1478 991 tiat
1499 970 1506 991 :
1533 956 1776 1001 Cornljutores
1802 960 1900 991 enim
1925 959 1999 991 Dei
2018 969 2143 991 sumus
2159 955 2187 992 3.
2208 955 2265 992 Ibi
2291 956 2418 1005 itaque

1410 1019 1512 1052 Deus
1530 1015 1675 1051 homini
1693 1013 1856 1064 benigne
1878 1015 2012 1051 merita
2029 1015 2247 1061 constituit,
2264 1015 2330 1052 ubi
2350 1030 2420 1066 per

335 1077 401 1113 sed
441 1076 621 1126 quoniam
652 1076 814 1122 invitos,
846 1075 932 1111 ideo
953 1084 1086 1111 contra
1106 1076 1220 1125 ipsos.
1246 1080 1339 1112 Nam
1365 1079 1392 1112 B
1411 1076 1534 1125 ipsum
1551 1105 1560 1121 ,
1594 1084 1631 1111 et
1659 1089 1743 1111 cum
1779 1076 1882 1126 ipso,
1921 1075 2012 1111 boni
2039 1074 2236 1125 quidpiam
2268 1077 2418 1125 operari

337 1139 427 1175 dum
462 1150 600 1173 nocere
633 1137 829 1186 cupientes
855 1135 1014 1184 juvant,
1044 1145 1228 1186 quantum
1266 1138 1346 1175 aliis

336 1197 436 1233 valet
460 1197 562 1232 utilis
588 1196 709 1242 actio,
734 1204 881 1231 tantum
910 1196 1003 1245 ipsis
1030 1209 1211 1245 perversa
1234 1206 1346 1234 nocet

336 1256 512 1293 intentio.
534 1259 655 1292 Porro
676 1268 749 1305 per
771 1268 867 1304 quos
888 1264 924 1291 et
945 1269 1030 1292 cum
1053 1255 1191 1306 quibus
1214 1270 1347 1307 opera—

339 1326 401 1353 tur
427 1320 551 1362 Deus,
572 1315 665 1352 boni
686 1323 775 1351 sunt
799 1315 859 1351 vel
888 1316 1035 1364 angeli,
1064 1317 1123 1352 vel
1153 1317 1345 1364 homines,

338 1377 404 1426 qui
431 1376 535 1426 quod
562 1376 645 1412 vult
665 1379 790 1420 Deus,
814 1384 851 1412 et
881 1384 997 1425 agunt
1030 1377 1195 1426 pariter,
1218 1386 1255 1414 et
1274 1392 1347 1414 vo-

338 1437 435 1473 lunt.
469 1436 543 1484 Qui
569 1435 669 1472 enim
698 1435 822 1482 boun,
844 1435 947 1485 quod
980 1449 1097 1486 opere
1125 1438 1345 1487 complent,

338 1497 536 1533 voluntate
567 1496 833 1542 consentiunt,
854 1509 952 1546 opus
975 1497 1133 1533 omnino
1155 1498 1259 1547 quod
1281 1512 1350 1548 per

339 1570 403 1593 eos
434 1561 537 1593 Deus
578 1556 763 1606 explicat,
798 1557 889 1606 ipsis
923 1558 1194 1595 communicat.
1237 1559 1349 1597 Unde

340 1617 477 1654 Paulus
495 1646 504 1662 ,
540 1629 626 1652 cum
660 1615 762 1653 bona
796 1617 982 1666 plurima,
1019 1631 1104 1667 quae
1139 1622 1242 1656 Deus
1281 1633 1350 1670 per

338 1677 463 1727 ipsum
486 1677 642 1722 fecerat,
663 1686 894 1724 enarrasset,
916 1679 999 1713 Non
1021 1687 1146 1714 aulem
1167 1693 1256 1728 ega,
1276 1680 1348 1727 ait’,

339 1740 408 1773 sed
422 1742 550 1786 gratia
572 1740 643 1772 Dei
665 1751 806 1773 mecum
828 1744 850 1773 ¹.
874 1737 1003 1774 Potuit
1023 1738 1171 1783 dicere,
1189 1742 1261 1776 Per
1276 1753 1349 1786 nie,

341 1797 406 1834 sed
422 1798 510 1847 quia
524 1797 648 1834 minus
666 1805 758 1843 erat,
772 1797 905 1833 maluit
918 1797 1062 1844 dicere,
1077 1812 1217 1834 mecum
1228 1813 1239 1833 .·
1252 1812 1351 1848 prae-

1414 1136 1616 1186 dignanter
1638 1136 1810 1173 instituit.
1834 1136 1933 1173 Hinc
1958 1135 2202 1185 coadjutores
2220 1137 2310 1183 Dei,
2328 1149 2421 1173 coo-

1412 1205 1610 1247 peratores
1641 1197 1803 1246 Spiritus
1834 1197 1975 1243 sancti,
2009 1197 2286 1247 promeritores
2315 1197 2421 1246 regni

1414 1271 1484 1295 nos
1517 1271 1597 1294 esse
1634 1257 1922 1307 praesumimus,
1953 1257 2059 1307 quod
2093 1271 2164 1307 per
2192 1270 2419 1295 consensum

1413 1318 1545 1368 utique
1574 1318 1833 1355 voluntarium
1867 1318 2005 1355 divinae
2032 1318 2222 1354 voluntati
2251 1316 2421 1368 conjun—

1414 1379 1551 1429 gimur.

1752 1504 1930 1544 CAPUT
1960 1503 2076 1544 XIV.

1463 1628 1548 1670 Quid
1566 1629 1691 1671 gratiae,
1714 1627 1788 1670 quid
1806 1627 1905 1658 libero
1930 1625 2060 1656 arbitrio
2078 1625 2111 1656 in
2129 1626 2254 1668 negotio
2274 1626 2379 1658 salutis

1802 1680 2047 1712 attribuendum.

1471 1803 1533 1840 46.
1565 1802 1665 1851 Quid
1693 1802 1832 1852 igitur?
1857 1802 1931 1838 hoc
1951 1814 2043 1851 ergo
2064 1809 2185 1837 totum
2203 1800 2314 1837 liberi
2331 1800 2428 1838 arbi-

342 1871 495 1894 sumens
513 1871 551 1894 se
568 1871 645 1894 non
662 1858 785 1894 solum
807 1858 933 1907 operis
951 1871 1031 1894 esse
1047 1858 1262 1895 ministrum
1281 1873 1350 1910 per
1371 1867 1397 1902 C
1419 1863 1480 1900 trii
1509 1876 1607 1913 opus
1624 1892 1632 1908 ,
1666 1863 1739 1899 hoc
1766 1863 1889 1899 solum
1917 1861 2000 1910 ejus
2029 1869 2085 1898 est
2116 1861 2296 1898 meritum
2324 1860 2429 1911 quod

342 1918 518 1954 effectum
533 1933 542 1963 3
560 1917 625 1953 sed
640 1926 677 1953 et
693 1918 886 1968 operantis
900 1918 1188 1967 quodammodo
1205 1920 1349 1956 socium

348 1992 418 2028 per
439 1991 680 2014 consensum.

397 2039 459 2075 45.
493 2038 696 2075 Videamus
721 2052 822 2075 nunc
841 2039 1052 2076 seeundum
1071 2041 1258 2089 triplicem
1282 2040 1351 2077 Dei

342 2100 629 2149 operationem,
662 2113 776 2149 quam
806 2100 1025 2149 posuimus,
1061 2101 1152 2150 quid
1178 2110 1352 2138 creatura

342 2173 503 2210 quaeque
535 2173 606 2209 pro
638 2174 706 2196 suo
738 2160 947 2197 ministerio
977 2170 1180 2198 mereatur.
1211 2166 1257 2199 Et
1290 2163 1352 2199 illa

341 2220 521 2269 quidem,
556 2232 626 2268 per
657 2233 793 2269 quam,
824 2228 861 2255 et
889 2221 969 2256 sine
1001 2234 1076 2270 qua
1101 2222 1141 2257 fit
1161 2221 1264 2270 quod
1287 2223 1352 2268 lit,

343 2279 435 2330 quid
465 2279 603 2315 mereri
623 2281 776 2329 potest?
801 2279 893 2329 quid
919 2280 982 2316 illa
1003 2289 1136 2317 contra
1163 2295 1276 2331 quam
1296 2283 1353 2328 fit,

342 2340 414 2376 nisi
434 2340 553 2375 iram?
570 2338 661 2388 quid
683 2348 721 2375 et
741 2353 827 2375 cum
847 2353 922 2389 qua
940 2340 981 2376 fit
994 2369 1003 2385 ,
1020 2341 1091 2377 nisi
1109 2343 1295 2390 gratiam?
1311 2346 1354 2379 111

342 2401 465 2450 prima
485 2400 612 2449 itaque
630 2400 756 2445 nulla,
780 2400 818 2436 in
840 2402 1012 2450 sequenti
1035 2402 1147 2447 mala,
1167 2403 1204 2439 in
1223 2403 1355 2440 ultima

343 2461 446 2497 bona
472 2461 605 2496 merita
629 2460 922 2509 conquiruntur.
945 2465 1021 2498 Nec
1042 2463 1143 2498 enim
1165 2463 1332 2513 pecudes
1346 2494 1355 2511 ,

344 2536 427 2558 cum
460 2535 530 2571 per
559 2534 621 2558 eas
648 2520 795 2558 bonum
826 2530 891 2558 aut
920 2523 1061 2559 malum
1084 2524 1356 2574 quodcumque

345 2584 411 2627 fit,
445 2582 538 2619 boni
574 2581 770 2632 quidpiam
803 2591 1018 2629 merentur,
1049 2593 1115 2620 aut
1145 2586 1247 2621 mali.
1269 2589 1355 2622 Non

1419 1923 1635 1961 consentit?
1658 1926 1724 1959 Est
1751 1935 1922 1972 prorsus.
1945 1925 2030 1959 Non
2057 1921 2212 1971 quidem
2237 1922 2342 1972 quod
2371 1923 2429 1960 vel

1419 1985 1498 2034 ipse
1529 1996 1760 2028 consensus,
1784 1984 1822 2019 in
1851 1996 1928 2032 quo
1957 1995 2072 2019 omne
2098 1982 2277 2019 meritum
2308 1982 2430 2020 consi-

1419 2044 1482 2081 stit
1495 2073 1504 2090 ,
1524 2042 1571 2079 ab
1598 2043 1682 2093 ipso
1712 2043 1760 2079 sit
1777 2058 1785 2080 :
1807 2056 1894 2079 cum
1921 2057 1989 2079 nec
2009 2047 2175 2092 cogitare
2195 2041 2330 2093 (quod
2357 2043 2430 2080 mi-

1419 2117 1491 2140 nus
1529 2111 1585 2140 est
1600 2131 1609 2148 ,
1643 2116 1757 2152 quam
1792 2101 2038 2153 consentire)
2075 2105 2224 2151 aliquid
2250 2117 2275 2139 a
2310 2103 2429 2149 nobis,

1420 2167 1527 2213 quasi
1557 2176 1606 2197 etz*
1635 2162 1741 2198 nobis
1766 2163 1988 2207 sufficientes
2009 2167 2125 2199 simus
2140 2161 2168 2199 4.
2196 2162 2321 2200 Verba
2344 2171 2433 2200 sunt

1421 2237 1498 2261 non
1532 2237 1638 2269 mea,
1658 2223 1724 2260 sed
1750 2223 1945 2274 Apostoli,
1966 2222 2032 2272 qui
2061 2236 2176 2259 omne
2204 2223 2308 2273 quod
2339 2223 2432 2261 boni

1421 2298 1501 2321 esse
1533 2292 1680 2334 potest,
1707 2284 1747 2320 id
1767 2293 1824 2320 est
1844 2283 2012 2333 cogitare
2025 2312 2035 2329 ‚
2059 2291 2096 2320 et
2116 2284 2232 2331 velle,
2253 2291 2292 2321 et
2311 2284 2430 2334 perfi-

1423 2357 1508 2381 cere
1537 2357 1608 2394 pro
1636 2343 1739 2380 bona
1758 2344 1956 2381 voluntate
1969 2374 1979 2391 ,
1998 2343 2174 2381 attribuit
2203 2347 2282 2381 Deo
2295 2342 2332 2391 ⁵,
2353 2357 2432 2381 non

1424 2417 1493 2440 suo
1510 2403 1683 2441 arbitrio.
1704 2405 1741 2441 Si
1756 2418 1847 2454 ergo
1862 2408 1965 2442 Deus
1982 2405 2053 2442 tria
2072 2405 2175 2451 haec,
2193 2404 2268 2441 hoc
2288 2412 2345 2441 est
2358 2403 2433 2441 bo-

1424 2479 1516 2501 num
1538 2466 1724 2515 cogitare,
1743 2466 1861 2512 velle,
1883 2467 2089 2516 perlicere,
2105 2473 2289 2515 operatur
2308 2464 2348 2501 in
2366 2477 2433 2501 no-

1423 2525 1480 2563 bis
1503 2540 1511 2562 :
1538 2527 1706 2576 primum
1733 2526 1908 2576 profecto
1933 2526 2012 2563 sine
2038 2525 2174 2571 nobis;
2198 2524 2432 2572 secundum,

1424 2586 1649 2633 nobiscum3
1681 2587 1860 2633 tertium,
1893 2599 1963 2636 per
1998 2599 2068 2623 nos
2103 2585 2202 2622 facit.
2237 2584 2432 2636 Siquidem

343 2641 485 2678 habent
507 2642 649 2692 quippe
672 2642 774 2678 unde
800 2641 904 2679 bono
927 2644 1075 2680 malove
1097 2646 1349 2682 consentiant.
1369 2647 1402 2680 D
1420 2647 1661 2684 immittendo
1694 2646 1835 2684 bonam
1870 2647 2142 2696 cogitationem
2157 2675 2167 2692 ‚
2187 2658 2259 2683 nos
2283 2658 2434 2696 praeve-

342 2703 464 2739 Multo
485 2711 611 2739 autem
635 2703 760 2739 minus
784 2703 948 2753 lapides3
975 2717 1060 2740 cum
1084 2717 1154 2741 nec
1175 2706 1351 2743 sentiant.

346 2765 533 2799 Caeterum
564 2761 758 2808 diabolus,
782 2763 842 2799 vel
869 2763 986 2800 homo
1016 2765 1160 2810 malus,
1184 2780 1268 2802 cum
1292 2767 1353 2803 vi-

347 2830 459 2870 geant
488 2830 525 2857 et
547 2822 704 2871 vigilent
731 2822 897 2869 ratione,
915 2823 993 2872 jam
1017 2824 1172 2874 quidem
1202 2839 1355 2862 meren-

349 2889 428 2926 tur,
457 2881 521 2917 sed
553 2882 705 2919 nonnisi
727 2896 900 2932 poenam,
921 2897 994 2934 pro
1014 2898 1059 2921 eo
1081 2886 1186 2935 quod
1208 2900 1228 2922 a
1251 2885 1354 2923 bono

350 2939 585 2976 dissentiant.
611 2942 749 2978 Paulus
771 2951 897 2979 autem
921 2944 986 2993 qui
1008 2945 1141 2982 volens
1162 2948 1356 2996 evangeli—

349 3008 425 3045 zat,
448 3012 517 3045 ne,
542 3000 572 3035 si
601 3000 764 3047 invitus,
789 3002 1019 3052 dispensatio
1042 3005 1076 3041 ei
1105 3014 1252 3042 tantum
1274 3020 1356 3044 cre—

350 3060 428 3096 dita
449 3060 496 3096 sit
511 3066 542 3105 ²3
560 3068 596 3095 et
613 3060 845 3110 quicumque
863 3064 1034 3101 similiter
1052 3066 1204 3115 sapiunt
1227 3080 1234 3102 ι
1257 3081 1357 3117 quo-

350 3120 452 3157 niam
473 3119 628 3169 quidem
653 3133 699 3156 ex
723 3134 907 3159 consensu
923 3125 1132 3162 voluntatis
1152 3126 1358 3175 obediunt,

351 3180 557 3231 repositam
578 3178 649 3216 sibi
669 3192 749 3216 esse
770 3181 969 3218 confidunt
987 3197 1169 3222 coronam
1187 3185 1356 3236 justitiae.

1422 2708 1503 2753 nit;
1527 2708 1767 2744 immutando
1788 2708 1901 2745 etiam
1923 2708 2064 2745 malam
2081 2708 2319 2744 voluntatem
2333 2735 2342 2753 ,
2363 2705 2434 2743 sibi

1421 2781 1491 2818 per
1512 2781 1740 2805 consensum
1760 2767 1888 2818 jungit
1910 2783 1918 2805 :
1938 2766 2191 2804 ministrando
2213 2775 2251 2803 et
2273 2778 2433 2804 consen-

1422 2828 1479 2865 sui
1505 2828 1774 2875 facultatem*,
1805 2829 1896 2865 foris
1927 2841 1998 2878 per
2025 2835 2201 2878 apertum
2233 2839 2330 2877 opus
2364 2838 2436 2862 no-

1423 2897 1542 2925 strum
1589 2890 1763 2926 internus
1808 2889 1938 2939 opifex
1970 2888 2185 2925 innotescit.
2228 2890 2325 2925 Sane.
2363 2885 2434 2937 ipsi

1422 2962 1492 2986 nos
1515 2949 1728 3000 praevenire
1762 2963 2004 2999 nequaquam
2032 2961 2248 2999 possumus.
2270 2947 2344 2996 Qui
2367 2960 2436 2984 au-

1424 3018 1499 3046 tem
1520 3010 1665 3047 bonum
1696 3010 1886 3047 neminem
1912 3009 2083 3054 invenit,
2105 3009 2296 3046 neminem
2319 3008 2436 3045 salvat

1424 3084 1538 3119 quem
1568 3084 1647 3107 non
1678 3070 1877 3120 praevenin
1908 3074 1942 3107 A
1971 3073 2052 3107 Deo
2085 3081 2176 3119 ergo
2207 3069 2288 3106 sine
2318 3066 2435 3105 dubio

1426 3139 1566 3168 nostrae
1600 3132 1641 3168 fit
1667 3121 1798 3168 salutis
1827 3130 2051 3176 exordium,
2077 3143 2146 3167 uec
2172 3143 2243 3180 per
2265 3143 2336 3167 nos
2363 3127 2437 3165 uti-

1426 3204 1500 3240 que
1517 3219 1526 3237 ,
1544 3204 1613 3228 nec
1631 3191 1845 3229 nobiscum.
1868 3195 2010 3229 Verum
2028 3204 2249 3239 consensus,
2265 3199 2304 3228 et
2321 3200 2432 3240 opus,

403 3315 675 3350 ι1(11)1’.ῑςν,10.
694 3330 736 3334 -
754 3312 828 3343 Ζ111.
850 3324 875 3342 11
890 3337 897 3350 ‚
920 3317 969 3344 17.
987 3333 1029 3337 --
1051 3314 1153 3348 ἶ1111.
1170 3329 1226 3356 111,
1250 3324 1281 3352 9,
1299 3340 1343 3343 -
1358 3322 1506 3356 4'11C0r,
1525 3329 1630 3362 111‚5‚
1647 3334 1689 3348 -·-
1707 3322 1719 3346 5
1734 3323 1870 3367 Philipp.
1891 3335 1916 3354 11
1930 3349 1937 3363 ,
1958 3328 2010 3356 13.

403 3377 409 3390 ³
433 3373 469 3405 ld
489 3372 659 3415 argumenti
680 3372 797 3414 egregie
819 3379 966 3404 tractatur
987 3373 1018 3404 in
1038 3385 1179 3407 sermone
1203 3383 1219 3408 s)
1242 3390 1333 3422 super
1354 3382 1493 3412 Cantica.
