2533 3920
390 214 465 251 399

1153 217 1189 251 S.
1226 214 1479 251 BERNARDI
1507 217 1709 253 ABBATIS

2384 186 2511 256 {100}

392 305 430 329 se
467 292 652 330 sustinere
698 292 995 330 Beatus—Paulus
1030 291 1250 329 violentiam
1292 288 1598 340 apud¹⁷³nutum
1611 292 1778 342 cjusuna
1793 304 1878 327 cum
1898 291 2074 327 Ecclesiae
2092 290 2264 329 libertate
2281 304 2456 344 cassetur,

390 352 605 389 Virdunum
648 353 894 403 conqueritur
913 353 942 399 *,
983 352 1269 402 archiepiscopo
1312 351 1391 399 jam
1411 351 1440 384 A
1460 361 1496 389 et
1521 353 1760 402 primicerius
1788 351 1834 388 ad
1869 352 2067 388 consilium
2096 351 2177 401 ejus
2206 361 2338 390 contra
2361 355 2458 395 illius
2508 368 2509 397 g

394 426 471 449 non
499 413 648 449 valente
676 426 761 449 cum
789 411 992 449 defendere
1018 411 1064 448 ab
1089 411 1235 448 insania
1261 423 1394 447 mona-

394 475 583 520 chorum,
615 473 757 524 quippe
796 472 1015 523 apostolicis
1053 469 1393 509 sustentationibus

394 534 554 584 amplius
574 534 785 571 confortata
803 562 811 578 ‚
835 533 942 582 quasi
969 546 1046 569 non
1070 532 1158 569 satis
1178 545 1247 582 per
1267 544 1306 567 sc
1329 531 1391 567 in—

392 595 571 631 sanirent.
602 594 724 642 Quid,
750 606 899 643 quaeSO,
928 606 1038 629 novae
1064 593 1219 629 rationis
1241 591 1391 628 tandem

392 655 588 692 inventum
618 663 694 700 est,
720 662 761 691 ut
787 653 892 704 quod
927 654 1042 690 semel
1077 653 1188 689 bonae
1216 652 1323 688 famae
1355 659 1392 687 et

392 716 479 752 vitre
493 715 686 752 canonicis
702 722 826 751 vestra
845 714 965 750 suerat
982 713 1142 763 provida
1160 721 1197 750 ct
1217 724 1391 749 necessa-

394 777 447 812 ria
478 775 757 826 dispensatione
787 787 1008 810 concessum
1027 802 1036 820 ,
1061 773 1229 809 secundo
1249 772 1393 809 contir-

392 845 553 882 matum,
581 835 713 880 tertio,
741 842 783 870 ut
811 834 937 879 aiunt,
962 832 1185 869 roboratum
1202 861 1212 878 ‚
1239 845 1389 868 rursum

390 895 516 931 veniat
556 894 593 930 in
629 892 693 942 jus
713 922 723 939 ,
765 900 966 928 revocetur
1004 892 1040 927 in
1080 891 1351 928 discussionem
1377 891 1392 926 Ρ

390 952 574 1002 siquidem
598 960 635 988 et
656 951 732 987 duo
758 951 821 987 illa
841 963 954 1000 supra
979 959 1207 997 memorata,
1230 963 1298 999 per
1324 963 1392 986 vos

388 1011 633 1047 nihilominus
664 1009 831 1055 sancita,
858 1023 928 1059 per
957 1023 1025 1046 vos
1054 1018 1091 1046 et
1121 1010 1303 1047 convulsa
1334 1008 1392 1044 di-

1460 413 1635 450 Ecclesiae
1675 411 1873 463 privilegia
1915 411 2076 461 eligatur
2095 412 2134 448 *Ρ
2163 415 2284 460 Quam
2322 412 2459 462 justius
2508 440 2509 449 1

1461 473 1733 522 honestiusque
1750 501 1759 518 ,
1782 472 1812 508 si
1834 479 1970 508 vestrae
1992 471 2195 521 placuisset
2216 471 2456 522 discretioni,

1459 533 1575 571 homo
1595 532 1730 582 majori
1747 533 1883 582 dignus
1901 532 2061 578 honore,
2077 531 2206 569 debito
2225 534 2458 586 proprioque
2506 558 2507 562 =

1460 608 1537 631 non
1567 594 1812 644 privaretur?
1833 597 2103 630 Treverensem
2133 592 2245 640 dico,
2277 607 2390 643 quem
2421 603 2459 634 et

1459 654 1594 691 abhoc
1608 684 1617 701 ,
1650 662 1687 692 et
1716 668 1736 691 a
1767 654 1911 691 caeteris
1931 653 2100 690 dioecesis
2121 667 2198 690 suae
2219 654 2460 696 terminandis

1459 716 1619 765 negotiis
1633 744 1642 761 ,
1662 716 1768 765 quasi
1786 723 2003 766 suspectum
2022 723 2087 751 aut
2104 714 2229 752 minus
2247 723 2458 766 expertum,

1460 790 1538 813 non
1556 777 1637 813 sine
1658 790 1852 813 murmure
1871 776 2080 812 multorum
2101 778 2224 812 Deum
2247 775 2456 815 timentium

1460 836 1684 873 exclusistis.
1711 836 1861 873 Credite
1889 835 1991 872 fideli
2023 843 2170 881 vestro,
2191 835 2280 884 quia
2299 835 2458 885 provin-

1459 896 1524 932 ‹riae
1535 896 1601 942 illi,
1620 904 1803 945 quantum
1817 896 2000 946 comperi,
2019 895 2179 932 omnino
2196 908 2274 932 non
2294 896 2455 945 expedit.
2502 905 2503 922 ³

1513 958 1548 993 5.
1579 959 1669 992 Haec
1695 955 1886 1002 scribens,
1915 955 2228 1005 praesumptionis
2254 963 2458 995 metuerem

1459 1023 1612 1061 notam,
1641 1015 1671 1052 si
1698 1016 1882 1053 nescirem
1909 1016 1969 1052 cui
1985 1044 1995 1061 ,
2020 1024 2058 1053 et
2082 1015 2248 1052 nescirer
2273 1016 2339 1065 qui
2365 1017 2458 1054 scri-

387 1080 538 1108 cuntur.
557 1069 708 1107 Talibus
732 1069 864 1105 hostiis
890 1082 967 1105 non
995 1077 1237 1119 promeretur
1260 1072 1386 1115 Deus3
1410 1075 1436 1109 B
1458 1075 1557 1112 bam,
1588 1075 1661 1113 Sed
1685 1075 1777 1111 novi
1802 1075 2009 1125 ingenitam
2035 1074 2366 1112 mansuetudinem
2392 1089 2456 1114 ve-
2500 1067 2503 1098 Ϊ

386 1132 479 1167 heu!
502 1144 578 1167 non
602 1131 775 1180 placatur
796 1129 873 1176 ira,
893 1142 970 1165 non
997 1129 1224 1166 conciliatur
1248 1128 1387 1178 gratia,

383 1205 460 1230 non
496 1198 729 1241 provocatur
763 1188 1033 1226 misericordia.
1066 1193 1140 1226 Pro
1176 1189 1233 1224 his
1274 1197 1388 1238 atque

384 1250 569 1291 similibus
589 1250 751 1287 necdum
777 1249 961 1286 avertitur
987 1249 1094 1287 furor
1119 1249 1300 1296 Dmnini3
1322 1247 1388 1286 sed

382 1313 505 1350 adhuc
535 1310 731 1347 brachium
761 1308 842 1359 ejus
870 1318 1066 1347 extentum
1084 1338 1093 1355 ,
1123 1318 1160 1347 et
1195 1310 1297 1359 virga
1325 1310 1389 1346 illa

383 1373 484 1424 apud
510 1371 713 1409 Jeremiam
737 1371 895 1420 vigilans
921 1384 1036 1420 super
1062 1379 1217 1420 peccata
1243 1378 1384 1407 nostra.

437 1434 472 1470 3.
494 1436 541 1470 Et
565 1431 717 1481 quidem
744 1432 862 1468 iratus
889 1440 945 1468 est
975 1434 1079 1468 Deus
1111 1431 1384 1468 schismaticis:

383 1494 447 1531 sed
486 1493 679 1530 catholicis
709 1505 949 1541 nequaquam
984 1492 1186 1542 propitius.
1220 1492 1387 1529 Ecclesia

382 1566 535 1603 quoquc
575 1552 755 1589 Metensis
789 1553 894 1601 gravi
930 1551 1066 1602 (quod
1110 1551 1246 1588 vobisa
1289 1551 1387 1589 bene

382 1621 620 1663 compertum
651 1611 732 1663 est)
765 1612 935 1663 episcopi
965 1621 1001 1648 et
1029 1612 1252 1649 clericorum
1291 1626 1387 1649 con-

382 1674 552 1711 tentione
572 1672 820 1722 periclitatur.
839 1675 962 1723 Super
976 1686 1053 1722 quo
1072 1672 1163 1722 quid
1182 1673 1388 1712 decernere

380 1734 490 1772 vobis
516 1733 730 1783 placuerit,
761 1746 829 1769 vos
863 1733 963 1769 scitis
986 1748 994 1769 :
1017 1733 1083 1770 sed
1110 1746 1186 1783 pax
1215 1734 1388 1771 nondum

381 1804 456 1841 est,
474 1807 543 1831 nec
557 1793 730 1844 proxime
751 1794 877 1830 futura
897 1800 1084 1843 speratur.
1103 1796 1182 1842 Ego
1202 1792 1265 1844 (ut
1282 1793 1387 1845 quod

1456 1143 1569 1172 stram
1594 1150 1602 1172 :
1625 1135 1716 1172 novi
1742 1143 1780 1172 et
1808 1148 1869 1172 me
1892 1143 2028 1172 notum
2056 1133 2190 1181 vobis,
2217 1142 2255 1172 et
2283 1135 2456 1174 affectum

1455 1209 1532 1245 quo
1558 1195 1638 1232 haec.
1666 1195 1826 1232 audeam
1857 1194 1960 1245 apud
1991 1208 2082 1241 vos,
2107 1194 2322 1232 dulcissime
2349 1204 2457 1246 atque

1455 1256 1710 1293 amantissime
1740 1259 1860 1293 Pater.
1887 1259 2031 1293 Iterum
2064 1255 2111 1292 de
2141 1256 2387 1303 Treverensi,
2417 1265 2458 1294 ut

1455 1317 1578 1354 sciatis
1591 1346 1601 1363 ,
1623 1316 1787 1366 qualiter
1806 1317 1986 1354 nuntium
2007 1316 2090 1367 ejus
2107 1317 2246 1367 suscipi
2267 1325 2457 1368 oporteat,
2497 1331 2499 1333 ’

1455 1385 1492 1413 ct
1515 1375 1633 1413 verba
1649 1390 1733 1426 quae
1750 1384 1878 1427 portat
1896 1391 1903 1413 :
1921 1376 2006 1413 dico
2026 1375 2137 1413 vobis
2156 1376 2261 1426 quod
2282 1389 2457 1426 magnum

1454 1438 1580 1474 locum
1610 1445 1712 1474 tenet
1741 1437 1779 1473 in
1810 1450 1928 1486 regno
1960 1437 2050 1483 illo,
2079 1436 2190 1474 vobis
2219 1445 2256 1473 et
2285 1437 2457 1475 Ecclesiae

1452 1499 1521 1535 Dei
1556 1498 1672 1535 homo
1706 1498 1849 1544 fidelis,
1880 1506 1919 1535 et
1948 1506 2153 1544 constans,
2180 1505 2219 1535 et
2247 1498 2458 1536 nullatenus

1454 1558 1649 1594 malevolis
1675 1566 1712 1595 et
1734 1557 2028 1595 subversoribus
2049 1570 2243 1594 assensum
2263 1557 2458 1607 praebens,

1454 1632 1475 1655 a
1495 1617 1635 1668 quibus
1654 1631 1733 1655 non
1755 1618 1861 1655 deest
1883 1618 1917 1655 ei
1938 1618 2118 1668 frequens
2137 1625 2175 1655 et
2200 1619 2289 1655 satis
2310 1618 2457 1668 impor-
2493 1633 2495 1636 ·

1456 1687 1547 1715 tuna
1569 1680 1753 1725 tentati03
1773 1692 1842 1715 nec
1859 1678 1980 1716 deerit
2000 1679 2195 1716 insultatio
2208 1708 2218 1725 ,
2241 1678 2271 1715 si
2291 1691 2368 1728 quo
2387 1678 2458 1717 mi·
2492 1696 2494 1700 ·

1456 1751 1528 1775 nus
1550 1752 1571 1775 a
1595 1737 1706 1775 vobis
1729 1752 1817 1776 eum
1843 1738 2015 1775 exaudiri
2044 1738 2259 1788 contigerit.
2278 1739 2457 1785 Nuntium
2495 1787 2498 1792 ὴ

1454 1798 1492 1839 in
1520 1800 1595 1835 line
1621 1798 1891 1836 commendare
1916 1798 2023 1836 volni
2041 1813 2050 1836 z
2070 1799 2135 1836 sed
2163 1799 2253 1836 satis
2278 1812 2365 1836 eum
2384 1811 2457 1838 suae
2491 1799 2497 1834 ἱ

381 1868 496 1905 super
512 1853 569 1891 his
587 1866 681 1890 meae
696 1852 817 1889 visum
840 1861 895 1890 est
919 1852 1109 1903 parvitati,
1123 1866 1202 1890 non
1220 1852 1386 1904 taceam)
1406 1859 1432 1896 C
1453 1860 1661 1897 honestatis
1697 1860 1970 1897 commendant
2006 1860 2141 1897 merita
2156 1889 2165 1907 ‚
2193 1860 2456 1911 praecipueque

382 1925 419 1953 et
439 1915 534 1960 hoc,
558 1922 595 1951 et
619 1913 695 1950 duo
721 1913 784 1950 illa
807 1914 878 1950 alia
894 1943 903 1960 ,
928 1914 1103 1950 Tullense
1130 1913 1213 1951 dico
1241 1928 1283 1951 ac
1303 1915 1386 1952 Vir-

383 1975 575 2020 ‹lunense,
602 1972 840 2010 terminanda
865 1973 1016 2023 negotia
1046 1974 1216 2011 securius
1244 1983 1387 2011 metro-

382 2035 552 2085 politano
573 2062 583 2080 ‚
608 2041 721 2082 atque
747 2033 1036 2070 convenientius
1062 2047 1173 2084 posse
1201 2035 1387 2072 committi

384 2095 621 2145 putaverim,
650 2093 715 2143 qui
746 2102 783 2130 et
814 2093 942 2130 omnia
971 2094 1103 2140 novit,
1130 2103 1167 2130 et
1194 2094 1231 2130 in
1260 2095 1388 2132 multis

383 2154 566 2206 probatus
582 2182 591 2199 ‚
611 2154 787 2191 Ecclesiae
815 2154 1034 2191 testimonio
1062 2154 1184 2191 fidelis
1208 2155 1387 2192 inventus

382 2224 447 2253 est.
474 2214 654 2264 Alioquin
679 2213 803 2250 videte
823 2214 914 2264 quid
935 2214 1009 2251 illis
1025 2214 1308 2265 episcopatibus
1327 2217 1385 2253 fa-

381 2275 523 2321 ciatis*,
538 2274 697 2311 Metensi
715 2274 857 2311 scilicet
873 2282 988 2324 atque
1006 2275 1196 2322 Tullensi3
1214 2276 1302 2325 quia
1315 2306 1324 2323 ,
1343 2286 1385 2313 ut

380 2349 513 2373 verum
539 2335 669 2379 fatear,
692 2333 869 2371 videntur
890 2347 971 2372 esse
997 2334 1140 2385 absque
1161 2335 1350 2386 episcopis
1372 2352 1379 2373 :

381 2406 417 2433 et
434 2396 577 2432 utinam
595 2393 737 2443 absque
755 2395 936 2443 tyrannis.
955 2396 1062 2433 Tales
1082 2408 1167 2432 cum
1185 2395 1382 2434 defensan-

381 2465 457 2501 tur,
474 2462 746 2501 sustentantur,
758 2454 1013 2500 honorantur,
1033 2455 1230 2503 foventur,
1244 2457 1382 2494 miran-

380 2525 442 2553 tur
459 2514 639 2551 nimirum
659 2522 695 2550 et
712 2514 1015 2552 scandalizantur
1035 2515 1164 2563 multi,
1179 2517 1245 2566 qui
1261 2517 1325 2553 illa
1342 2518 1381 2553 in

380 2574 550 2612 moribus
571 2582 609 2611 et
634 2574 709 2611 vita
730 2587 864 2613 eorum
892 2575 1100 2612 certissime
1124 2576 1274 2623 sciunt,
1297 2591 1382 2627 quae

380 2635 496 2684 magis
512 2642 655 2680 essent,
672 2647 750 2670 non
771 2633 856 2670 dico
879 2635 917 2670 in
943 2635 1133 2684 episcopis
1151 2663 1160 2680 ‚
1178 2636 1244 2673 sed
1268 2638 1380 2675 etiam
1398 2648 1431 2682 D

381 2696 417 2731 in
435 2693 669 2744 quibuslibet
682 2693 926 2730 saecularibus
942 2693 1158 2733 damnanda
1175 2698 1330 2746 penitus
1348 2708 1386 2736 et

380 2753 611 2791 exsecranda
628 2768 636 2789 :
653 2767 738 2802 quae
758 2753 912 2803 quidem
926 2763 962 2791 et
978 2768 1036 2791 me
1052 2754 1218 2793 scribere
1232 2758 1384 2807 puduit,

382 2827 451 2850 nec
484 2826 551 2849 vos
580 2813 768 2849 decuisset
797 2812 942 2849 audire.
975 2817 1065 2851 Esto
1100 2816 1204 2865 quod
1234 2818 1385 2856 nemine

383 2881 582 2910 accusante
606 2886 681 2908 non
703 2873 848 2922 possint
868 2873 1032 2923 deponi:
1050 2876 1237 2925 numquid
1260 2886 1385 2915 tamen

381 2946 478 2982 quos
496 2931 630 2981 passim
657 2941 808 2968 accusat
829 2933 944 2979 fama,
962 2935 1180 2983 apostolicae
1206 2937 1310 2976 Sedis
1331 2952 1386 2976 es-

381 3001 463 3029 sent
483 2992 732 3028 familiaritate
759 2993 910 3042 speciali
932 2993 1124 3042 donandi,
1147 2997 1204 3033 vel
1223 2999 1386 3048 amplius

382 3050 570 3088 exaltandi
591 3052 604 3085 .³

433 3113 468 3149 4.
491 3115 666 3160 Quonam
684 3111 784 3147 enim
805 3113 939 3149 merito
962 3127 1038 3149 sua*
1063 3116 1120 3151 vel
1139 3117 1380 3157 sacerdotalis

381 3171 608 3217 sanctitatis,
634 3171 689 3206 vol
719 3171 943 3221 episcopalis
970 3173 1198 3222 honestatis,
1217 3176 1381 3216 obtinuit

379 3232 581 3277 Metensis,
609 3239 648 3267 ut
676 3239 712 3267 ct
741 3232 876 3268 electio
912 3233 1006 3270 facta
1037 3249 1055 3272 a
1088 3237 1306 3285 canonicis,
1335 3240 1381 3276 ad

425 3363 436 3376 ²
455 3361 539 3392 Alias
555 3383 561 3396 ‚
580 3359 680 3390 nobis.
700 3380 742 3383 --—
757 3354 772 3376 ¹*
793 3362 911 3403 Scripta
927 3373 1008 3393 atino
1027 3363 1138 3393 (lhristi
1164 3367 1172 3394 Ι
1189 3367 1260 3396 139.

1453 1934 1562 1958 amor
1591 1921 1766 1971 specialis
1796 1929 1833 1957 et
1864 1920 1987 1957 fidelis
2019 1920 2196 1967 devotio,
2226 1934 2301 1971 qua
2336 1921 2455 1971 ipsum

1453 1980 1563 2018 vobis
1590 1981 1751 2018 firmiter
1774 1981 1960 2018 inhaerere
1973 2010 1982 2027 ,
2005 1981 2035 2018 si
2053 1994 2131 2018 non
2152 1980 2346 2018 crederem
2363 2010 2374 2028 ‚
2393 1993 2457 2018 ne-

1454 2052 1645 2089 quaquam
1677 2053 1746 2090 per
1779 2053 1866 2076 eum
1898 2047 1973 2076 tam
2006 2039 2205 2077 familiaria
2240 2039 2455 2080 scriberem.

1541 2181 1767 2191 ιυιπιιιςιςιινιιῑ
1772 2181 1970 2192 xxvstssnssss
1976 2180 2360 2193 ινῑκιιιννιιινινινὶνκιινινιὶ
2365 2181 2457 2191 xmus-n

1557 2297 1930 2355 EPISTOLA
1979 2288 2336 2355 CLXXIX.b

1702 2469 1750 2491 AD
1779 2468 1937 2491 EUMDEM
1970 2468 2041 2491 PRO
2070 2468 2213 2493 EODEM.

1449 2593 1583 2624 Causam
1600 2591 1770 2623 Alberouis
1784 2590 2008 2634 archiepiscopi
2025 2592 2224 2623 Treverensis
2240 2591 2302 2635 agit
2317 2591 2456 2624 adversus

1497 2645 1644 2677 abbatem
1675 2645 1959 2678 Sancti-Maximini
1999 2652 2030 2678 et
2064 2646 2235 2679 monachos
2267 2647 2396 2679 rebelles
2427 2650 2456 2677 et
2478 2641 2485 2658 '¹

1500 2705 1714 2732 contumaces.

1505 2821 1710 2868 Quomodo
1741 2821 1882 2860 malitia
1907 2822 2026 2859 vincit
2053 2822 2276 2873 sapientiam
2293 2824 2308 2859 Ξ)
2325 2821 2449 2867 Nosti,

1453 2882 1515 2932 pie
1529 2881 1697 2927 domine,
1710 2882 1810 2919 nosti
1825 2886 2096 2920 Treverensem
2109 2881 2452 2933 archiepiscopum?
2475 2892 2478 2901 ·

1453 2941 1531 2978 scio
1555 2941 1643 2991 quia
1670 2942 1783 2979 nosti.
1803 2943 1912 2979 Nosti
1930 2951 1967 2979 et
1989 2942 2097 2979 illum
2117 2939 2450 2980 Sancti-Maximini
2474 2971 2475 2979 1

1452 3015 1528 3039 non
1560 3010 1733 3038 sanctum
1763 3001 1964 3039 abbatem?
1992 3006 2090 3040 Puto
2119 3003 2210 3053 quia
2236 3016 2313 3040 non
2342 3000 2447 3039 nosti.
2473 3024 2475 3028 ν

1451 3062 1544 3110 Quis
1564 3062 1716 3112 dignior
1733 3062 1880 3099 honore
1899 3063 1964 3099 illo
1985 3063 2105 3114 priori
2123 3065 2138 3100 Ξ)
2159 3063 2212 3100 sic
2229 3076 2342 3100 nemo
2361 3074 2449 3099 con-

1451 3122 1597 3159 fusione
1629 3121 1781 3171 dignior
1811 3125 1884 3160 isto
1920 3123 2095 3173 sequenti
2129 3138 2137 3160 :
2168 3131 2206 3160 et
2234 3131 2357 3160 tamen
2383 3122 2449 3159 iste

1448 3182 1658 3219 honoratus
1684 3190 1759 3227 cst,
1782 3182 1845 3219 ille
1867 3182 2081 3233 opprobrio
2103 3183 2226 3221 ‹latus;
2244 3182 2343 3232 Quid
2362 3194 2448 3233 pec-

1449 3242 1548 3278 cavit
1588 3241 1933 3292 archiepiscopus?
1960 3243 2131 3281 Praedam
2169 3243 2342 3283 Ecclesiae
2375 3253 2446 3279 suae
