2565 3952
90 153 162 191 693

1003 149 1173 184 EPISTO
1180 148 1268 183 LAE.

2097 152 2169 188 (39-‘1

89 232 248 270 dicerem
261 258 271 275 ,
286 226 438 265 confido
454 239 524 262 vos
536 224 699 274 benigne
713 238 755 261 ac
772 233 969 261 mansuete
983 223 1149 274 quasi⁵¹⁴
1165 223 1323 259 feliciter
1340 222 1547 272 compleat,
1570 234 1716 271 nosque
1735 222 1930 260 vobiscum
1954 226 1990 261 in
2009 239 2075 263 sua
2092 229 2172 277 glo--

90 300 232 344 patrem
256 289 333 326 filio
356 289 563 337 ignoscere.
587 287 739 323 Dictum
767 293 823 322 est
848 286 962 330 mihi,
982 295 1092 336 pater
1114 289 1141 322 A
1162 283 1216 319 ria
1239 282 1459 319 constituat.

90 350 301 391 charissime
315 377 324 393 ‚
348 347 450 398 quod
472 347 518 383 de
539 347 607 383 bac.
629 360 690 391 re,
717 360 801 396 quae
825 360 902 383 non
927 347 979 383 ita
1000 360 1093 397 pro—

90 425 218 465 spere,
250 418 292 447 ut
324 409 479 445 forsitan
513 406 722 453 volebatis,
748 407 907 455 contigit
936 407 1008 457 [de
1033 407 1094 444 ria

89 486 179 511 vero
194 470 441 518 Jerosolymae
461 464 646 518 loquor),
672 467 834 503 multum
857 467 1056 503 tristamini
1081 482 1089 503 :

89 547 135 572 eo
153 531 256 583 quod
275 529 442 567 Ecclesia
458 528 528 565 Dei
547 527 607 563 vel
633 528 773 575 gloria,
802 540 879 563 non
902 527 999 563 sicut
1026 527 1094 564 de-

90 591 306 633 siderabatis
347 588 525 626 accrevit.
560 590 807 637 Quapropter
848 586 952 637 quod
1001 587 1094 624 mihi

89 666 158 707 pro
177 652 249 689 hoc
269 650 333 687 diu
352 648 534 699 cogitanti
552 651 656 684 Deus
680 647 740 697 (ut
761 646 898 697 credo)
919 648 956 684 in
978 647 1094 684 corde

89 714 208 759 misit,
232 710 340 748 vohis
366 709 559 746 humiliter
586 721 770 758 suggcm,
794 709 974 745 nimirum
1000 722 1091 758 per-

88 773 256 828 pendens
270 770 374 821 quod
391 783 491 819 saepe
509 782 630 819 parvo
652 768 807 805 cuilibet
823 770 1011 806 Dominus
1028 769 1092 806 ali-

88 833 179 886 quid
194 830 381 876 ostendit,
399 828 504 879 quod
529 829 641 865 alicui
662 843 800 879 magno
822 838 859 866 et
880 830 1008 867 multis
1026 830 1092 866 do-

89 895 144 934 nis
169 893 314 944 repleto
337 891 467 928 videre
488 903 729 940 nequaquam
761 890 938 928 concedit
960 906 967 927 :
995 891 1093 928 sicut

87 955 206 1006 Moysi
221 961 351 992 sancto
365 981 374 998 ‚
392 952 485 989 facie
503 951 550 988 ad
571 951 703 988 faeiem
723 965 808 988 cum
827 955 909 988 Deo
928 952 1092 1002 loquen-

88 1017 155 1064 tiss,
169 1015 301 1056 jethro
327 1014 539 1064 alienigena
565 1014 766 1050 eonsilium
793 1013 936 1050 dedit2.

111 1064 164 1116 ἦ.
173 1075 332 1115 Videtur
344 1074 471 1124 itaque
485 1074 592 1119 mihi,
610 1073 715 1123 quod
731 1074 975 1124 omnipotens
989 1078 1092 1111 Deus

87 1137 134 1175 de
150 1136 218 1174 hac
234 1136 295 1172 w'a
311 1134 474 1171 multum
493 1134 657 1171 fructum
676 1134 782 1179 fecit,
805 1148 883 1171 non
901 1143 1026 1171 tamen
1045 1148 1091 1172 eo

86 1197 232 1243 ordine,
258 1208 336 1246 quo
355 1195 428 1245 ipsi
456 1195 622 1232 viatores
644 1193 941 1231 arbitrabantur.
964 1195 1092 1244 Siqui-

87 1258 168 1296 dem
181 1257 211 1294 si
224 1256 298 1293 hoc
317 1255 423 1306 quod
441 1262 652 1305 coeperant,
672 1255 769 1291 sicut
790 1254 898 1291 decet
915 1255 1094 1292 Christia-

86 1330 166 1364 nos,
176 1316 276 1368 J'uste
291 1328 334 1353 ac
346 1315 522 1365 religiose
535 1314 871 1364 prosequivellent
882 1329 891 1360 ;
903 1315 1091 1352 Dominus

86 1391 169 1418 cum
184 1377 238 1415 eis
255 1384 374 1422 esset,
394 1389 437 1413 ac.
451 1389 630 1426 magnum
650 1375 814 1412 fructum
832 1389 903 1426 per
920 1388 985 1412 eos
1002 1389 1091 1426 per-

87 1440 242 1491 fecisset.
274 1438 347 1477 Sed
367 1438 549 1488 quoniam
571 1437 643 1488 ipsi
666 1436 713 1474 ad
736 1437 835 1474 mala
858 1445 947 1474 sunt
968 1437 1091 1474 devo-

86 1501 223 1548 luti‚et
242 1500 316 1538 hoc
339 1512 582 1550 nequaquam
611 1499 841 1544 Dominum,
864 1499 931 1548 qui
955 1508 1090 1536 auctor

86 1561 152 1599 viae
184 1561 324 1607 fuerat,
350 1573 372 1597 a
395 1559 586 1610 principio
617 1559 735 1595 latere
771 1559 918 1609 potuit,
947 1568 989 1595 ut
1023 1573 1090 1596 sua

85 1621 319 1675 providentia
342 1621 381 1658 in
411 1621 467 1658 sui
493 1620 744 1671 dispositione
774 1633 851 1656 non
880 1620 1089 1667 falleretur,

86 1682 259 1720 malitiam
275 1695 410 1719 eorum
425 1682 466 1718 in
487 1694 594 1718 suam
609 1681 803 1718 convertit
822 1681 1063 1718 clementiam
1079 1711 1088 1727 ‚

85 1752 123 1782 et
134 1743 285 1781 immisit
299 1743 353 1780 eis
372 1742 662 1794 persecutiones
678 1750 716 1778 et
731 1741 958 1778 afflictiones
970 1771 979 1788 ,
1001 1742 1090 1792 qui-

1162 428 2173 441 ======================================================================

1182 559 1566 615 EPISTOLA
1612 559 2136 616 CCCLXXXVII.a

1291 728 1337 750 AD
1368 728 1519 750 PETREM
1548 728 1715 751 ABBATEM
1745 729 2041 753 CLUNIACENSEM.

1158 844 1276 876 Praevia
1293 845 1404 877 sinceri
1422 845 1451 876 in
1468 849 1594 877 Petrum
1608 845 1738 878 affectus
1758 853 1788 878 et
1804 847 1918 878 amoris
1935 849 2172 890 protestatione,

1206 899 1230 930 si
1248 900 1323 942 quid
1341 899 1482 932 acerbius
1498 901 1607 932 litteris
1627 901 1815 943 quibusdam
1837 902 2016 945 scripserit,
2034 907 2175 938 excusari

1206 960 1307 996 rogat.

1157 1076 1493 1113 Reverendissimo
1539 1077 1637 1126 patri
1691 1086 1727 1114 et
1780 1078 1902 1114 amico
1952 1078 2172 1117 charissimo

1212 1140 1339 1173 Pmao
1354 1165 1363 1181 ,
1385 1137 1453 1173 Dei
1479 1137 1598 1186 gratia
1621 1138 1861 1175 Cluniacensi
1887 1138 2034 1185 abbati,
2055 1140 2172 1177 frater

1214 1199 1439 1233 unm-Annus
1472 1197 1733 1235 Clarae-Vallis
1765 1208 1924 1236 vocatus
1957 1199 2100 1247 abbas,
2133 1201 2171 1237 in

1213 1270 1306 1294 vero
1328 1257 1491 1295 Salutari
1511 1258 1685 1294 salutem.

1210 1378 1367 1417 Utinam
1387 1378 1484 1415 sicut
1502 1387 1731 1429 praesentem
1752 1379 1951 1430 epistolam
1967 1410 1975 1426 ,
1993 1381 2044 1418 ita
2064 1381 2172 1418 vobis

1158 1447 1325 1476 mentem
1361 1452 1484 1476 mean]
1522 1440 1674 1476 mittere
1712 1453 1863 1490 possem
1890 1444 1897 1477 Ξ
1932 1441 2020 1478 Sine
2053 1441 2171 1478 dubio

1159 1507 1249 1536 tunc
1267 1498 1472 1536 clarissime
1491 1500 1667 1549 legeretis
1682 1529 1692 1547 ,
1715 1500 1806 1550 quid
1825 1501 1862 1537 in
1884 1501 1999 1537 corde
2020 1515 2106 1539 meo
2125 1502 2172 1539 de

1158 1573 1289 1597 amore
1313 1568 1442 1596 vestro
1469 1559 1612 1609 digitus
1632 1561 1702 1598 Dei
1723 1560 1939 1611 scripserit,
1963 1562 2056 1611 quid
2079 1563 2173 1599 meis

1157 1622 1394 1672 impresserit
1428 1622 1617 1659 medullis.
1647 1622 1748 1671 Quid
1782 1626 1899 1673 ergo?
1934 1623 2079 1674 incipio
2113 1638 2173 1661 me

1156 1683 1296 1720 iterum
1318 1682 1421 1733 apud
1443 1696 1512 1719 vos
1531 1683 1831 1720 commendare?
1850 1682 1971 1721 Absit.
1990 1688 2072 1721 Jam
2090 1684 2172 1734 pri—

1158 1743 1243 1781 dem
1263 1743 1525 1793 conglutinata
1541 1752 1598 1780 est
1613 1744 1739 1780 anima
1758 1758 1841 1781 mea
1859 1745 1994 1781 animae
2011 1753 2146 1782 vestrae
2162 1761 2170 1782 z

84 1803 152 1842 bus
171 1803 318 1855 purgati
339 1803 387 1841 ad
411 1816 572 1853 regnum
594 1802 798 1853 pervenire
817 1811 987 1853 possent.
1006 1806 1086 1840 De-
1108 1808 1135 1843 C
1155 1813 1192 1842 et
1229 1804 1275 1841 de
1311 1804 1486 1855 personis
1519 1803 1732 1854 imparibus
1762 1818 1874 1855 pares
1903 1806 2050 1842 animos
2086 1806 2174 1842 fecit

85 1865 194 1916 nique
222 1864 384 1902 confessi
409 1872 498 1901 sunt
524 1862 636 1900 nobis
664 1863 730 1913 qui
762 1862 960 1909 redibant,
984 1863 1090 1913 quod

84 1925 260 1964 vidissent
282 1926 423 1962 multos
444 1923 497 1961 ibi
521 1924 749 1969 morientes,
773 1924 839 1974 qui
867 1923 1032 1961 libenter
1051 1938 1090 1962 se

85 1987 178 2024 mori
193 1977 388 2033 dicebant,
404 1999 530 2036 neque
552 1985 651 2022 velle
671 1985 832 2032 reverti,
856 1998 905 2022 ne
925 1985 1090 2036 amplius

85 2047 121 2084 in
136 2047 296 2102 peccatis
312 2047 540 2084 reciderent.

133 2109 168 2146 3.
184 2108 256 2147 Sed
276 2122 324 2146 ne
343 2108 381 2145 in
401 2107 561 2145 dubium
583 2106 712 2144 veniat
730 2106 835 2157 quod
851 2106 937 2144 dico
954 2136 962 2153 ‚
980 2107 1088 2157 quasi

84 2169 177 2220 patri
192 2182 277 2206 meo
295 2168 483 2220 spirituali
502 2168 541 2204 in
561 2167 801 2204 confessione
817 2168 968 2218 aperio,
985 2168 1089 2218 quod

57 2260 61 2262 .
84 2229 230 2279 patroni
248 2229 323 2266 loci
348 2229 493 2275 nostri,
521 2227 655 2264 beatus
674 2231 843 2265 Joannes
871 2237 908 2265 et
930 2229 1088 2275 Paulus,

86 2289 215 2340 saepius
248 2302 318 2326 nos
352 2289 506 2325 visitare
543 2287 687 2337 dignati
722 2296 812 2324 sunt
845 2303 853 2324 :
887 2301 984 2338 quos
1019 2301 1089 2337 ego

84 2362 194 2401 super
222 2350 293 2387 hac
330 2363 371 2387 re
409 2348 639 2398 interrogari
674 2348 763 2395 feci,
796 2357 833 2385 et
866 2348 1090 2398 hujusmodi

85 2410 302 2447 sententiam
328 2409 634 2460 responderunt,
663 2408 940 2459 dicebantque,
959 2409 1090 2445 multi-

86 2469 249 2507 tudinem
275 2470 499 2520 angelorum
520 2470 584 2519 qui
607 2469 844 2516 ceciderant,
865 2470 911 2507 (le
929 2470 1000 2506 illis
1022 2470 1088 2520 qui

84 2529 134 2568 ibi
160 2532 301 2569 mortui
326 2539 432 2577 sunt,
461 2545 541 2568 esse
571 2540 833 2568 restauratam.
856 2535 939 2568 Hoc
961 2540 1088 2568 autem

84 2590 229 2639 scitote,
256 2591 363 2642 quod
399 2605 575 2642 magnam
609 2592 724 2628 vestri
756 2593 981 2628 memoriam
1016 2592 1086 2628 lia-

82 2650 262 2699 buerunt‚
276 2654 468 2703 finemque
485 2662 655 2690 vestrum
671 2653 747 2690 cito
767 2661 973 2689 venturum
992 2666 1088 2703 prae-

84 2711 266 2751 dixerunt.
287 2714 383 2763 Quia
404 2714 520 2764 igitur
537 2713 636 2751 bene
657 2726 734 2760 res,
757 2713 827 2750 etsi
848 2727 926 2750 non
947 2727 1088 2750 secun-

84 2773 169 2810 dum
198 2775 394 2812 hominum
433 2774 686 2820 desiderium,
710 2783 836 2811 tamen
873 2774 1085 2811 seeundum

82 2833 150 2870 Dei
169 2836 408 2886 propositum
436 2835 584 2881 evenit3
607 2843 743 2871 vestrae
769 2835 840 2872 erit
870 2835 1086 2885 prudentiae

83 2892 119 2930 iu
141 2893 224 2944 ipso
249 2894 295 2932 de
320 2895 391 2932 hac
418 2908 458 2932 re
488 2895 699 2939 consolari,
722 2894 832 2944 cujus
853 2896 970 2932 solius
1002 2896 1086 2945 glo-

84 2953 173 2991 riam
204 2956 371 3006 quaeritis
404 2964 442 2994 et
475 2956 711 2993 desideratis.
743 2956 893 2994 Idcirco
923 2970 1088 3006 namque

83 3013 187 3052 vohis
198 3024 236 3053 et
249 3015 496 3062 exhortandi,
514 3024 552 3053 et
572 3016 759 3066 operandi
780 3017 937 3066 gratiam
957 3016 995 3052 in
1018 3016 1090 3053 hoc

84 3076 229 3126 negotio
259 3076 384 3123 dedit,
402 3077 492 3126 quia
521 3075 667 3114 bonum
683 3106 693 3122 ,
716 3077 821 3127 quod
848 3077 937 3114 inde
963 3078 1086 3114 factu-

83 3148 143 3174 rus
160 3146 260 3185 erat,
277 3137 463 3188 praevidit.
486 3133 573 3190 I‘pse
595 3138 712 3189 igitur
737 3153 893 3181 cursum
917 3147 1088 3176 vestrum

130 3264 138 3277 ¹
155 3259 253 3291 Exod.
271 3272 385 3292 xxxux
399 3285 406 3298 ‚
430 3263 482 3292 11.
501 3279 544 3284 -—
567 3267 579 3282 ²
596 3261 645 3292 Id.
665 3262 763 3293 xvxii.

1157 1866 1328 1916 parilitas
1349 1865 1555 1902 eharitatis.
1577 1865 1679 1914 Quid
1712 1866 1813 1902 enim
1846 1880 1939 1903 meae
1970 1867 2172 1903 humilitati

1157 1940 1244 1963 cum
1275 1934 1403 1963 vestra
1426 1925 1683 1971 sublimitate,
1713 1926 1742 1963 si
1776 1940 1853 1963 non
1883 1927 2101 1964 inclinasset
2121 1927 2172 1963 di-

1156 1987 1284 2036 gnatio
1325 1987 1662 2037 dignitatemPEx
1690 1996 1782 2024 tunc
1821 1988 1961 2024 factum
2002 1997 2058 2025 est
2083 2018 2093 2035 ,
2130 1996 2174 2024 ut

1156 2048 1351 2097 utrimque
1381 2048 1707 2098 permiscerentur
1735 2057 1772 2085 et
1806 2062 1890 2085 mea
1917 2048 2110 2086 humilitas
2135 2057 2173 2086 et

1156 2108 1370 2145 sublimitas
1396 2116 1543 2155 restra,
1561 2117 1604 2145 ut
1630 2122 1701 2145 nec
1719 2122 1788 2158 ego
1815 2109 1895 2145 sine
1917 2108 2027 2145 vohis
2044 2109 2173 2145 bumi-

1156 2170 1212 2216 lis,
1235 2183 1304 2206 nec
1320 2183 1390 2207 x‘os
1408 2170 1488 2206 sine
1508 2183 1568 2206 me
1588 2169 1761 2206 sublimis
1782 2183 1862 2207 esse
1885 2171 2059 2220 possetis.
2082 2175 2173 2208 Haec

1158 2231 1270 2276 dico,
1299 2231 1388 2281 quia
1418 2231 1598 2268 Nicolaus
1631 2245 1760 2278 meus,
1792 2231 1870 2268 imo
1902 2240 1940 2268 et
1969 2240 2109 2278 vester,
2134 2232 2171 2268 in

1158 2292 1296 2341 spiritu
1331 2291 1550 2327 vehementi
1585 2300 1823 2338 commotus,
1850 2293 2060 2329 commovit
2087 2306 2172 2338 me,

1159 2365 1331 2388 asserens
1355 2365 1393 2388 se
1414 2352 1553 2389 vidisse
1571 2352 1771 2402 epistolam
1795 2361 1965 2389 nostram
1989 2353 2172 2389 directam
2200 2358 2205 2360 ’

1157 2413 1204 2449 ad
1224 2427 1292 2449 vos
1310 2442 1318 2458 ,
1344 2413 1382 2449 in
1410 2427 1484 2462 qua
1513 2427 1628 2450 voces
1655 2413 1919 2450 amaritudinis
1940 2413 2173 2450 claudeban—

1157 2474 1255 2510 tur*.
1276 2473 1428 2511 Credite
1461 2474 1624 2519 amanti,
1658 2475 1747 2523 quia
1778 2487 1849 2510 nec
1874 2474 1912 2510 in
1944 2474 2059 2511 corde
2086 2488 2173 2511 meo

1158 2543 1285 2571 ortum
1306 2543 1383 2580 est,
1404 2548 1473 2571 nec
1490 2534 1536 2571 ab
1557 2548 1623 2571 ore
1648 2548 1735 2571 meo
1754 2543 1951 2571 extortum
1971 2543 2046 2581 est,
2069 2535 2173 2584 quod

1106 2601 1137 2634 D
1158 2609 1269 2633 aures
1282 2604 1417 2631 vestrae
1429 2594 1679 2632 Beatitudinis
1695 2603 1952 2645 exasperaret.
1967 2595 2173 2632 Multitudo

1156 2656 1402 2705 negotiorum
1424 2656 1462 2692 in
1485 2656 1598 2705 culpa
1624 2664 1700 2701 est,
1731 2656 1819 2705 quia
1843 2655 1932 2691 dum
1964 2656 2171 2706 scriptores

1155 2716 1278 2753 nostri
1296 2729 1373 2752 non
1391 2715 1490 2752 bene
1511 2715 1676 2752 retinent
1694 2728 1846 2752 sensum
1864 2724 2054 2761 nostrum,
2072 2716 2173 2753 ultra

1158 2776 1317 2813 modum
1341 2785 1483 2813 acuunt
1504 2776 1631 2813 stilum
1662 2789 1794 2820 suum,
1819 2790 1890 2812 nec
1920 2776 2050 2813 videre
2074 2790 2169 2827 pos-

1154 2850 1236 2874 sum
1267 2851 1353 2888 quae
1391 2837 1507 2874 scribi
1542 2837 1746 2888 praecepi*.
1778 2837 1923 2874 Parcite
1956 2837 2026 2874 hac
2058 2838 2172 2875 rice:

1154 2897 1262 2947 quia,
1284 2897 1475 2947 quidquid
1501 2897 1546 2934 de
1574 2897 1654 2934 aliis
1683 2897 1750 2943 sit,
1774 2905 1918 2934 vestras
1950 2896 2109 2943 videbo,
2131 2906 2169 2935 et

1156 2971 1235 2994 non
1257 2957 1409 2994 credam
1434 2958 1504 2994 nisi
1527 2958 1648 2995 oculis
1667 2966 1703 2995 et
1721 2958 1876 2995 auribus
1899 2958 2004 2995 meis.
2028 2961 2171 2996 Caetera

1157 3017 1268 3054 vobis
1293 3018 1509 3055 communis
1539 3018 1608 3055 iste
1637 3018 1736 3055 filius
1766 3019 1916 3069 planius
1947 3027 1984 3054 et
2017 3018 2167 3068 plenius

1158 3079 1245 3115 viva
1264 3079 1403 3115 referet
1422 3092 1528 3115 voce.
1546 3082 1677 3129 Ipsum
1701 3087 1882 3129 tanquam
1906 3093 1965 3115 me
1982 3077 2142 3115 audietis
2159 3106 2168 3122 ,

1157 3140 1314 3189 quivos
1335 3139 1476 3190 diligit,
1502 3153 1578 3177 non
1610 3139 1752 3187 verbo,
1777 3154 1900 3191 neque
1931 3140 2080 3189 lingua,
2107 3137 2171 3175 scd

125 3320 139 3335 ⁸
152 3318 237 3351 Alias
255 3320 386 3363 epistola
408 3323 474 3352 352
491 3331 499 3352 ε
514 3331 584 3364 quae
603 3332 678 3353 vero
698 3327 789 3354 antea
813 3325 878 3354 387
901 3328 985 3359 erat,
1004 3334 1088 3354 nune
1114 3326 1194 3355 397.
1218 3323 1340 3365 Scripta
1354 3334 1437 3356 anno
1459 3324 1573 3357 Christi
1597 3327 1694 3355 1150.
