2565 3952
74 178 149 216 529
988 173 1252 209 EPISTOLAE.
2093 180 2171 217 (530

73 254 178 294 rebat
205 261 382 304 paratum
411 250 591 300 magister
618 254 755 287 Petrus
786 247 832 285 ad
855 247 1138 298 probandas⁵⁰⁹
1151 258 1302 296 rentes,
1325 250 1363 286 in
1387 264 1592 301 personam
1613 251 1779 288 hominis
1807 254 1950 290 nullam
1978 257 2171 296 voluimus

72 325 109 355 et
123 313 381 353 defendendas
394 341 404 359 ,
424 311 471 348 de
487 310 627 362 quibus
644 310 751 346 illum
769 309 949 346 dominus
967 308 1086 346 abbas
1103 313 1135 346 A
1152 311 1329 361 proferre
1351 312 1594 348 sententiam.
1613 313 1802 348 Caeterum
1824 315 2032 352 sententias
2058 319 2171 367 pravi

72 374 422 421 Clarae-Vallensis,
461 371 659 422 quomodo
699 379 956 422 praetaxatum
999 379 1081 415 est,

71 436 388 489 reprehenderat,
422 424 643 471 sententias.
679 436 868 470 Caeterum
903 431 1084 468 dominus

70 498 184 538 abbas
215 511 286 534 nec
317 495 365 533 ad
395 494 626 544 assignatum
656 492 757 530 diem
781 506 819 529 se
841 501 1080 538 venturum,

69 573 140 599 nec
165 567 302 596 eontra
329 560 488 595 Petrum
519 568 599 592 sese
632 555 936 605 disceptaturum
969 552 1081 590 nobis

69 619 316 661 remandavit.
350 617 424 655 Sed
451 616 541 666 quia
562 616 742 666 magister
762 619 898 653 Petrus
924 615 1079 651 interim

69 695 154 722 suos
173 680 422 718 nihilominus
444 678 562 728 coepit
583 677 842 727 undequaque
863 690 1080 713 convocare

69 741 293 794 discipulos,
315 748 353 777 et
382 738 610 785 obsecrare,
633 746 676 774 ut
706 737 754 774 ad
786 738 953 774 futuram
981 738 1081 774 inter

68 817 136 851 se,
177 802 458 851 dominumque
497 798 676 837 abbatem
717 799 1079 837 Clarae-Vallensem

69 863 384 916 disputationem,
415 874 493 899 una
519 874 606 898 cum
631 860 697 897 illo
719 873 826 896 suam
849 860 1078 896 sententiam

67 926 172 965 simul
200 933 239 962 et
267 924 465 961 scientiam
498 922 693 960 defensuri
714 922 914 968 venirent,
948 930 986 958 et
1004 921 1080 959 hoc

66 986 261 1026 dominum
305 985 671 1024 Clarae-Vallensem
707 984 865 1020 mininie
907 984 1076 1030 lateret,

1154 372 1343 422 dogmatis
1364 372 1502 422 ipsius,
1526 372 1617 422 quia
1634 373 1776 408 multos
1799 373 2030 421 infecerant,
2056 386 2093 413 et
2115 379 2172 414 sui

1153 432 1381 482 contagione
1402 432 1575 481 adusque
1597 432 1772 469 cordium
1791 432 1926 470 intima
1945 445 2170 484 penetrave-

1151 502 1257 540 rant;
1271 506 1372 543 saepe
1384 493 1423 529 in
1439 492 1634 530 audientia
1648 492 1802 543 publica
1813 493 1929 531 lectas
1941 503 1979 531 et
1993 496 2165 543 relectas,

1149 562 1186 591 et
1208 562 1284 591 tam
1311 554 1520 590 verissimis
1553 553 1790 599 rationibus,
1815 568 1930 604 quam
1957 554 2058 593 beati
2088 563 2169 595 Au—

1148 614 1289 664 gustini
1303 644 1311 660 ‚
1330 614 1572 663 aliorumque
1590 622 1812 650 sanctoruni
1831 618 1986 652 Patrum
2003 617 2170 655 induetis

1149 687 1170 710 a
1202 674 1362 710 domino
1392 673 1707 712 Clarae-Vallensi
1737 674 2054 722 auctoritatibus,
2090 691 2168 714 non

1149 734 1273 771 solum
1292 734 1401 771 falsas
1414 764 1424 781 ‚
1441 733 1557 770 sedet
1573 733 1771 770 haereticas
1785 747 1866 771 esse
1883 735 2169 774 evidentissime

1148 795 1439 846 comprobataS,
1459 795 1585 846 pridie
1605 804 1692 832 ante
1714 795 1848 832 factam
1872 795 1920 832 ad
1941 810 2010 834 vos
2033 799 2167 848 appel-

1147 857 1331 894 lationem
1353 856 1632 894 damnavimus.
1656 860 1702 894 Et
1722 857 1812 907 quia
1833 859 1974 895 multos
1995 859 2032 896 in
2055 874 2166 897 erro-

1147 932 1228 955 rem
1268 918 1637 969 perniciosissimum
1676 927 1714 955 et
1751 919 1865 969 plane
1907 919 2165 960 damnabilem

1147 980 1398 1030 pertrahunt3
1419 993 1481 1017 eas
1501 980 1730 1017 auctoritate
1745 989 1894 1027 vestra,
1923 981 2168 1021 dilectissime

67 1048 205 1087 veritus
222 1048 323 1098 ipse,
350 1060 400 1084 ne
429 1054 593 1097 propter
621 1046 862 1082 occasionem
894 1044 1076 1082 absentiae
1098 1045 1124 1080 B
1144 1042 1321 1089 domine,
1339 1051 1525 1093 perpetua
1542 1042 1792 1079 damnatione
1810 1044 1957 1089 notari,
1979 1053 2017 1080 et
2034 1058 2168 1083 onmes

65 1122 138 1148 suae
155 1116 214 1145 tot
232 1108 424 1158 profanae,
446 1121 527 1144 non
553 1106 753 1143 sententiae
767 1136 777 1153 ,
801 1106 867 1143 sed
889 1106 1047 1143 insaniae
1064 1135 1073 1153 ,

65 1179 136 1209 tam
152 1168 254 1220 apud
269 1169 396 1206 minus
414 1168 693 1219 intelligentes,
715 1181 829 1218 quam
852 1168 1076 1205 earumdem

65 1231 279 1270 defensores
299 1230 447 1281 majore
470 1229 595 1280 dignae
621 1229 847 1266 viderentur
868 1230 1077 1266 auctorita-

65 1302 116 1341 te;
142 1292 330 1344 praedicto
359 1305 475 1342 quem
515 1290 585 1328 sibi
619 1290 957 1340 designaveramus
988 1290 1049 1327 die
1070 1320 1080 1338 ,

62 1354 144 1392 licet
170 1367 258 1391 eum
288 1353 446 1390 minime
470 1352 721 1402 suscepisset,
757 1359 881 1388 tactus
912 1351 994 1388 zelo
1024 1352 1079 1402 pii

63 1415 241 1461 fervoris,
260 1415 339 1452 imo
361 1422 464 1452 certe
485 1413 607 1451 sancti
627 1413 793 1464 Spiritus
813 1413 901 1463 igne
922 1426 1077 1451 succen-

62 1490 122 1516 sus
136 1506 146 1523 ,
167 1489 249 1514 sese
272 1475 385 1514 nobis
406 1475 509 1513 ultro
536 1476 698 1513 Senonis
725 1475 985 1526 praesentavit.
1008 1475 1078 1513 Illa

61 1551 149 1576 vero
177 1537 263 1584 die,
291 1537 438 1574 scilicet
467 1545 601 1574 octava
632 1540 899 1582 Pentecostes,
930 1550 1075 1574 conve-

61 1607 193 1638 nerant
223 1599 272 1636 ad
301 1612 374 1636 nos
410 1598 575 1636 Senonis
606 1598 744 1635 fratres
776 1606 815 1635 et
843 1598 1075 1648 suffraganei

61 1660 177 1698 nostri
207 1659 409 1711 episcopi,
444 1658 496 1697 ob
526 1659 718 1696 honorem
745 1667 783 1696 et
818 1659 1075 1696 reverentiam

61 1729 272 1759 sanctarum
287 1750 298 1768 ‚
325 1733 420 1771 quas
441 1719 483 1756 in
503 1719 663 1757 ecclesia
686 1728 819 1757 nostra
839 1720 987 1770 populo
1015 1733 1077 1757 re-

60 1783 248 1820 velaturos
269 1795 341 1819 nos
361 1781 624 1819 indixeramus
641 1811 650 1828 ‚
681 1782 943 1832 reliquiarum.

1144 1104 1210 1153 qui
1224 1104 1477 1154 pervicaciter
1491 1112 1527 1140 et
1544 1104 1785 1140 contentiose
1804 1104 1886 1141 illas
1902 1104 2166 1153 defenderint,

1144 1179 1165 1202 a
1186 1165 1318 1210 vobis,
1342 1165 1557 1215 aequissime
1575 1168 1704 1211 Pater,
1723 1164 1826 1214 justa
1853 1178 1965 1215 poena
1989 1167 2166 1205 mulctari

1144 1227 1379 1263 unanimiter
1402 1235 1439 1263 et
1464 1227 1584 1263 multa
1607 1240 1766 1276 precum
1788 1227 1971 1264 instantia
1992 1231 2166 1278 postula-

1147 1301 1245 1324 mus.
1260 1288 1475 1338 Saepedicto
1492 1301 1585 1324 vero
1598 1291 1713 1324 Petro
1724 1317 1733 1333 ,
1748 1288 1778 1324 si
1795 1289 2028 1326 Reverentia
2041 1299 2169 1328 vestra

1147 1349 1343 1386 silentium
1371 1349 1611 1399 imponeret,
1647 1356 1685 1384 et
1724 1356 1799 1384 tam
1831 1349 1983 1398 legendi
2003 1379 2012 1394 ‚
2051 1364 2165 1400 quam

1146 1409 1341 1448 scribendi
1362 1424 1522 1461 prorsus
1546 1410 1849 1460 interrumperet
1871 1410 2109 1458 facultatem,
2131 1421 2169 1449 et

1146 1471 1265 1509 libros
1287 1471 1394 1522 ejus,
1423 1484 1609 1522 perverso
1637 1471 1719 1508 sine
1755 1470 1874 1508 dubio
1902 1471 2081 1521 dogmate
2102 1487 2166 1510 re—

1145 1547 1322 1585 spersos,
1340 1533 1637 1579 condemnaret3
1659 1533 1800 1569 avulsis
1824 1533 1943 1583 spinis
1963 1542 2001 1570 et
2017 1533 2168 1571 tribulis

1144 1594 1192 1632 ab
1217 1595 1387 1632 Ecclesia
1407 1594 1503 1640 Dei,
1527 1594 1758 1644 praevaleret
1775 1594 1900 1631 adhuc
1922 1595 2008 1631 laeta
2028 1595 2168 1633 Christi

1143 1669 1248 1707 seges
1267 1669 1528 1701 succrescere,
1544 1654 1684 1691 florere
1697 1684 1706 1699 ,
1722 1655 1965 1692 fructificare.
1982 1655 2165 1704 Quaedam

1143 1726 1272 1755 autem
1296 1717 1343 1754 de
1370 1716 1637 1754 condemnatis
1659 1729 1679 1752 a
1701 1715 1816 1752 nobis
1835 1716 2012 1766 capitulis
2034 1716 2167 1763 vobis,

1144 1778 1357 1816 reverende
1378 1781 1510 1823 Pater,
1543 1777 1764 1827 conscripta
1787 1778 2090 1823 transmisimus,
2124 1787 2167 1815 ut

107 1844 143 1882 3.
166 1847 301 1894 Itaque
319 1851 511 1894 praesente
535 1842 705 1893 glorioso
727 1856 816 1893 rege
836 1847 1074 1881 Francorum
1096 1845 1124 1882 C
1146 1855 1216 1893 per
1244 1841 1326 1878 haec
1357 1839 1487 1878 audita
1512 1839 1650 1889 reliqui
1685 1852 1828 1890 corpus
1860 1839 1988 1890 operis
2018 1840 2166 1876 facilius

60 1904 252 1944 Ludovico
273 1918 361 1942 cum
377 1904 575 1943 Willelmo
604 1903 784 1954 religioso
808 1903 987 1941 Nix-ernis
1005 1917 1074 1940 co—

60 1966 162 2013 mite,
189 1966 350 2004 domino
375 1979 532 2017 quoque
552 1965 736 2003 Remensi
759 1965 1071 2016 archiepiscopo,

59 2041 139 2066 eum
172 2027 405 2079 quibusdam
446 2027 525 2065 suis
557 2026 809 2076 suffraganeis
851 2026 1071 2076 episcopis,

59 2087 164 2127 nobis
195 2089 312 2126 etiam
343 2097 382 2126 et
415 2088 668 2138 suffraganeis
706 2088 868 2135 nostris,
902 2088 1074 2138 exceptis

60 2149 218 2188 Parisius
249 2158 288 2187 et
318 2149 496 2187 Nivernis
514 2179 523 2196 ,
559 2148 753 2199 episcopis
790 2148 1070 2199 praesentibus,

32 2259 38 2263 η
60 2223 139 2248 eum
159 2211 288 2248 multis
309 2209 495 2260 religiosis
519 2208 725 2246 abbatibus
746 2218 784 2246 et
804 2209 1043 2260 sapientibus
1059 2238 1069 2256 ,

59 2271 240 2322 valdeque
283 2271 462 2308 litteratis
505 2271 653 2307 clericis
679 2299 688 2316 ,
733 2270 858 2307 adfuit
893 2269 1073 2307 dominus

60 2329 168 2370 abbas
197 2331 550 2378 Clarae—Vallensis,
578 2331 700 2368 adfuit
729 2331 909 2381 magister
938 2335 1073 2368 Petrus

60 2405 140 2431 cum
170 2392 387 2430 fautoribus
418 2392 537 2430 suis*.
568 2392 672 2441 Quid
702 2393 848 2429 multa?
883 2393 1073 2431 Dominus

59 2452 169 2493 abbas
183 2469 269 2492 cum
285 2454 428 2492 librum
443 2454 663 2504 Theologiae
678 2454 847 2504 magistri
862 2455 965 2492 Petri
984 2469 1074 2505 pro-

59 2514 169 2554 ferret
182 2517 221 2554 in
238 2516 428 2563 medium,
445 2525 483 2553 et
502 2529 588 2566 quae
605 2515 859 2552 adnotaverat
881 2514 1047 2552 absurda
1060 2545 1069 2562 ,

46 2575 131 2615 imo
159 2578 338 2615 haeretica
364 2578 479 2629 plane
513 2577 682 2628 capitula
713 2576 760 2614 de
798 2576 900 2614 libro
932 2577 1069 2614 eodem

1142 1903 1350 1940 aestimetis.

1140 2038 2167 2052 xxxxxxxxxxxxxxxxxxxxxxxxxxxxxxxxxxxxxxxxxxxxxxxxxxxxxxxxxxxxxxxxxxxxx

1178 2162 1557 2222 EPISTOLA
1607 2156 2128 2220 CCCXXXYIHJ

1159 2330 1203 2351 AD
1224 2326 1470 2350 HAIMERICL'M
1497 2325 1741 2348 CARDINALEM
1770 2326 1815 2348 ET
1843 2325 2147 2348 CANCELLARIL‘M.

1141 2451 1234 2479 Petro
1261 2444 1444 2479 Abaelardo
1474 2444 1631 2475 liaereseos
1658 2443 1820 2479 convicto,
1846 2454 1911 2475 non
1938 2443 2055 2474 debere
2079 2443 2164 2486 apud

1213 2502 1388 2533 cardinales
1406 2507 1436 2532 et
1454 2500 1574 2532 curiam
1599 2502 1777 2531 Romanam
1795 2506 1904 2542 patere
1923 2498 2090 2541 refugium.

58 2647 316 2688 proponeret,
353 2647 395 2676 ut
426 2652 468 2676 ea
502 2638 683 2688 magister
713 2641 849 2675 Petrus
881 2638 942 2675 vel
978 2652 999 2674 a
1029 2651 1068 2675 se
1088 2628 1284 2671 DIllustri
1311 2628 1395 2664 viro
1425 2635 1462 2664 et
1491 2627 1615 2663 amico
1643 2625 1887 2676 praecordiali
1914 2628 2164 2672 Hmffimco,

58 2698 192 2749 scripta
210 2708 386 2750 negaret3
408 2700 490 2746 vel,
513 2700 545 2737 si
565 2713 633 2736 sua
655 2699 858 2746 fateretur,
881 2707 947 2736 aut
974 2713 1069 2750 pro-

23 2778 26 2782 *
48 2755 182 2807 haret,
211 2769 277 2798 aut
297 2760 528 2811 corrigeret3
551 2760 658 2797 visus
681 2759 860 2797 diffidere
890 2761 1072 2811 magister

58 2822 186 2858 Petrus
200 2821 440 2860 Abaelardus
450 2851 460 2869 ,
476 2830 515 2859 et
528 2820 797 2871 subterfugere
808 2851 817 2868 ,
835 2823 1072 2873 respondere

57 2881 177 2920 noluit
197 2898 205 2921 :
225 2883 293 2921 sed
308 2884 485 2934 quamvis
501 2883 622 2921 libera
642 2882 714 2921 sibi
735 2883 893 2920 daretur
913 2883 1073 2921 audien-

48 2941 127 3003 tia,
146 2952 348 2996 tutumque
369 2946 498 2984 locum
518 2954 556 2982 et
576 2959 708 2996 aequos
723 2944 883 2982 haberet
900 2944 1070 2995 judices,

58 3002 103 3040 ad
118 3013 283 3043 vestram
298 3015 426 3044 tamen
440 3037 450 3054 ‚
467 3007 704 3044 sanctissime
718 3010 849 3052 Pater,
872 3007 1073 3058 appellans

23 3086 29 3091 ·
48 3069 292 3114 .praesentiam
307 3097 317 3115 ,
339 3082 427 3106 cum
447 3069 525 3106 suis
545 3082 567 3106 a
586 3076 780 3105 conventu
803 3067 986 3106 discessit.

107 3127 142 3164 4.
158 3131 236 3166 Nos
252 3138 400 3177 autem,
422 3131 511 3167 licet
532 3130 742 3181 appellatio
760 3130 832 3167 ista
854 3130 981 3167 minus
1001 3145 1068 3168 ca-

58 3188 190 3227 nonica
207 3190 426 3239 videretur,
449 3191 537 3231 Sedi
556 3200 685 3229 tamen
709 3191 932 3242 apostolicae
961 3192 1070 3230 defe-

1192 2698 1333 2728 sanctae
1364 2693 1548 2727 Romanae
1576 2688 1754 2724 Ecclesiae
1783 2686 1946 2723 diacono
1975 2686 2164 2724 cardinali

1192 2761 1231 2789 et
1266 2750 1522 2796 cancellario,
1560 2754 1789 2787 Enna-annus
1830 2748 2163 2785 Clarae-Vallensis

1193 2812 1331 2860 abbas,
1361 2811 1568 2863 providere
1590 2809 1693 2847 bona
1715 2823 1844 2846 coram
1870 2813 1952 2846 Deo
1974 2817 2011 2845 et
2036 2808 2162 2845 horni-

1194 2872 1321 2911 nibus.

1202 3010 1230 3044 l.
1250 3006 1355 3044 Sicut
1372 3005 1609 3051 audivimus,
1628 3004 1681 3041 sic
1697 3002 1862 3040 vidimus
1882 3001 2003 3040 libros
2021 3010 2058 3038 et
2076 3015 2165 3038 sen-

1142 3068 1280 3106 tentias
1315 3066 1486 3117 magistri
1519 3065 1623 3103 Petri
1654 3063 1863 3102 Abaelardi
1894 3079 1901 3100 :
1942 3064 2163 3099 notavimus

1137 3129 1256 3167 verba
1269 3159 1278 3176 ,
1293 3128 1529 3179 signavimus
1546 3127 1729 3176 mysteria
1741 3156 1750 3173 ‚
1769 3134 1805 3162 et
1820 3125 2002 3174 mysteria
2022 3124 2162 3172 iniqui-

1138 3192 1224 3229 tatis
1242 3191 1400 3227 inventa
1415 3198 1518 3226 sunt.
1538 3188 1758 3238 Theologus
1777 3195 1908 3224 noster
1930 3184 2053 3222 verbis
2071 3184 2164 3234 legis

100 3327 114 3344 θ
131 3324 217 3356 Alias
235 3325 366 3368 epistola
388 3329 454 3358 369
478 3337 485 3358 :
506 3338 576 3369 quae
600 3339 675 3359 vero
692 3334 784 3359 antea
803 3330 868 3359 338
885 3333 964 3365 erat,
985 3337 1069 3357 nune
1082 3329 1161 3358 401.
1185 3325 1307 3368 Scripta
1325 3335 1408 3356 anno
1423 3323 1538 3356 Christi
1560 3326 1568 3354 Ι
1584 3325 1659 3354 140.
1680 3321 1761 3352 vide
1778 3320 1942 3363 epistolam
1970 3320 2030 3349 187
2047 3328 2115 3359 sqq.
2137 3328 2168 3352 et

58 3376 162 3408 Notas.
