2517 3936
48 173 122 210 965

50 248 138 281 Epist.

52 371 114 394 mm

51 481 133 505 LXIII

51 536 124 560 LXIV

52 647 113 670 va

50 702 125 727 LXVI

51 814 139 840 van

49 870 152 896 uvm

50 927 126 950 uix

51 1037 114 1062 Lxx

51 1092 125 1116 LXXI

51 1149 139 1174 Lxxu

53 1260 156 1284 uxnl

52 1315 148 1340 LXXIV

52 1371 134 1395 mv

53 1482 146 1506 LXXVI

54 1592 133 1616 LXXV
138 1593 163 1615 Il

54 1704 180 1728 Lxxvln

56 1815 152 1839 Lxxix

56 1870 138 1894 Lxxx

56 1982 152 2006 mxxxi

56 2091 167 2116 mxxxii

58 2203 183 2227 Lxxxm

59 2313 175 2337 mxiv

59 2479 162 2503 Lxxxv

53 2535 175 2571 &xxxvl

51 2579 190 2616 ‘mxxxvii

59 2703 206 2728 Lxxxvm

59 2754 178 2783 Lxxxlx

57 2813 97 2837 xc

57 2869 110 2893 XCI

57 2979 125 3004 xcu

61 3035 142 3059 xum

61 3147 134 3172 XCIV

63 3367 122 3391 XCV

493 177 527 210 S.
560 177 810 215 BERNARDI
840 183 1041 221 ABBATIS
1070 187 1411 227 EPISTOLARUM
1442 195 1640 234 INDICES.

989 258 1052 291 Pag.

347 314 445 349 pum.
984 315 1052 347 206

311 357 364 391 Ad
382 359 574 393 Henricum
591 361 843 398 lii-(lunensem
860 367 931 411 epi-

352 424 510 460 scopum.
983 427 1050 455 207

308 470 361 504 Ad
379 470 558 504 eumdem.
981 482 1048 511 207

307 524 361 559 Ad
387 525 628 560 Alexandrum
651 528 933 565 Lincolniensem

360 581 580 627 episcopum.
985 593 1050 622 208

307 635 361 670 Ad
383 636 537 670 Alxisum
555 637 671 672 abbat.
701 640 929 684 Aquiscincti.
984 648 1051 677 210

304 691 358 726 Ad
376 692 589 727 Gausridum
608 693 772 730 abbatem
792 698 930 731 Sancti-

362 746 531 781 Medardi.
984 758 1051 788 213

299 803 354 837 Ad
371 803 567 839 Monachos
585 805 835 841 FlaviacenseS.
984 814 1052 847 214

296 858 352 893 Ad
369 859 525 893 eosdem.
671 887 674 890 Δ
985 859 1054 900 216

296 914 353 948 Ad
371 915 576 950 Guidonem
602 915 767 951 abbatem
795 918 837 951 de
856 920 933 953 Tri-

361 971 632 1007 bus-Fontibus.
986 980 1054 1011 219

318 1026 372 1061 Ad
387 1028 569 1063 eumdem.
985 1038 1001 1065 2

314 1081 370 1115 Ad
389 1082 584 1117 Monachos
599 1083 759 1127 ejusdem
777 1084 858 1120 loci.
985 1093 1051 1121 222

311 1137 367 1171 Ad
407 1138 621 1173 Rainaldum
665 1140 936 1174 Fusniacensem

363 1191 541 1228 abbatem.
988 1202 1054 1231 223

312 1247 368 1282 Ad
384 1248 564 1282 eumdem.
987 1255 1056 1287 226

308 1303 363 1338 Ad
381 1304 561 1338 eumdem.
990 1311 1056 1339 228

303 1358 359 1393 Ad
376 1359 563 1394 Artaldum
578 1359 854 1394 Prulliacensem
873 1359 934 1394 ab·

360 1413 492 1449 batem.
991 1419 1059 1451 229

308 1470 364 1505 Ad
381 1470 556 1505 Abbatem
576 1471 835 1506 canonicorum
854 1473 937 1506 San-

363 1526 524 1560 cti-Petri
540 1526 584 1560 de
600 1529 733 1562 Monte.
989 1533 1057 1561 230

309 1580 365 1615 Ad
375 1582 583 1627 magistrum
597 1584 785 1627 Hugonem
804 1581 848 1615 de
858 1583 940 1616 San-

368 1638 595 1672 cto-Victore.
991 1643 1008 1672 2
1015 1643 1032 1672 3
1042 1642 1057 1672 t

315 1693 371 1727 Ad
396 1695 585 1739 Sugerium
614 1692 777 1728 abbatem
803 1695 939 1728 Sancti-

369 1749 540 1795 Dionysii.
988 1756 1056 1786 231

314 1804 368 1839 Ad
385 1804 553 1839 abbatem
572 1807 717 1840 Lucam.
990 1812 1058 1845 240

308 1859 364 1893 Ad
402 1848 605 1895 Giiidonem
642 1859 807 1895 abbatem
836 1861 938 1895 Moli-

369 1927 554 1951 smeusem.
992 1922 1059 1956 242

315 1971 372 2005 Ad
401 1973 601 2007 Gerardum
628 1971 794 2008 abbatem
826 1973 942 2007 Pulta-

371 2027 536 2062 riensem.
994 2033 1062 2067 243

315 2081 371 2116 Ad
387 2082 551 2118 abbatem
569 2084 848 2119 Sancti-Joannis
867 2087 945 2118 Car·

368 2140 537 2174 notensis.
997 2145 1064 2176 213

315 2193 371 2228 Ad
400 2194 585 2230 Simonem
610 2195 776 2231 abbatem
807 2197 946 2231 Sancti-

370 2249 519 2285 Nicolai.
998 2256 1063 2287 240

312 2305 369 2340 Ad
386 2306 564 2341 eumdem.
997 2313 1064 2344 247

314 2361 368 2395 Ad
384 2362 615 2397 Guillelmum
636 2362 800 2398 abbatem
814 2365 946 2398 Sancti-

371 2417 596 2453 Theoderici.
793 2439 799 2442 ⁶
996 2423 1064 2458 247

317 2472 375 2506 Ad
391 2474 560 2508 eumdem
580 2475 827 2510 Guillelmum.
997 2479 1064 2511 248

314 2528 370 2563 Ad
388 2530 568 2566 eumdem.
996 2535 1062 2564 251

315 2585 370 2619 Ad
391 2587 563 2631 Ogerium
579 2587 793 2621 canonicum
810 2588 948 2633 regula-

367 2652 459 2676 rem.
995 2646 1061 2674 252

316 2695 373 2730 Ad
389 2697 570 2731 eumdem.
995 2700 1063 2731 259

316 2752 372 2786 Ad
390 2751 568 2786 eumdem.
995 2753 1062 2784 261

312 2806 367 2840 Ad
385 2806 564 2841 eumdem.
994 2808 1063 2839 263

315 2863 370 2897 Ad
400 2862 554 2897 Abbates
577 2864 766 2898 Suessione
793 2874 944 2908 congre-

370 2923 478 2963 gatos.
993 2921 1062 2953 264

315 2973 370 3008 Ad
384 2974 580 3008 Henricum
592 2985 711 3019 regem
728 2974 937 3019 Anglorum.
993 2976 1063 3008 266

313 3029 368 3064 Ad
414 3030 610 3064 Henricum
671 3031 942 3066 Wintonensem

371 3086 589 3132 episcopum.
993 3089 1062 3120 267

317 3142 557 3178 AdAbbatem
572 3143 758 3187 cujusdam
772 3147 946 3176 monaste-

369 3199 415 3232 rii
431 3198 663 3233 Eboracensis
676 3227 684 3239 ‚
707 3198 802 3232 uncle
821 3198 947 3230 exierat

371 3253 472 3288 Prior
498 3265 583 3289 cum
612 3254 799 3300 aliquantis
830 3252 945 3286 fratri·

371 3307 450 3343 bus.
996 3311 1063 3342 268

317 3363 371 3397 Ad
401 3365 607 3400 Turstinutn
643 3364 945 3409 archiepiscopum

1121 261 1208 294 Epist.

1119 385 1190 406 XCII

1118 604 1208 627 xcvii

1119 662 1222 684 xcvtili

1119 771 1196 794 xcix

1119 828 1136 850 C

1121 883 1150 905 CI

1120 940 1164 962 CII

1121 997 1178 1018 CIII

1122 1106 1172 1129 clv

1124 1217 1160 1239 CV

1124 1327 1174 1349 CVI

1125 1437 1190 1460 cvu

1125 1548 1204 1571 cvm

1127 1771 1179 1792 CIX

1127 1935 1166 1957 CX

1130 2047 1183 2069 CXI

1131 2158 1197 2180 exn

1131 2213 1210 2236 CXIII

1132 2269 1203 2292 cxlv

1131 2324 1190 2347 CXV

1131 2490 1204 2513 CXVI

1130 2601 1219 2624 cxvu

1130 2658 1232 2681 cxviii

1130 2770 1205 2792 CXIX

1129 2879 1190 2902 CXX

1130 2934 1205 2957 CXXI

1130 2986 1217 3009 cxxll

1131 3098 1234 3121 cxxul

1133 3266 1194 3289 CXX
1198 3264 1228 3287 [v

1428 320 1694 358 Eboracensem.

1375 374 1428 408 Ad
1472 375 1683 412 nichardum
1736 383 1987 421 Fontanensem

1428 429 1591 465 abbatem
1605 459 1612 472 ‚
1634 439 1667 467 et
1685 437 1796 470 socios
1816 439 1887 481 ejus
1901 467 1909 479 ,
1929 442 1988 486 qui

1425 486 1467 519 de
1485 487 1553 520 alio
1574 489 1707 523 Ordine
1725 492 1768 525 ad
1788 493 1988 529 cistercien-

1430 551 1503 574 sem
1524 544 1738 579 transierant.

1371 595 1422 628 Ad
1444 598 1575 630 Ducem
1596 601 1808 635 Couradum.

1371 653 1422 685 De
1452 652 1661 688 Machabaeis
1680 682 1688 694 ‚
1723 657 1782 690 sed
1816 659 1858 692 ad
1889 671 1991 704 qut-m

1429 708 1555 752 scripta
1573 710 1615 743 sit
1635 711 1823 755 ignoratur.

1374 761 1426 794 Art
1446 764 1659 798 monachum
1681 768 1880 810 quemdam,

1378 816 1430 850 Ad
1449 818 1649 864 episcopum
1669 822 1869 865 quemdam.

1377 872 1430 906 Ad
1449 874 1647 918 lleligiosos.

1375 929 1426 962 Ad
1445 930 1631 973 quemdam
1652 932 1823 967 abbatem.

1372 984 1425 1018 Ad
1456 984 1595 1019 fratrem
1629 988 1794 1022 Willelmi
1828 989 1991 1023 monachi

1432 1040 1738 1077 Clarae-vallensis.

1381 1094 1432 1127 ml
1478 1096 1679 1140 magistrum
1716 1098 1916 1131 Gualterum
1951 1099 1993 1132 de

1432 1150 1686 1184 Calvo-Monte.

1384 1203 1438 1237 Ad
1468 1206 1666 1238 Romanum
1694 1208 1858 1240 Romanae
1885 1207 1989 1240 curiae

1432 1258 1701 1294 subdiaconum.

1384 1314 1436 1348 Ad
1456 1315 1658 1359 magistrum
1686 1316 1874 1349 Henricum
1903 1318 1995 1350 Mur-

1432 1370 1532 1404 (lach.

1383 1425 1436 1459 Ad
1478 1424 1653 1458 Thomam
1692 1426 1920 1471 praepositum
1955 1425 1998 1460 de

1434 1482 1587 1515 Beverla.

1379 1536 1432 1570 Ad
1458 1535 1635 1570 Thomam
1665 1535 1708 1568 de
1733 1535 1998 1569 Sancto-Audo-

1438 1601 1557 1629 maro,
1587 1595 1664 1636 post
1690 1591 1997 1634 transgressionem

1435 1646 1674 1691 promissionis
1691 1657 1761 1679 suae
1776 1646 1937 1680 veniendi
1955 1646 1997 1680 ad

1437 1701 1718 1734 conversionem.

1382 1756 1436 1790 Ad
1468 1756 1636 1789 illustrem
1663 1756 1830 1799 juvenem
1866 1755 1998 1789 Gausri-

1437 1810 1522 1843 dum
1551 1810 1594 1843 de
1625 1811 1775 1842 Persona
1800 1835 1807 1848 ,
1835 1813 1868 1841 et
1893 1809 2002 1842 socios

1438 1864 1524 1908 ejus.

1386 1920 1441 1955 Ad
1465 1924 1626 1966 parentes
1657 1917 1814 1961 ejusdem
1843 1916 2002 1951 Gaufridi

1441 1974 1686 2010 consolatoria.

1389 2034 1439 2066 Ex
1467 2041 1617 2077 persona
1647 2029 1730 2064 Eliae
1760 2027 1926 2061 monachi
1963 2025 2005 2061 ad

1441 2093 1602 2133 parentes
1619 2096 1708 2119 suos.

1385 2143 1439 2177 Ad
1465 2140 1675 2176 Gaufridum
1698 2137 1952 2172 Lexoviensem.

1382 2198 1437 2232 Ad
1453 2196 1622 2243 Sophiam
1639 2195 1820 2239 virginem.

1385 2253 1440 2287 Ad
1459 2254 1601 2286 alteram
1620 2247 1936 2284 sanctimonialem.

1385 2308 1438 2343 Ad
1481 2308 1584 2341 aliam
1623 2302 1923 2340 sanctimonialem
1961 2300 2003 2334 de

1447 2362 1658 2396 monasterio
1714 2361 1850 2392 Sanctae
1861 2377 1872 2382 -
1887 2356 2003 2390 Mariae

1440 2417 1631 2452 Trecensis.

1386 2472 1438 2507 Ad
1456 2468 1727 2514 Ermengardem
1747 2464 1924 2511 quondam
1944 2474 2002 2497 co-

1442 2528 1607 2560 mitissam
1627 2521 1826 2558 Britanniae.

1383 2583 1438 2619 Ad
1455 2580 1624 2616 eamdem.

1379 2640 1432 2676 Ad
1459 2638 1648 2673 Beatricem
1674 2632 1829 2667 nobilem
1858 2635 1892 2664 et
1920 2628 1999 2663 reli-

1440 2695 1571 2740 giosam
1589 2696 1795 2724 matronam.

1388 2752 1442 2786 Ad
1462 2752 1595 2783 Ducem
1613 2751 1645 2780 et
1664 2744 1847 2779 Ducissam
1873 2738 1998 2774 Lotha-

1440 2804 1574 2848 ringiae.

1381 2860 1435 2895 Ad
1452 2858 1631 2893 Ducissam
1647 2849 1895 2895 Lotharingiae.

1385 2916 1438 2951 Ad
1457 2913 1633 2948 Ducissam
1652 2905 1878 2951 Bur7undiae.

1380 2965 1575 3004 Hildeberti
1603 2960 1816 2996 Turonensis
1834 2956 2002 3002 archiepi-

1440 3023 1535 3069 scopi
1546 3021 1588 3056 ad
1600 3017 1815 3054 Bernardum
1826 3013 1997 3048 abbatem.

1386 3081 1600 3124 Rescriptum
1621 3074 1753 3110 abbatis
1779 3068 1943 3105 Bernarcli
1963 3067 2004 3100 ad

1443 3133 1687 3170 Hildebertum
1698 3131 1938 3162 Turonensem
1953 3133 2004 3154 ar-

1442 3189 1720 3234 chiepiscopum.
1993 3230 1999 3237 ⁸

1388 3248 1442 3283 Ad
1460 3244 1626 3280 eumdem
1657 3237 1913 3274 Hildebertum,
1942 3241 2001 3275 qm

1446 3300 1609 3336 nondum
1632 3298 1805 3341 receperat
1822 3289 2004 3324 dominum

1450 3354 1701 3391 Innocentium
1718 3357 1855 3395 papam.

2033 211 2107 246 966

2044 284 2104 318 ἧς.

2037 339 2103 370 269

2042 720 2108 749 273

2042 775 2108 803 278

2043 830 2110 859 271)

2043 884 2111 914 279

2043 940 2110 968 280

2042 1049 2105 1078 282

2042 1158 2108 1187 283

2043 1266 2110 1296 286

2045 1376 2112 1405 287

2049 1485 2117 1517 289

2053 1865 2119 1894 300

2054 1974 2120 2004 301

2053 2085 2120 2115 302

2056 2140 2121 2168 305

2053 2195 2121 2224 306

2053 2249 2120 2279 310

2053 2413 2116 2443 312

2049 2521 2114 2551 313

2049 2575 2116 2607 314

2050 2686 2116 2716 315

2051 2793 2117 2825 316

2050 2849 2117 2880 317

2050 2905 2118 2935 318

2052 3014 2120 3046 319

2053 3176 2118 3206 320

2057 3339 2121 3370 321
