2533 3920
352 209 426 247 ⁴212>
1121 215 1155 249 S.
1186 214 1438 250 BERNARDI
1467 215 1668 250 ABBA'I'IS
2353 215 2428 254 21ss

345 287 479 324 factam
500 288 612 325 fuisse
645 288 897 325 meminimus.
930 291 1006 325 Nec
1036 296 1161 326 tamen
1184 290 1323 327 mirum
1340 319 1350 337 ,
1367 288 1398 308 ⁶⁸
1418 291 1506 329 bitis
1523 292 1701 329 innoxios
1715 291 1900 328 lacessere
1912 289 2050 340 jurgiis
2064 320 2074 337 ,
2091 299 2128 328 et
2142 293 2255 329 cassis
2275 294 2426 344 scripti-

343 349 433 397 quia
452 357 489 385 et
506 349 632 385 multis
653 357 838 385 terrarum
855 349 1003 399 spatiis,
1028 358 1065 386 et
1082 350 1240 388 diversis
1258 365 1351 401 pro—
1371 350 1401 384 A
1421 352 1629 389 tationibus
1648 351 1861 401 inquietare
1878 365 1886 387 z
1905 351 1994 400 quia
2009 364 2078 388 nec
2099 353 2300 390 cumulatis
2315 354 2428 392 etiam

346 407 477 444 vinciis
489 436 499 454 ,
518 417 555 444 et
571 407 817 444 dissimilibus
835 408 972 457 linguis
990 408 1037 445 ab
1058 409 1220 446 invicem
1236 409 1352 448 dista-

347 480 430 504 mus
461 482 468 503 :
498 481 567 504 nec
587 468 710 504 solum
732 467 1014 517 episcopatibus
1046 470 1214 519 propriis
1235 470 1352 507 absu-

347 540 449 571 mus,
469 527 534 563 sed
554 528 666 563 etiam
691 527 731 563 in
749 527 884 564 eodem
912 529 1243 580 archiepiscopatu
1274 545 1352 568 non

346 586 528 635 degimus.
547 590 727 623 Putamus
743 596 869 624 autem
890 588 996 638 quod
1017 603 1095 626 non
1115 590 1161 627 de
1183 591 1354 628 cuicum-

345 658 419 694 que
435 646 556 691 notis,
577 646 643 682 sed
660 654 806 683 tantum
828 647 874 684 de
900 648 1013 685 nobis
1030 650 1132 687 notis
1158 661 1353 689 monaste-

347 704 411 740 riis
432 705 638 741 monachos
661 706 854 756 suscipere
879 707 1132 757 prohibemur
1153 725 1160 746 z
1183 710 1353 761 alioquin

348 776 434 799 cum
451 764 599 800 nullum
616 766 888 803 monasterium
907 768 953 804 sit
970 769 1074 818 quod
1092 770 1203 806 alicui
1219 779 1353 807 notum

348 837 427 860 non
448 824 519 869 sit,
542 826 690 862 nullum
713 826 824 863 nobis
844 828 1073 878 relinquitur
1098 830 1144 866 de
1171 844 1247 879 quo
1272 832 1356 880 quis

350 883 574 933 regulariter
590 885 828 936 suscipiatur.
848 888 1052 935 Quomodo
1071 903 1162 939 ergo
1179 890 1273 927 illud
1290 891 1358 927 im-

348 942 537 992 plebitur,
558 945 663 994 quod
690 959 709 982 a
732 944 844 983 beato
864 947 1070 985 Benedicto
1094 950 1153 986 vel
1176 951 1356 1000 praecipi-

350 1012 412 1039 tur
430 1033 441 1049 ,
482 1005 541 1040 vel
586 1006 820 1054 permittitur
838 1035 847 1052 ,
893 1009 1139 1057 peregrinum
1181 1010 1358 1047 videlicet

349 1062 580 1098 monachum
607 1075 684 1098 ΠοΠ
709 1064 833 1100 solum
855 1064 996 1102 debere
1012 1067 1152 1117 suscipi
1175 1068 1222 1104 ad
1250 1068 1359 1105 habi-
1380 1066 1407 1101 Β

350 1120 507 1157 tandum
522 1135 594 1171 pro
616 1122 765 1173 hospite
778 1152 787 1168 ‚
806 1133 952 1174 quanto
967 1127 1071 1176 cupit
1085 1135 1277 1177 tempore,
1294 1129 1360 1166 sed

348 1180 460 1216 etiam
482 1181 681 1218 inventum
711 1183 845 1221 utilem
876 1184 1027 1223 suaderi
1046 1186 1096 1224 ad
1127 1188 1360 1226 manendum

348 1240 453 1276 omni
474 1249 646 1292 tempore
661 1244 695 1279 ¹?

401 1302 436 1338 2.
459 1306 687 1353 Quanquam
715 1313 842 1343 tamen
874 1320 943 1344 nos
975 1307 1083 1345 aliter
1109 1321 1196 1359 erga
1217 1310 1357 1360 praedi-

347 1370 450 1399 etum
479 1364 633 1401 fratrem
660 1366 859 1415 egerimus.
893 1371 984 1405 Nam
1013 1382 1100 1405 cum
1130 1370 1289 1408 veniens
1319 1384 1358 1408 se

346 1423 486 1473 suscipi
503 1437 523 1460 a
544 1424 654 1461 nobis
668 1425 862 1464 humiliter
878 1429 1111 1477 postularet,
1131 1430 1258 1479 primo
1276 1431 1359 1480 qui-

347 1482 433 1520 dem
454 1486 648 1535 repulsus,
671 1487 809 1524 deinde
829 1488 1049 1526 admonitus
1071 1498 1127 1526 est
1144 1499 1185 1527 ut
1205 1491 1251 1527 ad
1273 1505 1359 1528 mo-

347 1545 552 1582 nasterium
582 1559 693 1583 suum
730 1547 883 1584 rediret.
911 1549 983 1587 Sed
1012 1549 1074 1586 ille
1105 1563 1183 1587 non
1209 1552 1360 1601 acquie-

346 1603 483 1655 scens,}
504 1604 542 1641 in
562 1605 727 1643 vicinam
759 1607 871 1645 nobis
891 1622 1063 1646 eremum
1095 1624 1134 1647 se
1170 1612 1355 1658 contulit,

346 1661 475 1712 ibique
503 1673 648 1715 septem
675 1666 793 1704 ferme
823 1680 995 1714 menses,
1028 1670 1173 1706 nullam
1205 1671 1356 1708 interim

345 1723 575 1761 calumniam
602 1739 757 1775 passus,
786 1727 912 1776 quiete
934 1727 1131 1767 habitavit.
1167 1730 1240 1767 Sed
1269 1745 1356 1768 cum

346 1783 418 1820 sibi
442 1793 566 1822 tutum
599 1799 677 1823 non
707 1787 880 1824 crederet
909 1789 1014 1838 quod
1042 1791 1145 1827 solus
1179 1791 1355 1841 degeret3

1419 413 1661 450 coutumeliis
1683 411 1887 462 provocari
1904 411 2136 462 poterimus,
2152 421 2194 449 ut
2213 413 2340 460 vobis,
2360 415 2431 452 nisi

1420 473 1524 523 quod
1545 474 1769 510 reverentiae
1790 479 1867 518 est,
1889 471 2210 522 respondeamus;
2229 487 2298 510 nec
2319 474 2430 513 minis

1421 533 1618 579 exterreri,
1632 532 1837 582 quominus
1852 532 2079 569 monachum
2096 541 2304 582 teneamus,
2317 549 2429 585 quem

1421 593 1646 643 regulariter
1669 593 1878 643 suscepisse
1899 605 1969 629 nos
1987 592 2188 630 credimus.

1729 738 1739 746 =
1773 738 1884 748 ====u==
1893 737 2412 750 ιινιιιιυηὶιιιικκνινικυινιυκιιιιιινι

1579 861 1951 918 EPISTOLA
1996 862 2263 918 LXVIII.

1810 1017 1855 1039 AD
1884 1016 2044 1040 Eosnmi.

1829 1129 1912 1154 Unde
1941 1137 2038 1161 supra.

1427 1238 1663 1276 Reverendis
1685 1237 1866 1276 fratribus
1884 1238 2211 1286 Flaviacensibus,
2233 1239 2363 1278 abbati
2389 1245 2434 1280 H.

1480 1300 1700 1349 caeterisque
1716 1299 1894 1337 omnibus
1911 1299 2109 1348 fratribus,
2132 1301 2249 1338 frater
2267 1305 2439 1339 Emman-

1479 1372 1568 1407 Dcs,
1590 1359 1763 1397 salutem.

1483 1490 1515 1525 1.
1558 1488 1756 1526 Modestiae
1791 1488 1948 1539 quidem
1980 1497 2116 1526 vestrae
2154 1497 2255 1535 erat,
2289 1504 2313 1527 0
2346 1489 2437 1527 boni

1427 1548 1580 1594 fratres,
1603 1562 1719 1599 super
1741 1549 1984 1598 querimonia
2012 1557 2139 1586 vestra
2160 1549 2281 1599 priori
2309 1558 2440 1587 nostra

1425 1610 1682 1647 satisfactione
1709 1618 1909 1647 contentos
1937 1623 2018 1647 esse
2039 1609 2200 1658 debere,
2228 1619 2265 1648 et
2291 1610 2370 1660 jam
2393 1610 2440 1648 ab

1424 1670 1706 1707 immeritorum
1738 1670 1982 1708 infestatione
2010 1670 2219 1721 quiescere.
2250 1671 2322 1708 Sed
2351 1671 2441 1721 quia

1423 1730 1618 1782 prioribus
1656 1732 1764 1768 malis
1798 1731 1934 1781 pejora
1975 1730 2176 1781 junxistis,
2213 1739 2251 1768 et
2287 1745 2438 1769 rursum

1423 1791 1536 1829 nobis
1561 1790 1778 1841 jurgiorum
1811 1792 2014 1829 seminaria
2044 1791 2306 1830 transmisistis
2339 1792 2441 1843 (quae

345 1852 432 1894 post
451 1845 612 1894 primam
636 1847 826 1897 repulsam
849 1848 1017 1898 idipsum
1032 1879 1041 1896 ‚
1061 1850 1166 1900 quod
1186 1852 1314 1901 prius,
1336 1866 1357 1890 a
1378 1857 1404 1893 C
1424 1850 1522 1888 absit
1544 1860 1586 1888 ut
1606 1851 1843 1901 germinent,
1876 1851 1973 1889 sicut
2004 1864 2075 1888 nec
2094 1851 2224 1901 priora
2247 1852 2441 1901 germina-

346 1904 456 1942 nobis
474 1907 669 1955 requirere
691 1921 769 1944 non
786 1908 952 1946 erubuit.
970 1913 1117 1948 Rursus
1133 1925 1204 1949 nos
1223 1912 1357 1949 admo—

345 1974 477 2002 nentes
500 1979 588 2003 eum
609 1966 656 2003 de
681 1967 805 2005 reditu
822 1998 831 2015 ,
853 1983 940 2006 cum
966 1984 1117 2008 causam
1143 1985 1219 2008 suae
1240 1971 1287 2009 ab
1310 1986 1355 2010 eo

345 2025 584 2063 discessionis
610 2027 894 2077 inquireremus
917 2044 924 2066 :
947 2047 961 2062 «
992 2030 1140 2077 Abbas‚
1168 2048 1182 2063 »
1209 2032 1355 2082 inquit,

345 2103 359 2118 «
379 2100 484 2124 meus
504 2086 668 2125 habebat
686 2102 746 2125 me
769 2102 847 2126 non
876 2091 1129 2137 monachum,
1153 2092 1218 2128 sed
1241 2093 1358 2130 medi-

346 2166 360 2180 »
382 2161 467 2183 cum
481 2148 511 2184 *.
535 2147 701 2197 Cogebat
718 2150 860 2186 servire
872 2179 880 2195 ,
895 2150 972 2187 imo
986 2151 1068 2201 ipse
1085 2152 1275 2189 serviebat
1289 2166 1359 2203 per

347 2226 361 2239 υ
383 2221 443 2244 me
457 2237 466 2254 ‚
488 2222 567 2245 non
585 2213 667 2246 Deo
682 2239 690 2255 ,
711 2210 776 2247 sed
799 2211 938 2247 saeculo
955 2240 964 2257 ,
984 2212 1140 2261 quando
1163 2225 1209 2249 ne
1236 2226 1359 2250 saecu-

346 2285 359 2300 »
382 2268 516 2304 larium
534 2270 841 2307 malevolentiam
869 2271 1083 2309 incurreret
1107 2273 1325 2323 principum
1346 2303 1355 2319 ‚

346 2327 525 2364 »mederi
553 2342 612 2365 me
643 2329 898 2380 compellebat
926 2331 1039 2368 etiam
1071 2329 1265 2381 tyrannis,
1298 2348 1360 2370 ra-

348 2403 363 2419 »
385 2386 581 2436 ptorilms,
600 2390 952 2426 excommunicatis.
976 2391 1090 2439 Quod
1111 2392 1248 2429 animae
1267 2406 1359 2430 meae

346 2464 360 2478 »
382 2447 593 2495 periculum
619 2462 704 2485 cum
733 2450 788 2496 ei,
810 2463 913 2486 nunc
935 2451 1115 2500 privatim
1131 2480 1140 2498 ,
1164 2466 1267 2490 nunc
1293 2466 1362 2503 pa-

348 2525 361 2539 »
382 2507 455 2542 lam
473 2508 762 2557 suggessissem,
786 2523 856 2547 nec
879 2511 1123 2560 profecissem
1141 2528 1150 2559 3
1172 2526 1359 2562 quorum-

347 2585 361 2599 »
383 2567 468 2603 dam
511 2569 662 2606 tandem
704 2570 934 2620 sapientium
986 2572 1160 2609 virorum
1199 2573 1359 2610 consilio

1423 1920 1515 1948 runt
1543 1911 1582 1948 in
1614 1910 1761 1962 nobis);
1794 1924 1841 1948 ne
1875 1919 2004 1948 tamen
2037 1924 2116 1948 non
2139 1912 2438 1962 respondendo,

1423 1971 1574 2021 culpam
1603 1984 1688 2020 quae
1707 1984 1784 2008 non
1806 1980 1882 2018 est,
1905 1984 2111 2021 agnoscere
2130 1972 2342 2019 videamur,
2365 1973 2439 2010 hoc

1425 2032 1536 2068 etiam
1559 2031 1728 2068 secundo
1749 2031 1796 2068 ad
1824 2045 1868 2069 ea
1897 2045 1982 2082 quae
2010 2032 2228 2082 procaciter
2247 2031 2414 2082 objicitis
2428 2061 2438 2078 ‚

1425 2092 1612 2129 veraciter
1631 2091 1922 2142 respondemus,
1946 2096 2038 2130 Haec
2070 2100 2151 2129 tota
2176 2100 2308 2130 nostra
2327 2093 2442 2143 culpa

1425 2160 1499 2198 est,
1522 2161 1709 2202 quantum
1736 2152 1989 2200 aestimamus3
2010 2152 2092 2189 haec
2111 2151 2267 2202 grandis
2286 2153 2350 2189 illa
2376 2152 2441 2189 in-

1421 2211 1524 2261 juria
1552 2226 1668 2263 quam
1695 2212 1806 2250 vobis
1836 2213 2017 2258 fecimus,
2049 2212 2155 2263 quod
2182 2213 2412 2250 monachum
2429 2242 2438 2259 ,

1426 2273 1570 2320 solum,
1603 2273 1872 2324 peregrinum,
1904 2286 2134 2324 pauperem,
2155 2271 2410 2310 miserabilem
2429 2301 2438 2319 ‚

1427 2334 1562 2370 animae
1607 2347 1683 2371 suae
1731 2333 1945 2383 periculum
1988 2333 2212 2383 fugitantem
2227 2362 2237 2380 ,
2281 2333 2442 2370 salutem

1428 2407 1534 2431 suam
1566 2394 1727 2431 sollicite
1757 2402 2013 2444 quaerentem,
2036 2394 2273 2444 pulsantem,
2296 2393 2444 2444 suppli·
2471 2425 2476 2441 :

1429 2461 1579 2490 cantem
1607 2454 1844 2503 suscepimus
1865 2469 1873 2490 :
1895 2467 1962 2490 seu
1989 2453 2094 2503 quod
2123 2454 2256 2500 talem,
2279 2453 2404 2491 taliter
2423 2467 2443 2490 a

1426 2512 1539 2550 nobis
1569 2522 1809 2564 susceptum,
1834 2514 1963 2551 denuo
1991 2515 2072 2552 sine
2102 2527 2215 2552 causa
2236 2527 2315 2551 non
2336 2513 2442 2564 ejici-

1425 2585 1528 2619 mus,
1549 2581 1591 2609 ut
1611 2573 1715 2623 quod
1736 2573 2007 2611 aedificavimus
2026 2575 2165 2612 iterum
2184 2574 2438 2619 destruentes,

347 2646 360 2660 ‚,
380 2628 515 2673 fretus,
540 2630 642 2679 fugio
673 2645 795 2668 meam
818 2632 1103 2672 damnationem
1122 2662 1132 2678 ,
1159 2647 1237 2670 non
1267 2647 1359 2670 con-
1376 2639 1409 2672 D
1427 2634 1738 2682 praevaricatores
1759 2648 1829 2672 nos
1844 2635 2134 2673 constituamus.
2155 2635 2255 2672 Hinc
2271 2635 2440 2685 Regulae,

345 2706 359 2720 υ
381 2690 662 2738 gregationem;
691 2692 968 2740 perditionem,
1010 2706 1088 2729 non
1118 2694 1356 2743 religionem.

348 2766 361 2777 »
376 2749 571 2785 Consulite
587 2750 745 2786 salutem
763 2752 970 2800 quaerenti,
987 2753 1131 2803 aperite
1148 2754 1328 2803 pulsanti.
1345 2773 1359 2787 »

345 2807 461 2856 Cujus
479 2822 548 2845 nos
569 2809 740 2846 videntes
758 2813 1032 2858 constantiam,
1056 2813 1256 2850 audientes
1275 2828 1360 2850 cau-

343 2880 445 2913 sam,
469 2877 506 2905 et
522 2869 665 2905 nullam
686 2879 819 2907 contra
841 2885 927 2908 eum
950 2873 1204 2920 calumniam3
1226 2875 1359 2912 :innui-

347 2940 430 2963 mus
462 2928 658 2965 introitum
682 2959 690 2974 ‚
723 2930 971 2980 probavimus
1011 2942 1229 2983 susceptum
1251 2964 1260 2981 ,
1292 2935 1358 2971 ad-

345 2987 568 3025 strinximus
591 2988 816 3039 probatum,
841 3000 1014 3030 tenemus
1034 2994 1261 3043 professum.
1283 2999 1359 3032 Nec

346 3046 487 3084 intrare
504 3050 760 3098 compulimus
772 3080 781 3097 ,
800 3064 869 3088 nec
887 3053 991 3089 exire
1010 3066 1202 3103 cogemus.
1220 3058 1359 3102 Quam-

346 3106 402 3143 vis
417 3107 446 3143 si
467 3120 552 3144 eum
577 3108 820 3157 ejiceremus,
845 3112 892 3149 ad
913 3126 982 3150 vos
1007 3112 1078 3163 (ut
1095 3114 1176 3164 ipsc
1199 3115 1360 3165 asserit)

346 3180 423 3205 non
447 3167 608 3214 rediret,
630 3169 695 3205 sed
719 3171 834 3220 magis
861 3184 899 3208 se
925 3172 1048 3210 adhuc
1075 3187 1095 3211 a
1122 3174 1232 3211 vobis
1252 3175 1361 3213 elon—

349 3235 465 3275 garet.
486 3228 655 3265 Desinite
672 3242 762 3279 ergo
776 3259 786 3277 ,
806 3231 960 3278 fratres,
981 3232 1140 3270 desinite
1161 3242 1234 3271 tam
1251 3234 1360 3272 inde—

405 3359 411 3372 ¹
441 3356 516 3394 Reg.
541 3357 570 3386 S.
591 3354 749 3386 Benedicti
768 3380 774 3392 ‚
796 3366 864 3398 cap.
889 3360 941 3386 ϋΙ.

1425 2692 1512 2730 hinc
1529 2707 1740 2742 canonum,
1761 2696 1850 2733 hinc
1870 2696 1990 2746 ipsius
2011 2696 2194 2733 naturalis
2211 2696 2303 2746 legis
2319 2704 2442 2733 trans-

1426 2766 1617 2802 gressores
1633 2754 1865 2804 judicamur.
1888 2757 2094 2807 Opponitis
2113 2756 2215 2793 enim
2236 2755 2442 2806 indignan—

1428 2821 1502 2856 tes,
1532 2828 1599 2851 cur
1619 2823 1788 2852 vestrum
1817 2824 1855 2853 et
1881 2829 1902 2853 a
1929 2815 2040 2853 vobis
2068 2816 2442 2853 excommunicatum

1430 2872 1540 2911 nobis
1572 2875 1717 2912 sociare
1749 2877 2083 2927 praesumpsimus,
2109 2876 2213 2926 quod
2242 2876 2373 2926 utique
2395 2875 2443 2912 ab

1428 2934 1502 2970 alio
1535 2935 1614 2985 pati
1648 2937 1843 2973 nolumus.
1866 2936 1940 2974 Sed
1968 2937 2016 2974 de
2045 2936 2442 2973 excommunicatione

1425 2994 1518 3044 quid
1532 2995 1868 3045 respondebimus3
1886 2996 2041 3046 quando
2058 3009 2127 3033 vos
2147 2995 2235 3032 inde
2256 2994 2364 3033 vobis
2381 3009 2442 3033 sa-

1428 3055 1598 3092 tisfacitis
1621 3068 1692 3105 pro
1720 3055 1844 3103 nobis,
1865 3057 2026 3094 scientes
2049 3056 2185 3106 procul
2204 3054 2322 3093 dubio
2337 3055 2442 3106 prius

1431 3128 1451 3151 a
1472 3114 1582 3152 nobis
1605 3116 1718 3153 fuisse
1742 3125 1959 3166 receptum,
1982 3129 2096 3165 quam]
2118 3129 2139 3152 a
2160 3114 2269 3153 vobis
2288 3128 2443 3152 excom-

1431 3175 1666 3212 municatum
1685 3177 1699 3211 Ρ
1719 3179 1812 3214 Cum
1834 3184 1961 3213 autem
1983 3176 2090 3226 prius
2109 3184 2328 3227 susceptus,
2352 3176 2441 3213 dum

1432 3243 1558 3272 tamen
1579 3235 1818 3285 regulariter,
1841 3236 1973 3283 fucrit3
1994 3236 2168 3287 profecto
2198 3249 2274 3273 non
2301 3235 2381 3286 jam
2403 3235 2439 3271 in
