2517 3920
382 171 456 209 799

1151 172 1186 206 S.
1218 169 1472 205 BERNARm
1501 167 1703 203 ABBATJS
2385 172 2456 213 800

376 259 452 298 est,
481 250 620 288 ostium
651 249 827 300 capituli,
858 247 1025 286 occurrit
1064 247 1174 285 nobis
1207 246 1408 284 dominus⁵
1414 245 1580 291 ⁸⁹terati,
1595 241 1898 292 omntsplenam
1921 240 2230 282 observationem
2244 249 2407 298 Regulae,
2415 263 2475 292 ac}

373 311 491 349 abbas
534 312 570 348 in
612 311 696 362 ipso
728 310 825 347 ostio
860 323 946 346 cum
988 307 1206 353 monachis,
1247 306 1387 357 quibus
1406 308 1438 341 A
1455 302 1705 354 professionis
1724 314 1818 346 suae,
1837 309 1874 337 et
1892 302 2089 351 Evangelii
2115 304 2257 353 pariter
2281 319 2474 359 expeten-1

373 372 586 423 capitulum
618 371 878 422 plenissimum
913 383 954 406 e1
957 377 993 405 at
1027 382 1035 404 :

376 434 625 479 clericorum,
659 432 725 482 qui
769 444 917 468 mecum
970 428 1195 475 veniebant,

380 508 482 540 rem,
518 495 660 531 intrare
693 491 904 543 prohibuit.
930 491 1002 528 vix
1033 503 1123 540 ergo
1154 488 1388 539 respondere

378 555 507 605 potui,
527 553 632 605 quod
656 567 741 590 cum
765 552 910 589 clericis
931 551 1043 597 meis,
1065 550 1131 600 qui
1154 550 1225 586 viri
1244 548 1390 585 boniet

379 615 567 665 sapientes
582 643 591 660 ,
612 622 647 650 et
664 626 797 650 eorum
815 612 925 648 amici
943 619 1068 656 erant,
1089 609 1135 646 ad
1158 618 1304 645 tantum
1326 620 1391 643 nc-

377 676 522 725 gotium
551 676 694 711 intrare
721 686 798 709 non
821 671 1022 717 deberem,
1045 684 1132 707 cum
1159 682 1245 706 ecce
1267 676 1389 705 totum

377 736 586 786 capitulum
610 742 715 771 tanto
739 733 900 783 strepitu
917 761 926 778 ,
945 740 1049 768 tanto
1074 731 1234 767 horrore
1251 742 1388 779 perso-

379 797 478 843 nuit,
506 805 548 833 ut
576 795 692 844 magis
725 794 926 831 seditiosus
953 792 1149 829 ebriorum
1183 800 1221 827 et
1251 789 1391 826 debac-

378 857 570 893 chantium
602 856 799 892 hominum
828 854 1018 898 fremitus,
1043 866 1156 902 quam
1180 851 1390 888 monacho-

377 931 460 954 rnm
494 917 706 961 humilitas,
734 929 819 965 quae
849 914 901 950 ibi
931 914 1036 950 nulla
1061 922 1158 959 erat,
1177 912 1387 948 videretur.

832 983 868 1010 et
898 973 1057 1010 exsertis
1087 972 1253 1009 brachiis
1283 972 1391 1008 velut

1068 377 1105 405 et
1142 368 1211 405 nisi
1239 381 1308 418 pai
1312 375 1387 403 tem

1230 441 1387 464 amovc-

374 981 584 1025 Insurgunt
617 975 796 1025 plurimi,

1457 373 1523 401 tes
1547 367 1680 413 Itaque
1699 362 1737 398 in
1760 361 1877 397 domo
1896 330 2022 398 beatit>
2017 362 2118 398 Petri
2135 371 2172 399 et
2188 374 2317 404 nostra
2335 369 2455 423 hospi-

1456 433 1605 471 tantm,
1627 423 1731 460 nulla
1750 421 1944 458 violentiae
1971 421 2200 461 adversitate
2221 439 2241 462 a
2261 433 2452 480 proposito
2472 466 2473 471 ,

1456 484 1687 521 detenendi.
1710 487 1758 521 Fr
1760 491 1860 519 aties
1877 490 2003 519 autem
2034 482 2195 522 abbatiae
2216 487 2451 532 nihilominus

1457 546 1494 581 in
1525 558 1658 582 eorum
1694 543 1830 580 ordine
1856 541 2143 580 debacchantur
2164 559 2172 581 ε
2195 544 2311 585 abbas
2336 553 2454 592 nescio

1457 605 1550 655 quid
1573 613 1726 642 acturus
1747 603 1819 639 iter
1838 603 2013 652 arripuit.

1516 666 1572 702 11.
1603 664 1790 713 Quocirca
1807 663 2076 700 Paternitatem
2100 673 2262 703 vestram
2280 681 2348 719 per
2359 670 2453 711 chri-

1458 734 1558 762 stum
1588 725 1833 761 obsecramus
1846 753 1855 770 ,
1873 736 2006 760 eorum
2034 733 2201 774 partem,
2219 727 2283 777 qui
2298 729 2343 766 ad
2357 744 2453 771 seve-

1458 787 1561 823 riora
1592 794 1628 822 et
1652 785 1816 822 arctiora
1846 784 2008 821 transire
2034 785 2215 835 cupiunt,
2241 791 2454 832 auctoritate

1456 855 1587 884 vestra
1619 846 1816 883 defensare
1846 845 1982 882 velitis.
2005 845 2043 882 Si
2071 860 2164 884 vero
2191 847 2305 886 abbas
2329 864 2471 892 eoi-unii

1458 906 1505 943 ad
1527 919 1596 943 vos
1616 905 1790 951 venerit,
1813 918 1885 955 pro
1906 913 2032 941 vestra
2058 918 2079 941 a
2098 909 2180 942 Deo
2198 906 2285 944 data
2303 903 2471 950 auctori<

1459 975 1534 1003 tate
1563 975 1601 1002 et
1626 965 1835 1016 sapientia,
1854 965 1893 1001 in
1917 977 2050 1015 pacem
2072 965 2180 1002 illum
2199 967 2402 1019 reducatis,
2420 981 2454 1010 et

374 1038 421 1074 ad
453 1036 673 1073 luctandum
707 1034 939 1072 advolabant
961 1049 968 1071 :
992 1033 1209 1071 clamabant
1237 1046 1275 1070 se
1305 1033 1388 1070 exi·
1408 1033 1436 1068 B
1456 1040 1504 1064 Ile
1526 1026 1694 1064 filiorum
1721 1034 1894 1062 sanctum
1919 1025 2164 1075 propositum
2186 1026 2470 1080 impediat‚ad-j

374 1108 499 1145 turos,
532 1098 561 1135 si
590 1111 660 1147 ego
690 1097 887 1134 intrarem.
915 1099 1011 1133 Tum
1039 1108 1109 1145 ego
1134 1110 1141 1131 :
1164 1111 1178 1126 «
1202 1094 1345 1140 ⁷sestis,
1375 1111 1389 1126 »

374 1159 549 1208 inquam,
573 1175 586 1189 α
613 1158 704 1194 mihi
732 1158 779 1194 sit
806 1161 929 1204 Deus,
951 1156 1056 1207 quod
1079 1156 1176 1193 sicut
1200 1163 1309 1206 pater
1327 1154 1392 1191 ad-

376 1239 389 1253 »
410 1219 608 1257 veniebam
626 1248 635 1265 ‚
666 1233 736 1256 nec
767 1218 976 1268 quidquam
1004 1217 1093 1254 mali
1119 1215 1229 1253 vobis
1249 1215 1391 1252 inferre

374 1300 388 1314 »
411 1288 607 1330 putaram3
633 1292 767 1330 pacem
793 1287 940 1315 tantum
962 1278 1063 1314 inter
1085 1291 1153 1314 vos
1171 1277 1329 1327 cupiens
1353 1284 1390 1312 et

377 1361 389 1374 υ
408 1341 650 1378 christianam
669 1340 958 1377 fraternitatem.
976 1342 1059 1376 Jam
1078 1352 1171 1375 vero
1190 1338 1279 1387 quia
1296 1337 1389 1374 mihi

374 1420 389 1433 »
410 1400 517 1450 quod
545 1400 774 1451 episcopalis
797 1399 1034 1436 auctoritatis
1056 1407 1094 1435 et
1113 1398 1229 1435 officii
1248 1406 1303 1435 est
1325 1411 1390 1434 au-

374 1480 389 1496 »
410 1463 509 1499 ferre
531 1462 747 1507 conamini,
763 1470 800 1498 et
817 1474 886 1511 ego
902 1460 1005 1510 quod
1027 1468 1162 1497 vestrae
1183 1459 1388 1496 necessita·

377 1541 391 1556 υ
410 1524 457 1560 tis
477 1532 533 1560 est
554 1523 686 1559 itidem
707 1522 817 1559 vobis
835 1522 941 1559 tollo.
957 1524 1085 1559 Cesset
1102 1521 1216 1571 igitur
1232 1521 1389 1557 ecclesia

376 1602 390 1617 n
408 1593 547 1621 vestra.
569 1602 582 1616 υ
604 1587 699 1620 Tum
722 1596 822 1620 unus
848 1596 1002 1629 eorum,
1027 1582 1182 1619 nomine
1203 1582 1357 1620 Simeon
1379 1596 1386 1618 :

374 1661 387 1676 «
406 1645 595 1681 Malumus
609 1673 618 1690 ,
641 1662 655 1677 υ
676 1645 802 1694 inquit
817 1673 826 1691 ,
849 1662 862 1676 «
886 1653 1039 1680 centum
1059 1643 1168 1680 annis
1189 1643 1388 1679 ecclesiam

374 1713 577 1742 »nostram
611 1719 768 1742 cessare.
800 1723 813 1738 υ
844 1705 913 1743 Cui
948 1717 1081 1741 omncs
1114 1704 1386 1750 assentientes,

372 1779 466 1802 voce
501 1766 724 1816 phrenetica
753 1781 760 1803 :
788 1783 801 1798 (ι
830 1766 981 1816 Capite!
1007 1784 1021 1799 »
1052 1765 1252 1815 inquiunt,
1281 1782 1295 1797 «
1325 1778 1388 1801 ca·-

1458 1089 1659 1125 moneatis.
1688 1086 1801 1136 Quod
1823 1087 1854 1124 si
1873 1087 2124 1137 praevenerit,
2149 1095 2187 1124 et
2210 1090 2376 1138 recessit;
2393 1105 2469 1134 ro-¹

1458 1162 1612 1200 gamus,
1640 1157 1683 1185 ut
1708 1162 1778 1199 per
1804 1156 2032 1198 praesentem
2057 1148 2235 1185 nuntium
2251 1149 2390 1190 litteras
2405 1153 2469 1192 illi:

1459 1210 1740 1248 exhortatorias
1766 1209 1956 1259 dirigatis,
1987 1222 2035 1246 ne
2062 1209 2310 1260 pertinaciter
2333 1211 2453 1251 adver-

1459 1282 1566 1310 setur
1586 1273 1677 1317 illis,
1700 1272 1777 1309 imo
1801 1273 1930 1323 potius
1948 1285 2063 1322 opem
2080 1272 2252 1309 conserat
2268 1280 2304 1310 et
2323 1286 2467 1325 oppon,

1458 1335 1674 1381 tunitatem‚
1696 1334 1763 1384 qui
1777 1334 1917 1372 Christi
1931 1333 2138 1383 Evangelio
2153 1341 2191 1370 et
2201 1335 2350 1384 Regulae
2363 1334 2453 1374 beati

1455 1395 1653 1433 Benedicti
1670 1395 1710 1432 in
1726 1395 1887 1432 veritate
1904 1395 2065 1445 cupiunt
2078 1393 2248 1432 obedire.
2262 1394 2379 1433 Debet
2392 1397 2467 1434 sal-'

1458 1465 1534 1493 tem
1555 1455 1673 1492 abbas
1693 1464 1731 1492 et
1747 1455 1925 1492 monachi
1943 1455 2001 1492 sui
2017 1455 2056 1491 in
2071 1454 2141 1492 hac
2157 1468 2197 1492 re
2213 1456 2404 1507 AEgyptios
2420 1466 2453 1494 et

1456 1515 1690 1566 Babylonios
1718 1516 1878 1562 imitari,
1907 1515 1975 1566 qui
1999 1516 2098 1553 filios
2125 1516 2240 1553 Israel
2262 1517 2300 1553 in
2327 1525 2451 1555 terram

1456 1576 1723 1627 promissionis
1740 1576 2001 1627 permiserunt
2019 1577 2165 1614 utiliter
2181 1577 2370 1628 repedare.
2388 1582 2465 1619 La-⁴

1457 1638 1533 1675 ban
1554 1652 1710 1688 quoque
1730 1637 1871 1686 Jacob,
1889 1637 1940 1675 ob
1957 1637 2039 1688 ejus
2056 1637 2347 1676 obstinationem
2363 1639 2464 1686 clanffi

1457 1700 1586 1736 culum
1607 1700 1828 1750 fugientem,
1846 1708 1935 1751 post
1952 1699 2147 1737 crudelem
2164 1698 2464 1750 persecutionem?

1457 1760 1503 1797 ad
1525 1769 1673 1811 patrem
1702 1760 1828 1798 redire
1857 1761 2044 1812 permisit.
2071 1764 2203 1811 Neque
2222 1774 2313 1798 vero
2337 1760 2468 1805 deser—f

375 1845 389 1859 »
411 1826 506 1876 pite!
540 1845 553 1859 »
585 1826 1007 1877 Apprehendcntesque
1040 1827 1211 1863 Priorem
1243 1826 1381 1862 socios·
1405 1826 1433 1862 C
1456 1830 1570 1868 tore5‚
1594 1821 1659 1859 sed
1679 1822 1899 1872 provisores
1919 1822 2104 1859 censendi
2126 1830 2229 1869 sunt,
2246 1822 2311 1872 qui
2328 1822 2463 1870 locum‚¹

372 1900 447 1937 que
483 1887 585 1936 ejus,
619 1886 698 1936 jam
735 1887 883 1923 trahere
915 1886 1176 1937 incipiebant,
1214 1887 1386 1923 volentes

374 1960 460 1994 eos,
484 1948 580 1984 sicut
601 1948 701 1984 inter
721 1960 760 1984 se
781 1948 981 1984 consilium
1004 1947 1145 1991 fuerat,
1164 1954 1229 1982 aut
1249 1946 1287 1982 in
1309 1959 1388 1983 car—

373 2021 500 2045 cerem
532 2007 763 2058 impingere,
792 2015 858 2043 aut
889 2006 926 2043 in
955 2006 1128 2043 exsilium
1159 2019 1282 2055 agere.
1311 2005 1388 2056 Ipsi

372 2082 493 2115 vero,
529 2068 666 2112 aliam,
701 2081 776 2117 qua
813 2080 947 2103 manus
987 2079 1120 2103 eorum
1156 2064 1387 2112 evaderent,

373 2142 480 2179 spem
515 2141 593 2165 non
627 2126 834 2173 habentes,
871 2140 930 2163 me
964 2127 1051 2163 totis
1085 2125 1185 2162 ulnis
1219 2125 1389 2175 comple-

373 2198 548 2233 ctuntur,
581 2202 713 2239 pacem
746 2187 848 2224 beati
877 2187 979 2225 Petri
1007 2195 1044 2224 et
1070 2196 1238 2224 nostram
1270 2200 1389 2237 expe-

373 2258 506 2287 tentes.
530 2253 576 2287 Et
599 2250 650 2286 ita
679 2249 746 2285 ’vix
772 2249 810 2285 in
834 2248 1030 2285 ecclesiam
1063 2248 1206 2285 reversi
1233 2261 1386 2295 sumus,

372 2311 445 2348 illis
466 2323 587 2360 usque
607 2310 645 2346 in
668 2309 865 2346 ecclesiam
890 2307 1159 2353 frementibus,
1179 2316 1215 2345 et
1235 2309 1386 2358 procla-

373 2370 565 2408 mantibus
586 2385 594 2407 :
616 2387 630 2402 «
651 2370 782 2420 Capite
801 2369 979 2406 rebelles!
997 2367 1277 2419 apprehendite
1298 2382 1387 2419 pro-

372 2450 386 2465 »
408 2431 568 2468 ditores!
593 2448 607 2463 υ
634 2430 854 2468 Assedimus
874 2431 1001 2480 itaque
1020 2430 1059 2466 in
1077 2430 1303 2476 ecclesia,et
1317 2430 1386 2467 ab-

372 2492 439 2530 bas
469 2505 556 2529 cum
584 2491 740 2541 reliquis
770 2491 966 2528 monachis
997 2490 1073 2528 suis
1107 2490 1316 2528 revertitur
1346 2490 1384 2527 in

371 2553 582 2603 capitulum
605 2565 730 2589 suum.

1454 1882 1520 1919 ubi
1545 1883 1729 1933 peccandi
1749 1883 1910 1921 libertas
1934 1882 2059 1933 major
2086 1891 2161 1930 est,
2189 1883 2463 1933 relinquentes,

1457 1944 1574 1981 tutius
1591 1947 1674 1981 Deo
1692 1944 1868 1981 famulari
1885 1943 2116 1981 desiderant.
2135 1947 2280 1995 Nempe
2299 1943 2454 1982 Christus

1455 2005 1538 2055 ipse
1563 2004 1760 2042 deterrere
1780 2018 1846 2042 eos
1868 2004 2006 2052 debet,
2026 2005 2093 2055 qui
2112 2005 2317 2043 Pharisaeos
2335 2004 2454 2043 redar-

1457 2066 1558 2117 guit,
1575 2080 1622 2104 eo
1642 2066 1747 2117 quod
1765 2080 1835 2103 nec
1855 2066 1925 2117 ipsi
1948 2067 2115 2111 intrent,
2130 2079 2200 2103 nec
2219 2065 2310 2103 alios
2324 2066 2460 2103 intrare*

1458 2128 1596 2165 sinant.
1613 2131 1755 2166 Notum
1774 2127 1962 2177 siquidem
1982 2126 2162 2164 omnibus
2179 2135 2252 2174 est,
2272 2126 2372 2177 quod
2387 2130 2460 2165 Re-.

1457 2190 1545 2239 gula
1562 2188 1664 2226 beati
1685 2188 1902 2235 Benedicti,
1921 2197 2003 2226 toto
2019 2202 2120 2240 pene
2139 2197 2177 2225 et
2191 2187 2400 2234 communi,
2416 2187 2459 2247 utf'

1456 2248 1508 2285 ita
1529 2247 1679 2293 dicam,
1699 2246 1794 2284 orbe
1812 2247 2025 2285 monachm
2028 2261 2106 2294 um,
2125 2247 2282 2285 modum
2301 2240 2459 2284 suumin·

1455 2308 1634 2346 omnibus
1666 2321 1826 2359 piorsus
1853 2309 2022 2346 amiserit
2052 2317 2090 2346 et
2117 2317 2268 2346 statum.
2291 2307 2393 2346 Adeo
2416 2315 2453 2345 ut

1454 2383 1569 2407 nemo
1595 2369 1683 2407 satis
1705 2369 1836 2406 mirari
1861 2378 2010 2421 potest,
2031 2369 2138 2420 quod
2158 2370 2242 2420 quis
2266 2369 2376 2407 audet
2391 2376 2457 2406 co-⁴

1454 2444 1534 2468 ram
1560 2434 1644 2468 Deo
1677 2438 1715 2467 et
1741 2431 1889 2469 Sanctis
1908 2430 1990 2481 ejus
2011 2431 2236 2481 promittere
2257 2443 2340 2468 cum
2360 2437 2452 2468 tanta

1453 2492 1712 2537 solemnitate,
1740 2491 1845 2542 quod
1876 2492 1958 2542 ipse
1987 2492 2049 2530 xel
2082 2492 2254 2542 quotidie
2285 2491 2456 2542 negligit,

1452 2553 1556 2596 sive,
1579 2561 1621 2590 ut
1645 2552 1775 2590 verius
1795 2552 1940 2599 dicam,
1966 2555 2211 2605 compellitur
2231 2567 2307 2591 non
2327 2552 2455 2597 obser-j

428 2613 669 2650 lO.Inte1ea
690 2612 864 2649 homines
881 2610 1063 2655 abbatiae‚
1085 2610 1231 2648 foribus
1247 2611 1385 2649 clausis
1402 2616 1436 2649 D
1452 2627 1554 2651 vare.
1577 2613 1686 2651 Cadit
1712 2614 1922 2674 piofecto
1913 2628 1951 2651 in
1973 2628 2039 2653 eos
2058 2615 2164 2666 quod
2184 2615 2237 2653 ait
2252 2613 2459 2666 propheta,

372 2682 410 2709 et
429 2673 534 2710 ostiis
558 2671 704 2718 aditus,
728 2672 900 2719 adstare,
915 2672 1048 2708 velut
1040 2685 1078 2708 ln
1100 2671 1248 2708 insidiis
1268 2685 1387 2709 excu—

373 2734 476 2770 bare.
498 2737 594 2770 Tum
623 2746 693 2769 nos
724 2733 787 2783 (ut
815 2746 905 2769 vera
935 2731 1080 2783 fatear)
1108 2732 1387 2770 monachorum

372 2795 539 2845 impetus
559 2801 792 2839 metuentes,
815 2793 953 2831 ostium
982 2792 1170 2839 ecclesiae,
1191 2806 1262 2843 per
1281 2793 1387 2842 quod

373 2855 450 2891 itur
464 2855 501 2891 in
519 2855 740 2900 claustrum,
757 2854 858 2890 intus
873 2852 1132 2890 obserandum
1153 2854 1384 2891 curavimus.

372 2918 521 2952 Interea
541 2926 673 2957 rumor
691 2913 841 2959 evolat,
860 2913 1027 2949 occurrit
1043 2913 1221 2963 populus.
1244 2913 1303 2950 Ml
1327 2922 1386 2950 ta—

373 2988 460 3012 men
487 2973 578 3010 foris
599 2981 663 3010 aut
686 2973 919 3019 dictum,aut
940 2982 1066 3010 actum
1085 2982 1141 3010 est
1167 2974 1267 3010 mali.
1289 2977 1383 3011 Cum

372 3048 462 3085 ergo
487 3035 586 3070 inter
606 3033 814 3069 monachos
842 3034 946 3070 nulla
966 3034 1173 3071 concordia
1202 3035 1283 3071 fieri
1310 3048 1384 3085 po-

372 3097 503 3135 tuisset
517 3124 526 3141 ‚
549 3095 707 3131 domum
726 3095 954 3131 revertimus
969 3123 978 3139 ‚
1000 3095 1232 3132 adducentes
1249 3095 1382 3133 nobis-

371 3170 458 3195 cum
482 3155 687 3207 praedictos
702 3167 864 3191 numero
890 3154 1092 3191 duodecim
1113 3155 1381 3206 presbyterOS,

371 3227 408 3255 ct
426 3216 708 3255 subdiaconum
725 3228 865 3252 unum:
884 3214 1054 3265 equibus
1069 3216 1199 3266 plures
1214 3216 1312 3253 bene
1327 3219 1385 3255 lit-

422 3351 428 3365 ¹
451 3344 521 3375 lsai.
541 3345 784 3378 xxzx‚18.-
804 3347 816 3362 ²
838 3342 952 3376 Tiri,
979 3346 1031 3372 16.

1455 2676 1624 2723 Populus
1641 2675 1701 2709 hic
1723 2674 1834 2710 labiis
1854 2689 1914 2710 me
1929 2676 2102 2721 honorat,
2121 2690 2186 2713 σοι
2200 2685 2319 2713 autem
2339 2687 2453 2712 eorum

1455 2739 1562 2785 longe
1582 2745 1636 2772 est
1652 2749 1676 2770 a
1698 2749 1757 2770 me
1777 2742 1785 2756 ¹
1808 2750 1816 2772 :
1840 2744 1881 2772 ut
1899 2737 2113 2787 Apostolus
2133 2737 2185 2774 ait
2198 2766 2208 2784 ‚
2235 2739 2328 2773 Voce
2345 2735 2449 2784 confi-

1454 2806 1579 2833 letetur
1593 2810 1632 2832 se
1648 2810 1798 2832 noscere
1817 2799 1953 2843 Deum,
1966 2797 2084 2847 jactis
2098 2808 2223 2835 aulem
2240 2804 2377 2848 negant
2388 2800 2413 2831 ².

1514 2858 1572 2895 12.
1602 2861 1746 2895 Verum
1779 2858 1949 2895 fortassis
1976 2859 2066 2909 quia
2093 2859 2204 2896 multi
2226 2859 2276 2895 ita
2298 2856 2430 2895 faciunt
2442 2880 2451 2900 ,η

1456 2920 1635 2968 frequens
1657 2931 1748 2955 usus
1769 2917 1920 2955 confert
1945 2919 2156 2956 audaciam.
2176 2923 2314 2957 Verum
2329 2945 2339 2963 ,
2356 2913 2447 2967 quod

1452 2979 1588 3016 dolens
1611 2979 1772 3016 enuntio
1789 3009 1798 3026 ‚
1818 2979 1962 3017 fallitur
1975 3009 1985 3027 ‚
2004 2981 2118 3031 plane
2138 2980 2281 3018 fallitur
2306 2975 2449 3016 audacia

1454 3039 1734 3076 monachorum
1758 3055 1766 3077 ε
1789 3040 1881 3090 quia
1900 3041 2109 3078 multitudo
2129 3039 2363 3092 peccantium
2380 3048 2446 3074 non

1452 3101 1540 3146 facit
1572 3100 1841 3151 impunitatem
1871 3102 2070 3139 scelerum.
2097 3101 2210 3140 Unde
2239 3112 2314 3138 non
2338 3099 2444 3148 impe·

1452 3160 1584 3199 diendi
1600 3189 1610 3207 ,
1634 3159 1701 3197 sed
1722 3161 1950 3211 protegendi
1971 3171 2060 3200 sunt
2085 3162 2151 3213 qui
2178 3160 2343 3211 regulam
2367 3168 2444 3208 pro-

1454 3220 1627 3258 fessionis
1647 3234 1724 3259 suae
1749 3222 1910 3272 cupiunt
1931 3222 2158 3270 observare;
2180 3233 2302 3272 neque
2327 3230 2443 3269 repre-
