2517 3936
94 211 192 250 1189

607 213 751 247 LIBER
782 215 845 248 DF.
876 215 1141 250 PRAECEPTO
1175 217 1230 250 ΕΤ
1264 218 1650 257 ἰηὸΡΕᾸΒᾹῊΟΜί.

2069 232 2165 267 119]

90 297 167 333 lere
185 296 357 339 possunt.
378 287 449 324 Sed
471 287 572 323 cuim
591 288 680 336 quid
709 289 780 325 hoc
798 290 913 327 refert
935 299 1017 337 tua,
1037 289 1254 340 cui³³⁰⁹gula
1283 306 1368 341 qua·
1398 295 1672 344 injunguntur,
1703 302 1850 347 exigere
1881 306 1926 340 (lc
1957 309 2167 361 quilmsqffl.

89 348 262 386 conscius
284 360 359 383 non
377 347 446 382 es?
468 346 677 395 praesertim
695 360 780 383 cum
799 356 926 385 teneas
943 350 988 385 dc
1007 351 1102 387 Scri·
1122 356 1153 388 Λ
1171 353 1354 389 rationem
1367 383 1376 398 ,
1394 363 1431 390 et
1450 356 1545 391 male
1566 358 1745 406 suspicari
1765 360 1809 395 (lc
1831 367 1931 400 oinui
1955 380 2143 419 1›ra=c‹·pl‹›
2158 402 2166 417 ,

89 407 229 459 ptul'is,
256 406 344 456 quia
367 405 486 441 Lahia
515 404 717 441 strevi-(locis
743 410 953 444 maximiane
982 414 1098 446 scicn-

88 473 196 513 tiam,
217 476 252 503 el
272 469 388 515 legem
416 479 464 501 (w
491 479 554 500 ore
579 466 658 511 ejus
681 471 875 514 requirant
895 482 905 502 :
921 473 1009 516 quia
1028 484 1099 505 (m-

85 531 190 578 geltcs
234 529 393 563 Domini
435 530 664 561 exercituum
709 535 760 561 est
794 533 817 563 ¹.
861 529 1098 577 chuirunt,

88 587 267 633 dixerim,
285 587 431 636 legem,
452 599 529 622 non
548 599 663 636 quam
687 587 748 622 vel
778 587 995 626 authentica
1026 591 1101 627 ulla

88 647 276 698 scriptura
295 645 514 692 tradiderit,
537 647 597 683 vel
617 646 712 682 ratio
736 647 934 685 manifesta
956 649 1100 699 proba-

88 708 186 746 verit
201 706 265 759 (de
284 706 505 757 hujusmodi
525 707 669 757 quippe
698 719 768 743 nec
786 717 1004 758 praeccptor
1033 723 1100 747 cx-

87 768 339 820 spectandus,
364 781 434 805 nec
458 767 678 818 prohibitor
711 769 982 806 auscultandus
1010 770 1099 822 est);

87 828 153 867 sed
173 829 277 879 quod
293 829 344 866 ita
362 829 479 866 latere
496 836 561 865 aut
578 829 784 864 obscurum
805 842 886 865 esse
907 831 1101 879 cognosci-

89 898 169 936 tur,
199 898 242 926 ut
272 890 311 926 in
348 888 508 926 dubium
538 888 670 925 venire
700 889 844 939 possit,
882 897 1099 928 utrumnam

55 944 58 947 Δ
87 954 189 988 Deus
211 950 281 997 sic,
302 963 348 986 an
371 950 480 986 aliter
509 949 606 985 forte
635 950 744 995 velit,
770 949 800 985 si
821 963 899 986 non
918 950 965 987 de
992 950 1100 987 labiis

87 1009 392 1048 custodientibus
409 1010 627 1055 scientiam,
648 1018 686 1046 et
711 1024 757 1046 ex
786 1023 852 1047 ore
874 1011 998 1060 angeli
1018 1015 1100 1048 Do-

1166 412 1275 461 cujus
1298 427 1407 449 causa
1430 415 1598 461 latuerit,
1620 430 1687 453 nec
1706 432 1870 468 unquam
1900 424 2058 463 libenter
2075 430 2169 467 ‹›l›‹·-

1166 471 1267 517 dire,
1292 473 1361 509 nisi
1382 487 1466 510 cum
1490 475 1619 512 audire
1645 478 1846 525 contigerit
1872 484 1973 529 quod
1999 487 2093 525 forte
2122 491 2168 526 li-

1167 529 1311 577 buerit,
1341 541 1405 569 aut
1429 534 1533 582 quod
1555 548 1629 571 non
1649 537 1756 572 aliter
1777 538 1886 576 licere
1905 556 1969 578 scu
1991 549 2170 594 expedire

1168 594 1437 629 monstraverit
1454 595 1512 629 vel
1528 604 1658 644 aperta
1677 597 1789 643 ratio,
1806 599 1863 634 vel
1883 600 2091 641 indubitata
2108 620 2170 643 au-

1169 651 1335 688 ctoritas.
1364 653 1529 690 Delicata
1556 656 1665 701 satis,
1688 656 1763 692 imo
1792 658 1902 695 nimis
1933 663 2087 700 molesta
2118 676 2172 702 est

1167 709 1431 759 hujuscemodi
1455 712 1681 751 obedientia.
1704 719 1786 752 Mn
1809 718 1920 766 plane
1938 719 2017 757 haec
2034 723 2097 759 illa
2118 734 2173 761 cst

1167 783 1252 818 quae
1272 784 1318 806 cx
1343 773 1488 821 Regula
1516 773 1695 821 traditur,
1715 792 1728 806 τι
1749 775 1973 815 Obedientia
1994 781 2073 819 sine
2093 797 2174 819 mo-

1169 846 1183 861 »
1205 843 1245 866 ra
1264 836 1288 867 ².
1310 848 1324 862 n
1346 832 1550 881 Disputare
1566 835 1739 883 profecto
1762 836 1833 872 hoc
1850 847 1905 873 est
1925 839 1960 875 in
1981 850 2061 877 astu
2086 857 2174 879 cor—

1168 889 1225 926 dis
1237 920 1246 936 ,
1263 904 1339 927 non
1357 892 1394 928 in
1409 893 1539 930 auditu
1555 895 1655 932 auris
1670 895 1837 933 obedire.
1852 899 2067 938 Istiusmodi
2084 918 2173 949 crgo

1167 949 1355 988 carnalem
1378 954 1542 990 animam
1563 968 1638 991 nou
1662 956 1777 992 modo
1797 958 1937 1006 premi,
1964 961 2028 997 scd
2057 944 2168 1001 etiaim

1167 1011 1332 1060 opprimi
1364 1013 1535 1062 pondere
1559 1024 1800 1066 praesumpta:
1830 1018 2073 1067 perfectionis
2105 1036 2172 1059 nc—

87 1069 181 1107 mini
204 1070 442 1107 exercituum
461 1078 607 1107 certum
627 1069 821 1106 reddatur.
846 1073 878 1106 A
898 1083 976 1120 quo
993 1071 1101 1108 deni—
1121 1077 1150 1110 B
1169 1083 1271 1107 cesse
1290 1080 1346 1107 est
1367 1087 1374 1108 :
1392 1073 1480 1122 quia
1498 1087 1573 1110 non
1590 1084 1713 1125 potest
1728 1085 1881 1127 portare
1899 1092 1986 1116 caro
2002 1081 2170 1130 infirma,

87 1143 161 1181 que
181 1130 311 1167 divina
325 1131 454 1181 potius
468 1130 625 1167 consilia
642 1131 904 1180 requirentur,
919 1144 1032 1180 quam
1054 1130 1102 1168 ab

85 1190 152 1227 illo
166 1190 227 1227 cui
242 1191 386 1228 credita
400 1199 456 1228 est
470 1190 704 1240 dispensatio
719 1191 990 1240 mysteriorum
1008 1192 1103 1229 Dei?

85 1254 216 1302 Ipsum
243 1251 408 1302 proinde
440 1264 554 1301 quem
583 1264 655 1301 pro
682 1254 765 1288 Deo
795 1250 998 1299 habemus,
1016 1260 1102 1289 tan—

85 1325 199 1363 quam
219 1316 343 1350 Deum
361 1312 399 1349 in
420 1311 478 1349 his
499 1324 584 1361 quae
602 1319 733 1361 aperte
753 1324 831 1347 non
859 1319 948 1348 sunt
968 1321 1102 1349 contra

85 1376 208 1410 Deum
222 1402 231 1420 ,
249 1372 382 1410 audire
400 1371 597 1409 debemus.

139 1432 201 1470 22.
217 1435 295 1470 Nec
316 1445 406 1469 sane
420 1431 615 1469 contraria
634 1431 830 1481 loquimur
850 1441 982 1469 sancto
1009 1447 1101 1484 pro-

86 1492 211 1543 phetae
234 1493 418 1540 Samueli,
439 1492 547 1543 quasi
565 1505 635 1529 nos
655 1492 692 1529 in
709 1492 780 1529 hac
801 1502 909 1543 parte
931 1493 1101 1531 divinam

85 1552 308 1590 hominibus
325 1553 537 1590 tribuentes
555 1553 820 1590 auctoritatem
842 1569 849 1590 :
873 1568 956 1590 cum
980 1554 1042 1591 illc
1062 1555 1100 1591 in

84 1627 202 1665 supra
220 1623 432 1652 memorato
449 1614 618 1665 capitulo
636 1614 750 1664 plane
771 1614 988 1652 discernere
1004 1616 1104 1653 inter

86 1682 294 1724 utrumque
315 1674 504 1712 videatur.
528 1674 720 1724 Siquidem
748 1674 853 1724 quod
877 1688 948 1711 nos
968 1675 1104 1712 asseri—

87 1748 169 1772 mus
185 1734 233 1772 de
252 1734 399 1781 dubiis,
421 1735 496 1772 hoc
514 1735 578 1772 ille
599 1743 712 1785 negat
728 1734 775 1772 de
801 1735 1009 1772 manifestis
1032 1751 1039 1772 :
1062 1744 1103 1772 ut

67 1808 172 1832 ‘cum
198 1795 268 1843 ait,
295 1800 328 1832 si
350 1800 563 1845 peccaverit
582 1800 643 1832 vir
667 1801 869 1841 invirum,
895 1795 1102 1833 subaudia-

35 1860 37 1862 ’
86 1864 161 1903 tur,
178 1860 343 1907 Propter
363 1860 511 1904 Deum3
533 1857 594 1894 cui
615 1866 745 1908 aperte
767 1858 959 1895 contraria
975 1858 1100 1895 homi-
1121 1859 1148 1895 C
1173 1856 1309 1894 sedens
1330 1866 1572 1908 computares
1586 1887 1595 1904 ,
1614 1859 1643 1895 si
1660 1857 1821 1895 haberes
1838 1868 2009 1909 sumptus
2027 1862 2073 1898 ad
2090 1877 2178 1913 per—

85 1929 152 1954 nes
172 1917 394 1955 hominibus
413 1918 634 1968 frequenter
651 1917 832 1955 mandare
849 1928 1099 1968 praesumunt.

83 1978 158 2017 Sed
188 1978 277 2016 hinc
308 1992 377 2016 vos
417 1987 610 2016 sumentes
646 1980 841 2016 materiam
878 1979 958 2018 sive
991 1996 1102 2020 occa-

83 2038 229 2076 sionem
271 2038 584 2089 argumentandi,
614 2039 801 2087 asseritis,
838 2041 867 2077 si
903 2041 976 2078 hoc
1007 2057 1100 2080 con-

83 2099 241 2148 stiterit,
271 2108 314 2137 ut
338 2099 444 2150 jussa
476 2100 677 2137 hominum
710 2100 909 2150 quaelibet,
940 2103 1000 2139 vel
1036 2104 1098 2140 in-

83 2160 235 2207 stituta,
253 2160 394 2198 divinae
419 2161 656 2199 auctoritatis
675 2161 848 2212 pondere
875 2163 1096 2202 aestimanda

82 2220 176 2267 sint3
199 2221 393 2259 hominem
419 2221 490 2258 sub
514 2221 694 2269 homine,
726 2231 792 2259 aut
821 2223 904 2269 viX,
936 2233 1001 2261 aut
1029 2239 1095 2262 nc—

81 2294 273 2331 quaquam
294 2295 407 2332 posse
435 2282 594 2329 salvari,
622 2296 708 2319 cum
731 2283 771 2320 in
789 2292 894 2321 tanto
917 2286 1064 2335 populo
1078 2287 1093 2301 *

82 2341 349 2379 mandatorum
364 2372 374 2390 ,
394 2356 480 2393 quae
502 2343 649 2393 praelati
672 2343 785 2380 etiam
806 2357 876 2394 per
904 2345 1091 2382 incuriam

81 2413 182 2451 saepe
210 2402 459 2453 praecipiunt,
487 2402 679 2439 interdum
713 2404 1089 2454 non'praevaricari,

80 2469 147 2498 aut
165 2461 319 2500 difficile
343 2462 551 2500 admodum
565 2493 575 2511 ,
596 2472 662 2500 aut
681 2464 841 2501 omnino
860 2464 1092 2516 impossibile

80 2521 270 2560 videatur.

452 2636 631 2676 CAPUT
659 2637 711 2676 X.

80 2765 300 2797 obedientiam
321 2777 386 2798 non
409 2777 477 2798 esse
496 2778 622 2809 gravem
641 2773 671 2799 et
690 2768 853 2800 molestam
865 2794 873 2807 ‚
895 2770 952 2800 nisi
977 2770 1088 2812 imper-

103 2818 201 2859 fectis,
217 2821 332 2858 indtis,
348 2827 379 2853 et
395 2821 591 2860 carnalibus3
607 2823 725 2854 caeteris
744 2834 870 2855 suavem
885 2830 914 2855 et
931 2824 1065 2857 facilem.

133 2941 195 2979 23.
216 2945 264 2979 Et
283 2943 437 2992 quidem
459 2956 537 2980 non
562 2957 659 2993 nego
682 2943 945 2981 difficultatem
976 2955 1089 2983 tantae

79 3000 200 3038 inesse
219 3003 472 3052 perfectioni:
494 3004 561 3041 sed
588 3018 673 3041 cum
695 3004 777 3054 ipsa
804 3006 920 3043 corde
943 3007 1088 3057 imper·-

54 3072 58 3074 ’
79 3060 177 3098 fecto
203 3063 460 3113 praesumitur.
488 3067 609 3101 Porro
639 3064 853 3115 imperfecti
883 3067 1028 3112 cordis,
1052 3076 1089 3103 et

77 3119 239 3159 infirmae
255 3135 414 3172 prorsus
431 3124 638 3161 voluntatis
654 3124 837 3162 indicium
857 3134 931 3172 est,
951 3135 1090 3164 statuta

78 3181 270 3219 seniorum
300 3183 508 3221 studiosius
526 3184 734 3231 discutere,
764 3185 908 3223 haererc
929 3186 977 3223 ad
995 3187 1090 3239 'sin-

127 3315 137 3330 ¹
158 3310 297 3342 Malach.
314 3323 360 3351 11,
390 3315 421 3344 7.
437 3331 481 3336 —
497 3320 509 3335 ²
526 3317 604 3355 Reg.
625 3316 656 3345 S.
681 3314 860 3351 Benedicti,
891 3325 958 3356 cap.
981 3319 1010 3345 J).
1026 3335 1068 3337 —
1089 3315 1102 3337 3
1123 3319 1215 3347 Rom.
1233 3328 1299 3346 vn,
1333 3319 1390 3351 1113,
1413 3316 1462 3344 14.
1542 3314 1554 3339 >i

79 3363 110 3392 2.
126 3380 168 3384 --—
184 3361 332 3396 6IJoan.
356 3377 386 3403 1,
405 3369 423 3397 8
441 3390 450 3398 .
467 3366 628 3398 —711d.
648 3378 693 3404 11,
718 3370 748 3405 1,
767 3370 798 3397 2.
819 3385 858 3388 —-
876 3367 889 3389 8
912 3367 982 3397 lsai.
999 3379 1074 3406 uxr,
1097 3371 1145 3399 12.

1169 1130 1274 1179 quod
1295 1131 1397 1168 solus
1421 1133 1574 1182 spiritus
1597 1145 1797 1185 promptus
1826 1140 2019 1188 experitur
2035 1141 2169 1192 jugum

1169 1201 1249 1226 esse
1268 1203 1381 1228 suave
1397 1200 1434 1228 et
1448 1205 1545 1229 onus
1564 1193 1657 1230 leve.
1677 1196 1813 1232 Christi
1828 1198 1970 1248 quippe
1983 1199 2117 1250 jugum
2136 1212 2172 1240 ct

1169 1262 1266 1285 onus
1288 1259 1362 1295 est,
1391 1260 1427 1287 et
1456 1252 1612 1289 omnino
1644 1254 1903 1304 importabile,
1936 1259 2005 1295 nisi
2037 1262 2173 1300 Christi

1170 1321 1277 1358 aequc
1298 1310 1460 1359 spiritui.
1485 1312 1581 1348 Huic
1602 1313 1729 1363 itaque
1753 1316 1781 1351 si
1811 1316 1930 1353 dicitis
1955 1319 2073 1368 legem
2100 1325 2174 1359 Re-

1167 1369 1265 1418 gulae
1295 1369 1548 1417 subintrasse,
1577 1381 1619 1408 ut
1647 1373 1857 1412 abundaret
1881 1376 2078 1425 delictum,
2107 1395 2174 1418 ve—

1168 1443 1252 1466 rum
1279 1430 1416 1468 dicitis.
1440 1434 1626 1469 Caeterum
1657 1434 1728 1470 hoc
1756 1436 1869 1485 culpa
1897 1450 1973 1473 non
2001 1448 2057 1475 est
2080 1440 2175 1478 datae

1169 1490 1277 1540 legis,
1296 1500 1362 1528 aut
1375 1491 1500 1529 dantis
1518 1493 1638 1542 legem
1652 1523 1661 1539 ,
1680 1493 1744 1530 sed
1762 1495 1975 1545 improvide
1990 1500 2175 1548 proliten-

1170 1551 1238 1597 tis,
1262 1560 1299 1588 et
1322 1552 1441 1603 impie
1458 1554 1752 1603 praevaricantis.
1773 1556 1993 1594 Mandatum
2023 1560 2175 1608 quidem

1171 1621 1342 1650 sanctum
1369 1624 1405 1651 et
1416 1614 1561 1663 justum
1581 1630 1588 1651 :
1614 1615 1679 1651 sed
1706 1624 1745 1652 tu
1765 1624 1798 1652 te
1824 1618 1927 1654 noris
1950 1631 2028 1655 esse
2045 1634 2175 1658 carna—

1171 1674 1264 1721 lem,
1289 1675 1561 1713 venumdatum
1589 1676 1659 1712 sub
1689 1686 1845 1726 peccato
1875 1676 1900 1714 3.
1932 1682 2070 1727 Verum
2104 1682 2176 1719 hoc

1170 1743 1258 1771 ante
1268 1736 1489 1785 praevidisse
1504 1736 1689 1774 debueras
1699 1767 1707 1783 ‚
1722 1751 1798 1786 quo
1813 1739 1926 1774 turris
1939 1739 2050 1789 hujus
2063 1755 2175 1779 evan-

1170 1796 1297 1845 gelicae
1324 1810 1401 1833 non
1423 1797 1528 1847 prius
1547 1796 1692 1846 jaceres
1720 1797 2006 1836 fundamentum
2023 1829 2032 1845 ,
2061 1816 2173 1851 quam

1170 1917 1391 1955 (iciendum.
1414 1922 1523 1955 Nunc
1544 1927 1668 1955 autem
1695 1918 1789 1968 quid
1811 1927 1942 1966 restat,
1964 1921 2034 1957 nisi
2054 1931 2095 1958 ut
2116 1934 2180 1961 aut

1169 1987 1364 2015 correctus
1391 1978 1545 2017 obedias
1570 1979 1806 2025 senioribus,
1824 1988 1888 2016 aut
1907 1981 2087 2018 confusus
2111 1997 2177 2020 au-

1169 2037 1249 2075 dias
1267 2038 1314 2076 ab
1340 2039 1560 2076 illusoribus
1579 2054 1586 2076 :
1610 2041 1682 2075 Hic
1702 2040 1810 2074 homo
1832 2046 1944 2089 coepit
1963 2043 2175 2089 ceclsfi'carc‚

1166 2109 1202 2135 ec
1222 2114 1296 2136 mm
1314 2105 1440 2149 potuit
1453 2114 1713 2137 consummare
1729 2101 1754 2136 ⁴.

1218 2161 1280 2199 24.
1304 2161 1375 2198 Sed
1406 2162 1531 2198 forsan
1564 2161 1686 2198 dicitis
1709 2175 1717 2197 z
1738 2164 1887 2210 Ergone
1906 2161 1956 2198 ita
1982 2164 2170 2212 perfectus

1163 2221 1351 2272 quispiam
1376 2212 1586 2267 invenitur,
1614 2221 1673 2258 cui
1701 2234 1779 2257 non
1797 2221 1856 2257 vel
1878 2222 2074 2259 minimum
2101 2225 2168 2260 ali-

1162 2282 1255 2332 quid
1292 2282 1484 2319 interdum
1518 2281 1750 2330 subripiatur
1783 2280 1828 2317 dc
1861 2289 1933 2318 tam
1970 2283 2098 2320 multis
2127 2297 2169 2320 ac

1162 2343 1339 2388 minutis,
1369 2356 1453 2392 quae
1474 2342 1610 2392 passim
1635 2342 1695 2377 vel
1725 2355 1746 2378 a
1770 2341 2044 2391 negligentibus
2067 2357 2165 2392 prae-

1160 2403 1292 2453 positis
1327 2403 1588 2453 imperantur?
1618 2402 1774 2438 Minime
1805 2401 1958 2450 quidem
1990 2403 2165 2452 cuiquam

1160 2463 1232 2500 hoc
1253 2476 1322 2513 ego
1339 2463 1505 2499 dederim
1517 2492 1526 2509 ‚
1544 2476 1627 2498 cum
1643 2462 1714 2511 ipsi
1731 2474 1884 2510 quoque
1900 2460 1947 2497 de
1963 2475 2002 2498 se
2022 2462 2165 2498 fatean-

1162 2532 1224 2560 tur
1238 2524 1436 2573 Apostoli,
1455 2526 1500 2558 In
1521 2525 1645 2558 multis
1660 2519 1886 2569 offendimus
1904 2535 2028 2556 onmes
2046 2520 2078 2567 53
2100 2531 2159 2567 et,

1162 2586 1201 2620 Si
1230 2586 1435 2619 dmm-imus
1457 2587 1545 2631 (suia
1561 2590 1756 2630 peccatum
1784 2595 1857 2616 non
1884 2580 2070 2624 habemus,
2091 2587 2164 2630 ipsi

1111 2652 1144 2685 D
1162 2658 1229 2680 'ms
1250 2646 1461 2680 seducimus
1489 2642 1515 2679 ὓ.
1538 2642 1609 2680 Sed
1638 2655 1713 2677 non
1745 2641 1926 2678 continuo
1953 2649 1995 2676 ut
2019 2642 2161 2690 aliquid

1161 2704 1397 2754 praeterimus
1411 2733 1420 2750 ,
1439 2702 1607 2753 perimus
1626 2717 1633 2738 ε
1653 2701 1859 2752 przcsertim
1875 2714 1959 2736 cum
1981 2714 2050 2737 nos
2066 2703 2161 2738 Scri-

1159 2773 1271 2814 ptura
1293 2764 1533 2809 consoletur,
1558 2765 1596 2798 Si
1617 2767 1699 2810 quis
1718 2763 1936 2809 peccaverit,
1962 2762 2158 2810 inquiens,

1159 2826 1378 2860 advocatum
1400 2822 1574 2857 habemns
1599 2823 1722 2856 Jesum
1747 2822 1924 2856 Clark-lum
1937 2826 2079 2866 justam
2090 2837 2104 2865 ,·
2125 2832 2161 2858 et

1160 2890 1239 2934 ipse
1260 2893 1313 2919 est
1323 2887 1538 2932 propinatio
1558 2896 1626 2930 pro
1649 2886 1816 2929 pecs-acis
1839 2887 1971 2916 nostris
1989 2889 2013 2918 7.
2044 2883 2159 2919 Deni-

1158 2959 1233 2995 que
1251 2945 1438 2995 propheta
1456 2943 1501 2978 de
1519 2943 1601 2992 ipso
1625 2950 1798 2988 testatur,
1816 2942 1919 2990 quod
1942 2956 2013 2991 pro
2035 2952 2158 2979 trans—

1156 3005 1392 3056 gressoribus
1415 3003 1622 3053 rogaverit,
1654 3010 1695 3038 ut
1721 3015 1795 3037 non
1831 3002 1997 3051 perirent
2025 3001 2051 3038 3.
2084 3002 2157 3040 Ubi

1156 3080 1245 3104 sane
1275 3065 1507 3109 notandum,
1536 3064 1624 3113 quia
1658 3063 1726 3099 etsi
1762 3076 1833 3112 pro
1868 3064 2152 3111 transgressori-

1156 3127 1245 3173 bus,
1278 3139 1354 3162 non
1390 3134 1515 3161 tamen
1548 3137 1619 3173 pro
1661 3122 1987 3171 contemptoribus
2019 3123 2153 3171 legitur

1158 3187 1550 3237 supplicasse.Verum
1567 3185 1618 3221 illi
1634 3183 1828 3233 quomodo
1842 3184 1965 3232 perire
1983 3190 2150 3231 possunt.

1572 3318 1642 3343 luc.
1659 3325 1727 3344 xm.
1748 3315 1857 3342 2530,
1901 3328 1909 3329 ff
1934 3307 1945 3329 ἦ
1965 3308 2071 3338 Jacobi
2094 3319 2148 3345 ιιι,
