<?xml version="1.0" encoding="UTF-8"?>
<!DOCTYPE html PUBLIC "-//W3C//DTD XHTML 1.0 Transitional//EN"
    "http://www.w3.org/TR/xhtml1/DTD/xhtml1-transitional.dtd">
<html xmlns="http://www.w3.org/1999/xhtml" xml:lang="en" lang="en">
 <head>
  <title>
</title>
<meta http-equiv="Content-Type" content="text/html;charset=utf-8" />
  <meta name='ocr-system' content='tesseract 3.04.00' />
  <meta name='ocr-capabilities' content='ocr_page ocr_carea ocr_par ocr_line ocrx_word'/>
</head>
<body>
  <div class='ocr_page' id='page_1' title='image "./operaomniapostho01bernuoft/operaomniapostho01bernuoft_0464.png"; bbox 0 0 2517 3920; ppageno 0'>
   <div class='ocr_carea' id='block_1_1' title="bbox 339 236 406 271">
    <p class='ocr_par' dir='ltr' id='par_1_1' title="bbox 339 236 406 271">
     <span class='ocr_line' id='line_1_1' title="bbox 339 236 406 271; baseline 0.06 -5"><span class='ocrx_word' id='word_1_1' title='bbox 339 236 406 271; x_wconf 71' lang='lat' dir='ltr'>sstl</span> 
     </span>
    </p>
   </div>
   <div class='ocr_carea' id='block_1_2' title="bbox 337 311 1342 721">
    <p class='ocr_par' dir='ltr' id='par_1_2' title="bbox 337 311 1342 721">
     <span class='ocr_line' id='line_1_2' title="bbox 337 311 1341 354; baseline -0.005 -9"><span class='ocrx_word' id='word_1_2' title='bbox 337 313 504 345; x_wconf 81' lang='lat' dir='ltr'>tenebatur</span> <span class='ocrx_word' id='word_1_3' title='bbox 532 311 661 353; x_wconf 82' lang='lat' dir='ltr'>quilibet</span> <span class='ocrx_word' id='word_1_4' title='bbox 692 312 857 354; x_wconf 87' lang='lat' dir='ltr'>episcopus</span> <span class='ocrx_word' id='word_1_5' title='bbox 887 311 1130 341; x_wconf 74' lang='lat' dir='ltr'>vice-dominnm</span> <span class='ocrx_word' id='word_1_6' title='bbox 1160 317 1189 341; x_wconf 88' lang='lat' dir='ltr'>et</span> <span class='ocrx_word' id='word_1_7' title='bbox 1215 321 1341 340; x_wconf 57' lang='lat' dir='ltr'>‹econo-</span> 
     </span>
     <span class='ocr_line' id='line_1_3' title="bbox 338 363 1341 406; baseline -0.005 -9"><span class='ocrx_word' id='word_1_8' title='bbox 338 377 425 397; x_wconf 90' lang='lat' dir='ltr'>mum</span> <span class='ocrx_word' id='word_1_9' title='bbox 444 365 582 403; x_wconf 84' lang='lat' dir='ltr'>habere,</span> <span class='ocrx_word' id='word_1_10' title='bbox 605 365 743 395; x_wconf 88' lang='lat' dir='ltr'>distinct.</span> <span class='ocrx_word' id='word_1_11' title='bbox 773 368 828 402; x_wconf 85' lang='grc'><strong>89,</strong></span> <span class='ocrx_word' id='word_1_12' title='bbox 852 375 923 406; x_wconf 90' lang='lat' dir='ltr'>cap.</span> <span class='ocrx_word' id='word_1_13' title='bbox 952 379 964 390; x_wconf 90' lang='lat'>«</span> <span class='ocrx_word' id='word_1_14' title='bbox 983 364 1148 394; x_wconf 80' lang='lat' dir='ltr'>Volumus.</span> <span class='ocrx_word' id='word_1_15' title='bbox 1173 378 1185 389; x_wconf 66' lang='grc' dir='ltr'>»ι</span> <span class='ocrx_word' id='word_1_16' title='bbox 1212 365 1282 403; x_wconf 87' lang='lat' dir='ltr'>Qua</span> <span class='ocrx_word' id='word_1_17' title='bbox 1303 363 1341 392; x_wconf 88' lang='lat' dir='ltr'>de</span> 
     </span>
     <span class='ocr_line' id='line_1_4' title="bbox 338 416 1342 462; baseline -0.008 -10"><span class='ocrx_word' id='word_1_18' title='bbox 338 433 371 452; x_wconf 87' lang='grc'>10</span> <span class='ocrx_word' id='word_1_19' title='bbox 392 423 424 452; x_wconf 91' lang='lat' dir='ltr'>S.</span> <span class='ocrx_word' id='word_1_20' title='bbox 446 420 614 462; x_wconf 77' lang='lat' dir='ltr'>Gregorius</span> <span class='ocrx_word' id='word_1_21' title='bbox 634 423 769 461; x_wconf 79' lang='lat' dir='ltr'>Magnus</span> <span class='ocrx_word' id='word_1_22' title='bbox 796 419 839 449; x_wconf 82' lang='lat' dir='ltr'>sic</span> <span class='ocrx_word' id='word_1_23' title='bbox 856 418 964 449; x_wconf 78' lang='lat' dir='ltr'>scribit</span> <span class='ocrx_word' id='word_1_24' title='bbox 989 417 1026 447; x_wconf 88' lang='lat' dir='ltr'>ad</span> <span class='ocrx_word' id='word_1_25' title='bbox 1045 417 1247 447; x_wconf 73' lang='lat' dir='ltr'>Anthelmum</span> <span class='ocrx_word' id='word_1_26' title='bbox 1273 416 1342 445; x_wconf 84' lang='lat' dir='ltr'>sub-</span> 
     </span>
     <span class='ocr_line' id='line_1_5' title="bbox 338 467 1341 514; baseline -0.008 -9"><span class='ocrx_word' id='word_1_27' title='bbox 338 474 523 510; x_wconf 78' lang='lat' dir='ltr'>diaconum,</span> <span class='ocrx_word' id='word_1_28' title='bbox 549 473 630 504; x_wconf 82' lang='lat' dir='ltr'>libro</span> <span class='ocrx_word' id='word_1_29' title='bbox 663 476 701 510; x_wconf 80' lang='lat'>9,</span> <span class='ocrx_word' id='word_1_30' title='bbox 734 473 824 514; x_wconf 88' lang='lat' dir='ltr'>epist.</span> <span class='ocrx_word' id='word_1_31' title='bbox 852 476 892 501; x_wconf 74' lang='lat'>06</span> <span class='ocrx_word' id='word_1_32' title='bbox 923 482 966 501; x_wconf 73' lang='lat' dir='ltr'>:u</span> <span class='ocrx_word' id='word_1_33' title='bbox 996 470 1151 500; x_wconf 80' lang='lat' dir='ltr'>Volumus</span> <span class='ocrx_word' id='word_1_34' title='bbox 1184 474 1218 498; x_wconf 85' lang='lat' dir='ltr'>ut</span> <span class='ocrx_word' id='word_1_35' title='bbox 1247 467 1341 498; x_wconf 83' lang='lat' dir='ltr'>frater</span> 
     </span>
     <span class='ocr_line' id='line_1_6' title="bbox 340 523 1339 563; baseline -0.008 -4"><span class='ocrx_word' id='word_1_36' title='bbox 340 544 354 554; x_wconf 62' lang='grc' dir='ltr'><strong><em>υ</em></strong></span> <span class='ocrx_word' id='word_1_37' title='bbox 372 535 478 559; x_wconf 88' lang='lat' dir='ltr'>noster</span> <span class='ocrx_word' id='word_1_38' title='bbox 506 527 685 559; x_wconf 73' lang='lat' dir='ltr'>Paschasius</span> <span class='ocrx_word' id='word_1_39' title='bbox 714 533 744 557; x_wconf 89' lang='lat' dir='ltr'>et</span> <span class='ocrx_word' id='word_1_40' title='bbox 769 525 1014 556; x_wconf 76' lang='lat' dir='ltr'>vice-dominum</span> <span class='ocrx_word' id='word_1_41' title='bbox 1042 524 1099 553; x_wconf 89' lang='lat' dir='ltr'>sibi</span> <span class='ocrx_word' id='word_1_42' title='bbox 1131 528 1161 553; x_wconf 89' lang='lat' dir='ltr'>et</span> <span class='ocrx_word' id='word_1_43' title='bbox 1189 523 1339 563; x_wconf 78' lang='lat' dir='ltr'>majorem</span> 
     </span>
     <span class='ocr_line' id='line_1_7' title="bbox 340 575 1340 621; baseline -0.01 -8"><span class='ocrx_word' id='word_1_44' title='bbox 340 596 352 608; x_wconf 65' lang='grc' dir='ltr'>ιο</span> <span class='ocrx_word' id='word_1_45' title='bbox 371 582 495 612; x_wconf 86' lang='lat' dir='ltr'>ordinet</span> <span class='ocrx_word' id='word_1_46' title='bbox 518 580 629 612; x_wconf 89' lang='lat' dir='ltr'>domus</span> <span class='ocrx_word' id='word_1_47' title='bbox 644 604 651 618; x_wconf 89' lang='lat'>,</span> <span class='ocrx_word' id='word_1_48' title='bbox 671 586 823 621; x_wconf 82' lang='lat' dir='ltr'>quatenus</span> <span class='ocrx_word' id='word_1_49' title='bbox 845 578 942 620; x_wconf 81' lang='lat' dir='ltr'>possit</span> <span class='ocrx_word' id='word_1_50' title='bbox 965 577 1012 607; x_wconf 67' lang='lat' dir='ltr'>vcl</span> <span class='ocrx_word' id='word_1_51' title='bbox 1034 575 1207 617; x_wconf 87' lang='lat' dir='ltr'>hospitibus</span> <span class='ocrx_word' id='word_1_52' title='bbox 1232 585 1340 616; x_wconf 85' lang='lat' dir='ltr'>super-</span> 
     </span>
     <span class='ocr_line' id='line_1_8' title="bbox 342 627 1342 672; baseline -0.009 -8"><span class='ocrx_word' id='word_1_53' title='bbox 342 650 354 661; x_wconf 76' lang='grc'>»</span> <span class='ocrx_word' id='word_1_54' title='bbox 376 634 598 671; x_wconf 60' lang='lat' dir='ltr'>venientibus,</span> <span class='ocrx_word' id='word_1_55' title='bbox 633 634 681 664; x_wconf 67' lang='lat' dir='ltr'>xcl</span> <span class='ocrx_word' id='word_1_56' title='bbox 716 633 814 663; x_wconf 80' lang='lat' dir='ltr'>causis</span> <span class='ocrx_word' id='word_1_57' title='bbox 847 642 915 672; x_wconf 71' lang='grc'><strong>(1010</strong></span> <span class='ocrx_word' id='word_1_58' title='bbox 945 629 1117 665; x_wconf 75' lang='lat' dir='ltr'>eveniunt,</span> <span class='ocrx_word' id='word_1_59' title='bbox 1149 627 1279 658; x_wconf 73' lang='lat' dir='ltr'>idoneus</span> <span class='ocrx_word' id='word_1_60' title='bbox 1312 632 1342 656; x_wconf 86' lang='lat' dir='ltr'>et</span> 
     </span>
     <span class='ocr_line' id='line_1_9' title="bbox 835 681 1339 721; baseline -0.012 -6"><span class='ocrx_word' id='word_1_61' title='bbox 835 683 899 715; x_wconf 82' lang='lat' dir='ltr'>Ubi</span> <span class='ocrx_word' id='word_1_62' title='bbox 928 683 1038 714; x_wconf 87' lang='lat' dir='ltr'>Glossa</span> <span class='ocrx_word' id='word_1_63' title='bbox 1063 681 1095 711; x_wconf 89' lang='lat' dir='ltr'>in</span> <span class='ocrx_word' id='word_1_64' title='bbox 1118 681 1239 721; x_wconf 77' lang='lat' dir='ltr'>allegat.</span> <span class='ocrx_word' id='word_1_65' title='bbox 1272 690 1339 720; x_wconf 89' lang='lat' dir='ltr'>cap.</span> 
     </span>
    </p>
   </div>
   <div class='ocr_carea' id='block_1_3' title="bbox 339 687 799 729">
    <p class='ocr_par' dir='ltr' id='par_1_3' title="bbox 339 687 799 729">
     <span class='ocr_line' id='line_1_10' title="bbox 339 687 799 729; baseline -0.009 -11"><span class='ocrx_word' id='word_1_66' title='bbox 339 701 352 714; x_wconf 67' lang='lat'>&gt;³</span> <span class='ocrx_word' id='word_1_67' title='bbox 372 693 497 729; x_wconf 86' lang='lat' dir='ltr'>paratus</span> <span class='ocrx_word' id='word_1_68' title='bbox 524 687 678 723; x_wconf 74' lang='lat' dir='ltr'>existere,</span> <span class='ocrx_word' id='word_1_69' title='bbox 701 701 713 712; x_wconf 84' lang='lat'>»</span> <span class='ocrx_word' id='word_1_70' title='bbox 742 692 799 715; x_wconf 75' lang='lat' dir='ltr'>ele.</span> 
     </span>
    </p>
   </div>
   <div class='ocr_carea' id='block_1_4' title="bbox 336 736 1360 3438">
    <p class='ocr_par' dir='ltr' id='par_1_4' title="bbox 336 736 1343 1362">
     <span class='ocr_line' id='line_1_11' title="bbox 340 736 1340 778; baseline -0.01 -6"><span class='ocrx_word' id='word_1_71' title='bbox 340 756 353 767; x_wconf 70' lang='grc' dir='ltr'>ι</span> <span class='ocrx_word' id='word_1_72' title='bbox 374 742 544 778; x_wconf 70' lang='lat' dir='ltr'>Volumus,</span> <span class='ocrx_word' id='word_1_73' title='bbox 576 746 604 771; x_wconf 81' lang='lat' dir='ltr'>et</span> <span class='ocrx_word' id='word_1_74' title='bbox 628 739 868 771; x_wconf 74' lang='lat' dir='ltr'>xicc-dominnm</span> <span class='ocrx_word' id='word_1_75' title='bbox 883 761 890 774; x_wconf 85' lang='lat'>,</span> <span class='ocrx_word' id='word_1_76' title='bbox 914 752 925 763; x_wconf 82' lang='lat'>»</span> <span class='ocrx_word' id='word_1_77' title='bbox 944 736 975 766; x_wconf 93' lang='lat' dir='ltr'>id</span> <span class='ocrx_word' id='word_1_78' title='bbox 1000 741 1045 766; x_wconf 83' lang='lat' dir='ltr'>est</span> <span class='ocrx_word' id='word_1_79' title='bbox 1071 744 1268 764; x_wconf 79' lang='lat' dir='ltr'>oeconomum</span> <span class='ocrx_word' id='word_1_80' title='bbox 1292 744 1340 763; x_wconf 89' lang='lat' dir='ltr'>re-</span> 
     </span>
     <span class='ocr_line' id='line_1_12' title="bbox 339 786 1343 836; baseline -0.009 -12"><span class='ocrx_word' id='word_1_81' title='bbox 339 805 407 824; x_wconf 83' lang='grc'><strong>10111</strong></span> <span class='ocrx_word' id='word_1_82' title='bbox 435 794 676 836; x_wconf 79' lang='lat' dir='ltr'>episcopalium,</span> <span class='ocrx_word' id='word_1_83' title='bbox 698 792 748 834; x_wconf 91' lang='lat' dir='ltr'>qui</span> <span class='ocrx_word' id='word_1_84' title='bbox 771 791 864 821; x_wconf 65' lang='lat' dir='ltr'>rebus</span> <span class='ocrx_word' id='word_1_85' title='bbox 887 788 1133 831; x_wconf 80' lang='lat' dir='ltr'>episcopalibus,</span> <span class='ocrx_word' id='word_1_86' title='bbox 1157 792 1187 817; x_wconf 91' lang='lat' dir='ltr'>ct</span> <span class='ocrx_word' id='word_1_87' title='bbox 1215 786 1343 827; x_wconf 86' lang='lat' dir='ltr'>hospiti-</span> 
     </span>
     <span class='ocr_line' id='line_1_13' title="bbox 340 839 1342 888; baseline -0.012 -10"><span class='ocrx_word' id='word_1_88' title='bbox 340 847 398 877; x_wconf 81' lang='lat' dir='ltr'>bus</span> <span class='ocrx_word' id='word_1_89' title='bbox 418 846 712 888; x_wconf 64' lang='lat' dir='ltr'>supervenientibus</span> <span class='ocrx_word' id='word_1_90' title='bbox 738 843 914 886; x_wconf 62' lang='lat' dir='ltr'>provideat.</span> <span class='ocrx_word' id='word_1_91' title='bbox 944 856 955 867; x_wconf 71' lang='grc' dir='ltr'>α</span> <span class='ocrx_word' id='word_1_92' title='bbox 985 840 1067 880; x_wconf 82' lang='lat' dir='ltr'>Quia</span> <span class='ocrx_word' id='word_1_93' title='bbox 1093 839 1264 881; x_wconf 80' lang='lat' dir='ltr'>Episcopus</span> <span class='ocrx_word' id='word_1_94' title='bbox 1281 862 1288 875; x_wconf 95' lang='lat'>,</span> <span class='ocrx_word' id='word_1_95' title='bbox 1329 853 1342 865; x_wconf 66' lang='grc' dir='ltr'><strong><em>ι</em></strong></span> 
     </span>
     <span class='ocr_line' id='line_1_14' title="bbox 340 892 1340 941; baseline -0.008 -12"><span class='ocrx_word' id='word_1_96' title='bbox 340 900 460 941; x_wconf 86' lang='lat' dir='ltr'>inquit,</span> <span class='ocrx_word' id='word_1_97' title='bbox 493 914 505 925; x_wconf 73' lang='grc' dir='ltr'>ιι</span> <span class='ocrx_word' id='word_1_98' title='bbox 527 910 590 929; x_wconf 89' lang='lat' dir='ltr'>non</span> <span class='ocrx_word' id='word_1_99' title='bbox 614 903 713 940; x_wconf 83' lang='lat' dir='ltr'>potest</span> <span class='ocrx_word' id='word_1_100' title='bbox 745 896 818 927; x_wconf 86' lang='lat' dir='ltr'>talia</span> <span class='ocrx_word' id='word_1_101' title='bbox 848 895 970 936; x_wconf 80' lang='lat' dir='ltr'>negotia</span> <span class='ocrx_word' id='word_1_102' title='bbox 993 893 1024 923; x_wconf 90' lang='lat' dir='ltr'>in</span> <span class='ocrx_word' id='word_1_103' title='bbox 1052 892 1178 934; x_wconf 83' lang='lat' dir='ltr'>propria</span> <span class='ocrx_word' id='word_1_104' title='bbox 1208 902 1340 933; x_wconf 86' lang='lat' dir='ltr'>persona</span> 
     </span>
     <span class='ocr_line' id='line_1_15' title="bbox 340 946 1342 992; baseline -0.01 -8"><span class='ocrx_word' id='word_1_105' title='bbox 340 969 352 980; x_wconf 65' lang='lat' dir='ltr'>u</span> <span class='ocrx_word' id='word_1_106' title='bbox 374 959 519 984; x_wconf 80' lang='lat' dir='ltr'>tractare.</span> <span class='ocrx_word' id='word_1_107' title='bbox 545 967 557 978; x_wconf 71' lang='lat' dir='ltr'>n</span> <span class='ocrx_word' id='word_1_108' title='bbox 574 952 656 981; x_wconf 81' lang='lat' dir='ltr'>Vide</span> <span class='ocrx_word' id='word_1_109' title='bbox 671 956 779 992; x_wconf 78' lang='grc'><strong>1110051.</strong></span> <span class='ocrx_word' id='word_1_110' title='bbox 805 952 822 979; x_wconf 84' lang='grc'>3</span> <span class='ocrx_word' id='word_1_111' title='bbox 839 973 845 986; x_wconf 84' lang='grc'><strong>,</strong></span> <span class='ocrx_word' id='word_1_112' title='bbox 864 964 876 973; x_wconf 89' lang='lat'>«</span> <span class='ocrx_word' id='word_1_113' title='bbox 899 948 981 987; x_wconf 85' lang='lat' dir='ltr'>Quia</span> <span class='ocrx_word' id='word_1_114' title='bbox 1001 946 1193 988; x_wconf 77' lang='lat' dir='ltr'>Episcopus,</span> <span class='ocrx_word' id='word_1_115' title='bbox 1212 960 1224 971; x_wconf 88' lang='lat'>»</span> <span class='ocrx_word' id='word_1_116' title='bbox 1241 951 1270 975; x_wconf 91' lang='lat' dir='ltr'>et</span> <span class='ocrx_word' id='word_1_117' title='bbox 1291 955 1342 975; x_wconf 88' lang='lat' dir='ltr'>re-</span> 
     </span>
     <span class='ocr_line' id='line_1_16' title="bbox 339 998 1341 1046; baseline -0.007 -10"><span class='ocrx_word' id='word_1_118' title='bbox 339 1007 420 1036; x_wconf 70' lang='lat' dir='ltr'>feras</span> <span class='ocrx_word' id='word_1_119' title='bbox 437 1005 521 1046; x_wconf 90' lang='lat' dir='ltr'>quod</span> <span class='ocrx_word' id='word_1_120' title='bbox 549 1004 661 1034; x_wconf 85' lang='lat' dir='ltr'>dicitur</span> <span class='ocrx_word' id='word_1_121' title='bbox 678 1003 716 1033; x_wconf 90' lang='lat' dir='ltr'>de</span> <span class='ocrx_word' id='word_1_122' title='bbox 734 1001 925 1043; x_wconf 78' lang='lat' dir='ltr'>hospitibus,</span> <span class='ocrx_word' id='word_1_123' title='bbox 957 999 996 1029; x_wconf 86' lang='lat' dir='ltr'>ad</span> <span class='ocrx_word' id='word_1_124' title='bbox 1015 998 1268 1029; x_wconf 72' lang='lat' dir='ltr'>vice-dominnm.</span> <span class='ocrx_word' id='word_1_125' title='bbox 1293 1001 1341 1029; x_wconf 81' lang='lat' dir='ltr'>Ita</span> 
     </span>
     <span class='ocr_line' id='line_1_17' title="bbox 338 1051 1339 1089; baseline -0.009 0"><span class='ocrx_word' id='word_1_126' title='bbox 338 1059 440 1089; x_wconf 80' lang='lat' dir='ltr'>Closs.</span> <span class='ocrx_word' id='word_1_127' title='bbox 475 1059 591 1087; x_wconf 81' lang='lat' dir='ltr'>Verum</span> <span class='ocrx_word' id='word_1_128' title='bbox 614 1056 764 1086; x_wconf 77' lang='lat' dir='ltr'>Filesacus</span> <span class='ocrx_word' id='word_1_129' title='bbox 785 1053 894 1084; x_wconf 85' lang='lat' dir='ltr'>Theol.</span> <span class='ocrx_word' id='word_1_130' title='bbox 922 1052 1020 1083; x_wconf 79' lang='lat' dir='ltr'>Paris.</span> <span class='ocrx_word' id='word_1_131' title='bbox 1047 1051 1085 1081; x_wconf 87' lang='lat' dir='ltr'>ad</span> <span class='ocrx_word' id='word_1_132' title='bbox 1114 1051 1161 1081; x_wconf 89' lang='lat' dir='ltr'>tit.</span> <span class='ocrx_word' id='word_1_133' title='bbox 1190 1051 1229 1082; x_wconf 86' lang='lat' dir='ltr'>de</span> <span class='ocrx_word' id='word_1_134' title='bbox 1245 1052 1339 1083; x_wconf 74' lang='lat' dir='ltr'>Offie.</span> 
     </span>
     <span class='ocr_line' id='line_1_18' title="bbox 338 1105 1341 1147; baseline -0.005 -6"><span class='ocrx_word' id='word_1_135' title='bbox 338 1112 412 1141; x_wconf 88' lang='lat' dir='ltr'>Jud.</span> <span class='ocrx_word' id='word_1_136' title='bbox 437 1110 549 1140; x_wconf 88' lang='lat' dir='ltr'>Ordin.</span> <span class='ocrx_word' id='word_1_137' title='bbox 578 1109 633 1139; x_wconf 70' lang='lat' dir='ltr'>lzh.</span> <span class='ocrx_word' id='word_1_138' title='bbox 668 1113 677 1138; x_wconf 98' lang='grc'>1</span> <span class='ocrx_word' id='word_1_139' title='bbox 704 1112 828 1140; x_wconf 83' lang='lat' dir='ltr'>Decrct.</span> <span class='ocrx_word' id='word_1_140' title='bbox 857 1117 911 1136; x_wconf 84' lang='lat' dir='ltr'>scu</span> <span class='ocrx_word' id='word_1_141' title='bbox 938 1105 977 1135; x_wconf 88' lang='lat' dir='ltr'>de</span> <span class='ocrx_word' id='word_1_142' title='bbox 997 1115 1084 1135; x_wconf 82' lang='grc'><strong>50010</strong></span> <span class='ocrx_word' id='word_1_143' title='bbox 1112 1105 1341 1147; x_wconf 90' lang='lat' dir='ltr'>Episcoporum</span> 
     </span>
     <span class='ocr_line' id='line_1_19' title="bbox 338 1158 1342 1204; baseline -0.003 -10"><span class='ocrx_word' id='word_1_144' title='bbox 338 1163 540 1198; x_wconf 77' lang='lat' dir='ltr'>auctoritate,</span> <span class='ocrx_word' id='word_1_145' title='bbox 569 1162 611 1192; x_wconf 84' lang='lat' dir='ltr'>ita</span> <span class='ocrx_word' id='word_1_146' title='bbox 631 1162 732 1204; x_wconf 86' lang='lat' dir='ltr'>potius</span> <span class='ocrx_word' id='word_1_147' title='bbox 758 1161 824 1191; x_wconf 79' lang='lat' dir='ltr'>lucc</span> <span class='ocrx_word' id='word_1_148' title='bbox 842 1160 903 1190; x_wconf 90' lang='lat' dir='ltr'>duo</span> <span class='ocrx_word' id='word_1_149' title='bbox 926 1164 1029 1189; x_wconf 85' lang='lat' dir='ltr'>censet</span> <span class='ocrx_word' id='word_1_150' title='bbox 1047 1158 1284 1200; x_wconf 83' lang='lat' dir='ltr'>distinguenda,</span> <span class='ocrx_word' id='word_1_151' title='bbox 1308 1166 1342 1191; x_wconf 91' lang='lat' dir='ltr'>ut</span> 
     </span>
     <span class='ocr_line' id='line_1_20' title="bbox 337 1212 1337 1256; baseline -0.004 -7"><span class='ocrx_word' id='word_1_152' title='bbox 337 1217 490 1249; x_wconf 70' lang='lat' dir='ltr'>oeconomi</span> <span class='ocrx_word' id='word_1_153' title='bbox 517 1228 629 1248; x_wconf 86' lang='lat' dir='ltr'>munus</span> <span class='ocrx_word' id='word_1_154' title='bbox 655 1216 711 1253; x_wconf 80' lang='lat' dir='ltr'>sit,</span> <span class='ocrx_word' id='word_1_155' title='bbox 738 1215 876 1256; x_wconf 74' lang='lat' dir='ltr'>hospites</span> <span class='ocrx_word' id='word_1_156' title='bbox 904 1224 1033 1251; x_wconf 75' lang='lat' dir='ltr'>curare3</span> <span class='ocrx_word' id='word_1_157' title='bbox 1061 1219 1092 1244; x_wconf 88' lang='lat' dir='ltr'>at</span> <span class='ocrx_word' id='word_1_158' title='bbox 1111 1212 1337 1251; x_wconf 67' lang='lat' dir='ltr'>vice-domini,</span> 
     </span>
     <span class='ocr_line' id='line_1_21' title="bbox 336 1267 1339 1310; baseline -0.004 -8"><span class='ocrx_word' id='word_1_159' title='bbox 336 1271 437 1302; x_wconf 86' lang='lat' dir='ltr'>causis</span> <span class='ocrx_word' id='word_1_160' title='bbox 459 1277 489 1302; x_wconf 89' lang='lat' dir='ltr'>et</span> <span class='ocrx_word' id='word_1_161' title='bbox 508 1270 612 1301; x_wconf 90' lang='lat' dir='ltr'>litibus</span> <span class='ocrx_word' id='word_1_162' title='bbox 641 1267 851 1310; x_wconf 80' lang='lat' dir='ltr'>disceptandis</span> <span class='ocrx_word' id='word_1_163' title='bbox 880 1267 1007 1298; x_wconf 85' lang='lat' dir='ltr'>nomine</span> <span class='ocrx_word' id='word_1_164' title='bbox 1030 1267 1168 1308; x_wconf 71' lang='lat' dir='ltr'>episcopi</span> <span class='ocrx_word' id='word_1_165' title='bbox 1193 1278 1339 1308; x_wconf 76' lang='lat' dir='ltr'>praeesse.</span> 
     </span>
     <span class='ocr_line' id='line_1_22' title="bbox 336 1320 1086 1362; baseline -0.007 -7"><span class='ocrx_word' id='word_1_166' title='bbox 336 1324 419 1355; x_wconf 87' lang='lat' dir='ltr'>Vide</span> <span class='ocrx_word' id='word_1_167' title='bbox 436 1324 606 1355; x_wconf 81' lang='lat' dir='ltr'>Filesacum</span> <span class='ocrx_word' id='word_1_168' title='bbox 621 1346 628 1359; x_wconf 88' lang='lat'>,</span> <span class='ocrx_word' id='word_1_169' title='bbox 646 1322 727 1353; x_wconf 86' lang='lat' dir='ltr'>libro</span> <span class='ocrx_word' id='word_1_170' title='bbox 747 1322 841 1352; x_wconf 86' lang='lat' dir='ltr'>citato</span> <span class='ocrx_word' id='word_1_171' title='bbox 859 1332 928 1362; x_wconf 90' lang='lat' dir='ltr'>cap.</span> <span class='ocrx_word' id='word_1_172' title='bbox 954 1323 973 1351; x_wconf 77' lang='lat'><strong>4</strong></span> <span class='ocrx_word' id='word_1_173' title='bbox 988 1347 994 1357; x_wconf 84' lang='lat'>,</span> <span class='ocrx_word' id='word_1_174' title='bbox 1014 1320 1034 1361; x_wconf 67' lang='lat' dir='ltr'>S</span> <span class='ocrx_word' id='word_1_175' title='bbox 1058 1325 1086 1351; x_wconf 72' lang='grc' dir='ltr'>ὁ.</span> 
     </span>
    </p>

    <p class='ocr_par' dir='ltr' id='par_1_5' title="bbox 338 1373 1348 1736">
     <span class='ocr_line' id='line_1_23' title="bbox 387 1373 1342 1416; baseline -0.006 -7"><span class='ocrx_word' id='word_1_176' title='bbox 387 1381 453 1409; x_wconf 82' lang='lat'>502</span> <span class='ocrx_word' id='word_1_177' title='bbox 485 1380 525 1408; x_wconf 82' lang='lat' dir='ltr'>A.</span> <span class='ocrx_word' id='word_1_178' title='bbox 554 1374 781 1408; x_wconf 77' lang='lat' dir='ltr'>VVintoniensis</span> <span class='ocrx_word' id='word_1_179' title='bbox 808 1375 971 1416; x_wconf 87' lang='lat' dir='ltr'>episcopus</span> <span class='ocrx_word' id='word_1_180' title='bbox 1001 1380 1032 1403; x_wconf 86' lang='lat' dir='ltr'>ct</span> <span class='ocrx_word' id='word_1_181' title='bbox 1055 1373 1261 1404; x_wconf 85' lang='lat' dir='ltr'>Eboraceusis</span> <span class='ocrx_word' id='word_1_182' title='bbox 1292 1384 1342 1404; x_wconf 84' lang='lat' dir='ltr'>ar-</span> 
     </span>
     <span class='ocr_line' id='line_1_24' title="bbox 338 1426 1343 1472; baseline -0.003 -11"><span class='ocrx_word' id='word_1_183' title='bbox 338 1431 550 1472; x_wconf 64' lang='lat' dir='ltr'>chiepiscopus</span> <span class='ocrx_word' id='word_1_184' title='bbox 576 1440 639 1460; x_wconf 92' lang='lat' dir='ltr'>non</span> <span class='ocrx_word' id='word_1_185' title='bbox 669 1428 853 1470; x_wconf 83' lang='lat' dir='ltr'>gradiuntur</span> <span class='ocrx_word' id='word_1_186' title='bbox 879 1438 940 1458; x_wconf 90' lang='lat' dir='ltr'>uno</span> <span class='ocrx_word' id='word_1_187' title='bbox 967 1426 1079 1468; x_wconf 87' lang='lat' dir='ltr'>spiritu</span> <span class='ocrx_word' id='word_1_188' title='bbox 1108 1438 1178 1457; x_wconf 86' lang='lat' dir='ltr'>cum</span> <span class='ocrx_word' id='word_1_189' title='bbox 1208 1430 1343 1459; x_wconf 82' lang='lat' dir='ltr'>Cantua-</span> 
     </span>
     <span class='ocr_line' id='line_1_25' title="bbox 338 1480 1345 1524; baseline -0.002 -11"><span class='ocrx_word' id='word_1_190' title='bbox 338 1484 432 1514; x_wconf 79' lang='lat' dir='ltr'>riensi</span> <span class='ocrx_word' id='word_1_191' title='bbox 461 1483 706 1524; x_wconf 81' lang='lat' dir='ltr'>archiepiscopo.</span> <span class='ocrx_word' id='word_1_192' title='bbox 738 1501 781 1504; x_wconf 41' lang='grc' dir='ltr'><strong>ψ</strong></span> <span class='ocrx_word' id='word_1_193' title='bbox 816 1480 1047 1512; x_wconf 69' lang='lat' dir='ltr'>wintoniensis</span> <span class='ocrx_word' id='word_1_194' title='bbox 1080 1480 1245 1522; x_wconf 87' lang='lat' dir='ltr'>episcopus</span> <span class='ocrx_word' id='word_1_195' title='bbox 1278 1486 1345 1511; x_wconf 86' lang='lat' dir='ltr'>erat</span> 
     </span>
     <span class='ocr_line' id='line_1_26' title="bbox 338 1533 1345 1576; baseline -0.003 -9"><span class='ocrx_word' id='word_1_196' title='bbox 338 1536 496 1567; x_wconf 73' lang='lat' dir='ltr'>Hem-icus</span> <span class='ocrx_word' id='word_1_197' title='bbox 512 1536 666 1566; x_wconf 73' lang='lat' dir='ltr'>Blescnsis</span> <span class='ocrx_word' id='word_1_198' title='bbox 683 1535 734 1576; x_wconf 90' lang='lat' dir='ltr'>qui</span> <span class='ocrx_word' id='word_1_199' title='bbox 757 1535 842 1576; x_wconf 88' lang='lat' dir='ltr'>prius</span> <span class='ocrx_word' id='word_1_200' title='bbox 861 1533 957 1564; x_wconf 86' lang='lat' dir='ltr'>abbas</span> <span class='ocrx_word' id='word_1_201' title='bbox 984 1533 1211 1564; x_wconf 62' lang='lat' dir='ltr'>Glastoniensis</span> <span class='ocrx_word' id='word_1_202' title='bbox 1223 1557 1230 1571; x_wconf 88' lang='lat'>,</span> <span class='ocrx_word' id='word_1_203' title='bbox 1247 1544 1345 1575; x_wconf 81' lang='lat' dir='ltr'>nepos</span> 
     </span>
     <span class='ocr_line' id='line_1_27' title="bbox 339 1586 1345 1630; baseline -0.002 -11"><span class='ocrx_word' id='word_1_204' title='bbox 339 1590 467 1620; x_wconf 72' lang='lat' dir='ltr'>Heni-ici</span> <span class='ocrx_word' id='word_1_205' title='bbox 486 1589 565 1630; x_wconf 81' lang='lat' dir='ltr'>regis</span> <span class='ocrx_word' id='word_1_206' title='bbox 582 1601 589 1627; x_wconf 87' lang='lat'><strong>;</strong></span> <span class='ocrx_word' id='word_1_207' title='bbox 615 1595 710 1630; x_wconf 87' lang='lat' dir='ltr'>atque</span> <span class='ocrx_word' id='word_1_208' title='bbox 731 1588 810 1618; x_wconf 69' lang='lat' dir='ltr'>adt-o</span> <span class='ocrx_word' id='word_1_209' title='bbox 831 1587 934 1618; x_wconf 80' lang='lat' dir='ltr'>fautor</span> <span class='ocrx_word' id='word_1_210' title='bbox 951 1586 1104 1617; x_wconf 79' lang='lat' dir='ltr'>Witletmi</span> <span class='ocrx_word' id='word_1_211' title='bbox 1130 1587 1197 1628; x_wconf 86' lang='lat' dir='ltr'>ejus</span> <span class='ocrx_word' id='word_1_212' title='bbox 1214 1597 1345 1618; x_wconf 81' lang='lat' dir='ltr'>consan-</span> 
     </span>
     <span class='ocr_line' id='line_1_28' title="bbox 338 1639 1348 1682; baseline -0.001 -11"><span class='ocrx_word' id='word_1_213' title='bbox 338 1642 452 1682; x_wconf 74' lang='lat' dir='ltr'>guinei.</span> <span class='ocrx_word' id='word_1_214' title='bbox 486 1641 688 1673; x_wconf 82' lang='lat' dir='ltr'>Theobaldus</span> <span class='ocrx_word' id='word_1_215' title='bbox 721 1652 759 1671; x_wconf 74' lang='lat' dir='ltr'>cx</span> <span class='ocrx_word' id='word_1_216' title='bbox 792 1640 905 1671; x_wconf 79' lang='lat' dir='ltr'>abbate</span> <span class='ocrx_word' id='word_1_217' title='bbox 945 1639 1093 1671; x_wconf 84' lang='lat' dir='ltr'>Beccensi</span> <span class='ocrx_word' id='word_1_218' title='bbox 1123 1646 1191 1671; x_wconf 89' lang='lat' dir='ltr'>erat</span> <span class='ocrx_word' id='word_1_219' title='bbox 1219 1642 1348 1671; x_wconf 84' lang='lat' dir='ltr'>antistes</span> 
     </span>
     <span class='ocr_line' id='line_1_29' title="bbox 338 1694 1024 1736; baseline -0.001 -11"><span class='ocrx_word' id='word_1_220' title='bbox 338 1695 590 1731; x_wconf 77' lang='lat' dir='ltr'>Cantuariensis,</span> <span class='ocrx_word' id='word_1_221' title='bbox 614 1695 653 1725; x_wconf 90' lang='lat' dir='ltr'>ad</span> <span class='ocrx_word' id='word_1_222' title='bbox 672 1705 766 1736; x_wconf 85' lang='lat' dir='ltr'>quem</span> <span class='ocrx_word' id='word_1_223' title='bbox 789 1694 921 1736; x_wconf 80' lang='lat' dir='ltr'>epistola</span> <span class='ocrx_word' id='word_1_224' title='bbox 944 1697 1024 1724; x_wconf 75' lang='lat'>301.</span> 
     </span>
    </p>

    <p class='ocr_par' dir='ltr' id='par_1_6' title="bbox 339 1746 1353 2216">
     <span class='ocr_line' id='line_1_30' title="bbox 388 1746 1349 1789; baseline -0.002 -10"><span class='ocrx_word' id='word_1_225' title='bbox 388 1752 450 1779; x_wconf 67' lang='lat'>50¹2</span> <span class='ocrx_word' id='word_1_226' title='bbox 472 1751 512 1779; x_wconf 88' lang='lat' dir='ltr'>A.</span> <span class='ocrx_word' id='word_1_227' title='bbox 533 1750 645 1778; x_wconf 68' lang='lat' dir='ltr'>Nonne</span> <span class='ocrx_word' id='word_1_228' title='bbox 670 1747 875 1778; x_wconf 88' lang='lat' dir='ltr'>Eboracensis</span> <span class='ocrx_word' id='word_1_229' title='bbox 894 1748 959 1789; x_wconf 89' lang='lat' dir='ltr'>ipse</span> <span class='ocrx_word' id='word_1_230' title='bbox 977 1754 1032 1778; x_wconf 88' lang='lat' dir='ltr'>est.</span> <span class='ocrx_word' id='word_1_231' title='bbox 1049 1766 1093 1769; x_wconf 88' lang='lat'>—</span> <span class='ocrx_word' id='word_1_232' title='bbox 1109 1749 1209 1779; x_wconf 86' lang='lat' dir='ltr'>Causa</span> <span class='ocrx_word' id='word_1_233' title='bbox 1228 1746 1349 1778; x_wconf 85' lang='lat' dir='ltr'>Ebora—</span> 
     </span>
     <span class='ocr_line' id='line_1_31' title="bbox 339 1800 1350 1842; baseline -0.001 -10"><span class='ocrx_word' id='word_1_234' title='bbox 339 1801 437 1832; x_wconf 83' lang='lat' dir='ltr'>censis</span> <span class='ocrx_word' id='word_1_235' title='bbox 457 1801 625 1838; x_wconf 77' lang='lat' dir='ltr'>willelmi,</span> <span class='ocrx_word' id='word_1_236' title='bbox 650 1801 689 1831; x_wconf 85' lang='lat' dir='ltr'>de</span> <span class='ocrx_word' id='word_1_237' title='bbox 714 1812 774 1842; x_wconf 86' lang='lat' dir='ltr'>qua</span> <span class='ocrx_word' id='word_1_238' title='bbox 801 1801 832 1831; x_wconf 91' lang='lat' dir='ltr'>in</span> <span class='ocrx_word' id='word_1_239' title='bbox 856 1800 985 1842; x_wconf 86' lang='lat' dir='ltr'>epistola</span> <span class='ocrx_word' id='word_1_240' title='bbox 1008 1804 1087 1838; x_wconf 80' lang='lat'>235,</span> <span class='ocrx_word' id='word_1_241' title='bbox 1110 1800 1245 1831; x_wconf 87' lang='lat' dir='ltr'>necdum</span> <span class='ocrx_word' id='word_1_242' title='bbox 1264 1811 1350 1831; x_wconf 88' lang='lat' dir='ltr'>com-</span> 
     </span>
     <span class='ocr_line' id='line_1_32' title="bbox 339 1854 1348 1896; baseline 0 -11"><span class='ocrx_word' id='word_1_243' title='bbox 339 1855 438 1896; x_wconf 84' lang='lat' dir='ltr'>posita</span> <span class='ocrx_word' id='word_1_244' title='bbox 463 1861 529 1885; x_wconf 88' lang='lat' dir='ltr'>erat</span> <span class='ocrx_word' id='word_1_245' title='bbox 554 1854 614 1885; x_wconf 89' lang='lat' dir='ltr'>hoc</span> <span class='ocrx_word' id='word_1_246' title='bbox 639 1865 722 1885; x_wconf 86' lang='lat' dir='ltr'>anno</span> <span class='ocrx_word' id='word_1_247' title='bbox 745 1864 752 1884; x_wconf 89' lang='lat'>:</span> <span class='ocrx_word' id='word_1_248' title='bbox 773 1865 845 1884; x_wconf 88' lang='lat' dir='ltr'>nam</span> <span class='ocrx_word' id='word_1_249' title='bbox 872 1859 949 1885; x_wconf 86' lang='lat' dir='ltr'>teste</span> <span class='ocrx_word' id='word_1_250' title='bbox 974 1854 1102 1884; x_wconf 88' lang='lat' dir='ltr'>Serlone</span> <span class='ocrx_word' id='word_1_251' title='bbox 1127 1854 1161 1884; x_wconf 93' lang='lat' dir='ltr'>in</span> <span class='ocrx_word' id='word_1_252' title='bbox 1180 1854 1348 1885; x_wconf 87' lang='lat' dir='ltr'>Monastici</span> 
     </span>
     <span class='ocr_line' id='line_1_33' title="bbox 340 1907 1346 1949; baseline 0 -11"><span class='ocrx_word' id='word_1_253' title='bbox 340 1908 504 1949; x_wconf 78' lang='lat' dir='ltr'>Anglicani</span> <span class='ocrx_word' id='word_1_254' title='bbox 517 1914 601 1939; x_wconf 89' lang='lat' dir='ltr'>tomo</span> <span class='ocrx_word' id='word_1_255' title='bbox 621 1912 649 1946; x_wconf 87' lang='lat'>1,</span> <span class='ocrx_word' id='word_1_256' title='bbox 669 1919 739 1949; x_wconf 86' lang='lat' dir='ltr'>pag.</span> <span class='ocrx_word' id='word_1_257' title='bbox 759 1910 797 1939; x_wconf 75' lang='lat'>74</span> <span class='ocrx_word' id='word_1_258' title='bbox 808 1911 840 1946; x_wconf 90' lang='lat'>7,</span> <span class='ocrx_word' id='word_1_259' title='bbox 865 1921 876 1933; x_wconf 78' lang='grc' dir='ltr'>α</span> <span class='ocrx_word' id='word_1_260' title='bbox 900 1907 965 1948; x_wconf 82' lang='grc'><strong>11150</strong></span> <span class='ocrx_word' id='word_1_261' title='bbox 978 1907 1133 1938; x_wconf 82' lang='lat' dir='ltr'>cathedrae</span> <span class='ocrx_word' id='word_1_262' title='bbox 1147 1907 1346 1949; x_wconf 71' lang='lat' dir='ltr'>przesidebat,</span> 
     </span>
     <span class='ocr_line' id='line_1_34' title="bbox 345 1959 1351 2003; baseline -0.001 -11"><span class='ocrx_word' id='word_1_263' title='bbox 345 1977 358 1988; x_wconf 72' lang='lat' dir='ltr'>n</span> <span class='ocrx_word' id='word_1_264' title='bbox 377 1972 448 1992; x_wconf 89' lang='lat' dir='ltr'>usus</span> <span class='ocrx_word' id='word_1_265' title='bbox 466 1961 548 2003; x_wconf 80' lang='lat' dir='ltr'>regia</span> <span class='ocrx_word' id='word_1_266' title='bbox 567 1967 719 2002; x_wconf 83' lang='lat' dir='ltr'>potestate</span> <span class='ocrx_word' id='word_1_267' title='bbox 739 1961 771 1991; x_wconf 91' lang='lat' dir='ltr'>in</span> <span class='ocrx_word' id='word_1_268' title='bbox 795 1971 848 1991; x_wconf 89' lang='lat' dir='ltr'>eos</span> <span class='ocrx_word' id='word_1_269' title='bbox 869 1960 921 2002; x_wconf 89' lang='lat' dir='ltr'>qui</span> <span class='ocrx_word' id='word_1_270' title='bbox 938 1959 1135 1991; x_wconf 80' lang='lat' dir='ltr'>resistebant.</span> <span class='ocrx_word' id='word_1_271' title='bbox 1161 1975 1174 1987; x_wconf 66' lang='lat' dir='ltr'>&gt;a</span> <span class='ocrx_word' id='word_1_272' title='bbox 1196 1960 1351 1991; x_wconf 87' lang='lat' dir='ltr'>Henricus</span> 
     </span>
     <span class='ocr_line' id='line_1_35' title="bbox 342 2014 1348 2056; baseline 0 -11"><span class='ocrx_word' id='word_1_273' title='bbox 342 2015 438 2045; x_wconf 87' lang='lat' dir='ltr'>abbas</span> <span class='ocrx_word' id='word_1_274' title='bbox 457 2014 659 2045; x_wconf 86' lang='lat' dir='ltr'>Fontanensis</span> <span class='ocrx_word' id='word_1_275' title='bbox 676 2024 746 2045; x_wconf 83' lang='lat' dir='ltr'>curn</span> <span class='ocrx_word' id='word_1_276' title='bbox 764 2014 831 2045; x_wconf 87' lang='lat' dir='ltr'>aliis</span> <span class='ocrx_word' id='word_1_277' title='bbox 848 2025 919 2045; x_wconf 87' lang='lat' dir='ltr'>eum</span> <span class='ocrx_word' id='word_1_278' title='bbox 936 2014 1088 2056; x_wconf 75' lang='lat' dir='ltr'>pertraxit</span> <span class='ocrx_word' id='word_1_279' title='bbox 1105 2014 1144 2045; x_wconf 82' lang='lat' dir='ltr'>ad</span> <span class='ocrx_word' id='word_1_280' title='bbox 1161 2014 1348 2056; x_wconf 83' lang='lat' dir='ltr'>Eugenium,</span> 
     </span>
     <span class='ocr_line' id='line_1_36' title="bbox 342 2067 1352 2109; baseline 0 -11"><span class='ocrx_word' id='word_1_281' title='bbox 342 2079 439 2109; x_wconf 89' lang='lat' dir='ltr'>aquo</span> <span class='ocrx_word' id='word_1_282' title='bbox 460 2074 579 2099; x_wconf 89' lang='lat' dir='ltr'>amotus</span> <span class='ocrx_word' id='word_1_283' title='bbox 605 2074 650 2099; x_wconf 88' lang='lat' dir='ltr'>est</span> <span class='ocrx_word' id='word_1_284' title='bbox 677 2068 863 2099; x_wconf 89' lang='lat' dir='ltr'>Willelmus.</span> <span class='ocrx_word' id='word_1_285' title='bbox 893 2068 966 2109; x_wconf 87' lang='lat' dir='ltr'>Ejus</span> <span class='ocrx_word' id='word_1_286' title='bbox 992 2067 1128 2098; x_wconf 84' lang='lat' dir='ltr'>fautores</span> <span class='ocrx_word' id='word_1_287' title='bbox 1155 2070 1352 2099; x_wconf 84' lang='lat' dir='ltr'>Fontanense</span> 
     </span>
     <span class='ocr_line' id='line_1_37' title="bbox 343 2121 1353 2164; baseline 0.001 -13"><span class='ocrx_word' id='word_1_288' title='bbox 343 2121 564 2152; x_wconf 82' lang='lat' dir='ltr'>monasterium</span> <span class='ocrx_word' id='word_1_289' title='bbox 583 2121 789 2164; x_wconf 86' lang='lat' dir='ltr'>diripuerunt.</span> <span class='ocrx_word' id='word_1_290' title='bbox 812 2124 859 2152; x_wconf 90' lang='lat' dir='ltr'>De</span> <span class='ocrx_word' id='word_1_291' title='bbox 884 2121 1012 2152; x_wconf 87' lang='lat' dir='ltr'>Henrici</span> <span class='ocrx_word' id='word_1_292' title='bbox 1037 2121 1189 2153; x_wconf 86' lang='lat' dir='ltr'>electione</span> <span class='ocrx_word' id='word_1_293' title='bbox 1208 2121 1289 2152; x_wconf 85' lang='lat' dir='ltr'>infra</span> <span class='ocrx_word' id='word_1_294' title='bbox 1313 2121 1353 2152; x_wconf 89' lang='lat' dir='ltr'>ad</span> 
     </span>
     <span class='ocr_line' id='line_1_38' title="bbox 345 2174 603 2216; baseline 0 -12"><span class='ocrx_word' id='word_1_295' title='bbox 345 2174 507 2216; x_wconf 85' lang='lat' dir='ltr'>epistolam</span> <span class='ocrx_word' id='word_1_296' title='bbox 527 2178 603 2206; x_wconf 66' lang='lat'>232.</span> 
     </span>
    </p>

    <p class='ocr_par' dir='ltr' id='par_1_7' title="bbox 345 2226 1360 3438">
     <span class='ocr_line' id='line_1_39' title="bbox 394 2226 1354 2269; baseline 0.001 -12"><span class='ocrx_word' id='word_1_297' title='bbox 394 2231 457 2259; x_wconf 73' lang='grc'>503</span> <span class='ocrx_word' id='word_1_298' title='bbox 480 2231 514 2258; x_wconf 86' lang='grc' dir='ltr'>Β.</span> <span class='ocrx_word' id='word_1_299' title='bbox 535 2231 730 2269; x_wconf 88' lang='lat' dir='ltr'>Quantorum</span> <span class='ocrx_word' id='word_1_300' title='bbox 755 2227 787 2258; x_wconf 92' lang='lat' dir='ltr'>in</span> <span class='ocrx_word' id='word_1_301' title='bbox 812 2227 899 2258; x_wconf 67' lang='lat' dir='ltr'>brevi</span> <span class='ocrx_word' id='word_1_302' title='bbox 926 2231 1140 2259; x_wconf 88' lang='lat' dir='ltr'>Romanorum</span> <span class='ocrx_word' id='word_1_303' title='bbox 1166 2226 1354 2258; x_wconf 88' lang='lat' dir='ltr'>Pontificum</span> 
     </span>
     <span class='ocr_line' id='line_1_40' title="bbox 345 2280 1354 2322; baseline 0.002 -12"><span class='ocrx_word' id='word_1_304' title='bbox 345 2287 460 2311; x_wconf 90' lang='lat' dir='ltr'>mortes</span> <span class='ocrx_word' id='word_1_305' title='bbox 491 2281 550 2312; x_wconf 91' lang='lat' dir='ltr'>tuis</span> <span class='ocrx_word' id='word_1_306' title='bbox 578 2281 673 2311; x_wconf 90' lang='lat' dir='ltr'>oculis</span> <span class='ocrx_word' id='word_1_307' title='bbox 702 2280 866 2322; x_wconf 78' lang='lat' dir='ltr'>aspexisti!</span> <span class='ocrx_word' id='word_1_308' title='bbox 890 2298 936 2302; x_wconf 80' lang='lat'>——</span> <span class='ocrx_word' id='word_1_309' title='bbox 961 2280 1079 2311; x_wconf 85' lang='lat' dir='ltr'>Mirum</span> <span class='ocrx_word' id='word_1_310' title='bbox 1105 2291 1170 2311; x_wconf 91' lang='lat' dir='ltr'>non</span> <span class='ocrx_word' id='word_1_311' title='bbox 1197 2281 1354 2312; x_wconf 88' lang='lat' dir='ltr'>immerito</span> 
     </span>
     <span class='ocr_line' id='line_1_41' title="bbox 345 2333 1353 2375; baseline 0.003 -12"><span class='ocrx_word' id='word_1_312' title='bbox 345 2333 443 2364; x_wconf 61' lang='lat' dir='ltr'>videri</span> <span class='ocrx_word' id='word_1_313' title='bbox 465 2334 579 2375; x_wconf 85' lang='lat' dir='ltr'>possit,</span> <span class='ocrx_word' id='word_1_314' title='bbox 598 2334 673 2375; x_wconf 90' lang='lat' dir='ltr'>qnid</span> <span class='ocrx_word' id='word_1_315' title='bbox 695 2334 751 2371; x_wconf 89' lang='lat' dir='ltr'>sit,</span> <span class='ocrx_word' id='word_1_316' title='bbox 771 2345 826 2365; x_wconf 86' lang='lat' dir='ltr'>cur</span> <span class='ocrx_word' id='word_1_317' title='bbox 849 2339 912 2364; x_wconf 91' lang='lat' dir='ltr'>tam</span> <span class='ocrx_word' id='word_1_318' title='bbox 938 2333 1042 2365; x_wconf 77' lang='lat' dir='ltr'>brevis</span> <span class='ocrx_word' id='word_1_319' title='bbox 1059 2334 1115 2364; x_wconf 68' lang='lat' dir='ltr'>aevi</span> <span class='ocrx_word' id='word_1_320' title='bbox 1137 2334 1198 2365; x_wconf 90' lang='lat' dir='ltr'>sint</span> <span class='ocrx_word' id='word_1_321' title='bbox 1216 2335 1353 2366; x_wconf 86' lang='lat' dir='ltr'>Romani</span> 
     </span>
     <span class='ocr_line' id='line_1_42' title="bbox 345 2387 1353 2429; baseline -0.001 -10"><span class='ocrx_word' id='word_1_322' title='bbox 345 2387 529 2425; x_wconf 79' lang='lat' dir='ltr'>Pontifices,</span> <span class='ocrx_word' id='word_1_323' title='bbox 561 2393 594 2418; x_wconf 94' lang='grc'>111</span> <span class='ocrx_word' id='word_1_324' title='bbox 619 2387 701 2417; x_wconf 87' lang='lat' dir='ltr'>solus</span> <span class='ocrx_word' id='word_1_325' title='bbox 731 2390 839 2418; x_wconf 88' lang='lat' dir='ltr'>Petrus</span> <span class='ocrx_word' id='word_1_326' title='bbox 869 2393 995 2428; x_wconf 88' lang='lat' dir='ltr'>putetur</span> <span class='ocrx_word' id='word_1_327' title='bbox 1023 2398 1139 2418; x_wconf 88' lang='lat' dir='ltr'>annum</span> <span class='ocrx_word' id='word_1_328' title='bbox 1170 2387 1353 2429; x_wconf 61' lang='lat' dir='ltr'>vigesimum</span> 
     </span>
     <span class='ocr_line' id='line_1_43' title="bbox 345 2440 1353 2483; baseline 0.001 -12"><span class='ocrx_word' id='word_1_329' title='bbox 345 2441 487 2482; x_wconf 88' lang='lat' dir='ltr'>quintum</span> <span class='ocrx_word' id='word_1_330' title='bbox 505 2440 658 2482; x_wconf 78' lang='lat' dir='ltr'>attigisse;</span> <span class='ocrx_word' id='word_1_331' title='bbox 683 2440 831 2482; x_wconf 90' lang='lat' dir='ltr'>plurimos</span> <span class='ocrx_word' id='word_1_332' title='bbox 843 2440 949 2482; x_wconf 87' lang='lat' dir='ltr'>paucis</span> <span class='ocrx_word' id='word_1_333' title='bbox 966 2441 1056 2471; x_wconf 87' lang='lat' dir='ltr'>annis</span> <span class='ocrx_word' id='word_1_334' title='bbox 1073 2447 1126 2471; x_wconf 89' lang='lat' dir='ltr'>aut</span> <span class='ocrx_word' id='word_1_335' title='bbox 1142 2441 1248 2483; x_wconf 89' lang='lat' dir='ltr'>paucis</span> <span class='ocrx_word' id='word_1_336' title='bbox 1266 2452 1353 2472; x_wconf 87' lang='lat' dir='ltr'>men-</span> 
     </span>
     <span class='ocr_line' id='line_1_44' title="bbox 346 2493 1354 2537; baseline 0.001 -13"><span class='ocrx_word' id='word_1_337' title='bbox 346 2494 449 2532; x_wconf 89' lang='lat' dir='ltr'>sibus,</span> <span class='ocrx_word' id='word_1_338' title='bbox 470 2494 532 2524; x_wconf 87' lang='lat' dir='ltr'>imo</span> <span class='ocrx_word' id='word_1_339' title='bbox 551 2505 614 2524; x_wconf 91' lang='lat' dir='ltr'>non</span> <span class='ocrx_word' id='word_1_340' title='bbox 634 2494 738 2524; x_wconf 89' lang='lat' dir='ltr'>multis</span> <span class='ocrx_word' id='word_1_341' title='bbox 765 2493 874 2524; x_wconf 88' lang='lat' dir='ltr'>diebus</span> <span class='ocrx_word' id='word_1_342' title='bbox 897 2495 1095 2536; x_wconf 85' lang='lat' dir='ltr'>superstites,</span> <span class='ocrx_word' id='word_1_343' title='bbox 1115 2505 1198 2526; x_wconf 90' lang='lat' dir='ltr'>mors</span> <span class='ocrx_word' id='word_1_344' title='bbox 1222 2506 1354 2537; x_wconf 75' lang='lat' dir='ltr'>praema-</span> 
     </span>
     <span class='ocr_line' id='line_1_45' title="bbox 346 2547 1354 2590; baseline 0 -12"><span class='ocrx_word' id='word_1_345' title='bbox 346 2554 414 2578; x_wconf 87' lang='lat' dir='ltr'>tura</span> <span class='ocrx_word' id='word_1_346' title='bbox 432 2548 588 2588; x_wconf 82' lang='lat' dir='ltr'>rapuerit,</span> <span class='ocrx_word' id='word_1_347' title='bbox 608 2558 678 2578; x_wconf 90' lang='lat' dir='ltr'>cum</span> <span class='ocrx_word' id='word_1_348' title='bbox 696 2547 855 2578; x_wconf 76' lang='lat' dir='ltr'>videamus</span> <span class='ocrx_word' id='word_1_349' title='bbox 873 2547 1098 2589; x_wconf 90' lang='lat' dir='ltr'>imperatorum</span> <span class='ocrx_word' id='word_1_350' title='bbox 1114 2554 1145 2579; x_wconf 90' lang='lat' dir='ltr'>et</span> <span class='ocrx_word' id='word_1_351' title='bbox 1159 2558 1267 2589; x_wconf 85' lang='lat' dir='ltr'>regum</span> <span class='ocrx_word' id='word_1_352' title='bbox 1284 2548 1354 2590; x_wconf 88' lang='lat' dir='ltr'>plu-</span> 
     </span>
     <span class='ocr_line' id='line_1_46' title="bbox 346 2600 1356 2643; baseline 0.001 -13"><span class='ocrx_word' id='word_1_353' title='bbox 346 2601 440 2631; x_wconf 82' lang='lat' dir='ltr'>rimos</span> <span class='ocrx_word' id='word_1_354' title='bbox 470 2601 566 2630; x_wconf 91' lang='lat' dir='ltr'>multo</span> <span class='ocrx_word' id='word_1_355' title='bbox 604 2600 751 2642; x_wconf 86' lang='lat' dir='ltr'>longioris</span> <span class='ocrx_word' id='word_1_356' title='bbox 781 2601 838 2631; x_wconf 51' lang='grc'><strong>1011</strong></span> <span class='ocrx_word' id='word_1_357' title='bbox 868 2600 972 2632; x_wconf 89' lang='lat' dir='ltr'>fuisse.</span> <span class='ocrx_word' id='word_1_358' title='bbox 1006 2605 1068 2632; x_wconf 86' lang='lat' dir='ltr'>Res</span> <span class='ocrx_word' id='word_1_359' title='bbox 1103 2601 1231 2632; x_wconf 89' lang='lat' dir='ltr'>omnino</span> <span class='ocrx_word' id='word_1_360' title='bbox 1263 2601 1356 2643; x_wconf 82' lang='lat' dir='ltr'>digna</span> 
     </span>
     <span class='ocr_line' id='line_1_47' title="bbox 347 2653 1356 2694; baseline 0.002 -11"><span class='ocrx_word' id='word_1_361' title='bbox 347 2653 571 2694; x_wconf 85' lang='lat' dir='ltr'>disquisitione.</span> <span class='ocrx_word' id='word_1_362' title='bbox 606 2653 666 2684; x_wconf 86' lang='lat' dir='ltr'>Sed</span> <span class='ocrx_word' id='word_1_363' title='bbox 699 2654 767 2694; x_wconf 86' lang='lat' dir='ltr'>quis</span> <span class='ocrx_word' id='word_1_364' title='bbox 796 2654 883 2684; x_wconf 90' lang='lat' dir='ltr'>novit</span> <span class='ocrx_word' id='word_1_365' title='bbox 912 2664 1037 2684; x_wconf 84' lang='lat' dir='ltr'>sensum</span> <span class='ocrx_word' id='word_1_366' title='bbox 1066 2653 1220 2685; x_wconf 78' lang='lat' dir='ltr'>Domini?</span> <span class='ocrx_word' id='word_1_367' title='bbox 1252 2654 1356 2686; x_wconf 84' lang='lat' dir='ltr'>Video</span> 
     </span>
     <span class='ocr_line' id='line_1_48' title="bbox 347 2706 1357 2750; baseline 0.003 -14"><span class='ocrx_word' id='word_1_368' title='bbox 347 2713 451 2737; x_wconf 82' lang='lat' dir='ltr'>tamen</span> <span class='ocrx_word' id='word_1_369' title='bbox 468 2706 607 2737; x_wconf 85' lang='lat' dir='ltr'>eamdem</span> <span class='ocrx_word' id='word_1_370' title='bbox 629 2706 830 2747; x_wconf 64' lang='lat' dir='ltr'>quaestionem</span> <span class='ocrx_word' id='word_1_371' title='bbox 845 2709 880 2738; x_wconf 80' lang='lat' dir='ltr'>B.</span> <span class='ocrx_word' id='word_1_372' title='bbox 895 2710 988 2738; x_wconf 84' lang='lat' dir='ltr'>Petro</span> <span class='ocrx_word' id='word_1_373' title='bbox 1002 2707 1146 2738; x_wconf 87' lang='lat' dir='ltr'>Damiani</span> <span class='ocrx_word' id='word_1_374' title='bbox 1164 2708 1357 2750; x_wconf 84' lang='lat' dir='ltr'>propositam</span> 
     </span>
     <span class='ocr_line' id='line_1_49' title="bbox 351 2759 1357 2802; baseline 0.003 -13"><span class='ocrx_word' id='word_1_375' title='bbox 351 2759 390 2789; x_wconf 90' lang='lat' dir='ltr'>ab</span> <span class='ocrx_word' id='word_1_376' title='bbox 411 2759 589 2790; x_wconf 77' lang='lat' dir='ltr'>Alexandro</span> <span class='ocrx_word' id='word_1_377' title='bbox 609 2759 775 2801; x_wconf 80' lang='lat' dir='ltr'>pontifice,</span> <span class='ocrx_word' id='word_1_378' title='bbox 795 2771 889 2801; x_wconf 89' lang='lat' dir='ltr'>quam</span> <span class='ocrx_word' id='word_1_379' title='bbox 914 2760 966 2791; x_wconf 91' lang='lat' dir='ltr'>ille</span> <span class='ocrx_word' id='word_1_380' title='bbox 987 2760 1150 2802; x_wconf 84' lang='lat' dir='ltr'>diligenter</span> <span class='ocrx_word' id='word_1_381' title='bbox 1173 2766 1303 2800; x_wconf 86' lang='lat' dir='ltr'>tractat,</span> <span class='ocrx_word' id='word_1_382' title='bbox 1326 2767 1357 2792; x_wconf 86' lang='lat' dir='ltr'>et</span> 
     </span>
     <span class='ocr_line' id='line_1_50' title="bbox 351 2812 1358 2855; baseline 0.004 -14"><span class='ocrx_word' id='word_1_383' title='bbox 351 2812 509 2849; x_wconf 75' lang='lat' dir='ltr'>edisserit,</span> <span class='ocrx_word' id='word_1_384' title='bbox 540 2819 572 2843; x_wconf 93' lang='lat' dir='ltr'>ut</span> <span class='ocrx_word' id='word_1_385' title='bbox 598 2812 655 2853; x_wconf 81' lang='lat' dir='ltr'>legi</span> <span class='ocrx_word' id='word_1_386' title='bbox 685 2813 812 2844; x_wconf 89' lang='lat' dir='ltr'>omnino</span> <span class='ocrx_word' id='word_1_387' title='bbox 838 2814 930 2855; x_wconf 85' lang='lat' dir='ltr'>digna</span> <span class='ocrx_word' id='word_1_388' title='bbox 955 2814 1015 2845; x_wconf 91' lang='lat' dir='ltr'>sint</span> <span class='ocrx_word' id='word_1_389' title='bbox 1035 2825 1104 2855; x_wconf 89' lang='lat' dir='ltr'>quae</span> <span class='ocrx_word' id='word_1_390' title='bbox 1129 2814 1246 2846; x_wconf 88' lang='lat' dir='ltr'>scribit.</span> <span class='ocrx_word' id='word_1_391' title='bbox 1275 2815 1358 2846; x_wconf 86' lang='lat' dir='ltr'>Vide</span> 
     </span>
     <span class='ocr_line' id='line_1_51' title="bbox 350 2865 1358 2909; baseline 0.005 -15"><span class='ocrx_word' id='word_1_392' title='bbox 350 2865 430 2895; x_wconf 87' lang='lat' dir='ltr'>inter</span> <span class='ocrx_word' id='word_1_393' title='bbox 449 2866 592 2906; x_wconf 85' lang='lat' dir='ltr'>epistolas</span> <span class='ocrx_word' id='word_1_394' title='bbox 609 2866 679 2897; x_wconf 89' lang='lat' dir='ltr'>libri</span> <span class='ocrx_word' id='word_1_395' title='bbox 692 2866 783 2907; x_wconf 88' lang='lat' dir='ltr'>primi</span> <span class='ocrx_word' id='word_1_396' title='bbox 800 2867 963 2908; x_wconf 86' lang='lat' dir='ltr'>epistolam</span> <span class='ocrx_word' id='word_1_397' title='bbox 982 2871 1035 2906; x_wconf 78' lang='lat'>17,</span> <span class='ocrx_word' id='word_1_398' title='bbox 1054 2867 1129 2898; x_wconf 85' lang='lat' dir='ltr'>alias</span> <span class='ocrx_word' id='word_1_399' title='bbox 1140 2891 1147 2905; x_wconf 91' lang='lat'>‚</span> <span class='ocrx_word' id='word_1_400' title='bbox 1164 2869 1358 2909; x_wconf 89' lang='lat' dir='ltr'>Opusculum</span> 
     </span>
     <span class='ocr_line' id='line_1_52' title="bbox 353 2918 1356 2963; baseline 0.005 -16"><span class='ocrx_word' id='word_1_401' title='bbox 353 2920 407 2948; x_wconf 80' lang='lat'>23.</span> <span class='ocrx_word' id='word_1_402' title='bbox 431 2932 443 2943; x_wconf 72' lang='grc' dir='ltr'>«ι</span> <span class='ocrx_word' id='word_1_403' title='bbox 467 2918 656 2959; x_wconf 83' lang='lat' dir='ltr'>Aliquando,</span> <span class='ocrx_word' id='word_1_404' title='bbox 680 2936 692 2947; x_wconf 85' lang='lat'>»</span> <span class='ocrx_word' id='word_1_405' title='bbox 720 2921 837 2962; x_wconf 88' lang='lat' dir='ltr'>inquit,</span> <span class='ocrx_word' id='word_1_406' title='bbox 861 2936 873 2947; x_wconf 89' lang='lat'>«</span> <span class='ocrx_word' id='word_1_407' title='bbox 897 2931 915 2951; x_wconf 91' lang='lat' dir='ltr'>a</span> <span class='ocrx_word' id='word_1_408' title='bbox 932 2932 982 2952; x_wconf 89' lang='lat' dir='ltr'>me</span> <span class='ocrx_word' id='word_1_409' title='bbox 1007 2921 1137 2952; x_wconf 84' lang='lat' dir='ltr'>sollicite</span> <span class='ocrx_word' id='word_1_410' title='bbox 1164 2922 1356 2963; x_wconf 86' lang='lat' dir='ltr'>requisistis,</span> 
     </span>
     <span class='ocr_line' id='line_1_53' title="bbox 354 2970 1360 3016; baseline 0.008 -17"><span class='ocrx_word' id='word_1_411' title='bbox 354 2984 367 2996; x_wconf 84' lang='lat'>»</span> <span class='ocrx_word' id='word_1_412' title='bbox 385 2980 453 3011; x_wconf 81' lang='lat' dir='ltr'>quae</span> <span class='ocrx_word' id='word_1_413' title='bbox 467 2970 541 3001; x_wconf 88' lang='lat' dir='ltr'>mihi</span> <span class='ocrx_word' id='word_1_414' title='bbox 562 2982 653 3002; x_wconf 87' lang='lat' dir='ltr'>cansa</span> <span class='ocrx_word' id='word_1_415' title='bbox 672 2973 838 3011; x_wconf 84' lang='lat' dir='ltr'>videretur,</span> <span class='ocrx_word' id='word_1_416' title='bbox 858 2985 913 3004; x_wconf 88' lang='lat' dir='ltr'>cur</span> <span class='ocrx_word' id='word_1_417' title='bbox 932 2974 1110 3016; x_wconf 83' lang='lat' dir='ltr'>apostolicae</span> <span class='ocrx_word' id='word_1_418' title='bbox 1127 2975 1215 3005; x_wconf 77' lang='lat' dir='ltr'>Sedis</span> <span class='ocrx_word' id='word_1_419' title='bbox 1231 2976 1360 3007; x_wconf 85' lang='lat' dir='ltr'>antistes</span> 
     </span>
     <span class='ocr_line' id='line_1_54' title="bbox 354 3023 1360 3071; baseline 0.008 -19"><span class='ocrx_word' id='word_1_420' title='bbox 354 3038 368 3051; x_wconf 54' lang='grc' dir='ltr'>ιν</span> <span class='ocrx_word' id='word_1_421' title='bbox 385 3034 544 3064; x_wconf 88' lang='lat' dir='ltr'>nunquam</span> <span class='ocrx_word' id='word_1_422' title='bbox 567 3023 681 3054; x_wconf 87' lang='lat' dir='ltr'>diutius</span> <span class='ocrx_word' id='word_1_423' title='bbox 703 3026 803 3063; x_wconf 70' lang='lat' dir='ltr'>vivat,</span> <span class='ocrx_word' id='word_1_424' title='bbox 822 3027 876 3057; x_wconf 88' lang='lat' dir='ltr'>sed</span> <span class='ocrx_word' id='word_1_425' title='bbox 898 3027 979 3058; x_wconf 90' lang='lat' dir='ltr'>intra</span> <span class='ocrx_word' id='word_1_426' title='bbox 1001 3027 1096 3058; x_wconf 79' lang='lat' dir='ltr'>breve</span> <span class='ocrx_word' id='word_1_427' title='bbox 1119 3028 1266 3070; x_wconf 89' lang='lat' dir='ltr'>temporis</span> <span class='ocrx_word' id='word_1_428' title='bbox 1288 3039 1360 3071; x_wconf 91' lang='lat' dir='ltr'>spa-</span> 
     </span>
     <span class='ocr_line' id='line_1_55' title="bbox 355 3076 1357 3123; baseline 0.008 -18"><span class='ocrx_word' id='word_1_429' title='bbox 355 3092 371 3103; x_wconf 87' lang='lat'>»</span> <span class='ocrx_word' id='word_1_430' title='bbox 389 3077 464 3107; x_wconf 93' lang='lat' dir='ltr'>tium</span> <span class='ocrx_word' id='word_1_431' title='bbox 482 3076 561 3106; x_wconf 88' lang='lat' dir='ltr'>diem</span> <span class='ocrx_word' id='word_1_432' title='bbox 582 3077 705 3108; x_wconf 88' lang='lat' dir='ltr'>claudat</span> <span class='ocrx_word' id='word_1_433' title='bbox 724 3084 895 3110; x_wconf 81' lang='lat' dir='ltr'>extremum</span> <span class='ocrx_word' id='word_1_434' title='bbox 915 3091 921 3111; x_wconf 92' lang='lat'>:</span> <span class='ocrx_word' id='word_1_435' title='bbox 940 3080 1018 3111; x_wconf 88' lang='lat' dir='ltr'>adeo</span> <span class='ocrx_word' id='word_1_436' title='bbox 1035 3088 1068 3111; x_wconf 92' lang='lat' dir='ltr'>ut</span> <span class='ocrx_word' id='word_1_437' title='bbox 1087 3088 1158 3123; x_wconf 86' lang='lat' dir='ltr'>post</span> <span class='ocrx_word' id='word_1_438' title='bbox 1176 3081 1283 3112; x_wconf 74' lang='lat' dir='ltr'>divum</span> <span class='ocrx_word' id='word_1_439' title='bbox 1301 3085 1357 3113; x_wconf 91' lang='lat' dir='ltr'>Pe-</span> 
     </span>
     <span class='ocr_line' id='line_1_56' title="bbox 356 3130 1358 3175; baseline 0.006 -14"><span class='ocrx_word' id='word_1_440' title='bbox 356 3145 369 3157; x_wconf 88' lang='lat'>»</span> <span class='ocrx_word' id='word_1_441' title='bbox 386 3135 467 3161; x_wconf 83' lang='lat' dir='ltr'>trum</span> <span class='ocrx_word' id='word_1_442' title='bbox 486 3130 659 3171; x_wconf 87' lang='lat' dir='ltr'>apostolum</span> <span class='ocrx_word' id='word_1_443' title='bbox 670 3154 678 3168; x_wconf 94' lang='lat'>,</span> <span class='ocrx_word' id='word_1_444' title='bbox 695 3130 747 3171; x_wconf 91' lang='lat' dir='ltr'>qui</span> <span class='ocrx_word' id='word_1_445' title='bbox 767 3141 822 3172; x_wconf 89' lang='lat' dir='ltr'>per</span> <span class='ocrx_word' id='word_1_446' title='bbox 841 3132 948 3173; x_wconf 66' lang='lat' dir='ltr'>viginti</span> <span class='ocrx_word' id='word_1_447' title='bbox 963 3134 1101 3175; x_wconf 86' lang='lat' dir='ltr'>quinque</span> <span class='ocrx_word' id='word_1_448' title='bbox 1120 3135 1244 3166; x_wconf 83' lang='lat' dir='ltr'>circiter</span> <span class='ocrx_word' id='word_1_449' title='bbox 1260 3146 1358 3166; x_wconf 84' lang='lat' dir='ltr'>anno-</span> 
     </span>
     <span class='ocr_line' id='line_1_57' title="bbox 354 3183 1359 3226; baseline 0.008 -14"><span class='ocrx_word' id='word_1_450' title='bbox 354 3197 368 3210; x_wconf 86' lang='lat'>»</span> <span class='ocrx_word' id='word_1_451' title='bbox 386 3193 456 3213; x_wconf 86' lang='lat' dir='ltr'>rum</span> <span class='ocrx_word' id='word_1_452' title='bbox 483 3183 579 3213; x_wconf 90' lang='lat' dir='ltr'>lustra</span> <span class='ocrx_word' id='word_1_453' title='bbox 607 3183 768 3224; x_wconf 69' lang='lat' dir='ltr'>praesedit,</span> <span class='ocrx_word' id='word_1_454' title='bbox 799 3194 891 3214; x_wconf 87' lang='lat' dir='ltr'>nemo</span> <span class='ocrx_word' id='word_1_455' title='bbox 917 3186 1115 3226; x_wconf 89' lang='lat' dir='ltr'>postmodum</span> <span class='ocrx_word' id='word_1_456' title='bbox 1143 3191 1359 3219; x_wconf 85' lang='lat' dir='ltr'>Romanorum</span> 
     </span>
     <span class='ocr_line' id='line_1_58' title="bbox 355 3236 1360 3279; baseline 0.008 -14"><span class='ocrx_word' id='word_1_457' title='bbox 355 3251 368 3263; x_wconf 83' lang='lat'>›-</span> <span class='ocrx_word' id='word_1_458' title='bbox 387 3236 572 3267; x_wconf 86' lang='lat' dir='ltr'>Pontificum</span> <span class='ocrx_word' id='word_1_459' title='bbox 586 3236 645 3266; x_wconf 93' lang='lat' dir='ltr'>hoc</span> <span class='ocrx_word' id='word_1_460' title='bbox 658 3236 791 3278; x_wconf 88' lang='lat' dir='ltr'>spatium</span> <span class='ocrx_word' id='word_1_461' title='bbox 804 3238 986 3278; x_wconf 67' lang='lat' dir='ltr'>praesulatus</span> <span class='ocrx_word' id='word_1_462' title='bbox 1003 3240 1181 3279; x_wconf 64' lang='lat' dir='ltr'>chuaverit.</span> <span class='ocrx_word' id='word_1_463' title='bbox 1195 3241 1360 3272; x_wconf 89' lang='lat' dir='ltr'>Modernis</span> 
     </span>
     <span class='ocr_line' id='line_1_59' title="bbox 354 3288 1359 3332; baseline 0.01 -16"><span class='ocrx_word' id='word_1_464' title='bbox 354 3304 367 3316; x_wconf 86' lang='lat'>»</span> <span class='ocrx_word' id='word_1_465' title='bbox 388 3289 451 3319; x_wconf 91' lang='lat' dir='ltr'>imo</span> <span class='ocrx_word' id='word_1_466' title='bbox 469 3288 660 3330; x_wconf 85' lang='lat' dir='ltr'>temporibus</span> <span class='ocrx_word' id='word_1_467' title='bbox 674 3289 725 3319; x_wconf 67' lang='lat' dir='ltr'>vix</span> <span class='ocrx_word' id='word_1_468' title='bbox 738 3289 901 3330; x_wconf 86' lang='lat' dir='ltr'>quisquam</span> <span class='ocrx_word' id='word_1_469' title='bbox 915 3290 946 3320; x_wconf 90' lang='lat' dir='ltr'>in</span> <span class='ocrx_word' id='word_1_470' title='bbox 963 3292 1117 3332; x_wconf 70' lang='lat' dir='ltr'>praedictzc</span> <span class='ocrx_word' id='word_1_471' title='bbox 1135 3293 1221 3324; x_wconf 81' lang='lat' dir='ltr'>Sedis</span> <span class='ocrx_word' id='word_1_472' title='bbox 1237 3295 1359 3326; x_wconf 89' lang='lat' dir='ltr'>culmen</span> 
     </span>
     <span class='ocr_line' id='line_1_60' title="bbox 354 3342 1359 3390; baseline 0.009 -19"><span class='ocrx_word' id='word_1_473' title='bbox 354 3358 367 3371; x_wconf 59' lang='grc' dir='ltr'>ι,</span> <span class='ocrx_word' id='word_1_474' title='bbox 388 3343 541 3381; x_wconf 86' lang='lat' dir='ltr'>evehitur,</span> <span class='ocrx_word' id='word_1_475' title='bbox 558 3342 610 3384; x_wconf 92' lang='lat' dir='ltr'>qui</span> <span class='ocrx_word' id='word_1_476' title='bbox 625 3349 738 3374; x_wconf 86' lang='lat' dir='ltr'>metam</span> <span class='ocrx_word' id='word_1_477' title='bbox 757 3350 902 3385; x_wconf 84' lang='lat' dir='ltr'>quatuor,</span> <span class='ocrx_word' id='word_1_478' title='bbox 920 3344 966 3375; x_wconf 67' lang='lat' dir='ltr'>vcl</span> <span class='ocrx_word' id='word_1_479' title='bbox 981 3369 989 3384; x_wconf 87' lang='lat'><strong>‚</strong></span> <span class='ocrx_word' id='word_1_480' title='bbox 1007 3351 1040 3375; x_wconf 89' lang='lat' dir='ltr'>ut</span> <span class='ocrx_word' id='word_1_481' title='bbox 1055 3346 1183 3376; x_wconf 89' lang='lat' dir='ltr'>multum</span> <span class='ocrx_word' id='word_1_482' title='bbox 1195 3371 1202 3384; x_wconf 89' lang='lat'><strong>‚</strong></span> <span class='ocrx_word' id='word_1_483' title='bbox 1223 3348 1359 3390; x_wconf 84' lang='lat' dir='ltr'>quinque</span> 
     </span>
     <span class='ocr_line' id='line_1_61' title="bbox 354 3396 1355 3438; baseline 0.005 -12"><span class='ocrx_word' id='word_1_484' title='bbox 354 3411 369 3421; x_wconf 67' lang='lat' dir='ltr'>n</span> <span class='ocrx_word' id='word_1_485' title='bbox 392 3396 588 3427; x_wconf 79' lang='lat' dir='ltr'>transcendat</span> <span class='ocrx_word' id='word_1_486' title='bbox 617 3407 779 3427; x_wconf 89' lang='lat' dir='ltr'>annorum.</span> <span class='ocrx_word' id='word_1_487' title='bbox 817 3397 908 3437; x_wconf 86' lang='lat' dir='ltr'>Quod</span> <span class='ocrx_word' id='word_1_488' title='bbox 942 3398 1210 3431; x_wconf 58' lang='lat' dir='ltr'>considerantibus</span> <span class='ocrx_word' id='word_1_489' title='bbox 1244 3401 1355 3438; x_wconf 83' lang='lat' dir='ltr'>nobis,</span> 
     </span>
    </p>
   </div>
   <div class='ocr_carea' id='block_1_5' title="bbox 841 230 1909 270">
    <p class='ocr_par' dir='ltr' id='par_1_8' title="bbox 841 230 1909 270">
     <span class='ocr_line' id='line_1_62' title="bbox 841 230 1909 270; baseline -0.006 -1"><span class='ocrx_word' id='word_1_490' title='bbox 841 236 887 269; x_wconf 62' lang='grc' dir='ltr'>[λ’</span> <span class='ocrx_word' id='word_1_491' title='bbox 919 235 1098 270; x_wconf 77' lang='lat' dir='ltr'>TOMUM</span> <span class='ocrx_word' id='word_1_492' title='bbox 1127 234 1324 268; x_wconf 77' lang='lat' dir='ltr'><strong>PRIMUM</strong></span> <span class='ocrx_word' id='word_1_493' title='bbox 1354 233 1560 268; x_wconf 78' lang='lat' dir='ltr'>OPERUM</span> <span class='ocrx_word' id='word_1_494' title='bbox 1589 232 1624 267; x_wconf 88' lang='lat' dir='ltr'>S.</span> <span class='ocrx_word' id='word_1_495' title='bbox 1655 230 1909 265; x_wconf 83' lang='lat' dir='ltr'>BERNARDI</span> 
     </span>
    </p>
   </div>
   <div class='ocr_carea' id='block_1_6' title="bbox 2338 231 2412 268">
    <p class='ocr_par' dir='ltr' id='par_1_9' title="bbox 2338 231 2412 268">
     <span class='ocr_line' id='line_1_63' title="bbox 2338 231 2412 268; baseline 0.014 -1"><span class='ocrx_word' id='word_1_496' title='bbox 2338 231 2412 268; x_wconf 78' lang='lat'>912</span> 
     </span>
    </p>
   </div>
   <div class='ocr_carea' id='block_1_7' title="bbox 1407 307 2437 3439">
    <p class='ocr_par' dir='ltr' id='par_1_10' title="bbox 1407 307 2425 1364">
     <span class='ocr_line' id='line_1_64' title="bbox 1409 307 2411 352; baseline 0 -12"><span class='ocrx_word' id='word_1_497' title='bbox 1409 325 1420 336; x_wconf 73' lang='grc' dir='ltr'>»ι</span> <span class='ocrx_word' id='word_1_498' title='bbox 1444 309 1640 352; x_wconf 83' lang='lat' dir='ltr'>prodigialis,</span> <span class='ocrx_word' id='word_1_499' title='bbox 1670 314 1701 338; x_wconf 92' lang='lat' dir='ltr'>ut</span> <span class='ocrx_word' id='word_1_500' title='bbox 1727 308 1769 338; x_wconf 88' lang='lat' dir='ltr'>ita</span> <span class='ocrx_word' id='word_1_501' title='bbox 1792 309 1915 349; x_wconf 88' lang='lat' dir='ltr'>loquar,</span> <span class='ocrx_word' id='word_1_502' title='bbox 1942 313 2051 349; x_wconf 87' lang='lat' dir='ltr'>stupor</span> <span class='ocrx_word' id='word_1_503' title='bbox 2079 307 2247 340; x_wconf 87' lang='lat' dir='ltr'>oboritur:</span> <span class='ocrx_word' id='word_1_504' title='bbox 2267 313 2411 352; x_wconf 84' lang='lat' dir='ltr'>quoniam</span> 
     </span>
     <span class='ocr_line' id='line_1_65' title="bbox 1409 361 2415 398; baseline 0.005 -5"><span class='ocrx_word' id='word_1_505' title='bbox 1409 378 1421 389; x_wconf 69' lang='grc' dir='ltr'><strong>υ</strong></span> <span class='ocrx_word' id='word_1_506' title='bbox 1443 363 1509 393; x_wconf 60' lang='lat' dir='ltr'>brec</span> <span class='ocrx_word' id='word_1_507' title='bbox 1525 363 1661 393; x_wconf 69' lang='lat' dir='ltr'>breviter</span> <span class='ocrx_word' id='word_1_508' title='bbox 1678 361 1802 391; x_wconf 62' lang='lat' dir='ltr'>vivendi</span> <span class='ocrx_word' id='word_1_509' title='bbox 1820 361 1984 392; x_wconf 89' lang='lat' dir='ltr'>necessitas</span> <span class='ocrx_word' id='word_1_510' title='bbox 2001 361 2033 391; x_wconf 90' lang='lat' dir='ltr'>in</span> <span class='ocrx_word' id='word_1_511' title='bbox 2046 362 2131 392; x_wconf 90' lang='lat' dir='ltr'>nulla</span> <span class='ocrx_word' id='word_1_512' title='bbox 2145 362 2205 393; x_wconf 87' lang='lat' dir='ltr'>alia</span> <span class='ocrx_word' id='word_1_513' title='bbox 2222 363 2315 395; x_wconf 85' lang='lat' dir='ltr'>totius</span> <span class='ocrx_word' id='word_1_514' title='bbox 2330 365 2415 398; x_wconf 78' lang='lat' dir='ltr'>orbis</span> 
     </span>
     <span class='ocr_line' id='line_1_66' title="bbox 1409 413 2415 456; baseline 0.004 -10"><span class='ocrx_word' id='word_1_515' title='bbox 1409 430 1420 441; x_wconf 71' lang='grc' dir='ltr'>»ι</span> <span class='ocrx_word' id='word_1_516' title='bbox 1443 416 1570 446; x_wconf 80' lang='lat' dir='ltr'>ecclesia</span> <span class='ocrx_word' id='word_1_517' title='bbox 1599 414 1763 456; x_wconf 85' lang='lat' dir='ltr'>reperitur.</span> <span class='ocrx_word' id='word_1_518' title='bbox 1782 413 1842 444; x_wconf 89' lang='lat' dir='ltr'>Sed</span> <span class='ocrx_word' id='word_1_519' title='bbox 1867 413 1901 444; x_wconf 93' lang='lat' dir='ltr'>in</span> <span class='ocrx_word' id='word_1_520' title='bbox 1923 420 2074 455; x_wconf 90' lang='lat' dir='ltr'>quantum</span> <span class='ocrx_word' id='word_1_521' title='bbox 2099 416 2283 448; x_wconf 87' lang='lat' dir='ltr'>mortalibus</span> <span class='ocrx_word' id='word_1_522' title='bbox 2303 417 2415 451; x_wconf 79' lang='lat' dir='ltr'>divinae</span> 
     </span>
     <span class='ocr_line' id='line_1_67' title="bbox 1409 467 2413 513; baseline 0.001 -14"><span class='ocrx_word' id='word_1_523' title='bbox 1409 483 1420 494; x_wconf 73' lang='lat' dir='ltr'>n</span> <span class='ocrx_word' id='word_1_524' title='bbox 1442 467 1680 510; x_wconf 82' lang='lat' dir='ltr'>dispensationis</span> <span class='ocrx_word' id='word_1_525' title='bbox 1704 467 1861 497; x_wconf 78' lang='lat' dir='ltr'>revelatur</span> <span class='ocrx_word' id='word_1_526' title='bbox 1879 478 2045 505; x_wconf 87' lang='lat' dir='ltr'>arcanum;</span> <span class='ocrx_word' id='word_1_527' title='bbox 2068 468 2192 499; x_wconf 69' lang='lat' dir='ltr'>videtur</span> <span class='ocrx_word' id='word_1_528' title='bbox 2217 469 2324 508; x_wconf 88' lang='lat' dir='ltr'>nobis,</span> <span class='ocrx_word' id='word_1_529' title='bbox 2343 473 2413 513; x_wconf 80' lang='lat' dir='ltr'>quia</span> 
     </span>
     <span class='ocr_line' id='line_1_68' title="bbox 1408 519 2415 563; baseline 0.005 -12"><span class='ocrx_word' id='word_1_530' title='bbox 1408 536 1422 546; x_wconf 88' lang='lat'>»</span> <span class='ocrx_word' id='word_1_531' title='bbox 1442 521 1556 552; x_wconf 71' lang='lat' dir='ltr'>idcirco</span> <span class='ocrx_word' id='word_1_532' title='bbox 1574 520 1634 551; x_wconf 90' lang='lat' dir='ltr'>hoc</span> <span class='ocrx_word' id='word_1_533' title='bbox 1654 519 1762 562; x_wconf 88' lang='lat' dir='ltr'>judicii</span> <span class='ocrx_word' id='word_1_534' title='bbox 1786 520 1918 551; x_wconf 71' lang='lat' dir='ltr'>coelestis</span> <span class='ocrx_word' id='word_1_535' title='bbox 1937 520 2015 551; x_wconf 88' lang='lat' dir='ltr'>ordo</span> <span class='ocrx_word' id='word_1_536' title='bbox 2039 520 2193 563; x_wconf 88' lang='lat' dir='ltr'>disponit,</span> <span class='ocrx_word' id='word_1_537' title='bbox 2221 528 2255 554; x_wconf 89' lang='lat' dir='ltr'>ut</span> <span class='ocrx_word' id='word_1_538' title='bbox 2279 522 2415 557; x_wconf 84' lang='lat' dir='ltr'>humano</span> 
     </span>
     <span class='ocr_line' id='line_1_69' title="bbox 1409 573 2416 617; baseline 0.009 -16"><span class='ocrx_word' id='word_1_539' title='bbox 1409 590 1421 601; x_wconf 59' lang='grc' dir='ltr'>»ι</span> <span class='ocrx_word' id='word_1_540' title='bbox 1442 575 1546 615; x_wconf 80' lang='lat' dir='ltr'>generi</span> <span class='ocrx_word' id='word_1_541' title='bbox 1567 580 1683 604; x_wconf 71' lang='lat' dir='ltr'>metum</span> <span class='ocrx_word' id='word_1_542' title='bbox 1702 573 1810 603; x_wconf 86' lang='lat' dir='ltr'>mortis</span> <span class='ocrx_word' id='word_1_543' title='bbox 1830 573 1978 611; x_wconf 82' lang='lat' dir='ltr'>incutiat3</span> <span class='ocrx_word' id='word_1_544' title='bbox 1998 580 2028 604; x_wconf 90' lang='lat' dir='ltr'>et</span> <span class='ocrx_word' id='word_1_545' title='bbox 2047 584 2141 615; x_wconf 90' lang='lat' dir='ltr'>quam</span> <span class='ocrx_word' id='word_1_546' title='bbox 2166 575 2363 617; x_wconf 82' lang='lat' dir='ltr'>despicienda</span> <span class='ocrx_word' id='word_1_547' title='bbox 2377 578 2416 611; x_wconf 76' lang='lat' dir='ltr'>sit</span> 
     </span>
     <span class='ocr_line' id='line_1_70' title="bbox 1409 627 2417 671; baseline 0.004 -14"><span class='ocrx_word' id='word_1_548' title='bbox 1409 642 1421 653; x_wconf 71' lang='grc' dir='ltr'>»ι</span> <span class='ocrx_word' id='word_1_549' title='bbox 1444 627 1622 669; x_wconf 85' lang='lat' dir='ltr'>temporalis</span> <span class='ocrx_word' id='word_1_550' title='bbox 1649 627 1719 657; x_wconf 73' lang='lat' dir='ltr'>vitae</span> <span class='ocrx_word' id='word_1_551' title='bbox 1744 627 1861 667; x_wconf 83' lang='lat' dir='ltr'>gloria,</span> <span class='ocrx_word' id='word_1_552' title='bbox 1888 627 1919 657; x_wconf 90' lang='lat' dir='ltr'>in</span> <span class='ocrx_word' id='word_1_553' title='bbox 1937 628 2004 669; x_wconf 86' lang='lat' dir='ltr'>ipso</span> <span class='ocrx_word' id='word_1_554' title='bbox 2030 628 2135 669; x_wconf 80' lang='lat' dir='ltr'>gloriae</span> <span class='ocrx_word' id='word_1_555' title='bbox 2160 628 2336 671; x_wconf 83' lang='lat' dir='ltr'>principatu</span> <span class='ocrx_word' id='word_1_556' title='bbox 2353 631 2417 662; x_wconf 86' lang='lat' dir='ltr'>evi-</span> 
     </span>
     <span class='ocr_line' id='line_1_71' title="bbox 1409 680 2417 724; baseline 0.004 -13"><span class='ocrx_word' id='word_1_557' title='bbox 1409 696 1421 707; x_wconf 79' lang='lat'>»</span> <span class='ocrx_word' id='word_1_558' title='bbox 1443 681 1553 711; x_wconf 80' lang='lat' dir='ltr'>denter</span> <span class='ocrx_word' id='word_1_559' title='bbox 1581 681 1724 711; x_wconf 86' lang='lat' dir='ltr'>ostendat</span> <span class='ocrx_word' id='word_1_560' title='bbox 1745 691 1753 711; x_wconf 75' lang='grc' dir='ltr'>ε</span> <span class='ocrx_word' id='word_1_561' title='bbox 1771 686 1923 721; x_wconf 85' lang='lat' dir='ltr'>quatenus</span> <span class='ocrx_word' id='word_1_562' title='bbox 1949 680 2024 711; x_wconf 91' lang='grc'><strong>11011]</strong></span> <span class='ocrx_word' id='word_1_563' title='bbox 2052 682 2228 724; x_wconf 79' lang='lat' dir='ltr'>praecipuus</span> <span class='ocrx_word' id='word_1_564' title='bbox 2255 682 2417 716; x_wconf 88' lang='lat' dir='ltr'>hominum</span> 
     </span>
     <span class='ocr_line' id='line_1_72' title="bbox 1409 734 2418 776; baseline 0.006 -13"><span class='ocrx_word' id='word_1_565' title='bbox 1409 749 1424 760; x_wconf 88' lang='lat'>»</span> <span class='ocrx_word' id='word_1_566' title='bbox 1445 740 1506 764; x_wconf 91' lang='lat' dir='ltr'>tam</span> <span class='ocrx_word' id='word_1_567' title='bbox 1530 734 1649 775; x_wconf 86' lang='lat' dir='ltr'>angusti</span> <span class='ocrx_word' id='word_1_568' title='bbox 1676 734 1824 776; x_wconf 89' lang='lat' dir='ltr'>temporis</span> <span class='ocrx_word' id='word_1_569' title='bbox 1847 734 2035 776; x_wconf 87' lang='lat' dir='ltr'>compendio</span> <span class='ocrx_word' id='word_1_570' title='bbox 2051 734 2195 772; x_wconf 87' lang='lat' dir='ltr'>moritur,</span> <span class='ocrx_word' id='word_1_571' title='bbox 2223 735 2418 769; x_wconf 79' lang='lat' dir='ltr'>tremefactus</span> 
     </span>
     <span class='ocr_line' id='line_1_73' title="bbox 1409 787 2418 830; baseline 0.004 -13"><span class='ocrx_word' id='word_1_572' title='bbox 1409 803 1423 813; x_wconf 70' lang='grc' dir='ltr'>υ</span> <span class='ocrx_word' id='word_1_573' title='bbox 1444 788 1575 829; x_wconf 88' lang='lat' dir='ltr'>quisque</span> <span class='ocrx_word' id='word_1_574' title='bbox 1600 787 1641 818; x_wconf 86' lang='lat' dir='ltr'>ad</span> <span class='ocrx_word' id='word_1_575' title='bbox 1660 787 1859 829; x_wconf 64' lang='lat' dir='ltr'>praestolandi</span> <span class='ocrx_word' id='word_1_576' title='bbox 1885 788 1931 818; x_wconf 86' lang='lat' dir='ltr'>sni</span> <span class='ocrx_word' id='word_1_577' title='bbox 1951 787 2055 819; x_wconf 88' lang='lat' dir='ltr'>obitus</span> <span class='ocrx_word' id='word_1_578' title='bbox 2071 788 2243 819; x_wconf 87' lang='lat' dir='ltr'>custodiam</span> <span class='ocrx_word' id='word_1_579' title='bbox 2270 800 2418 830; x_wconf 73' lang='lat' dir='ltr'>provoce-</span> 
     </span>
     <span class='ocr_line' id='line_1_74' title="bbox 1409 841 2419 882; baseline 0.003 -12"><span class='ocrx_word' id='word_1_580' title='bbox 1409 856 1423 866; x_wconf 80' lang='lat'>»</span> <span class='ocrx_word' id='word_1_581' title='bbox 1444 848 1511 878; x_wconf 83' lang='lat' dir='ltr'>tur;</span> <span class='ocrx_word' id='word_1_582' title='bbox 1532 847 1563 872; x_wconf 87' lang='lat' dir='ltr'>et</span> <span class='ocrx_word' id='word_1_583' title='bbox 1585 841 1680 871; x_wconf 88' lang='lat' dir='ltr'>arbor</span> <span class='ocrx_word' id='word_1_584' title='bbox 1700 841 1828 871; x_wconf 84' lang='grc'><strong>1101110111</strong></span> <span class='ocrx_word' id='word_1_585' title='bbox 1846 841 1984 882; x_wconf 84' lang='lat' dir='ltr'>generis,</span> <span class='ocrx_word' id='word_1_586' title='bbox 2012 841 2086 872; x_wconf 87' lang='lat' dir='ltr'>dum</span> <span class='ocrx_word' id='word_1_587' title='bbox 2107 852 2255 873; x_wconf 86' lang='lat' dir='ltr'>cacumen</span> <span class='ocrx_word' id='word_1_588' title='bbox 2272 853 2308 873; x_wconf 89' lang='lat' dir='ltr'>ac</span> <span class='ocrx_word' id='word_1_589' title='bbox 2327 843 2419 874; x_wconf 74' lang='lat' dir='ltr'>verti-</span> 
     </span>
     <span class='ocr_line' id='line_1_75' title="bbox 1409 894 2419 932; baseline 0.003 -7"><span class='ocrx_word' id='word_1_590' title='bbox 1409 909 1421 920; x_wconf 72' lang='lat' dir='ltr'><strong>n</strong></span> <span class='ocrx_word' id='word_1_591' title='bbox 1439 906 1505 925; x_wconf 77' lang='lat' dir='ltr'>ceni</span> <span class='ocrx_word' id='word_1_592' title='bbox 1520 905 1609 925; x_wconf 84' lang='lat' dir='ltr'>suum</span> <span class='ocrx_word' id='word_1_593' title='bbox 1629 900 1692 925; x_wconf 81' lang='lat' dir='ltr'>tarn</span> <span class='ocrx_word' id='word_1_594' title='bbox 1707 895 1797 925; x_wconf 85' lang='lat' dir='ltr'>facile</span> <span class='ocrx_word' id='word_1_595' title='bbox 1813 895 1965 925; x_wconf 85' lang='lat' dir='ltr'>corruisse</span> <span class='ocrx_word' id='word_1_596' title='bbox 1979 894 2168 932; x_wconf 84' lang='lat' dir='ltr'>considerat,</span> <span class='ocrx_word' id='word_1_597' title='bbox 2184 894 2259 926; x_wconf 82' lang='lat' dir='ltr'>flatu</span> <span class='ocrx_word' id='word_1_598' title='bbox 2273 906 2419 928; x_wconf 86' lang='lat' dir='ltr'>concussa</span> 
     </span>
     <span class='ocr_line' id='line_1_76' title="bbox 1409 947 2418 989; baseline 0.002 -11"><span class='ocrx_word' id='word_1_599' title='bbox 1409 962 1422 973; x_wconf 80' lang='lat'>„</span> <span class='ocrx_word' id='word_1_600' title='bbox 1442 947 1634 985; x_wconf 87' lang='lat' dir='ltr'>formidinis,</span> <span class='ocrx_word' id='word_1_601' title='bbox 1657 948 1688 979; x_wconf 93' lang='lat' dir='ltr'>in</span> <span class='ocrx_word' id='word_1_602' title='bbox 1706 948 1768 978; x_wconf 89' lang='lat' dir='ltr'>suis</span> <span class='ocrx_word' id='word_1_603' title='bbox 1791 947 1929 989; x_wconf 89' lang='lat' dir='ltr'>undique</span> <span class='ocrx_word' id='word_1_604' title='bbox 1954 949 2136 979; x_wconf 89' lang='lat' dir='ltr'>ramusculis</span> <span class='ocrx_word' id='word_1_605' title='bbox 2154 949 2383 980; x_wconf 85' lang='lat' dir='ltr'>contremiscat.</span> <span class='ocrx_word' id='word_1_606' title='bbox 2405 965 2418 977; x_wconf 67' lang='lat' dir='ltr'>a</span> 
     </span>
     <span class='ocr_line' id='line_1_77' title="bbox 1407 1001 2420 1043; baseline 0.003 -12"><span class='ocrx_word' id='word_1_607' title='bbox 1407 1001 1555 1042; x_wconf 83' lang='lat' dir='ltr'>Augustis</span> <span class='ocrx_word' id='word_1_608' title='bbox 1579 1001 1704 1043; x_wconf 89' lang='lat' dir='ltr'>quidem</span> <span class='ocrx_word' id='word_1_609' title='bbox 1726 1001 1876 1032; x_wconf 87' lang='lat' dir='ltr'>limitibus</span> <span class='ocrx_word' id='word_1_610' title='bbox 1901 1002 2088 1033; x_wconf 86' lang='lat' dir='ltr'>Pontificum</span> <span class='ocrx_word' id='word_1_611' title='bbox 2107 1001 2184 1034; x_wconf 70' lang='lat' dir='ltr'>vitas</span> <span class='ocrx_word' id='word_1_612' title='bbox 2209 1002 2331 1033; x_wconf 87' lang='lat' dir='ltr'>inclusit</span> <span class='ocrx_word' id='word_1_613' title='bbox 2357 1006 2420 1034; x_wconf 89' lang='lat' dir='ltr'>Da-</span> 
     </span>
     <span class='ocr_line' id='line_1_78' title="bbox 1408 1054 2421 1096; baseline 0.002 -11"><span class='ocrx_word' id='word_1_614' title='bbox 1408 1054 1546 1093; x_wconf 84' lang='lat' dir='ltr'>mianus,</span> <span class='ocrx_word' id='word_1_615' title='bbox 1562 1054 1675 1093; x_wconf 83' lang='lat' dir='ltr'>fateor,</span> <span class='ocrx_word' id='word_1_616' title='bbox 1693 1055 1766 1086; x_wconf 88' lang='lat' dir='ltr'>dum</span> <span class='ocrx_word' id='word_1_617' title='bbox 1782 1055 1862 1086; x_wconf 88' lang='lat' dir='ltr'>ultra</span> <span class='ocrx_word' id='word_1_618' title='bbox 1878 1061 2010 1096; x_wconf 85' lang='lat' dir='ltr'>quatuor</span> <span class='ocrx_word' id='word_1_619' title='bbox 2024 1061 2077 1086; x_wconf 90' lang='lat' dir='ltr'>aut</span> <span class='ocrx_word' id='word_1_620' title='bbox 2095 1055 2233 1096; x_wconf 90' lang='lat' dir='ltr'>quinque</span> <span class='ocrx_word' id='word_1_621' title='bbox 2248 1066 2345 1086; x_wconf 90' lang='lat' dir='ltr'>annos</span> <span class='ocrx_word' id='word_1_622' title='bbox 2359 1067 2421 1087; x_wconf 88' lang='lat' dir='ltr'>non</span> 
     </span>
     <span class='ocr_line' id='line_1_79' title="bbox 1409 1108 2421 1147; baseline 0.001 -8"><span class='ocrx_word' id='word_1_623' title='bbox 1409 1108 1550 1139; x_wconf 84' lang='lat' dir='ltr'>extendit</span> <span class='ocrx_word' id='word_1_624' title='bbox 1569 1119 1575 1139; x_wconf 93' lang='lat'>:</span> <span class='ocrx_word' id='word_1_625' title='bbox 1595 1108 1627 1139; x_wconf 93' lang='lat' dir='ltr'>in</span> <span class='ocrx_word' id='word_1_626' title='bbox 1644 1108 1804 1140; x_wconf 73' lang='lat' dir='ltr'>breviores</span> <span class='ocrx_word' id='word_1_627' title='bbox 1817 1114 1923 1140; x_wconf 88' lang='lat' dir='ltr'>tamen</span> <span class='ocrx_word' id='word_1_628' title='bbox 1942 1108 2019 1139; x_wconf 88' lang='lat' dir='ltr'>mihi</span> <span class='ocrx_word' id='word_1_629' title='bbox 2037 1108 2182 1139; x_wconf 76' lang='lat' dir='ltr'>videmur</span> <span class='ocrx_word' id='word_1_630' title='bbox 2195 1115 2377 1147; x_wconf 84' lang='lat' dir='ltr'>coarctatae,</span> <span class='ocrx_word' id='word_1_631' title='bbox 2396 1109 2421 1140; x_wconf 88' lang='lat' dir='ltr'>si</span> 
     </span>
     <span class='ocr_line' id='line_1_80' title="bbox 1409 1161 2421 1203; baseline 0 -10"><span class='ocrx_word' id='word_1_632' title='bbox 1409 1162 1595 1193; x_wconf 83' lang='lat' dir='ltr'>Pontificum</span> <span class='ocrx_word' id='word_1_633' title='bbox 1628 1162 1765 1193; x_wconf 80' lang='lat' dir='ltr'>historiae</span> <span class='ocrx_word' id='word_1_634' title='bbox 1796 1162 2011 1193; x_wconf 85' lang='lat' dir='ltr'>consulantur.</span> <span class='ocrx_word' id='word_1_635' title='bbox 2048 1161 2233 1193; x_wconf 85' lang='lat' dir='ltr'>Rectissime</span> <span class='ocrx_word' id='word_1_636' title='bbox 2267 1161 2360 1203; x_wconf 87' lang='lat' dir='ltr'>igitur</span> <span class='ocrx_word' id='word_1_637' title='bbox 2391 1165 2421 1194; x_wconf 85' lang='lat' dir='ltr'>S.</span> 
     </span>
     <span class='ocr_line' id='line_1_81' title="bbox 1408 1215 2424 1258; baseline 0 -11"><span class='ocrx_word' id='word_1_638' title='bbox 1408 1215 1587 1247; x_wconf 80' lang='lat' dir='ltr'>Bernardus</span> <span class='ocrx_word' id='word_1_639' title='bbox 1607 1215 1666 1247; x_wconf 88' lang='lat' dir='ltr'>hac</span> <span class='ocrx_word' id='word_1_640' title='bbox 1690 1216 1820 1258; x_wconf 81' lang='lat' dir='ltr'>epistola</span> <span class='ocrx_word' id='word_1_641' title='bbox 1844 1215 1990 1246; x_wconf 88' lang='lat' dir='ltr'>hortatur</span> <span class='ocrx_word' id='word_1_642' title='bbox 2015 1215 2206 1256; x_wconf 82' lang='lat' dir='ltr'>Eugenium,</span> <span class='ocrx_word' id='word_1_643' title='bbox 2235 1221 2270 1246; x_wconf 88' lang='lat' dir='ltr'>ut</span> <span class='ocrx_word' id='word_1_644' title='bbox 2294 1225 2331 1246; x_wconf 82' lang='lat' dir='ltr'>ex</span> <span class='ocrx_word' id='word_1_645' title='bbox 2352 1215 2424 1247; x_wconf 81' lang='lat' dir='ltr'>bre-</span> 
     </span>
     <span class='ocr_line' id='line_1_82' title="bbox 1409 1269 2425 1312; baseline 0.002 -13"><span class='ocrx_word' id='word_1_646' title='bbox 1409 1269 1534 1300; x_wconf 67' lang='lat' dir='ltr'>vissimo</span> <span class='ocrx_word' id='word_1_647' title='bbox 1559 1280 1686 1301; x_wconf 87' lang='lat' dir='ltr'>suorum</span> <span class='ocrx_word' id='word_1_648' title='bbox 1703 1270 1970 1312; x_wconf 52' lang='lat' dir='ltr'>praedecessorum</span> <span class='ocrx_word' id='word_1_649' title='bbox 1992 1269 2155 1300; x_wconf 85' lang='lat' dir='ltr'>dominatu</span> <span class='ocrx_word' id='word_1_650' title='bbox 2167 1293 2174 1307; x_wconf 93' lang='lat'>,</span> <span class='ocrx_word' id='word_1_651' title='bbox 2194 1279 2285 1300; x_wconf 89' lang='lat' dir='ltr'>snum</span> <span class='ocrx_word' id='word_1_652' title='bbox 2302 1279 2425 1311; x_wconf 82' lang='lat' dir='ltr'>qnoque</span> 
     </span>
     <span class='ocr_line' id='line_1_83' title="bbox 1409 1323 1853 1364; baseline 0.002 -11"><span class='ocrx_word' id='word_1_653' title='bbox 1409 1329 1587 1364; x_wconf 87' lang='lat' dir='ltr'>suspectum</span> <span class='ocrx_word' id='word_1_654' title='bbox 1606 1323 1723 1354; x_wconf 89' lang='lat' dir='ltr'>habere</span> <span class='ocrx_word' id='word_1_655' title='bbox 1744 1323 1853 1354; x_wconf 88' lang='lat' dir='ltr'>discat.</span> 
     </span>
    </p>

    <p class='ocr_par' dir='ltr' id='par_1_11' title="bbox 1409 1375 2430 1738">
     <span class='ocr_line' id='line_1_84' title="bbox 1460 1375 2426 1418; baseline 0 -11"><span class='ocrx_word' id='word_1_656' title='bbox 1460 1379 1524 1407; x_wconf 77' lang='lat'>505</span> <span class='ocrx_word' id='word_1_657' title='bbox 1551 1379 1587 1407; x_wconf 84' lang='lat' dir='ltr'>B.</span> <span class='ocrx_word' id='word_1_658' title='bbox 1609 1387 1702 1407; x_wconf 89' lang='lat' dir='ltr'>causa</span> <span class='ocrx_word' id='word_1_659' title='bbox 1730 1376 1892 1418; x_wconf 86' lang='lat' dir='ltr'>cujusdam</span> <span class='ocrx_word' id='word_1_660' title='bbox 1910 1375 2056 1418; x_wconf 89' lang='lat' dir='ltr'>pauperis</span> <span class='ocrx_word' id='word_1_661' title='bbox 2074 1375 2224 1417; x_wconf 84' lang='lat' dir='ltr'>episcopi.</span> <span class='ocrx_word' id='word_1_662' title='bbox 2240 1393 2286 1397; x_wconf 91' lang='lat'>—</span> <span class='ocrx_word' id='word_1_663' title='bbox 2305 1377 2351 1406; x_wconf 90' lang='lat' dir='ltr'>De</span> <span class='ocrx_word' id='word_1_664' title='bbox 2367 1375 2426 1407; x_wconf 88' lang='lat' dir='ltr'>hoc</span> 
     </span>
     <span class='ocr_line' id='line_1_85' title="bbox 1409 1428 2427 1471; baseline 0.001 -12"><span class='ocrx_word' id='word_1_665' title='bbox 1409 1429 1576 1471; x_wconf 75' lang='lat' dir='ltr'>episcopo,</span> <span class='ocrx_word' id='word_1_666' title='bbox 1611 1440 1777 1471; x_wconf 86' lang='lat' dir='ltr'>suppresso</span> <span class='ocrx_word' id='word_1_667' title='bbox 1807 1430 1953 1466; x_wconf 90' lang='lat' dir='ltr'>nomine,</span> <span class='ocrx_word' id='word_1_668' title='bbox 1985 1429 2086 1471; x_wconf 79' lang='lat' dir='ltr'>agitur</span> <span class='ocrx_word' id='word_1_669' title='bbox 2112 1428 2143 1459; x_wconf 92' lang='lat' dir='ltr'>in</span> <span class='ocrx_word' id='word_1_670' title='bbox 2169 1428 2250 1459; x_wconf 91' lang='lat' dir='ltr'>libro</span> <span class='ocrx_word' id='word_1_671' title='bbox 2274 1428 2367 1460; x_wconf 87' lang='lat' dir='ltr'>tertio</span> <span class='ocrx_word' id='word_1_672' title='bbox 2389 1428 2427 1460; x_wconf 83' lang='lat' dir='ltr'>de</span> 
     </span>
     <span class='ocr_line' id='line_1_86' title="bbox 1413 1481 2427 1525; baseline -0.003 -9"><span class='ocrx_word' id='word_1_673' title='bbox 1413 1483 1689 1521; x_wconf 78' lang='lat' dir='ltr'>Consideratione,</span> <span class='ocrx_word' id='word_1_674' title='bbox 1710 1494 1778 1525; x_wconf 87' lang='lat' dir='ltr'>cap.</span> <span class='ocrx_word' id='word_1_675' title='bbox 1810 1487 1828 1515; x_wconf 87' lang='lat'><strong>3</strong></span> <span class='ocrx_word' id='word_1_676' title='bbox 1842 1508 1849 1522; x_wconf 95' lang='lat'>,</span> <span class='ocrx_word' id='word_1_677' title='bbox 1880 1483 1934 1513; x_wconf 93' lang='lat' dir='ltr'>ubi</span> <span class='ocrx_word' id='word_1_678' title='bbox 1961 1482 2118 1524; x_wconf 87' lang='lat' dir='ltr'>Eugenius</span> <span class='ocrx_word' id='word_1_679' title='bbox 2138 1481 2283 1513; x_wconf 86' lang='lat' dir='ltr'>landatur</span> <span class='ocrx_word' id='word_1_680' title='bbox 2299 1482 2427 1524; x_wconf 86' lang='lat' dir='ltr'>pauperi</span> 
     </span>
     <span class='ocr_line' id='line_1_87' title="bbox 1410 1535 2422 1579; baseline 0 -11"><span class='ocrx_word' id='word_1_681' title='bbox 1410 1537 1558 1579; x_wconf 86' lang='lat' dir='ltr'>episcopo</span> <span class='ocrx_word' id='word_1_682' title='bbox 1576 1536 1715 1575; x_wconf 88' lang='lat' dir='ltr'>dedisse,</span> <span class='ocrx_word' id='word_1_683' title='bbox 1733 1537 1819 1578; x_wconf 91' lang='lat' dir='ltr'>quod</span> <span class='ocrx_word' id='word_1_684' title='bbox 1835 1537 1941 1573; x_wconf 87' lang='lat' dir='ltr'>daret,</span> <span class='ocrx_word' id='word_1_685' title='bbox 1960 1547 2002 1567; x_wconf 92' lang='lat' dir='ltr'>ne</span> <span class='ocrx_word' id='word_1_686' title='bbox 2023 1535 2232 1567; x_wconf 86' lang='lat' dir='ltr'>immunificus</span> <span class='ocrx_word' id='word_1_687' title='bbox 2250 1541 2422 1568; x_wconf 87' lang='lat' dir='ltr'>notaretur.</span> 
     </span>
     <span class='ocr_line' id='line_1_88' title="bbox 1412 1588 2427 1632; baseline -0.001 -12"><span class='ocrx_word' id='word_1_688' title='bbox 1412 1590 1532 1621; x_wconf 86' lang='lat' dir='ltr'>Ibidem</span> <span class='ocrx_word' id='word_1_689' title='bbox 1558 1595 1688 1620; x_wconf 88' lang='lat' dir='ltr'>notatur</span> <span class='ocrx_word' id='word_1_690' title='bbox 1709 1590 1876 1632; x_wconf 86' lang='lat' dir='ltr'>episcopus</span> <span class='ocrx_word' id='word_1_691' title='bbox 1901 1590 1940 1621; x_wconf 85' lang='lat' dir='ltr'>de</span> <span class='ocrx_word' id='word_1_692' title='bbox 1958 1589 2174 1621; x_wconf 87' lang='lat' dir='ltr'>transmarinis</span> <span class='ocrx_word' id='word_1_693' title='bbox 2191 1588 2352 1631; x_wconf 88' lang='lat' dir='ltr'>partibus,</span> <span class='ocrx_word' id='word_1_694' title='bbox 2374 1589 2427 1630; x_wconf 89' lang='lat' dir='ltr'>qui</span> 
     </span>
     <span class='ocr_line' id='line_1_89' title="bbox 1412 1641 2430 1686; baseline -0.003 -11"><span class='ocrx_word' id='word_1_695' title='bbox 1412 1644 1626 1686; x_wconf 85' lang='lat' dir='ltr'>episcopatum</span> <span class='ocrx_word' id='word_1_696' title='bbox 1663 1644 1774 1674; x_wconf 87' lang='lat' dir='ltr'>emisse</span> <span class='ocrx_word' id='word_1_697' title='bbox 1809 1647 1920 1675; x_wconf 81' lang='lat' dir='ltr'>Romae</span> <span class='ocrx_word' id='word_1_698' title='bbox 1956 1643 2100 1674; x_wconf 72' lang='lat' dir='ltr'>voluerit.</span> <span class='ocrx_word' id='word_1_699' title='bbox 2132 1641 2227 1683; x_wconf 89' lang='lat' dir='ltr'>Quod</span> <span class='ocrx_word' id='word_1_700' title='bbox 2256 1642 2362 1673; x_wconf 82' lang='lat' dir='ltr'>forsan</span> <span class='ocrx_word' id='word_1_701' title='bbox 2389 1641 2430 1673; x_wconf 87' lang='lat' dir='ltr'>de</span> 
     </span>
     <span class='ocr_line' id='line_1_90' title="bbox 1413 1697 1840 1738; baseline 0 -11"><span class='ocrx_word' id='word_1_702' title='bbox 1413 1697 1576 1728; x_wconf 73' lang='lat' dir='ltr'>Wiltetmo</span> <span class='ocrx_word' id='word_1_703' title='bbox 1593 1697 1840 1738; x_wconf 78' lang='lat' dir='ltr'>intelligendum.</span> 
     </span>
    </p>

    <p class='ocr_par' dir='ltr' id='par_1_12' title="bbox 1415 1753 2435 2955">
     <span class='ocr_line' id='line_1_91' title="bbox 1464 1753 2428 1782; baseline -0.002 -1"><span class='ocrx_word' id='word_1_704' title='bbox 1464 1754 1528 1782; x_wconf 76' lang='lat'>500</span> <span class='ocrx_word' id='word_1_705' title='bbox 1549 1753 1584 1781; x_wconf 80' lang='lat' dir='ltr'>B.</span> <span class='ocrx_word' id='word_1_706' title='bbox 1605 1762 1646 1780; x_wconf 71' lang='lat' dir='ltr'>AD</span> <span class='ocrx_word' id='word_1_707' title='bbox 1665 1761 1899 1781; x_wconf 56' lang='grc' dir='ltr'><strong>111111101οΝ5οΜ</strong></span> <span class='ocrx_word' id='word_1_708' title='bbox 1926 1761 2082 1781; x_wconf 73' lang='grc' dir='ltr'><strong>001011οΜ</strong></span> <span class='ocrx_word' id='word_1_709' title='bbox 2105 1760 2369 1780; x_wconf 70' lang='lat' dir='ltr'>SANCTI-AEutnlt.</span> <span class='ocrx_word' id='word_1_710' title='bbox 2387 1767 2428 1771; x_wconf 87' lang='lat'>—-</span> 
     </span>
     <span class='ocr_line' id='line_1_92' title="bbox 1415 1802 2428 1846; baseline -0.003 -11"><span class='ocrx_word' id='word_1_711' title='bbox 1415 1803 1508 1835; x_wconf 91' lang='lat' dir='ltr'>Adde</span> <span class='ocrx_word' id='word_1_712' title='bbox 1527 1804 1621 1835; x_wconf 87' lang='lat' dir='ltr'>etiam</span> <span class='ocrx_word' id='word_1_713' title='bbox 1642 1804 1776 1835; x_wconf 83' lang='lat' dir='ltr'>Tolosae.</span> <span class='ocrx_word' id='word_1_714' title='bbox 1801 1807 1830 1835; x_wconf 89' lang='lat' dir='ltr'>Is</span> <span class='ocrx_word' id='word_1_715' title='bbox 1853 1815 1891 1835; x_wconf 82' lang='lat' dir='ltr'>ex</span> <span class='ocrx_word' id='word_1_716' title='bbox 1916 1810 2006 1846; x_wconf 87' lang='lat' dir='ltr'>patre</span> <span class='ocrx_word' id='word_1_717' title='bbox 2031 1802 2220 1845; x_wconf 84' lang='lat' dir='ltr'>Raymundo</span> <span class='ocrx_word' id='word_1_718' title='bbox 2238 1802 2361 1833; x_wconf 83' lang='lat' dir='ltr'>Totosae</span> <span class='ocrx_word' id='word_1_719' title='bbox 2377 1813 2428 1833; x_wconf 92' lang='lat' dir='ltr'>co-</span> 
     </span>
     <span class='ocr_line' id='line_1_93' title="bbox 1415 1855 2429 1898; baseline -0.001 -11"><span class='ocrx_word' id='word_1_720' title='bbox 1415 1857 1508 1895; x_wconf 86' lang='lat' dir='ltr'>mite,</span> <span class='ocrx_word' id='word_1_721' title='bbox 1530 1863 1560 1888; x_wconf 88' lang='lat' dir='ltr'>et</span> <span class='ocrx_word' id='word_1_722' title='bbox 1577 1863 1675 1889; x_wconf 88' lang='lat' dir='ltr'>matre</span> <span class='ocrx_word' id='word_1_723' title='bbox 1695 1857 1801 1888; x_wconf 85' lang='lat' dir='ltr'>Eluira</span> <span class='ocrx_word' id='word_1_724' title='bbox 1828 1858 1860 1889; x_wconf 94' lang='lat' dir='ltr'>in</span> <span class='ocrx_word' id='word_1_725' title='bbox 1877 1857 2007 1889; x_wconf 90' lang='lat' dir='ltr'>Oriente</span> <span class='ocrx_word' id='word_1_726' title='bbox 2025 1863 2117 1888; x_wconf 87' lang='lat' dir='ltr'>natus</span> <span class='ocrx_word' id='word_1_727' title='bbox 2143 1856 2155 1898; x_wconf 90' lang='lat'>(</span> <span class='ocrx_word' id='word_1_728' title='bbox 2172 1862 2206 1888; x_wconf 90' lang='lat' dir='ltr'>ut</span> <span class='ocrx_word' id='word_1_729' title='bbox 2230 1855 2326 1887; x_wconf 86' lang='lat' dir='ltr'>refert</span> <span class='ocrx_word' id='word_1_730' title='bbox 2342 1855 2429 1887; x_wconf 70' lang='lat' dir='ltr'>GuiL</span> 
     </span>
     <span class='ocr_line' id='line_1_94' title="bbox 1415 1908 2429 1953; baseline -0.002 -12"><span class='ocrx_word' id='word_1_731' title='bbox 1415 1910 1527 1942; x_wconf 87' lang='lat' dir='ltr'>lelmus</span> <span class='ocrx_word' id='word_1_732' title='bbox 1552 1911 1685 1953; x_wconf 86' lang='lat' dir='ltr'>Tyrius,</span> <span class='ocrx_word' id='word_1_733' title='bbox 1714 1911 1792 1942; x_wconf 91' lang='lat' dir='ltr'>Belli</span> <span class='ocrx_word' id='word_1_734' title='bbox 1819 1911 1897 1942; x_wconf 82' lang='lat' dir='ltr'>sacri</span> <span class='ocrx_word' id='word_1_735' title='bbox 1917 1910 2000 1941; x_wconf 89' lang='lat' dir='ltr'>libro</span> <span class='ocrx_word' id='word_1_736' title='bbox 2025 1914 2078 1948; x_wconf 90' lang='lat'>10,</span> <span class='ocrx_word' id='word_1_737' title='bbox 2104 1920 2173 1952; x_wconf 87' lang='lat' dir='ltr'>cap.</span> <span class='ocrx_word' id='word_1_738' title='bbox 2203 1912 2261 1947; x_wconf 90' lang='lat'>27,</span> <span class='ocrx_word' id='word_1_739' title='bbox 2285 1908 2337 1950; x_wconf 87' lang='lat' dir='ltr'>qni</span> <span class='ocrx_word' id='word_1_740' title='bbox 2359 1919 2429 1939; x_wconf 86' lang='lat' dir='ltr'>eum</span> 
     </span>
     <span class='ocr_line' id='line_1_95' title="bbox 1417 1961 2431 2006; baseline -0.001 -11"><span class='ocrx_word' id='word_1_741' title='bbox 1417 1964 1587 1995; x_wconf 85' lang='lat' dir='ltr'>Anfossum</span> <span class='ocrx_word' id='word_1_742' title='bbox 1613 1964 1784 2006; x_wconf 87' lang='lat' dir='ltr'>appellat),</span> <span class='ocrx_word' id='word_1_743' title='bbox 1814 1964 1848 1995; x_wconf 89' lang='lat' dir='ltr'>in</span> <span class='ocrx_word' id='word_1_744' title='bbox 1874 1964 2015 1996; x_wconf 57' lang='grc' dir='ltr'>ι10111000</span> <span class='ocrx_word' id='word_1_745' title='bbox 2039 1963 2105 2006; x_wconf 90' lang='lat' dir='ltr'>ipso</span> <span class='ocrx_word' id='word_1_746' title='bbox 2132 1962 2313 1994; x_wconf 88' lang='lat' dir='ltr'>lustralibus</span> <span class='ocrx_word' id='word_1_747' title='bbox 2341 1961 2431 1994; x_wconf 92' lang='lat' dir='ltr'>undis</span> 
     </span>
     <span class='ocr_line' id='line_1_96' title="bbox 1418 2015 2428 2054; baseline -0.001 -7"><span class='ocrx_word' id='word_1_748' title='bbox 1418 2017 1566 2048; x_wconf 88' lang='lat' dir='ltr'>intinctus</span> <span class='ocrx_word' id='word_1_749' title='bbox 1587 2024 1644 2049; x_wconf 86' lang='lat' dir='ltr'>est..</span> <span class='ocrx_word' id='word_1_750' title='bbox 1670 2017 1756 2049; x_wconf 90' lang='lat' dir='ltr'>Idem</span> <span class='ocrx_word' id='word_1_751' title='bbox 1780 2024 1889 2049; x_wconf 88' lang='lat' dir='ltr'>auctor</span> <span class='ocrx_word' id='word_1_752' title='bbox 1914 2017 1959 2049; x_wconf 88' lang='lat' dir='ltr'>sic</span> <span class='ocrx_word' id='word_1_753' title='bbox 1980 2017 2020 2049; x_wconf 86' lang='lat' dir='ltr'>de</span> <span class='ocrx_word' id='word_1_754' title='bbox 2046 2028 2084 2049; x_wconf 87' lang='grc'>00</span> <span class='ocrx_word' id='word_1_755' title='bbox 2109 2016 2234 2053; x_wconf 85' lang='grc'><strong>50111111,</strong></span> <span class='ocrx_word' id='word_1_756' title='bbox 2260 2015 2342 2046; x_wconf 83' lang='grc'><strong>111110</strong></span> <span class='ocrx_word' id='word_1_757' title='bbox 2367 2019 2405 2047; x_wconf 88' lang='grc'>16</span> <span class='ocrx_word' id='word_1_758' title='bbox 2420 2040 2428 2054; x_wconf 93' lang='grc'><strong>,</strong></span> 
     </span>
     <span class='ocr_line' id='line_1_97' title="bbox 1419 2070 2430 2113; baseline -0.001 -13"><span class='ocrx_word' id='word_1_759' title='bbox 1419 2081 1488 2112; x_wconf 89' lang='lat' dir='ltr'>cap.</span> <span class='ocrx_word' id='word_1_760' title='bbox 1514 2074 1555 2103; x_wconf 85' lang='lat'>28</span> <span class='ocrx_word' id='word_1_761' title='bbox 1568 2095 1575 2108; x_wconf 85' lang='lat'>,</span> <span class='ocrx_word' id='word_1_762' title='bbox 1595 2071 1660 2112; x_wconf 84' lang='lat' dir='ltr'>ejus</span> <span class='ocrx_word' id='word_1_763' title='bbox 1682 2071 1909 2113; x_wconf 81' lang='lat' dir='ltr'>profectionem</span> <span class='ocrx_word' id='word_1_764' title='bbox 1932 2071 1964 2101; x_wconf 92' lang='lat' dir='ltr'>in</span> <span class='ocrx_word' id='word_1_765' title='bbox 1990 2070 2153 2102; x_wconf 84' lang='lat' dir='ltr'>Orientem</span> <span class='ocrx_word' id='word_1_766' title='bbox 2170 2079 2430 2100; x_wconf 84' lang='lat' dir='ltr'>commemorans.</span> 
     </span>
     <span class='ocr_line' id='line_1_98' title="bbox 1421 2121 2434 2166; baseline -0.003 -11"><span class='ocrx_word' id='word_1_767' title='bbox 1421 2138 1434 2150; x_wconf 72' lang='lat' dir='ltr'>u</span> <span class='ocrx_word' id='word_1_768' title='bbox 1453 2124 1615 2166; x_wconf 88' lang='lat' dir='ltr'>Applicuit</span> <span class='ocrx_word' id='word_1_769' title='bbox 1638 2124 1732 2155; x_wconf 87' lang='lat' dir='ltr'>etiam</span> <span class='ocrx_word' id='word_1_770' title='bbox 1752 2124 1860 2155; x_wconf 88' lang='lat' dir='ltr'>iisdem</span> <span class='ocrx_word' id='word_1_771' title='bbox 1881 2123 1991 2155; x_wconf 87' lang='lat' dir='ltr'>diebus</span> <span class='ocrx_word' id='word_1_772' title='bbox 2016 2123 2047 2154; x_wconf 90' lang='lat' dir='ltr'>in</span> <span class='ocrx_word' id='word_1_773' title='bbox 2063 2129 2156 2165; x_wconf 89' lang='lat' dir='ltr'>portu</span> <span class='ocrx_word' id='word_1_774' title='bbox 2171 2122 2366 2160; x_wconf 86' lang='lat' dir='ltr'>Acconensi,</span> <span class='ocrx_word' id='word_1_775' title='bbox 2385 2121 2434 2153; x_wconf 82' lang='lat' dir='ltr'>vir</span> 
     </span>
     <span class='ocr_line' id='line_1_99' title="bbox 1422 2175 2432 2219; baseline -0.001 -12"><span class='ocrx_word' id='word_1_776' title='bbox 1422 2192 1435 2204; x_wconf 70' lang='grc' dir='ltr'><strong>υ</strong></span> <span class='ocrx_word' id='word_1_777' title='bbox 1453 2177 1634 2219; x_wconf 81' lang='lat' dir='ltr'>magnificus</span> <span class='ocrx_word' id='word_1_778' title='bbox 1651 2184 1681 2209; x_wconf 88' lang='lat' dir='ltr'>et</span> <span class='ocrx_word' id='word_1_779' title='bbox 1698 2177 1825 2208; x_wconf 89' lang='lat' dir='ltr'>illustris</span> <span class='ocrx_word' id='word_1_780' title='bbox 1836 2201 1843 2215; x_wconf 89' lang='lat'><strong>‚</strong></span> <span class='ocrx_word' id='word_1_781' title='bbox 1864 2188 1968 2208; x_wconf 88' lang='lat' dir='ltr'>comes</span> <span class='ocrx_word' id='word_1_782' title='bbox 1990 2177 2165 2208; x_wconf 84' lang='lat' dir='ltr'>Tolosanus</span> <span class='ocrx_word' id='word_1_783' title='bbox 2176 2200 2183 2213; x_wconf 89' lang='lat'>,</span> <span class='ocrx_word' id='word_1_784' title='bbox 2206 2175 2359 2208; x_wconf 86' lang='lat' dir='ltr'>Anfossus</span> <span class='ocrx_word' id='word_1_785' title='bbox 2374 2185 2432 2206; x_wconf 84' lang='lat' dir='ltr'>no—</span> 
     </span>
     <span class='ocr_line' id='line_1_100' title="bbox 1422 2229 2433 2273; baseline -0.001 -12"><span class='ocrx_word' id='word_1_786' title='bbox 1422 2244 1435 2257; x_wconf 78' lang='lat'>·</span> <span class='ocrx_word' id='word_1_787' title='bbox 1452 2230 1554 2269; x_wconf 90' lang='lat' dir='ltr'>mine,</span> <span class='ocrx_word' id='word_1_788' title='bbox 1586 2231 1705 2262; x_wconf 89' lang='lat' dir='ltr'>domini</span> <span class='ocrx_word' id='word_1_789' title='bbox 1732 2231 1911 2273; x_wconf 85' lang='lat' dir='ltr'>Raymundi</span> <span class='ocrx_word' id='word_1_790' title='bbox 1939 2230 2061 2262; x_wconf 88' lang='lat' dir='ltr'>comitis</span> <span class='ocrx_word' id='word_1_791' title='bbox 2090 2229 2219 2262; x_wconf 88' lang='lat' dir='ltr'>senioris</span> <span class='ocrx_word' id='word_1_792' title='bbox 2247 2230 2346 2267; x_wconf 84' lang='lat' dir='ltr'>filius,</span> <span class='ocrx_word' id='word_1_793' title='bbox 2379 2229 2433 2271; x_wconf 89' lang='lat' dir='ltr'>qui</span> 
     </span>
     <span class='ocr_line' id='line_1_101' title="bbox 1422 2282 2430 2326; baseline -0.002 -11"><span class='ocrx_word' id='word_1_794' title='bbox 1422 2299 1437 2310; x_wconf 67' lang='grc' dir='ltr'>»ι</span> <span class='ocrx_word' id='word_1_795' title='bbox 1454 2290 1559 2315; x_wconf 86' lang='lat' dir='ltr'>tantus</span> <span class='ocrx_word' id='word_1_796' title='bbox 1574 2285 1719 2326; x_wconf 88' lang='lat' dir='ltr'>princeps</span> <span class='ocrx_word' id='word_1_797' title='bbox 1741 2284 1819 2315; x_wconf 85' lang='lat' dir='ltr'>tanti</span> <span class='ocrx_word' id='word_1_798' title='bbox 1833 2284 1890 2315; x_wconf 87' lang='lat' dir='ltr'>fuit</span> <span class='ocrx_word' id='word_1_799' title='bbox 1911 2284 2014 2315; x_wconf 88' lang='lat' dir='ltr'>meriti</span> <span class='ocrx_word' id='word_1_800' title='bbox 2033 2283 2064 2314; x_wconf 88' lang='lat' dir='ltr'>in</span> <span class='ocrx_word' id='word_1_801' title='bbox 2087 2283 2189 2325; x_wconf 86' lang='lat' dir='ltr'>prima</span> <span class='ocrx_word' id='word_1_802' title='bbox 2210 2282 2409 2324; x_wconf 79' lang='lat' dir='ltr'>expeditione</span> <span class='ocrx_word' id='word_1_803' title='bbox 2421 2306 2430 2320; x_wconf 89' lang='lat'><strong>‚</strong></span> 
     </span>
     <span class='ocr_line' id='line_1_102' title="bbox 1423 2335 2429 2379; baseline -0.002 -11"><span class='ocrx_word' id='word_1_804' title='bbox 1423 2353 1436 2365; x_wconf 90' lang='lat'>»</span> <span class='ocrx_word' id='word_1_805' title='bbox 1453 2338 1501 2369; x_wconf 67' lang='lat' dir='ltr'>vir</span> <span class='ocrx_word' id='word_1_806' title='bbox 1514 2338 1576 2368; x_wconf 87' lang='lat' dir='ltr'>suis</span> <span class='ocrx_word' id='word_1_807' title='bbox 1590 2338 1728 2379; x_wconf 79' lang='lat' dir='ltr'>egregius</span> <span class='ocrx_word' id='word_1_808' title='bbox 1743 2338 1838 2369; x_wconf 87' lang='lat' dir='ltr'>titulis</span> <span class='ocrx_word' id='word_1_809' title='bbox 1850 2362 1858 2376; x_wconf 93' lang='lat'>,</span> <span class='ocrx_word' id='word_1_810' title='bbox 1877 2337 1930 2369; x_wconf 88' lang='lat' dir='ltr'>sed</span> <span class='ocrx_word' id='word_1_811' title='bbox 1945 2337 2043 2379; x_wconf 89' lang='lat' dir='ltr'>patris</span> <span class='ocrx_word' id='word_1_812' title='bbox 2055 2337 2107 2379; x_wconf 87' lang='lat' dir='ltr'>pia</span> <span class='ocrx_word' id='word_1_813' title='bbox 2127 2336 2240 2368; x_wconf 91' lang='lat' dir='ltr'>clarior</span> <span class='ocrx_word' id='word_1_814' title='bbox 2259 2335 2408 2367; x_wconf 80' lang='lat' dir='ltr'>memoria</span> <span class='ocrx_word' id='word_1_815' title='bbox 2421 2359 2429 2373; x_wconf 89' lang='lat'>‚</span> 
     </span>
     <span class='ocr_line' id='line_1_103' title="bbox 1421 2388 2434 2433; baseline -0.001 -12"><span class='ocrx_word' id='word_1_816' title='bbox 1421 2405 1435 2418; x_wconf 76' lang='grc' dir='ltr'>ιι</span> <span class='ocrx_word' id='word_1_817' title='bbox 1453 2391 1527 2421; x_wconf 85' lang='lat' dir='ltr'>dum</span> <span class='ocrx_word' id='word_1_818' title='bbox 1542 2391 1614 2422; x_wconf 86' lang='lat' dir='ltr'>inde</span> <span class='ocrx_word' id='word_1_819' title='bbox 1627 2394 1646 2422; x_wconf 92' lang='lat' dir='ltr'>J</span> <span class='ocrx_word' id='word_1_820' title='bbox 1649 2392 1855 2433; x_wconf 85' lang='lat' dir='ltr'>erosolymam</span> <span class='ocrx_word' id='word_1_821' title='bbox 1865 2415 1873 2429; x_wconf 91' lang='lat'>,</span> <span class='ocrx_word' id='word_1_822' title='bbox 1894 2397 1928 2422; x_wconf 86' lang='lat' dir='ltr'>ut</span> <span class='ocrx_word' id='word_1_823' title='bbox 1941 2391 2078 2422; x_wconf 89' lang='lat' dir='ltr'>Domino</span> <span class='ocrx_word' id='word_1_824' title='bbox 2093 2401 2150 2432; x_wconf 91' lang='lat' dir='ltr'>pro</span> <span class='ocrx_word' id='word_1_825' title='bbox 2163 2396 2288 2432; x_wconf 86' lang='lat' dir='ltr'>peracta</span> <span class='ocrx_word' id='word_1_826' title='bbox 2306 2388 2434 2420; x_wconf 80' lang='lat' dir='ltr'>feliciter</span> 
     </span>
     <span class='ocr_line' id='line_1_104' title="bbox 1423 2441 2434 2485; baseline -0.003 -10"><span class='ocrx_word' id='word_1_827' title='bbox 1423 2458 1436 2471; x_wconf 78' lang='lat'>»</span> <span class='ocrx_word' id='word_1_828' title='bbox 1451 2444 1701 2485; x_wconf 86' lang='lat' dir='ltr'>peregrinatione</span> <span class='ocrx_word' id='word_1_829' title='bbox 1723 2444 1835 2485; x_wconf 82' lang='lat' dir='ltr'>gratias</span> <span class='ocrx_word' id='word_1_830' title='bbox 1857 2450 2000 2481; x_wconf 81' lang='lat' dir='ltr'>acturus,</span> <span class='ocrx_word' id='word_1_831' title='bbox 2024 2442 2107 2485; x_wconf 85' lang='lat' dir='ltr'>apud</span> <span class='ocrx_word' id='word_1_832' title='bbox 2130 2444 2302 2474; x_wconf 73' lang='lat' dir='ltr'>Caesaream</span> <span class='ocrx_word' id='word_1_833' title='bbox 2324 2441 2434 2473; x_wconf 87' lang='lat' dir='ltr'>urbem</span> 
     </span>
     <span class='ocr_line' id='line_1_105' title="bbox 1423 2496 2434 2540; baseline -0.002 -12"><span class='ocrx_word' id='word_1_834' title='bbox 1423 2512 1436 2524; x_wconf 65' lang='lat' dir='ltr'>a</span> <span class='ocrx_word' id='word_1_835' title='bbox 1454 2498 1659 2536; x_wconf 86' lang='lat' dir='ltr'>maritimam,</span> <span class='ocrx_word' id='word_1_836' title='bbox 1684 2498 1790 2540; x_wconf 86' lang='lat' dir='ltr'>paucis</span> <span class='ocrx_word' id='word_1_837' title='bbox 1813 2504 1979 2539; x_wconf 88' lang='lat' dir='ltr'>postquam</span> <span class='ocrx_word' id='word_1_838' title='bbox 2002 2497 2124 2540; x_wconf 89' lang='lat' dir='ltr'>appulit</span> <span class='ocrx_word' id='word_1_839' title='bbox 2146 2496 2274 2534; x_wconf 85' lang='lat' dir='ltr'>diebus,</span> <span class='ocrx_word' id='word_1_840' title='bbox 2291 2501 2434 2538; x_wconf 83' lang='lat' dir='ltr'>porrect&#39;o</span> 
     </span>
     <span class='ocr_line' id='line_1_106' title="bbox 1423 2549 2432 2594; baseline -0.002 -13"><span class='ocrx_word' id='word_1_841' title='bbox 1423 2565 1436 2578; x_wconf 64' lang='lat' dir='ltr'>a</span> <span class='ocrx_word' id='word_1_842' title='bbox 1454 2551 1498 2582; x_wconf 90' lang='lat' dir='ltr'>illi</span> <span class='ocrx_word' id='word_1_843' title='bbox 1513 2552 1559 2591; x_wconf 85' lang='lat' dir='ltr'>(ut</span> <span class='ocrx_word' id='word_1_844' title='bbox 1574 2551 1700 2594; x_wconf 88' lang='lat' dir='ltr'>dicitur)</span> <span class='ocrx_word' id='word_1_845' title='bbox 1712 2562 1850 2588; x_wconf 78' lang='lat' dir='ltr'>veneu0;</span> <span class='ocrx_word' id='word_1_846' title='bbox 1867 2551 1922 2583; x_wconf 90' lang='lat' dir='ltr'>sed</span> <span class='ocrx_word' id='word_1_847' title='bbox 1935 2557 2062 2582; x_wconf 83' lang='lat' dir='ltr'>auctore</span> <span class='ocrx_word' id='word_1_848' title='bbox 2075 2550 2152 2581; x_wconf 88' lang='lat' dir='ltr'>tanti</span> <span class='ocrx_word' id='word_1_849' title='bbox 2165 2549 2289 2581; x_wconf 86' lang='lat' dir='ltr'>sceleris</span> <span class='ocrx_word' id='word_1_850' title='bbox 2302 2549 2432 2587; x_wconf 86' lang='lat' dir='ltr'>incerto,</span> 
     </span>
     <span class='ocr_line' id='line_1_107' title="bbox 1423 2601 2431 2644; baseline -0.004 -8"><span class='ocrx_word' id='word_1_851' title='bbox 1423 2620 1436 2632; x_wconf 68' lang='lat' dir='ltr'>u</span> <span class='ocrx_word' id='word_1_852' title='bbox 1454 2605 1550 2636; x_wconf 75' lang='lat' dir='ltr'>vitani</span> <span class='ocrx_word' id='word_1_853' title='bbox 1574 2605 1691 2643; x_wconf 70' lang='lat' dir='ltr'>sinivit,</span> <span class='ocrx_word' id='word_1_854' title='bbox 1723 2620 1735 2632; x_wconf 71' lang='grc' dir='ltr'><strong>υ</strong></span> <span class='ocrx_word' id='word_1_855' title='bbox 1761 2611 1821 2636; x_wconf 88' lang='lat' dir='ltr'>etc.</span> <span class='ocrx_word' id='word_1_856' title='bbox 1858 2608 1957 2636; x_wconf 85' lang='lat' dir='ltr'>Porro</span> <span class='ocrx_word' id='word_1_857' title='bbox 1991 2603 2156 2635; x_wconf 82' lang='lat' dir='ltr'>comitatus</span> <span class='ocrx_word' id='word_1_858' title='bbox 2181 2601 2431 2644; x_wconf 80' lang='lat' dir='ltr'>Sancti-AEgidii‚</span> 
     </span>
     <span class='ocr_line' id='line_1_108' title="bbox 1423 2655 2434 2699; baseline -0.003 -11"><span class='ocrx_word' id='word_1_859' title='bbox 1423 2658 1533 2689; x_wconf 80' lang='lat' dir='ltr'>Galliae</span> <span class='ocrx_word' id='word_1_860' title='bbox 1551 2658 1766 2689; x_wconf 85' lang='lat' dir='ltr'>Narbonensis</span> <span class='ocrx_word' id='word_1_861' title='bbox 1780 2668 1852 2699; x_wconf 85' lang='lat' dir='ltr'>pars</span> <span class='ocrx_word' id='word_1_862' title='bbox 1866 2663 1912 2688; x_wconf 85' lang='lat' dir='ltr'>est</span> <span class='ocrx_word' id='word_1_863' title='bbox 1923 2682 1930 2696; x_wconf 90' lang='lat'>,</span> <span class='ocrx_word' id='word_1_864' title='bbox 1947 2668 1965 2688; x_wconf 88' lang='grc'>0</span> <span class='ocrx_word' id='word_1_865' title='bbox 1979 2663 2086 2688; x_wconf 86' lang='lat' dir='ltr'>sancto</span> <span class='ocrx_word' id='word_1_866' title='bbox 2102 2655 2224 2698; x_wconf 87' lang='lat' dir='ltr'>AEgidio</span> <span class='ocrx_word' id='word_1_867' title='bbox 2246 2655 2313 2697; x_wconf 84' lang='lat' dir='ltr'>ejus</span> <span class='ocrx_word' id='word_1_868' title='bbox 2335 2665 2434 2696; x_wconf 89' lang='lat' dir='ltr'>quon-</span> 
     </span>
     <span class='ocr_line' id='line_1_109' title="bbox 1423 2708 2434 2753; baseline -0.001 -12"><span class='ocrx_word' id='word_1_869' title='bbox 1423 2710 1495 2741; x_wconf 88' lang='lat' dir='ltr'>dam</span> <span class='ocrx_word' id='word_1_870' title='bbox 1510 2711 1610 2742; x_wconf 89' lang='lat' dir='ltr'>incola</span> <span class='ocrx_word' id='word_1_871' title='bbox 1624 2711 1667 2742; x_wconf 89' lang='lat' dir='ltr'>sic</span> <span class='ocrx_word' id='word_1_872' title='bbox 1681 2717 1879 2753; x_wconf 87' lang='lat' dir='ltr'>nuncupata,</span> <span class='ocrx_word' id='word_1_873' title='bbox 1899 2722 1970 2742; x_wconf 92' lang='lat' dir='ltr'>cum</span> <span class='ocrx_word' id='word_1_874' title='bbox 1993 2711 2067 2742; x_wconf 89' lang='lat' dir='ltr'>alias</span> <span class='ocrx_word' id='word_1_875' title='bbox 2083 2709 2274 2752; x_wconf 82' lang='lat' dir='ltr'>Septimania</span> <span class='ocrx_word' id='word_1_876' title='bbox 2295 2708 2434 2740; x_wconf 86' lang='lat' dir='ltr'>contine-</span> 
     </span>
     <span class='ocr_line' id='line_1_110' title="bbox 1422 2761 2434 2805; baseline -0.003 -11"><span class='ocrx_word' id='word_1_877' title='bbox 1422 2769 1519 2795; x_wconf 89' lang='lat' dir='ltr'>retur.</span> <span class='ocrx_word' id='word_1_878' title='bbox 1534 2766 1646 2795; x_wconf 83' lang='lat' dir='ltr'>Comes</span> <span class='ocrx_word' id='word_1_879' title='bbox 1668 2764 1898 2805; x_wconf 83' lang='lat' dir='ltr'>Sancti-AEgidii</span> <span class='ocrx_word' id='word_1_880' title='bbox 1921 2763 2143 2795; x_wconf 87' lang='lat' dir='ltr'>Hildefonsum</span> <span class='ocrx_word' id='word_1_881' title='bbox 2159 2773 2192 2794; x_wconf 84' lang='lat' dir='ltr'>se</span> <span class='ocrx_word' id='word_1_882' title='bbox 2207 2762 2281 2793; x_wconf 89' lang='lat' dir='ltr'>dicit</span> <span class='ocrx_word' id='word_1_883' title='bbox 2304 2761 2337 2792; x_wconf 88' lang='lat' dir='ltr'>in</span> <span class='ocrx_word' id='word_1_884' title='bbox 2358 2771 2434 2803; x_wconf 88' lang='lat' dir='ltr'>quo-</span> 
     </span>
     <span class='ocr_line' id='line_1_111' title="bbox 1424 2815 2435 2859; baseline -0.003 -11"><span class='ocrx_word' id='word_1_885' title='bbox 1424 2817 1495 2848; x_wconf 81' lang='lat' dir='ltr'>dam</span> <span class='ocrx_word' id='word_1_886' title='bbox 1528 2823 1620 2859; x_wconf 80' lang='lat' dir='ltr'>pacto</span> <span class='ocrx_word' id='word_1_887' title='bbox 1654 2829 1737 2848; x_wconf 89' lang='lat' dir='ltr'>auno</span> <span class='ocrx_word' id='word_1_888' title='bbox 1777 2820 1863 2849; x_wconf 77' lang='lat'>1125</span> <span class='ocrx_word' id='word_1_889' title='bbox 1898 2817 1979 2849; x_wconf 85' lang='lat' dir='ltr'>inter</span> <span class='ocrx_word' id='word_1_890' title='bbox 2012 2817 2114 2859; x_wconf 88' lang='lat' dir='ltr'>ipsum</span> <span class='ocrx_word' id='word_1_891' title='bbox 2148 2822 2179 2847; x_wconf 85' lang='lat' dir='ltr'>et</span> <span class='ocrx_word' id='word_1_892' title='bbox 2215 2815 2435 2857; x_wconf 77' lang='lat' dir='ltr'>Raymundum</span> 
     </span>
     <span class='ocr_line' id='line_1_112' title="bbox 1424 2867 2435 2911; baseline -0.003 -10"><span class='ocrx_word' id='word_1_893' title='bbox 1424 2871 1567 2902; x_wconf 88' lang='lat' dir='ltr'>comitem</span> <span class='ocrx_word' id='word_1_894' title='bbox 1603 2871 1866 2902; x_wconf 82' lang='lat' dir='ltr'>Barcinonensem</span> <span class='ocrx_word' id='word_1_895' title='bbox 1900 2870 1998 2907; x_wconf 88' lang='lat' dir='ltr'>inito,</span> <span class='ocrx_word' id='word_1_896' title='bbox 2026 2869 2081 2900; x_wconf 84' lang='lat' dir='ltr'>ubi</span> <span class='ocrx_word' id='word_1_897' title='bbox 2106 2869 2172 2911; x_wconf 84' lang='lat' dir='ltr'>ejus</span> <span class='ocrx_word' id='word_1_898' title='bbox 2198 2878 2278 2900; x_wconf 83' lang='lat' dir='ltr'>uxor</span> <span class='ocrx_word' id='word_1_899' title='bbox 2302 2867 2435 2899; x_wconf 75' lang='lat' dir='ltr'>Fax-dida</span> 
     </span>
     <span class='ocr_line' id='line_1_113' title="bbox 1425 2929 1566 2955; baseline 0.007 -2"><span class='ocrx_word' id='word_1_900' title='bbox 1425 2929 1566 2955; x_wconf 69' lang='lat' dir='ltr'>vocatur.</span> 
     </span>
    </p>

    <p class='ocr_par' dir='ltr' id='par_1_13' title="bbox 1423 2973 2437 3284">
     <span class='ocr_line' id='line_1_114' title="bbox 1475 2973 2436 3009; baseline -0.003 -2"><span class='ocrx_word' id='word_1_901' title='bbox 1475 2980 1538 3009; x_wconf 88' lang='lat'>507</span> <span class='ocrx_word' id='word_1_902' title='bbox 1566 2980 1606 3007; x_wconf 89' lang='grc' dir='ltr'>Ι).</span> <span class='ocrx_word' id='word_1_903' title='bbox 1624 2987 1697 3007; x_wconf 90' lang='lat' dir='ltr'>nam</span> <span class='ocrx_word' id='word_1_904' title='bbox 1714 2976 1886 3008; x_wconf 88' lang='lat' dir='ltr'>monachus</span> <span class='ocrx_word' id='word_1_905' title='bbox 1910 2976 2038 3008; x_wconf 78' lang='lat' dir='ltr'>exstitit.</span> <span class='ocrx_word' id='word_1_906' title='bbox 2065 2993 2109 2998; x_wconf 91' lang='lat'>—-</span> <span class='ocrx_word' id='word_1_907' title='bbox 2137 2974 2308 3006; x_wconf 88' lang='lat' dir='ltr'>Henricnm</span> <span class='ocrx_word' id='word_1_908' title='bbox 2330 2973 2436 3004; x_wconf 89' lang='lat' dir='ltr'>itidem</span> 
     </span>
     <span class='ocr_line' id='line_1_115' title="bbox 1425 3027 2436 3061; baseline -0.002 -1"><span class='ocrx_word' id='word_1_909' title='bbox 1425 3029 1612 3061; x_wconf 89' lang='lat' dir='ltr'>monachum</span> <span class='ocrx_word' id='word_1_910' title='bbox 1639 3036 1729 3061; x_wconf 72' lang='lat' dir='ltr'>vocat</span> <span class='ocrx_word' id='word_1_911' title='bbox 1745 3029 1918 3061; x_wconf 89' lang='lat' dir='ltr'>Gaufridus</span> <span class='ocrx_word' id='word_1_912' title='bbox 1938 3030 1971 3060; x_wconf 90' lang='lat' dir='ltr'>in</span> <span class='ocrx_word' id='word_1_913' title='bbox 1990 3029 2073 3061; x_wconf 90' lang='lat' dir='ltr'>libro</span> <span class='ocrx_word' id='word_1_914' title='bbox 2098 3028 2190 3059; x_wconf 85' lang='lat' dir='ltr'>tertio</span> <span class='ocrx_word' id='word_1_915' title='bbox 2211 3027 2251 3058; x_wconf 88' lang='lat' dir='ltr'>de</span> <span class='ocrx_word' id='word_1_916' title='bbox 2267 3027 2342 3058; x_wconf 86' lang='lat' dir='ltr'>Vita</span> <span class='ocrx_word' id='word_1_917' title='bbox 2362 3029 2436 3058; x_wconf 88' lang='lat' dir='ltr'>Ber-</span> 
     </span>
     <span class='ocr_line' id='line_1_116' title="bbox 1424 3079 2435 3121; baseline -0.004 -7"><span class='ocrx_word' id='word_1_918' title='bbox 1424 3083 1534 3121; x_wconf 86' lang='lat' dir='ltr'>nardi,</span> <span class='ocrx_word' id='word_1_919' title='bbox 1563 3094 1595 3114; x_wconf 91' lang='lat' dir='ltr'>n.</span> <span class='ocrx_word' id='word_1_920' title='bbox 1628 3086 1682 3121; x_wconf 75' lang='lat'>16,</span> <span class='ocrx_word' id='word_1_921' title='bbox 1710 3091 1741 3114; x_wconf 89' lang='lat' dir='ltr'>et</span> <span class='ocrx_word' id='word_1_922' title='bbox 1766 3083 1938 3114; x_wconf 81' lang='lat' dir='ltr'>Exordium</span> <span class='ocrx_word' id='word_1_923' title='bbox 1969 3081 2176 3115; x_wconf 83' lang='lat' dir='ltr'>Cisterciense</span> <span class='ocrx_word' id='word_1_924' title='bbox 2203 3081 2335 3112; x_wconf 86' lang='lat' dir='ltr'>relatum</span> <span class='ocrx_word' id='word_1_925' title='bbox 2355 3079 2435 3110; x_wconf 91' lang='lat' dir='ltr'>libro</span> 
     </span>
     <span class='ocr_line' id='line_1_117' title="bbox 1423 3133 2437 3178; baseline -0.005 -11"><span class='ocrx_word' id='word_1_926' title='bbox 1423 3136 1516 3167; x_wconf 90' lang='lat' dir='ltr'>tertio</span> <span class='ocrx_word' id='word_1_927' title='bbox 1536 3136 1675 3177; x_wconf 73' lang='lat' dir='ltr'>ejusdem</span> <span class='ocrx_word' id='word_1_928' title='bbox 1698 3136 1801 3174; x_wconf 70' lang='lat' dir='ltr'>vitm,</span> <span class='ocrx_word' id='word_1_929' title='bbox 1828 3147 1897 3178; x_wconf 85' lang='lat' dir='ltr'>cap.</span> <span class='ocrx_word' id='word_1_930' title='bbox 1930 3139 1983 3167; x_wconf 88' lang='lat'>17.</span> <span class='ocrx_word' id='word_1_931' title='bbox 2020 3135 2113 3166; x_wconf 88' lang='lat' dir='ltr'>lllum</span> <span class='ocrx_word' id='word_1_932' title='bbox 2138 3133 2298 3164; x_wconf 90' lang='lat' dir='ltr'>eremitam</span> <span class='ocrx_word' id='word_1_933' title='bbox 2325 3137 2437 3163; x_wconf 71' lang='lat' dir='ltr'>vocant</span> 
     </span>
     <span class='ocr_line' id='line_1_118' title="bbox 1425 3186 2435 3231; baseline -0.006 -10"><span class='ocrx_word' id='word_1_934' title='bbox 1425 3192 1505 3221; x_wconf 87' lang='lat' dir='ltr'>Acta</span> <span class='ocrx_word' id='word_1_935' title='bbox 1519 3189 1694 3220; x_wconf 86' lang='lat' dir='ltr'>Hildeberti</span> <span class='ocrx_word' id='word_1_936' title='bbox 1712 3189 1850 3231; x_wconf 88' lang='lat' dir='ltr'>episcopi</span> <span class='ocrx_word' id='word_1_937' title='bbox 1875 3187 2142 3221; x_wconf 83' lang='lat' dir='ltr'>Ceuomannensis</span> <span class='ocrx_word' id='word_1_938' title='bbox 2162 3186 2195 3217; x_wconf 88' lang='lat' dir='ltr'>in</span> <span class='ocrx_word' id='word_1_939' title='bbox 2214 3186 2435 3218; x_wconf 81' lang='lat' dir='ltr'>Analectorum</span> 
     </span>
     <span class='ocr_line' id='line_1_119' title="bbox 1425 3239 2157 3284; baseline -0.004 -11"><span class='ocrx_word' id='word_1_940' title='bbox 1425 3249 1510 3273; x_wconf 86' lang='lat' dir='ltr'>tomo</span> <span class='ocrx_word' id='word_1_941' title='bbox 1529 3245 1560 3280; x_wconf 90' lang='grc'><strong>3,</strong></span> <span class='ocrx_word' id='word_1_942' title='bbox 1581 3253 1651 3284; x_wconf 83' lang='lat' dir='ltr'>pag.</span> <span class='ocrx_word' id='word_1_943' title='bbox 1672 3244 1737 3274; x_wconf 80' lang='lat'>314</span> <span class='ocrx_word' id='word_1_944' title='bbox 1754 3266 1761 3279; x_wconf 94' lang='lat'><strong>‚</strong></span> <span class='ocrx_word' id='word_1_945' title='bbox 1780 3241 1834 3272; x_wconf 91' lang='lat' dir='ltr'>nbi</span> <span class='ocrx_word' id='word_1_946' title='bbox 1849 3243 1939 3283; x_wconf 87' lang='lat' dir='ltr'>plura</span> <span class='ocrx_word' id='word_1_947' title='bbox 1956 3241 1994 3272; x_wconf 87' lang='lat' dir='ltr'>de</span> <span class='ocrx_word' id='word_1_948' title='bbox 2008 3239 2157 3272; x_wconf 88' lang='lat' dir='ltr'>Henrico.</span> 
     </span>
    </p>

    <p class='ocr_par' dir='ltr' id='par_1_14' title="bbox 1425 3289 2435 3439">
     <span class='ocr_line' id='line_1_120' title="bbox 1476 3289 2431 3336; baseline -0.005 -11"><span class='ocrx_word' id='word_1_949' title='bbox 1476 3298 1539 3326; x_wconf 72' lang='lat'>:308</span> <span class='ocrx_word' id='word_1_950' title='bbox 1556 3296 1590 3325; x_wconf 93' lang='lat' dir='ltr'>C.</span> <span class='ocrx_word' id='word_1_951' title='bbox 1610 3294 1795 3325; x_wconf 69' lang='lat' dir='ltr'>venerabilis</span> <span class='ocrx_word' id='word_1_952' title='bbox 1815 3294 1966 3325; x_wconf 87' lang='lat' dir='ltr'>Ostiensis</span> <span class='ocrx_word' id='word_1_953' title='bbox 1993 3293 2168 3336; x_wconf 86' lang='lat' dir='ltr'>episcopus.</span> <span class='ocrx_word' id='word_1_954' title='bbox 2190 3309 2234 3313; x_wconf 90' lang='lat'>—</span> <span class='ocrx_word' id='word_1_955' title='bbox 2247 3289 2410 3322; x_wconf 86' lang='lat' dir='ltr'>Albericus</span> <span class='ocrx_word' id='word_1_956' title='bbox 2423 3312 2431 3327; x_wconf 89' lang='lat'>‚</span> 
     </span>
     <span class='ocr_line' id='line_1_121' title="bbox 1425 3344 2435 3390; baseline -0.006 -10"><span class='ocrx_word' id='word_1_957' title='bbox 1425 3350 1463 3380; x_wconf 91' lang='lat' dir='ltr'>de</span> <span class='ocrx_word' id='word_1_958' title='bbox 1480 3360 1542 3390; x_wconf 89' lang='lat' dir='ltr'>quo</span> <span class='ocrx_word' id='word_1_959' title='bbox 1557 3348 1676 3379; x_wconf 86' lang='lat' dir='ltr'>inlibro</span> <span class='ocrx_word' id='word_1_960' title='bbox 1694 3348 1784 3379; x_wconf 85' lang='lat' dir='ltr'>tertio</span> <span class='ocrx_word' id='word_1_961' title='bbox 1798 3347 1880 3378; x_wconf 70' lang='lat' dir='ltr'>vitre</span> <span class='ocrx_word' id='word_1_962' title='bbox 1896 3348 2058 3386; x_wconf 72' lang='lat' dir='ltr'>Rei-nardi,</span> <span class='ocrx_word' id='word_1_963' title='bbox 2077 3359 2109 3378; x_wconf 91' lang='lat' dir='ltr'>n.</span> <span class='ocrx_word' id='word_1_964' title='bbox 2132 3348 2183 3383; x_wconf 79' lang='lat'>17,</span> <span class='ocrx_word' id='word_1_965' title='bbox 2206 3344 2363 3376; x_wconf 79' lang='lat' dir='ltr'>Bellovaci</span> <span class='ocrx_word' id='word_1_966' title='bbox 2379 3353 2435 3374; x_wconf 87' lang='lat' dir='ltr'>na-</span> 
     </span>
     <span class='ocr_line' id='line_1_122' title="bbox 1427 3396 2433 3439; baseline -0.005 -8"><span class='ocrx_word' id='word_1_967' title='bbox 1427 3409 1473 3431; x_wconf 79' lang='lat' dir='ltr'>tus</span> <span class='ocrx_word' id='word_1_968' title='bbox 1487 3426 1494 3439; x_wconf 79' lang='lat'>,</span> <span class='ocrx_word' id='word_1_969' title='bbox 1515 3401 1654 3432; x_wconf 73' lang='lat' dir='ltr'>Cluniaci</span> <span class='ocrx_word' id='word_1_970' title='bbox 1669 3400 1857 3435; x_wconf 77' lang='lat' dir='ltr'>monachus,</span> <span class='ocrx_word' id='word_1_971' title='bbox 1878 3400 2043 3432; x_wconf 70' lang='lat' dir='ltr'>cardinalis</span> <span class='ocrx_word' id='word_1_972' title='bbox 2057 3400 2096 3431; x_wconf 85' lang='lat' dir='ltr'>ab</span> <span class='ocrx_word' id='word_1_973' title='bbox 2116 3396 2301 3430; x_wconf 81' lang='lat' dir='ltr'>Innocentio</span> <span class='ocrx_word' id='word_1_974' title='bbox 2315 3401 2433 3429; x_wconf 80' lang='lat' dir='ltr'>creatus</span> 
     </span>
    </p>
   </div>
  </div>
 </body>
</html>
