<?xml version="1.0" encoding="UTF-8"?>
<!DOCTYPE html PUBLIC "-//W3C//DTD XHTML 1.0 Transitional//EN"
    "http://www.w3.org/TR/xhtml1/DTD/xhtml1-transitional.dtd">
<html xmlns="http://www.w3.org/1999/xhtml" xml:lang="en" lang="en">
 <head>
  <title>
</title>
<meta http-equiv="Content-Type" content="text/html;charset=utf-8" />
  <meta name='ocr-system' content='tesseract 3.04.00' />
  <meta name='ocr-capabilities' content='ocr_page ocr_carea ocr_par ocr_line ocrx_word'/>
</head>
<body>
  <div class='ocr_page' id='page_1' title='image "./operaomniapostho01bernuoft/operaomniapostho01bernuoft_0636.png"; bbox 0 0 2517 3920; ppageno 0'>
   <div class='ocr_carea' id='block_1_1' title="bbox 348 202 444 240">
    <p class='ocr_par' dir='ltr' id='par_1_1' title="bbox 348 202 444 240">
     <span class='ocr_line' id='line_1_1' title="bbox 348 202 444 240; baseline -0.021 0"><span class='ocrx_word' id='word_1_1' title='bbox 348 202 444 240; x_wconf 69' lang='lat'>1255</span> 
     </span>
    </p>
   </div>
   <div class='ocr_carea' id='block_1_2' title="bbox 346 393 1359 989">
    <p class='ocr_par' dir='ltr' id='par_1_2' title="bbox 346 393 1355 920">
     <span class='ocr_line' id='line_1_2' title="bbox 347 393 1354 447; baseline -0.008 -10"><span class='ocrx_word' id='word_1_2' title='bbox 347 415 426 437; x_wconf 77' lang='lat' dir='ltr'>mus</span> <span class='ocrx_word' id='word_1_3' title='bbox 448 407 471 436; x_wconf 90' lang='lat'>¹.</span> <span class='ocrx_word' id='word_1_4' title='bbox 501 402 623 447; x_wconf 85' lang='lat' dir='ltr'>Quam</span> <span class='ocrx_word' id='word_1_5' title='bbox 656 395 809 446; x_wconf 78' lang='lat' dir='ltr'>gloriosi</span> <span class='ocrx_word' id='word_1_6' title='bbox 837 403 1084 432; x_wconf 71' lang='lat' dir='ltr'>revertuntur</span> <span class='ocrx_word' id='word_1_7' title='bbox 1114 395 1278 430; x_wconf 72' lang='lat' dir='ltr'>victores</span> <span class='ocrx_word' id='word_1_8' title='bbox 1308 393 1354 429; x_wconf 92' lang='lat' dir='ltr'>de</span> 
     </span>
     <span class='ocr_line' id='line_1_3' title="bbox 347 454 1352 513; baseline -0.009 -15"><span class='ocrx_word' id='word_1_9' title='bbox 347 461 498 513; x_wconf 84' lang='lat' dir='ltr'>praelio!</span> <span class='ocrx_word' id='word_1_10' title='bbox 547 472 659 509; x_wconf 87' lang='lat' dir='ltr'>quam</span> <span class='ocrx_word' id='word_1_11' title='bbox 707 457 808 494; x_wconf 87' lang='lat' dir='ltr'>beati</span> <span class='ocrx_word' id='word_1_12' title='bbox 841 457 1060 493; x_wconf 86' lang='lat' dir='ltr'>moriuntur</span> <span class='ocrx_word' id='word_1_13' title='bbox 1093 464 1282 504; x_wconf 70' lang='lat' dir='ltr'>martyres</span> <span class='ocrx_word' id='word_1_14' title='bbox 1315 454 1352 489; x_wconf 90' lang='lat' dir='ltr'>in</span> 
     </span>
     <span class='ocr_line' id='line_1_4' title="bbox 347 514 1355 573; baseline -0.009 -14"><span class='ocrx_word' id='word_1_15' title='bbox 347 522 500 573; x_wconf 66' lang='lat' dir='ltr'>praelio!</span> <span class='ocrx_word' id='word_1_16' title='bbox 524 518 656 559; x_wconf 81' lang='lat' dir='ltr'>Gaude</span> <span class='ocrx_word' id='word_1_17' title='bbox 670 547 679 563; x_wconf 92' lang='lat'>,</span> <span class='ocrx_word' id='word_1_18' title='bbox 706 516 813 554; x_wconf 87' lang='lat' dir='ltr'>fortis</span> <span class='ocrx_word' id='word_1_19' title='bbox 832 516 970 553; x_wconf 78' lang='lat' dir='ltr'>athleta</span> <span class='ocrx_word' id='word_1_20' title='bbox 988 545 997 561; x_wconf 89' lang='lat'>,</span> <span class='ocrx_word' id='word_1_21' title='bbox 1020 516 1050 552; x_wconf 91' lang='lat' dir='ltr'>si</span> <span class='ocrx_word' id='word_1_22' title='bbox 1065 516 1161 552; x_wconf 76' lang='lat' dir='ltr'>vivis</span> <span class='ocrx_word' id='word_1_23' title='bbox 1183 523 1220 551; x_wconf 76' lang='grc'>01</span> <span class='ocrx_word' id='word_1_24' title='bbox 1235 514 1355 551; x_wconf 82' lang='lat' dir='ltr'>vincis</span> 
     </span>
     <span class='ocr_line' id='line_1_5' title="bbox 346 575 1354 626; baseline -0.009 -6"><span class='ocrx_word' id='word_1_25' title='bbox 346 584 384 619; x_wconf 88' lang='lat' dir='ltr'>in</span> <span class='ocrx_word' id='word_1_26' title='bbox 418 582 586 619; x_wconf 86' lang='lat' dir='ltr'>Domino</span> <span class='ocrx_word' id='word_1_27' title='bbox 616 593 623 614; x_wconf 73' lang='grc' dir='ltr'><strong><em>ε</em></strong></span> <span class='ocrx_word' id='word_1_28' title='bbox 653 578 719 615; x_wconf 88' lang='grc'><strong>5611</strong></span> <span class='ocrx_word' id='word_1_29' title='bbox 749 577 868 626; x_wconf 76' lang='lat' dir='ltr'>magis</span> <span class='ocrx_word' id='word_1_30' title='bbox 888 577 1034 613; x_wconf 75' lang='lat' dir='ltr'>exsulta</span> <span class='ocrx_word' id='word_1_31' title='bbox 1059 584 1095 612; x_wconf 90' lang='lat' dir='ltr'>et</span> <span class='ocrx_word' id='word_1_32' title='bbox 1119 576 1300 625; x_wconf 74' lang='lat' dir='ltr'>gloriare,</span> <span class='ocrx_word' id='word_1_33' title='bbox 1325 575 1354 611; x_wconf 88' lang='lat' dir='ltr'>si</span> 
     </span>
     <span class='ocr_line' id='line_1_6' title="bbox 347 636 1354 689; baseline -0.008 -9"><span class='ocrx_word' id='word_1_34' title='bbox 347 642 507 680; x_wconf 88' lang='lat' dir='ltr'>moreris</span> <span class='ocrx_word' id='word_1_35' title='bbox 532 649 569 677; x_wconf 90' lang='lat' dir='ltr'>et</span> <span class='ocrx_word' id='word_1_36' title='bbox 593 639 765 689; x_wconf 76' lang='lat' dir='ltr'>jungeris</span> <span class='ocrx_word' id='word_1_37' title='bbox 793 638 972 674; x_wconf 87' lang='lat' dir='ltr'>Domino.</span> <span class='ocrx_word' id='word_1_38' title='bbox 994 638 1078 673; x_wconf 73' lang='lat' dir='ltr'>Vita</span> <span class='ocrx_word' id='word_1_39' title='bbox 1100 636 1252 686; x_wconf 87' lang='lat' dir='ltr'>quidem</span> <span class='ocrx_word' id='word_1_40' title='bbox 1275 636 1354 672; x_wconf 88' lang='lat' dir='ltr'>sru—</span> 
     </span>
     <span class='ocr_line' id='line_1_7' title="bbox 346 697 1354 747; baseline -0.008 -7"><span class='ocrx_word' id='word_1_41' title='bbox 346 713 500 747; x_wconf 82' lang='lat' dir='ltr'>ctuosa,</span> <span class='ocrx_word' id='word_1_42' title='bbox 525 709 561 737; x_wconf 85' lang='lat' dir='ltr'>et</span> <span class='ocrx_word' id='word_1_43' title='bbox 589 699 749 736; x_wconf 80' lang='lat' dir='ltr'>victoria</span> <span class='ocrx_word' id='word_1_44' title='bbox 773 697 938 746; x_wconf 80' lang='lat' dir='ltr'>gloriosa</span> <span class='ocrx_word' id='word_1_45' title='bbox 959 712 965 734; x_wconf 93' lang='lat'>:</span> <span class='ocrx_word' id='word_1_46' title='bbox 991 697 1056 734; x_wconf 89' lang='lat' dir='ltr'>sed</span> <span class='ocrx_word' id='word_1_47' title='bbox 1077 697 1230 746; x_wconf 87' lang='lat' dir='ltr'>utrique</span> <span class='ocrx_word' id='word_1_48' title='bbox 1251 710 1354 732; x_wconf 88' lang='lat' dir='ltr'>mors</span> 
     </span>
     <span class='ocr_line' id='line_1_8' title="bbox 347 755 1354 811; baseline -0.009 -11"><span class='ocrx_word' id='word_1_49' title='bbox 347 761 551 811; x_wconf 85' lang='lat' dir='ltr'>sacrajure</span> <span class='ocrx_word' id='word_1_50' title='bbox 569 757 820 809; x_wconf 86' lang='lat' dir='ltr'>praeponitur.</span> <span class='ocrx_word' id='word_1_51' title='bbox 842 760 934 793; x_wconf 71' lang='lat' dir='ltr'>Nam</span> <span class='ocrx_word' id='word_1_52' title='bbox 960 756 989 792; x_wconf 87' lang='lat' dir='ltr'>si</span> <span class='ocrx_word' id='word_1_53' title='bbox 1011 755 1110 792; x_wconf 86' lang='lat' dir='ltr'>beati</span> <span class='ocrx_word' id='word_1_54' title='bbox 1132 755 1197 804; x_wconf 89' lang='lat' dir='ltr'>qui</span> <span class='ocrx_word' id='word_1_55' title='bbox 1217 755 1255 790; x_wconf 93' lang='lat' dir='ltr'>in</span> <span class='ocrx_word' id='word_1_56' title='bbox 1273 759 1354 792; x_wconf 90' lang='lat' dir='ltr'>Do-</span> 
     </span>
     <span class='ocr_line' id='line_1_9' title="bbox 347 814 1352 864; baseline -0.009 -5"><span class='ocrx_word' id='word_1_57' title='bbox 347 823 450 858; x_wconf 80' lang='lat' dir='ltr'>mino</span> <span class='ocrx_word' id='word_1_58' title='bbox 483 820 715 862; x_wconf 85' lang='lat' dir='ltr'>moriuntur,</span> <span class='ocrx_word' id='word_1_59' title='bbox 750 829 841 852; x_wconf 90' lang='grc'><strong>011111</strong></span> <span class='ocrx_word' id='word_1_60' title='bbox 871 815 993 851; x_wconf 89' lang='grc'><strong>11111110</strong></span> <span class='ocrx_word' id='word_1_61' title='bbox 1035 815 1154 864; x_wconf 76' lang='lat' dir='ltr'>magis</span> <span class='ocrx_word' id='word_1_62' title='bbox 1188 814 1252 864; x_wconf 88' lang='lat' dir='ltr'>qui</span> <span class='ocrx_word' id='word_1_63' title='bbox 1280 827 1352 863; x_wconf 85' lang='lat' dir='ltr'>pro</span> 
     </span>
     <span class='ocr_line' id='line_1_10' title="bbox 346 878 779 920; baseline -0.016 -1"><span class='ocrx_word' id='word_1_64' title='bbox 346 882 513 920; x_wconf 88' lang='lat' dir='ltr'>Domino</span> <span class='ocrx_word' id='word_1_65' title='bbox 535 878 779 916; x_wconf 77' lang='lat' dir='ltr'>moriuntur?</span> 
     </span>
    </p>

    <p class='ocr_par' dir='ltr' id='par_1_3' title="bbox 399 933 1359 989">
     <span class='ocr_line' id='line_1_11' title="bbox 399 933 1359 989; baseline -0.007 -12"><span class='ocrx_word' id='word_1_66' title='bbox 399 943 432 978; x_wconf 76' lang='lat'>2.</span> <span class='ocrx_word' id='word_1_67' title='bbox 451 945 497 977; x_wconf 88' lang='lat' dir='ltr'>Et</span> <span class='ocrx_word' id='word_1_68' title='bbox 518 938 672 989; x_wconf 86' lang='lat' dir='ltr'>quidem</span> <span class='ocrx_word' id='word_1_69' title='bbox 691 938 769 974; x_wconf 75' lang='lat' dir='ltr'>sive</span> <span class='ocrx_word' id='word_1_70' title='bbox 793 936 830 973; x_wconf 92' lang='lat' dir='ltr'>in</span> <span class='ocrx_word' id='word_1_71' title='bbox 851 936 963 981; x_wconf 89' lang='lat' dir='ltr'>lecto,</span> <span class='ocrx_word' id='word_1_72' title='bbox 985 935 1063 972; x_wconf 78' lang='lat' dir='ltr'>sive</span> <span class='ocrx_word' id='word_1_73' title='bbox 1087 935 1126 970; x_wconf 90' lang='lat' dir='ltr'>in</span> <span class='ocrx_word' id='word_1_74' title='bbox 1154 933 1257 970; x_wconf 85' lang='lat' dir='ltr'>bello</span> <span class='ocrx_word' id='word_1_75' title='bbox 1274 934 1359 983; x_wconf 86' lang='lat' dir='ltr'>quis</span> 
     </span>
    </p>
   </div>
   <div class='ocr_carea' id='block_1_3' title="bbox 345 994 1357 1048">
    <p class='ocr_par' dir='ltr' id='par_1_4' title="bbox 345 994 1357 1048">
     <span class='ocr_line' id='line_1_12' title="bbox 345 994 1357 1048; baseline -0.01 -9"><span class='ocrx_word' id='word_1_76' title='bbox 345 1002 510 1039; x_wconf 85' lang='lat' dir='ltr'>moritur</span> <span class='ocrx_word' id='word_1_77' title='bbox 525 1029 535 1046; x_wconf 93' lang='lat'>,</span> <span class='ocrx_word' id='word_1_78' title='bbox 558 998 726 1048; x_wconf 87' lang='lat' dir='ltr'>pretiosa</span> <span class='ocrx_word' id='word_1_79' title='bbox 747 996 819 1033; x_wconf 88' lang='lat' dir='ltr'>erit</span> <span class='ocrx_word' id='word_1_80' title='bbox 840 996 920 1032; x_wconf 90' lang='lat' dir='ltr'>sine</span> <span class='ocrx_word' id='word_1_81' title='bbox 946 994 1064 1031; x_wconf 86' lang='lat' dir='ltr'>dubio</span> <span class='ocrx_word' id='word_1_82' title='bbox 1089 994 1127 1030; x_wconf 92' lang='lat' dir='ltr'>in</span> <span class='ocrx_word' id='word_1_83' title='bbox 1149 1002 1357 1043; x_wconf 83' lang='lat' dir='ltr'>conspectu</span> 
     </span>
    </p>
   </div>
   <div class='ocr_carea' id='block_1_4' title="bbox 1111 194 1663 231">
    <p class='ocr_par' dir='ltr' id='par_1_5' title="bbox 1111 194 1663 231">
     <span class='ocr_line' id='line_1_13' title="bbox 1111 194 1663 231; baseline -0.005 0"><span class='ocrx_word' id='word_1_84' title='bbox 1111 198 1147 231; x_wconf 88' lang='lat' dir='ltr'>S.</span> <span class='ocrx_word' id='word_1_85' title='bbox 1179 195 1432 231; x_wconf 73' lang='lat' dir='ltr'>BERNARDI</span> <span class='ocrx_word' id='word_1_86' title='bbox 1461 194 1663 229; x_wconf 82' lang='lat' dir='ltr'>ABBATIS</span> 
     </span>
    </p>
   </div>
   <div class='ocr_carea' id='block_1_5' title="bbox 342 271 1403 381">
    <p class='ocr_par' dir='ltr' id='par_1_6' title="bbox 342 271 1403 381">
     <span class='ocr_line' id='line_1_14' title="bbox 342 271 1388 323; baseline -0.011 -6"><span class='ocrx_word' id='word_1_87' title='bbox 342 279 435 317; x_wconf 87' lang='lat' dir='ltr'>illud</span> <span class='ocrx_word' id='word_1_88' title='bbox 455 286 544 316; x_wconf 89' lang='lat' dir='ltr'>sanc</span> <span class='ocrx_word' id='word_1_89' title='bbox 571 274 765 312; x_wconf 81' lang='lat' dir='ltr'>vobiscum</span> <span class='ocrx_word' id='word_1_90' title='bbox 786 274 822 310; x_wconf 91' lang='lat' dir='ltr'>in</span> <span class='ocrx_word' id='word_1_91' title='bbox 840 273 944 310; x_wconf 88' lang='grc'><strong>0111111</strong></span> <span class='ocrx_word' id='word_1_92' title='bbox 962 273 1134 323; x_wconf 85' lang='lat' dir='ltr'>periculo</span> <span class='ocrx_word' id='word_1_93' title='bbox 1156 271 1388 322; x_wconf 66' lang='lat' dir='ltr'>replicati-⁵⁴</span> 
     </span>
     <span class='ocr_line' id='line_1_15' title="bbox 344 331 1403 381; baseline -0.008 -3"><span class='ocrx_word' id='word_1_94' title='bbox 344 351 397 378; x_wconf 87' lang='lat' dir='ltr'>tes</span> <span class='ocrx_word' id='word_1_95' title='bbox 427 355 434 376; x_wconf 74' lang='grc' dir='ltr'>ε</span> <span class='ocrx_word' id='word_1_96' title='bbox 460 340 538 375; x_wconf 65' lang='lat' dir='ltr'>Sive</span> <span class='ocrx_word' id='word_1_97' title='bbox 562 340 744 381; x_wconf 71' lang='lat' dir='ltr'>vivimus,</span> <span class='ocrx_word' id='word_1_98' title='bbox 775 338 848 370; x_wconf 72' lang='lat' dir='ltr'>sive</span> <span class='ocrx_word' id='word_1_99' title='bbox 876 338 1079 378; x_wconf 75' lang='lat' dir='ltr'><em>morimur,</em></span> <span class='ocrx_word' id='word_1_100' title='bbox 1109 337 1265 370; x_wconf 79' lang='lat' dir='ltr'><em>Domini</em></span> <span class='ocrx_word' id='word_1_101' title='bbox 1292 347 1354 369; x_wconf 75' lang='lat' dir='ltr'>sa-</span> <span class='ocrx_word' id='word_1_102' title='bbox 1374 331 1403 363; x_wconf 86' lang='grc' dir='ltr'><strong>Λ</strong></span> 
     </span>
    </p>
   </div>
   <div class='ocr_carea' id='block_1_6' title="bbox 2329 192 2426 230">
    <p class='ocr_par' dir='ltr' id='par_1_7' title="bbox 2329 192 2426 230">
     <span class='ocr_line' id='line_1_16' title="bbox 2329 192 2426 230; baseline 0.021 -2"><span class='ocrx_word' id='word_1_103' title='bbox 2329 192 2426 230; x_wconf 77' lang='grc'><strong>1256</strong></span> 
     </span>
    </p>
   </div>
   <div class='ocr_carea' id='block_1_7' title="bbox 1795 326 2059 365">
    <p class='ocr_par' dir='ltr' id='par_1_8' title="bbox 1795 326 2059 365">
     <span class='ocr_line' id='line_1_17' title="bbox 1795 326 2059 365; baseline -0.004 0"><span class='ocrx_word' id='word_1_104' title='bbox 1795 326 1972 365; x_wconf 92' lang='lat' dir='ltr'><strong>CAPUT</strong></span> <span class='ocrx_word' id='word_1_105' title='bbox 2003 327 2059 364; x_wconf 86' lang='lat' dir='ltr'>II.</span> 
     </span>
    </p>
   </div>
   <div class='ocr_carea' id='block_1_8' title="bbox 1752 449 2098 481">
    <p class='ocr_par' dir='ltr' id='par_1_9' title="bbox 1752 449 2098 481">
     <span class='ocr_line' id='line_1_18' title="bbox 1752 449 2098 481; baseline -0.003 0"><span class='ocrx_word' id='word_1_106' title='bbox 1752 453 1800 481; x_wconf 89' lang='lat' dir='ltr'>De</span> <span class='ocrx_word' id='word_1_107' title='bbox 1817 449 1925 480; x_wconf 79' lang='lat' dir='ltr'>militia</span> <span class='ocrx_word' id='word_1_108' title='bbox 1948 449 2098 480; x_wconf 78' lang='lat' dir='ltr'>saeculari.</span> 
     </span>
    </p>
   </div>
   <div class='ocr_carea' id='block_1_9' title="bbox 1419 562 2434 1037">
    <p class='ocr_par' dir='ltr' id='par_1_10' title="bbox 1419 562 2434 1037">
     <span class='ocr_line' id='line_1_19' title="bbox 1476 562 2428 614; baseline 0.001 -13"><span class='ocrx_word' id='word_1_109' title='bbox 1476 565 1511 601; x_wconf 88' lang='lat'>3.</span> <span class='ocrx_word' id='word_1_110' title='bbox 1534 564 1627 612; x_wconf 88' lang='lat' dir='ltr'>Quis</span> <span class='ocrx_word' id='word_1_111' title='bbox 1644 563 1758 613; x_wconf 74' lang='lat' dir='ltr'>igitur</span> <span class='ocrx_word' id='word_1_112' title='bbox 1779 562 1864 600; x_wconf 83' lang='grc'><strong>11015</strong></span> <span class='ocrx_word' id='word_1_113' title='bbox 1881 562 2076 600; x_wconf 83' lang='lat' dir='ltr'>fructusve</span> <span class='ocrx_word' id='word_1_114' title='bbox 2092 563 2282 600; x_wconf 79' lang='lat' dir='ltr'>saecularis</span> <span class='ocrx_word' id='word_1_115' title='bbox 2301 563 2428 614; x_wconf 90' lang='lat' dir='ltr'>hujus,</span> 
     </span>
     <span class='ocr_line' id='line_1_20' title="bbox 1421 623 2431 670; baseline 0 -8"><span class='ocrx_word' id='word_1_116' title='bbox 1421 639 1498 662; x_wconf 87' lang='grc'><strong>1100</strong></span> <span class='ocrx_word' id='word_1_117' title='bbox 1521 625 1626 670; x_wconf 89' lang='lat' dir='ltr'>dico,</span> <span class='ocrx_word' id='word_1_118' title='bbox 1653 624 1816 669; x_wconf 66' lang='lat' dir='ltr'>militiae,</span> <span class='ocrx_word' id='word_1_119' title='bbox 1839 623 1902 660; x_wconf 87' lang='lat' dir='ltr'>sed</span> <span class='ocrx_word' id='word_1_120' title='bbox 1922 623 2092 670; x_wconf 81' lang='lat' dir='ltr'>malitiae3</span> <span class='ocrx_word' id='word_1_121' title='bbox 2109 623 2140 660; x_wconf 92' lang='lat' dir='ltr'>si</span> <span class='ocrx_word' id='word_1_122' title='bbox 2159 631 2197 660; x_wconf 89' lang='lat' dir='ltr'>et</span> <span class='ocrx_word' id='word_1_123' title='bbox 2219 624 2364 661; x_wconf 84' lang='lat' dir='ltr'>occisor</span> <span class='ocrx_word' id='word_1_124' title='bbox 2380 626 2431 662; x_wconf 88' lang='grc'>16-</span> 
     </span>
     <span class='ocr_line' id='line_1_21' title="bbox 1421 684 2434 736; baseline -0.001 -13"><span class='ocrx_word' id='word_1_125' title='bbox 1421 687 1544 723; x_wconf 75' lang='lat' dir='ltr'>taliter</span> <span class='ocrx_word' id='word_1_126' title='bbox 1555 694 1698 736; x_wconf 84' lang='lat' dir='ltr'>peccat,</span> <span class='ocrx_word' id='word_1_127' title='bbox 1715 694 1751 721; x_wconf 91' lang='lat' dir='ltr'>et</span> <span class='ocrx_word' id='word_1_128' title='bbox 1766 685 1912 721; x_wconf 88' lang='lat' dir='ltr'>occisus</span> <span class='ocrx_word' id='word_1_129' title='bbox 1927 684 2157 720; x_wconf 62' lang='lat' dir='ltr'>aeternaliter</span> <span class='ocrx_word' id='word_1_130' title='bbox 2169 684 2290 735; x_wconf 86' lang='lat' dir='ltr'>perit?</span> <span class='ocrx_word' id='word_1_131' title='bbox 2305 685 2434 722; x_wconf 89' lang='lat' dir='ltr'>Enim-</span> 
     </span>
     <span class='ocr_line' id='line_1_22' title="bbox 1420 744 2431 794; baseline -0.001 -10"><span class='ocrx_word' id='word_1_132' title='bbox 1420 761 1513 784; x_wconf 72' lang='lat' dir='ltr'>vero</span> <span class='ocrx_word' id='word_1_133' title='bbox 1526 776 1534 792; x_wconf 97' lang='lat'>,</span> <span class='ocrx_word' id='word_1_134' title='bbox 1558 755 1599 783; x_wconf 87' lang='lat' dir='ltr'>ut</span> <span class='ocrx_word' id='word_1_135' title='bbox 1620 745 1746 783; x_wconf 61' lang='lat' dir='ltr'>verbis</span> <span class='ocrx_word' id='word_1_136' title='bbox 1774 753 1858 782; x_wconf 88' lang='lat' dir='ltr'>utar</span> <span class='ocrx_word' id='word_1_137' title='bbox 1872 744 2047 794; x_wconf 82' lang='lat' dir='ltr'>Apostoli</span> <span class='ocrx_word' id='word_1_138' title='bbox 2067 773 2077 791; x_wconf 96' lang='lat'>,</span> <span class='ocrx_word' id='word_1_139' title='bbox 2095 747 2148 781; x_wconf 84' lang='lat' dir='ltr'>Et</span> <span class='ocrx_word' id='word_1_140' title='bbox 2165 749 2232 794; x_wconf 84' lang='lat' dir='ltr'>qui</span> <span class='ocrx_word' id='word_1_141' title='bbox 2257 755 2364 792; x_wconf 84' lang='lat' dir='ltr'>arat,</span> <span class='ocrx_word' id='word_1_142' title='bbox 2393 752 2431 783; x_wconf 82' lang='lat' dir='ltr'>in</span> 
     </span>
     <span class='ocr_line' id='line_1_23' title="bbox 1419 804 2433 857; baseline -0.001 -14"><span class='ocrx_word' id='word_1_143' title='bbox 1419 822 1485 857; x_wconf 75' lang='lat' dir='ltr'>spe</span> <span class='ocrx_word' id='word_1_144' title='bbox 1513 807 1621 843; x_wconf 77' lang='lat' dir='ltr'>debet</span> <span class='ocrx_word' id='word_1_145' title='bbox 1640 820 1777 851; x_wconf 67' lang='grc'><strong>(111116,-</strong></span> <span class='ocrx_word' id='word_1_146' title='bbox 1799 815 1834 841; x_wconf 73' lang='lat' dir='ltr'>et</span> <span class='ocrx_word' id='word_1_147' title='bbox 1858 810 1923 854; x_wconf 76' lang='lat' dir='ltr'>qai</span> <span class='ocrx_word' id='word_1_148' title='bbox 1950 810 2120 851; x_wconf 78' lang='lat' dir='ltr'><em>triturat,</em></span> <span class='ocrx_word' id='word_1_149' title='bbox 2143 809 2180 842; x_wconf 82' lang='lat' dir='ltr'>in</span> <span class='ocrx_word' id='word_1_150' title='bbox 2207 819 2272 854; x_wconf 78' lang='lat' dir='ltr'>spe</span> <span class='ocrx_word' id='word_1_151' title='bbox 2286 804 2433 855; x_wconf 78' lang='lat' dir='ltr'>fructus</span> 
     </span>
     <span class='ocr_line' id='line_1_24' title="bbox 1424 866 2428 917; baseline 0.002 -16"><span class='ocrx_word' id='word_1_152' title='bbox 1424 869 1669 917; x_wconf 68' lang='lat' dir='ltr'>petcipiemli</span> <span class='ocrx_word' id='word_1_153' title='bbox 1682 873 1706 903; x_wconf 85' lang='lat'>².</span> <span class='ocrx_word' id='word_1_154' title='bbox 1725 867 1817 914; x_wconf 87' lang='lat' dir='ltr'>Quis</span> <span class='ocrx_word' id='word_1_155' title='bbox 1833 879 1936 916; x_wconf 81' lang='lat' dir='ltr'>ergo,</span> <span class='ocrx_word' id='word_1_156' title='bbox 1955 880 1978 902; x_wconf 95' lang='grc'>0</span> <span class='ocrx_word' id='word_1_157' title='bbox 2000 866 2150 912; x_wconf 82' lang='lat' dir='ltr'>milites,</span> <span class='ocrx_word' id='word_1_158' title='bbox 2173 866 2235 903; x_wconf 89' lang='lat' dir='ltr'>hic</span> <span class='ocrx_word' id='word_1_159' title='bbox 2263 874 2338 903; x_wconf 90' lang='lat' dir='ltr'>tam</span> <span class='ocrx_word' id='word_1_160' title='bbox 2355 875 2428 904; x_wconf 84' lang='lat' dir='ltr'>stu-</span> 
     </span>
     <span class='ocr_line' id='line_1_25' title="bbox 1424 926 2429 977; baseline 0.001 -14"><span class='ocrx_word' id='word_1_161' title='bbox 1424 926 1575 977; x_wconf 90' lang='lat' dir='ltr'>pendus</span> <span class='ocrx_word' id='word_1_162' title='bbox 1592 940 1713 972; x_wconf 88' lang='lat' dir='ltr'>error,</span> <span class='ocrx_word' id='word_1_163' title='bbox 1734 926 1819 976; x_wconf 90' lang='lat' dir='ltr'>quis</span> <span class='ocrx_word' id='word_1_164' title='bbox 1833 926 1941 963; x_wconf 86' lang='lat' dir='ltr'>furor</span> <span class='ocrx_word' id='word_1_165' title='bbox 1957 926 2017 962; x_wconf 89' lang='lat' dir='ltr'>hic</span> <span class='ocrx_word' id='word_1_166' title='bbox 2042 934 2117 962; x_wconf 91' lang='lat' dir='ltr'>tam</span> <span class='ocrx_word' id='word_1_167' title='bbox 2141 939 2220 962; x_wconf 93' lang='lat' dir='ltr'>non</span> <span class='ocrx_word' id='word_1_168' title='bbox 2241 926 2429 973; x_wconf 85' lang='lat' dir='ltr'>ferendus,</span> 
     </span>
     <span class='ocr_line' id='line_1_26' title="bbox 1428 985 2430 1037; baseline 0.001 -14"><span class='ocrx_word' id='word_1_169' title='bbox 1428 988 1541 1024; x_wconf 86' lang='lat' dir='ltr'>tantis</span> <span class='ocrx_word' id='word_1_170' title='bbox 1555 985 1772 1037; x_wconf 87' lang='lat' dir='ltr'>sumptibus</span> <span class='ocrx_word' id='word_1_171' title='bbox 1781 999 1824 1022; x_wconf 90' lang='lat' dir='ltr'>ac</span> <span class='ocrx_word' id='word_1_172' title='bbox 1837 985 2034 1023; x_wconf 77' lang='lat' dir='ltr'>laboribus</span> <span class='ocrx_word' id='word_1_173' title='bbox 2045 986 2220 1032; x_wconf 85' lang='lat' dir='ltr'>militare,</span> <span class='ocrx_word' id='word_1_174' title='bbox 2234 987 2430 1037; x_wconf 84' lang='lat' dir='ltr'>stipendiis</span> 
     </span>
    </p>
   </div>
   <div class='ocr_carea' id='block_1_10' title="bbox 347 1044 2434 1104">
    <p class='ocr_par' dir='ltr' id='par_1_11' title="bbox 347 1044 2434 1104">
     <span class='ocr_line' id='line_1_27' title="bbox 347 1044 2434 1104; baseline -0.005 -6"><span class='ocrx_word' id='word_1_175' title='bbox 347 1060 505 1101; x_wconf 88' lang='lat' dir='ltr'>Domini</span> <span class='ocrx_word' id='word_1_176' title='bbox 524 1072 628 1096; x_wconf 88' lang='lat' dir='ltr'>mors</span> <span class='ocrx_word' id='word_1_177' title='bbox 647 1066 868 1095; x_wconf 86' lang='lat' dir='ltr'>sanctorum</span> <span class='ocrx_word' id='word_1_178' title='bbox 889 1055 984 1104; x_wconf 87' lang='lat' dir='ltr'>ejus.</span> <span class='ocrx_word' id='word_1_179' title='bbox 1003 1058 1189 1093; x_wconf 83' lang='lat' dir='ltr'>Caeterum</span> <span class='ocrx_word' id='word_1_180' title='bbox 1204 1054 1241 1090; x_wconf 92' lang='lat' dir='ltr'>in</span> <span class='ocrx_word' id='word_1_181' title='bbox 1260 1053 1361 1091; x_wconf 85' lang='lat' dir='ltr'>bello</span> <span class='ocrx_word' id='word_1_182' title='bbox 1379 1053 1406 1087; x_wconf 91' lang='lat' dir='ltr'>B</span> <span class='ocrx_word' id='word_1_183' title='bbox 1428 1059 1520 1083; x_wconf 71' lang='lat' dir='ltr'>vero</span> <span class='ocrx_word' id='word_1_184' title='bbox 1542 1045 1677 1092; x_wconf 86' lang='lat' dir='ltr'>nullis,</span> <span class='ocrx_word' id='word_1_185' title='bbox 1699 1044 1773 1081; x_wconf 90' lang='lat' dir='ltr'>nisi</span> <span class='ocrx_word' id='word_1_186' title='bbox 1791 1052 1855 1081; x_wconf 89' lang='lat' dir='ltr'>aut</span> <span class='ocrx_word' id='word_1_187' title='bbox 1870 1044 2024 1088; x_wconf 72' lang='lat' dir='ltr'>mortis,</span> <span class='ocrx_word' id='word_1_188' title='bbox 2049 1052 2115 1080; x_wconf 68' lang='lat' dir='ltr'>3!st</span> <span class='ocrx_word' id='word_1_189' title='bbox 2127 1044 2434 1096; x_wconf 69' lang='lat' dir='ltr'>crimissiS?Ope-</span> 
     </span>
    </p>
   </div>
   <div class='ocr_carea' id='block_1_11' title="bbox 342 1114 1360 1767">
    <p class='ocr_par' dir='ltr' id='par_1_12' title="bbox 342 1114 1360 1767">
     <span class='ocr_line' id='line_1_28' title="bbox 353 1114 1358 1171; baseline -0.01 -12"><span class='ocrx_word' id='word_1_190' title='bbox 353 1131 457 1159; x_wconf 83' lang='lat' dir='ltr'>tanto</span> <span class='ocrx_word' id='word_1_191' title='bbox 484 1119 658 1171; x_wconf 89' lang='lat' dir='ltr'>profecto</span> <span class='ocrx_word' id='word_1_192' title='bbox 684 1116 900 1167; x_wconf 76' lang='lat' dir='ltr'>pretiosior,</span> <span class='ocrx_word' id='word_1_193' title='bbox 922 1123 1065 1165; x_wconf 89' lang='lat' dir='ltr'>quanto</span> <span class='ocrx_word' id='word_1_194' title='bbox 1087 1123 1123 1151; x_wconf 88' lang='grc'>61</span> <span class='ocrx_word' id='word_1_195' title='bbox 1144 1114 1358 1164; x_wconf 79' lang='lat' dir='ltr'>gloriosior.</span> 
     </span>
     <span class='ocr_line' id='line_1_29' title="bbox 346 1174 1357 1227; baseline -0.01 -8"><span class='ocrx_word' id='word_1_196' title='bbox 346 1186 377 1220; x_wconf 94' lang='grc' dir='ltr'>Ο</span> <span class='ocrx_word' id='word_1_197' title='bbox 390 1182 467 1218; x_wconf 74' lang='lat' dir='ltr'>vita</span> <span class='ocrx_word' id='word_1_198' title='bbox 484 1192 630 1224; x_wconf 84' lang='lat' dir='ltr'>secura,</span> <span class='ocrx_word' id='word_1_199' title='bbox 651 1177 717 1214; x_wconf 89' lang='lat' dir='ltr'>uhi</span> <span class='ocrx_word' id='word_1_200' title='bbox 734 1190 831 1227; x_wconf 87' lang='lat' dir='ltr'>pura</span> <span class='ocrx_word' id='word_1_201' title='bbox 847 1174 1079 1212; x_wconf 89' lang='lat' dir='ltr'>conscientia</span> <span class='ocrx_word' id='word_1_202' title='bbox 1095 1178 1102 1211; x_wconf 75' lang='grc' dir='ltr'>ἔ</span> <span class='ocrx_word' id='word_1_203' title='bbox 1123 1178 1170 1221; x_wconf 96' lang='lat' dir='ltr'>O,</span> <span class='ocrx_word' id='word_1_204' title='bbox 1186 1174 1357 1224; x_wconf 86' lang='lat' dir='ltr'>inquam,</span> 
     </span>
     <span class='ocr_line' id='line_1_30' title="bbox 347 1234 1358 1285; baseline -0.01 -5"><span class='ocrx_word' id='word_1_205' title='bbox 347 1243 425 1279; x_wconf 77' lang='lat' dir='ltr'>vita</span> <span class='ocrx_word' id='word_1_206' title='bbox 462 1252 620 1284; x_wconf 83' lang='lat' dir='ltr'>secura,</span> <span class='ocrx_word' id='word_1_207' title='bbox 652 1236 717 1273; x_wconf 88' lang='lat' dir='ltr'>ubi</span> <span class='ocrx_word' id='word_1_208' title='bbox 751 1235 895 1285; x_wconf 84' lang='lat' dir='ltr'>absque</span> <span class='ocrx_word' id='word_1_209' title='bbox 925 1234 1131 1271; x_wconf 89' lang='lat' dir='ltr'>formidine</span> <span class='ocrx_word' id='word_1_210' title='bbox 1158 1248 1261 1271; x_wconf 89' lang='lat' dir='ltr'>mors</span> <span class='ocrx_word' id='word_1_211' title='bbox 1292 1248 1358 1271; x_wconf 83' lang='lat' dir='ltr'>ex—</span> 
     </span>
     <span class='ocr_line' id='line_1_31' title="bbox 342 1295 1360 1353; baseline -0.01 -13"><span class='ocrx_word' id='word_1_212' title='bbox 342 1310 546 1353; x_wconf 81' lang='lat' dir='ltr'>spectatur,</span> <span class='ocrx_word' id='word_1_213' title='bbox 565 1300 642 1335; x_wconf 88' lang='lat' dir='ltr'>imo</span> <span class='ocrx_word' id='word_1_214' title='bbox 666 1306 703 1334; x_wconf 86' lang='lat' dir='ltr'>et</span> <span class='ocrx_word' id='word_1_215' title='bbox 732 1305 940 1346; x_wconf 82' lang='lat' dir='ltr'>exoptatur</span> <span class='ocrx_word' id='word_1_216' title='bbox 964 1309 1050 1332; x_wconf 89' lang='lat' dir='ltr'>cum</span> <span class='ocrx_word' id='word_1_217' title='bbox 1076 1295 1301 1340; x_wconf 74' lang='lat' dir='ltr'>dulcedine,</span> <span class='ocrx_word' id='word_1_218' title='bbox 1322 1303 1360 1331; x_wconf 90' lang='lat' dir='ltr'>et</span> 
     </span>
     <span class='ocr_line' id='line_1_32' title="bbox 344 1357 1360 1414; baseline -0.011 -13"><span class='ocrx_word' id='word_1_219' title='bbox 344 1362 534 1414; x_wconf 81' lang='lat' dir='ltr'>excipitur</span> <span class='ocrx_word' id='word_1_220' title='bbox 553 1373 639 1397; x_wconf 89' lang='lat' dir='ltr'>cum</span> <span class='ocrx_word' id='word_1_221' title='bbox 664 1357 889 1394; x_wconf 78' lang='lat' dir='ltr'>devotione!</span> <span class='ocrx_word' id='word_1_222' title='bbox 908 1359 939 1393; x_wconf 94' lang='lat' dir='ltr'>O</span> <span class='ocrx_word' id='word_1_223' title='bbox 960 1368 1049 1391; x_wconf 83' lang='lat' dir='ltr'>vere</span> <span class='ocrx_word' id='word_1_224' title='bbox 1073 1363 1204 1391; x_wconf 85' lang='grc'><strong>530013</strong></span> <span class='ocrx_word' id='word_1_225' title='bbox 1224 1363 1262 1391; x_wconf 89' lang='grc'>61</span> <span class='ocrx_word' id='word_1_226' title='bbox 1279 1363 1360 1391; x_wconf 87' lang='grc'><strong>1013</strong></span> 
     </span>
     <span class='ocr_line' id='line_1_33' title="bbox 342 1414 1355 1469; baseline -0.01 -9"><span class='ocrx_word' id='word_1_227' title='bbox 342 1423 476 1460; x_wconf 89' lang='lat' dir='ltr'>militia</span> <span class='ocrx_word' id='word_1_228' title='bbox 491 1451 500 1468; x_wconf 90' lang='lat'>,</span> <span class='ocrx_word' id='word_1_229' title='bbox 523 1428 636 1469; x_wconf 87' lang='lat' dir='ltr'>atque</span> <span class='ocrx_word' id='word_1_230' title='bbox 659 1431 678 1454; x_wconf 90' lang='lat' dir='ltr'>a</span> <span class='ocrx_word' id='word_1_231' title='bbox 701 1416 844 1466; x_wconf 82' lang='lat' dir='ltr'>duplici</span> <span class='ocrx_word' id='word_1_232' title='bbox 862 1415 926 1451; x_wconf 91' lang='lat' dir='ltr'>illo</span> <span class='ocrx_word' id='word_1_233' title='bbox 948 1415 1119 1465; x_wconf 89' lang='lat' dir='ltr'>periculo</span> <span class='ocrx_word' id='word_1_234' title='bbox 1140 1427 1299 1464; x_wconf 84' lang='lat' dir='ltr'>prorsus</span> <span class='ocrx_word' id='word_1_235' title='bbox 1314 1414 1355 1450; x_wconf 83' lang='lat' dir='ltr'>li-</span> 
     </span>
     <span class='ocr_line' id='line_1_34' title="bbox 344 1475 1356 1530; baseline -0.01 -10"><span class='ocrx_word' id='word_1_236' title='bbox 344 1484 450 1527; x_wconf 86' lang='lat' dir='ltr'>bera,</span> <span class='ocrx_word' id='word_1_237' title='bbox 481 1494 558 1530; x_wconf 89' lang='lat' dir='ltr'>quo</span> <span class='ocrx_word' id='word_1_238' title='bbox 582 1479 620 1515; x_wconf 92' lang='lat' dir='ltr'>id</span> <span class='ocrx_word' id='word_1_239' title='bbox 644 1477 843 1514; x_wconf 90' lang='lat' dir='ltr'>hominum</span> <span class='ocrx_word' id='word_1_240' title='bbox 872 1489 992 1526; x_wconf 72' lang='lat' dir='ltr'>genus</span> <span class='ocrx_word' id='word_1_241' title='bbox 1013 1475 1109 1512; x_wconf 89' lang='lat' dir='ltr'>solet</span> <span class='ocrx_word' id='word_1_242' title='bbox 1135 1475 1356 1524; x_wconf 84' lang='lat' dir='ltr'>frequenter</span> 
     </span>
     <span class='ocr_line' id='line_1_35' title="bbox 343 1536 1357 1594; baseline -0.009 -14"><span class='ocrx_word' id='word_1_243' title='bbox 343 1540 574 1594; x_wconf 85' lang='lat' dir='ltr'>periclitari,</span> <span class='ocrx_word' id='word_1_244' title='bbox 593 1538 660 1575; x_wconf 88' lang='lat' dir='ltr'>ubi</span> <span class='ocrx_word' id='word_1_245' title='bbox 675 1537 861 1574; x_wconf 80' lang='lat' dir='ltr'>duntaxat</span> <span class='ocrx_word' id='word_1_246' title='bbox 880 1536 1049 1574; x_wconf 85' lang='lat' dir='ltr'>Christus</span> <span class='ocrx_word' id='word_1_247' title='bbox 1071 1548 1148 1571; x_wconf 92' lang='lat' dir='ltr'>non</span> <span class='ocrx_word' id='word_1_248' title='bbox 1168 1544 1223 1572; x_wconf 89' lang='lat' dir='ltr'>est</span> <span class='ocrx_word' id='word_1_249' title='bbox 1244 1548 1357 1571; x_wconf 85' lang='grc'><strong>031153</strong></span> 
     </span>
     <span class='ocr_line' id='line_1_36' title="bbox 345 1595 1356 1647; baseline -0.009 -7"><span class='ocrx_word' id='word_1_250' title='bbox 345 1600 546 1639; x_wconf 84' lang='lat' dir='ltr'>militandi.</span> <span class='ocrx_word' id='word_1_251' title='bbox 571 1598 729 1647; x_wconf 82' lang='lat' dir='ltr'>Quoties</span> <span class='ocrx_word' id='word_1_252' title='bbox 750 1610 915 1646; x_wconf 87' lang='lat' dir='ltr'>namque</span> <span class='ocrx_word' id='word_1_253' title='bbox 940 1595 1184 1646; x_wconf 77' lang='lat' dir='ltr'>congrederis</span> <span class='ocrx_word' id='word_1_254' title='bbox 1204 1605 1243 1632; x_wconf 90' lang='lat' dir='ltr'>tu</span> <span class='ocrx_word' id='word_1_255' title='bbox 1257 1625 1266 1642; x_wconf 91' lang='lat'>,</span> <span class='ocrx_word' id='word_1_256' title='bbox 1290 1596 1356 1645; x_wconf 89' lang='lat' dir='ltr'>qui</span> 
     </span>
     <span class='ocr_line' id='line_1_37' title="bbox 343 1657 1353 1702; baseline -0.008 -2"><span class='ocrx_word' id='word_1_257' title='bbox 343 1663 514 1700; x_wconf 85' lang='lat' dir='ltr'>militiam</span> <span class='ocrx_word' id='word_1_258' title='bbox 535 1660 672 1696; x_wconf 85' lang='lat' dir='ltr'>militas</span> <span class='ocrx_word' id='word_1_259' title='bbox 688 1659 922 1701; x_wconf 83' lang='lat' dir='ltr'>saecularem,</span> <span class='ocrx_word' id='word_1_260' title='bbox 945 1657 1156 1694; x_wconf 85' lang='lat' dir='ltr'>timendum</span> <span class='ocrx_word' id='word_1_261' title='bbox 1179 1658 1353 1702; x_wconf 87' lang='lat' dir='ltr'>omnino,</span> 
     </span>
     <span class='ocr_line' id='line_1_38' title="bbox 346 1717 1358 1767; baseline -0.007 -7"><span class='ocrx_word' id='word_1_262' title='bbox 346 1737 394 1760; x_wconf 89' lang='grc'>116</span> <span class='ocrx_word' id='word_1_263' title='bbox 425 1730 490 1759; x_wconf 85' lang='grc'>301</span> <span class='ocrx_word' id='word_1_264' title='bbox 516 1719 667 1757; x_wconf 87' lang='lat' dir='ltr'>occidas</span> <span class='ocrx_word' id='word_1_265' title='bbox 693 1719 841 1755; x_wconf 83' lang='lat' dir='ltr'>hostem</span> <span class='ocrx_word' id='word_1_266' title='bbox 862 1717 1016 1767; x_wconf 85' lang='lat' dir='ltr'>quidem</span> <span class='ocrx_word' id='word_1_267' title='bbox 1040 1717 1077 1753; x_wconf 92' lang='lat' dir='ltr'>in</span> <span class='ocrx_word' id='word_1_268' title='bbox 1107 1731 1271 1767; x_wconf 90' lang='lat' dir='ltr'>corpore</span> <span class='ocrx_word' id='word_1_269' title='bbox 1289 1746 1297 1762; x_wconf 93' lang='lat'>,</span> <span class='ocrx_word' id='word_1_270' title='bbox 1323 1726 1358 1753; x_wconf 91' lang='grc'>16</span> 
     </span>
    </p>
   </div>
   <div class='ocr_carea' id='block_1_12' title="bbox 346 1776 1358 1823">
    <p class='ocr_par' dir='ltr' id='par_1_13' title="bbox 346 1776 1358 1823">
     <span class='ocr_line' id='line_1_39' title="bbox 346 1776 1358 1823; baseline -0.008 -2"><span class='ocrx_word' id='word_1_271' title='bbox 346 1796 438 1821; x_wconf 76' lang='lat' dir='ltr'>vero</span> <span class='ocrx_word' id='word_1_272' title='bbox 463 1782 503 1818; x_wconf 90' lang='lat' dir='ltr'>in</span> <span class='ocrx_word' id='word_1_273' title='bbox 535 1780 661 1817; x_wconf 82' lang='lat' dir='ltr'>anima</span> <span class='ocrx_word' id='word_1_274' title='bbox 690 1793 696 1814; x_wconf 92' lang='lat'><strong>:</strong></span> <span class='ocrx_word' id='word_1_275' title='bbox 719 1786 783 1814; x_wconf 84' lang='lat' dir='ltr'>aut</span> <span class='ocrx_word' id='word_1_276' title='bbox 805 1778 901 1814; x_wconf 89' lang='lat' dir='ltr'>forte</span> <span class='ocrx_word' id='word_1_277' title='bbox 934 1786 973 1813; x_wconf 91' lang='lat' dir='ltr'>tu</span> <span class='ocrx_word' id='word_1_278' title='bbox 995 1776 1178 1813; x_wconf 85' lang='lat' dir='ltr'>occidaris</span> <span class='ocrx_word' id='word_1_279' title='bbox 1200 1776 1246 1814; x_wconf 83' lang='lat' dir='ltr'>ab</span> <span class='ocrx_word' id='word_1_280' title='bbox 1269 1778 1332 1814; x_wconf 86' lang='lat' dir='ltr'>illo</span> <span class='ocrx_word' id='word_1_281' title='bbox 1349 1806 1358 1823; x_wconf 95' lang='lat'>,</span> 
     </span>
    </p>
   </div>
   <div class='ocr_carea' id='block_1_13' title="bbox 1423 1104 2439 1820">
    <p class='ocr_par' dir='ltr' id='par_1_14' title="bbox 1423 1104 2439 1820">
     <span class='ocr_line' id='line_1_40' title="bbox 1427 1104 2431 1156; baseline -0.001 -13"><span class='ocrx_word' id='word_1_282' title='bbox 1427 1107 1507 1143; x_wconf 78' lang='lat' dir='ltr'>ritis</span> <span class='ocrx_word' id='word_1_283' title='bbox 1525 1119 1645 1156; x_wconf 89' lang='lat' dir='ltr'>equos</span> <span class='ocrx_word' id='word_1_284' title='bbox 1660 1105 1802 1150; x_wconf 89' lang='lat' dir='ltr'>sericis,</span> <span class='ocrx_word' id='word_1_285' title='bbox 1816 1113 1854 1142; x_wconf 89' lang='lat' dir='ltr'>et</span> <span class='ocrx_word' id='word_1_286' title='bbox 1873 1104 2062 1155; x_wconf 89' lang='lat' dir='ltr'>pendulos</span> <span class='ocrx_word' id='word_1_287' title='bbox 2076 1105 2205 1142; x_wconf 90' lang='lat' dir='ltr'>nescio</span> <span class='ocrx_word' id='word_1_288' title='bbox 2222 1118 2318 1154; x_wconf 91' lang='lat' dir='ltr'>quos</span> <span class='ocrx_word' id='word_1_289' title='bbox 2334 1118 2431 1155; x_wconf 85' lang='lat' dir='ltr'>pan-</span> 
     </span>
     <span class='ocr_line' id='line_1_41' title="bbox 1428 1164 2434 1216; baseline -0.002 -12"><span class='ocrx_word' id='word_1_290' title='bbox 1428 1167 1576 1204; x_wconf 88' lang='lat' dir='ltr'>niculos</span> <span class='ocrx_word' id='word_1_291' title='bbox 1592 1166 1720 1203; x_wconf 89' lang='lat' dir='ltr'>loricis</span> <span class='ocrx_word' id='word_1_292' title='bbox 1745 1164 2040 1216; x_wconf 87' lang='lat' dir='ltr'>superinduitis;</span> <span class='ocrx_word' id='word_1_293' title='bbox 2067 1164 2273 1214; x_wconf 84' lang='lat' dir='ltr'>depingitis</span> <span class='ocrx_word' id='word_1_294' title='bbox 2287 1164 2410 1202; x_wconf 83' lang='lat' dir='ltr'>hastas</span> <span class='ocrx_word' id='word_1_295' title='bbox 2423 1195 2434 1212; x_wconf 88' lang='lat'>,</span> 
     </span>
     <span class='ocr_line' id='line_1_42' title="bbox 1426 1225 2436 1278; baseline -0.002 -13"><span class='ocrx_word' id='word_1_296' title='bbox 1426 1228 1582 1278; x_wconf 80' lang='lat' dir='ltr'>clypeos</span> <span class='ocrx_word' id='word_1_297' title='bbox 1595 1227 1771 1273; x_wconf 87' lang='lat' dir='ltr'>etsellas;</span> <span class='ocrx_word' id='word_1_298' title='bbox 1785 1226 1890 1262; x_wconf 86' lang='lat' dir='ltr'>frena</span> <span class='ocrx_word' id='word_1_299' title='bbox 1910 1233 1948 1261; x_wconf 87' lang='lat' dir='ltr'>et</span> <span class='ocrx_word' id='word_1_300' title='bbox 1962 1225 2125 1262; x_wconf 86' lang='grc'><strong>03103113</strong></span> <span class='ocrx_word' id='word_1_301' title='bbox 2143 1239 2237 1262; x_wconf 87' lang='lat' dir='ltr'>auro</span> <span class='ocrx_word' id='word_1_302' title='bbox 2250 1234 2287 1262; x_wconf 93' lang='lat' dir='ltr'>et</span> <span class='ocrx_word' id='word_1_303' title='bbox 2305 1239 2436 1276; x_wconf 80' lang='lat' dir='ltr'>argen-</span> 
     </span>
     <span class='ocr_line' id='line_1_43' title="bbox 1427 1284 2437 1336; baseline 0 -13"><span class='ocrx_word' id='word_1_304' title='bbox 1427 1296 1485 1334; x_wconf 90' lang='lat' dir='ltr'>to,</span> <span class='ocrx_word' id='word_1_305' title='bbox 1516 1287 1750 1336; x_wconf 80' lang='lat' dir='ltr'>gemmisque</span> <span class='ocrx_word' id='word_1_306' title='bbox 1779 1285 2068 1322; x_wconf 78' lang='lat' dir='ltr'>circumornatis</span> <span class='ocrx_word' id='word_1_307' title='bbox 2085 1284 2127 1322; x_wconf 82' lang='lat'>*:</span> <span class='ocrx_word' id='word_1_308' title='bbox 2155 1293 2193 1321; x_wconf 90' lang='grc'>61</span> <span class='ocrx_word' id='word_1_309' title='bbox 2218 1299 2303 1322; x_wconf 90' lang='lat' dir='ltr'>cum</span> <span class='ocrx_word' id='word_1_310' title='bbox 2336 1294 2437 1323; x_wconf 84' lang='lat' dir='ltr'>tanta</span> 
     </span>
     <span class='ocr_line' id='line_1_44' title="bbox 1426 1345 2435 1397; baseline 0.001 -14"><span class='ocrx_word' id='word_1_311' title='bbox 1426 1360 1568 1397; x_wconf 83' lang='lat' dir='ltr'>pompa</span> <span class='ocrx_word' id='word_1_312' title='bbox 1589 1346 1773 1396; x_wconf 89' lang='lat' dir='ltr'>pudendo</span> <span class='ocrx_word' id='word_1_313' title='bbox 1791 1346 1920 1382; x_wconf 88' lang='lat' dir='ltr'>furore</span> <span class='ocrx_word' id='word_1_314' title='bbox 1935 1353 1972 1382; x_wconf 90' lang='lat' dir='ltr'>et</span> <span class='ocrx_word' id='word_1_315' title='bbox 1987 1345 2204 1395; x_wconf 85' lang='lat' dir='ltr'>impudenti</span> <span class='ocrx_word' id='word_1_316' title='bbox 2219 1354 2375 1396; x_wconf 83' lang='lat' dir='ltr'>stupore</span> <span class='ocrx_word' id='word_1_317' title='bbox 2391 1347 2435 1384; x_wconf 89' lang='lat' dir='ltr'>ad</span> 
     </span>
     <span class='ocr_line' id='line_1_45' title="bbox 1428 1406 2435 1457; baseline 0 -14"><span class='ocrx_word' id='word_1_318' title='bbox 1428 1416 1590 1444; x_wconf 90' lang='lat' dir='ltr'>mortem</span> <span class='ocrx_word' id='word_1_319' title='bbox 1611 1406 1841 1457; x_wconf 88' lang='lat' dir='ltr'>properatis.</span> <span class='ocrx_word' id='word_1_320' title='bbox 1864 1406 2040 1443; x_wconf 87' lang='lat' dir='ltr'>Militaria</span> <span class='ocrx_word' id='word_1_321' title='bbox 2060 1414 2149 1442; x_wconf 89' lang='lat' dir='ltr'>sunt</span> <span class='ocrx_word' id='word_1_322' title='bbox 2169 1406 2249 1443; x_wconf 87' lang='lat' dir='ltr'>haec</span> <span class='ocrx_word' id='word_1_323' title='bbox 2265 1406 2435 1456; x_wconf 81' lang='lat' dir='ltr'>insignia,</span> 
     </span>
     <span class='ocr_line' id='line_1_46' title="bbox 1423 1466 2438 1517; baseline 0 -13"><span class='ocrx_word' id='word_1_324' title='bbox 1423 1481 1469 1504; x_wconf 88' lang='lat' dir='ltr'>an</span> <span class='ocrx_word' id='word_1_325' title='bbox 1489 1466 1690 1504; x_wconf 84' lang='lat' dir='ltr'>muliebria</span> <span class='ocrx_word' id='word_1_326' title='bbox 1710 1466 1838 1517; x_wconf 89' lang='lat' dir='ltr'>potius</span> <span class='ocrx_word' id='word_1_327' title='bbox 1859 1467 2113 1502; x_wconf 79' lang='lat' dir='ltr'>ornamenta?</span> <span class='ocrx_word' id='word_1_328' title='bbox 2131 1466 2326 1516; x_wconf 84' lang='lat' dir='ltr'>Numquid</span> <span class='ocrx_word' id='word_1_329' title='bbox 2342 1467 2438 1504; x_wconf 82' lang='lat' dir='ltr'>forte</span> 
     </span>
     <span class='ocr_line' id='line_1_47' title="bbox 1423 1526 2438 1578; baseline 0 -13"><span class='ocrx_word' id='word_1_330' title='bbox 1423 1529 1571 1566; x_wconf 88' lang='lat' dir='ltr'>hostilis</span> <span class='ocrx_word' id='word_1_331' title='bbox 1595 1542 1730 1566; x_wconf 87' lang='lat' dir='ltr'>mucro</span> <span class='ocrx_word' id='word_1_332' title='bbox 1749 1526 1988 1564; x_wconf 83' lang='lat' dir='ltr'>reverebitur</span> <span class='ocrx_word' id='word_1_333' title='bbox 2006 1540 2157 1574; x_wconf 87' lang='lat' dir='ltr'>aurum,</span> <span class='ocrx_word' id='word_1_334' title='bbox 2174 1527 2332 1577; x_wconf 86' lang='lat' dir='ltr'>gemmis</span> <span class='ocrx_word' id='word_1_335' title='bbox 2349 1541 2438 1578; x_wconf 84' lang='lat' dir='ltr'>par-</span> 
     </span>
     <span class='ocr_line' id='line_1_48' title="bbox 1423 1587 2436 1639; baseline -0.002 -13"><span class='ocrx_word' id='word_1_336' title='bbox 1423 1598 1501 1636; x_wconf 85' lang='lat' dir='ltr'>cet,</span> <span class='ocrx_word' id='word_1_337' title='bbox 1531 1590 1652 1626; x_wconf 87' lang='lat' dir='ltr'>serica</span> <span class='ocrx_word' id='word_1_338' title='bbox 1688 1597 1892 1639; x_wconf 84' lang='lat' dir='ltr'>penetrare</span> <span class='ocrx_word' id='word_1_339' title='bbox 1927 1601 2006 1624; x_wconf 89' lang='lat' dir='ltr'>non</span> <span class='ocrx_word' id='word_1_340' title='bbox 2036 1587 2180 1638; x_wconf 86' lang='lat' dir='ltr'>poterit</span> <span class='ocrx_word' id='word_1_341' title='bbox 2202 1589 2217 1624; x_wconf 70' lang='lat'>{³</span> <span class='ocrx_word' id='word_1_342' title='bbox 2237 1589 2410 1638; x_wconf 87' lang='lat' dir='ltr'>Denique</span> <span class='ocrx_word' id='word_1_343' title='bbox 2426 1618 2436 1636; x_wconf 92' lang='lat'>‚</span> 
     </span>
     <span class='ocr_line' id='line_1_49' title="bbox 1424 1647 2437 1699; baseline 0 -13"><span class='ocrx_word' id='word_1_344' title='bbox 1424 1649 1529 1699; x_wconf 89' lang='lat' dir='ltr'>quod</span> <span class='ocrx_word' id='word_1_345' title='bbox 1563 1649 1635 1698; x_wconf 86' lang='lat' dir='ltr'>ipsi</span> <span class='ocrx_word' id='word_1_346' title='bbox 1670 1649 1808 1698; x_wconf 77' lang='lat' dir='ltr'>saepius</span> <span class='ocrx_word' id='word_1_347' title='bbox 1844 1648 2060 1697; x_wconf 87' lang='lat' dir='ltr'>certiusque</span> <span class='ocrx_word' id='word_1_348' title='bbox 2088 1647 2336 1697; x_wconf 80' lang='lat' dir='ltr'>experimini,</span> <span class='ocrx_word' id='word_1_349' title='bbox 2371 1649 2437 1686; x_wconf 82' lang='lat' dir='ltr'>tria</span> 
     </span>
     <span class='ocr_line' id='line_1_50' title="bbox 1425 1708 2439 1759; baseline 0 -13"><span class='ocrx_word' id='word_1_350' title='bbox 1425 1722 1506 1746; x_wconf 86' lang='lat' dir='ltr'>esse</span> <span class='ocrx_word' id='word_1_351' title='bbox 1538 1709 1731 1759; x_wconf 65' lang='lat' dir='ltr'>praecipue</span> <span class='ocrx_word' id='word_1_352' title='bbox 1761 1708 1972 1745; x_wconf 88' lang='lat' dir='ltr'>necessaria</span> <span class='ocrx_word' id='word_1_353' title='bbox 1993 1708 2204 1758; x_wconf 79' lang='lat' dir='ltr'>praelianti,</span> <span class='ocrx_word' id='word_1_354' title='bbox 2227 1717 2270 1746; x_wconf 93' lang='lat' dir='ltr'>ut</span> <span class='ocrx_word' id='word_1_355' title='bbox 2297 1710 2439 1747; x_wconf 83' lang='lat' dir='ltr'>scilicet</span> 
     </span>
     <span class='ocr_line' id='line_1_51' title="bbox 1426 1768 2438 1820; baseline 0.001 -13"><span class='ocrx_word' id='word_1_356' title='bbox 1426 1774 1604 1807; x_wconf 83' lang='lat' dir='ltr'>strenuus</span> <span class='ocrx_word' id='word_1_357' title='bbox 1630 1769 1917 1818; x_wconf 83' lang='lat' dir='ltr'>industriusque</span> <span class='ocrx_word' id='word_1_358' title='bbox 1947 1769 2053 1805; x_wconf 89' lang='lat' dir='ltr'>miles</span> <span class='ocrx_word' id='word_1_359' title='bbox 2075 1777 2114 1805; x_wconf 86' lang='lat' dir='ltr'>et</span> <span class='ocrx_word' id='word_1_360' title='bbox 2141 1768 2438 1820; x_wconf 80' lang='lat' dir='ltr'>circumspectus</span> 
     </span>
    </p>
   </div>
   <div class='ocr_carea' id='block_1_14' title="bbox 349 1828 2433 1891">
    <p class='ocr_par' dir='ltr' id='par_1_15' title="bbox 349 1828 2433 1891">
     <span class='ocr_line' id='line_1_52' title="bbox 349 1828 2433 1891; baseline -0.005 -15"><span class='ocrx_word' id='word_1_361' title='bbox 349 1853 386 1881; x_wconf 78' lang='lat' dir='ltr'>et</span> <span class='ocrx_word' id='word_1_362' title='bbox 404 1844 444 1880; x_wconf 82' lang='lat' dir='ltr'>in</span> <span class='ocrx_word' id='word_1_363' title='bbox 467 1853 630 1891; x_wconf 82' lang='lat' dir='ltr'>corpore</span> <span class='ocrx_word' id='word_1_364' title='bbox 663 1839 798 1884; x_wconf 88' lang='lat' dir='ltr'>simul,</span> <span class='ocrx_word' id='word_1_365' title='bbox 830 1846 867 1874; x_wconf 89' lang='lat' dir='ltr'>et</span> <span class='ocrx_word' id='word_1_366' title='bbox 902 1838 939 1874; x_wconf 92' lang='lat' dir='ltr'>in</span> <span class='ocrx_word' id='word_1_367' title='bbox 974 1837 1111 1874; x_wconf 88' lang='lat' dir='ltr'>anima.</span> <span class='ocrx_word' id='word_1_368' title='bbox 1142 1841 1199 1874; x_wconf 80' lang='lat' dir='ltr'>Ex</span> <span class='ocrx_word' id='word_1_369' title='bbox 1235 1837 1361 1874; x_wconf 73' lang='lat' dir='ltr'>cordis</span> <span class='ocrx_word' id='word_1_370' title='bbox 1381 1841 1408 1876; x_wconf 80' lang='lat' dir='ltr'>C</span> <span class='ocrx_word' id='word_1_371' title='bbox 1428 1831 1475 1866; x_wconf 80' lang='lat' dir='ltr'>Sit</span> <span class='ocrx_word' id='word_1_372' title='bbox 1491 1829 1537 1866; x_wconf 90' lang='grc'>311</span> <span class='ocrx_word' id='word_1_373' title='bbox 1555 1843 1594 1866; x_wconf 87' lang='grc'>56</span> <span class='ocrx_word' id='word_1_374' title='bbox 1615 1828 1860 1875; x_wconf 62' lang='lat' dir='ltr'>serrandum,</span> <span class='ocrx_word' id='word_1_375' title='bbox 1881 1836 1920 1865; x_wconf 82' lang='lat' dir='ltr'>et</span> <span class='ocrx_word' id='word_1_376' title='bbox 1939 1828 2141 1878; x_wconf 81' lang='lat' dir='ltr'>expeditus</span> <span class='ocrx_word' id='word_1_377' title='bbox 2158 1828 2205 1864; x_wconf 83' lang='lat' dir='ltr'>ad</span> <span class='ocrx_word' id='word_1_378' title='bbox 2222 1828 2433 1867; x_wconf 86' lang='lat' dir='ltr'>discurren-</span> 
     </span>
    </p>
   </div>
   <div class='ocr_carea' id='block_1_15' title="bbox 344 1898 1362 2613">
    <p class='ocr_par' dir='ltr' id='par_1_16' title="bbox 344 1898 1362 2613">
     <span class='ocr_line' id='line_1_53' title="bbox 344 1898 1358 1954; baseline -0.007 -13"><span class='ocrx_word' id='word_1_379' title='bbox 344 1916 482 1954; x_wconf 87' lang='lat' dir='ltr'>nempe</span> <span class='ocrx_word' id='word_1_380' title='bbox 503 1902 641 1938; x_wconf 88' lang='lat' dir='ltr'>affectu</span> <span class='ocrx_word' id='word_1_381' title='bbox 659 1929 667 1945; x_wconf 90' lang='lat'>,</span> <span class='ocrx_word' id='word_1_382' title='bbox 692 1912 771 1936; x_wconf 91' lang='lat' dir='ltr'>non</span> <span class='ocrx_word' id='word_1_383' title='bbox 799 1898 888 1935; x_wconf 87' lang='lat' dir='ltr'>belli</span> <span class='ocrx_word' id='word_1_384' title='bbox 910 1906 1071 1944; x_wconf 79' lang='lat' dir='ltr'>eventu,</span> <span class='ocrx_word' id='word_1_385' title='bbox 1094 1907 1277 1947; x_wconf 81' lang='lat' dir='ltr'>pensatur</span> <span class='ocrx_word' id='word_1_386' title='bbox 1298 1898 1358 1934; x_wconf 70' lang='lat' dir='ltr'>vel</span> 
     </span>
     <span class='ocr_line' id='line_1_54' title="bbox 348 1957 1361 2014; baseline -0.006 -14"><span class='ocrx_word' id='word_1_387' title='bbox 348 1962 575 2014; x_wconf 73' lang='lat' dir='ltr'>periculum,</span> <span class='ocrx_word' id='word_1_388' title='bbox 594 1960 653 1996; x_wconf 65' lang='lat' dir='ltr'>vel</span> <span class='ocrx_word' id='word_1_389' title='bbox 672 1958 830 1995; x_wconf 85' lang='lat' dir='ltr'>victoria</span> <span class='ocrx_word' id='word_1_390' title='bbox 848 1958 1054 1994; x_wconf 85' lang='lat' dir='ltr'>christiani.</span> <span class='ocrx_word' id='word_1_391' title='bbox 1073 1958 1110 1995; x_wconf 90' lang='lat' dir='ltr'>Si</span> <span class='ocrx_word' id='word_1_392' title='bbox 1126 1957 1228 1994; x_wconf 88' lang='lat' dir='ltr'>bona</span> <span class='ocrx_word' id='word_1_393' title='bbox 1246 1958 1361 1994; x_wconf 87' lang='lat' dir='ltr'>fucrit</span> 
     </span>
     <span class='ocr_line' id='line_1_55' title="bbox 352 2018 1361 2072; baseline -0.005 -12"><span class='ocrx_word' id='word_1_394' title='bbox 352 2036 463 2060; x_wconf 89' lang='grc'><strong>031153</strong></span> <span class='ocrx_word' id='word_1_395' title='bbox 485 2019 690 2072; x_wconf 76' lang='lat' dir='ltr'>pugnantis</span> <span class='ocrx_word' id='word_1_396' title='bbox 707 2048 716 2066; x_wconf 92' lang='lat'>,</span> <span class='ocrx_word' id='word_1_397' title='bbox 740 2031 878 2068; x_wconf 65' lang='lat' dir='ltr'>pugnae</span> <span class='ocrx_word' id='word_1_398' title='bbox 899 2019 1021 2054; x_wconf 82' lang='lat' dir='ltr'>exitus</span> <span class='ocrx_word' id='word_1_399' title='bbox 1043 2018 1165 2054; x_wconf 88' lang='lat' dir='ltr'>malus</span> <span class='ocrx_word' id='word_1_400' title='bbox 1185 2032 1265 2055; x_wconf 84' lang='lat' dir='ltr'>esse</span> <span class='ocrx_word' id='word_1_401' title='bbox 1283 2032 1361 2055; x_wconf 92' lang='lat' dir='ltr'>non</span> 
     </span>
     <span class='ocr_line' id='line_1_56' title="bbox 350 2076 1362 2134; baseline -0.005 -14"><span class='ocrx_word' id='word_1_402' title='bbox 350 2082 514 2134; x_wconf 84' lang='lat' dir='ltr'>poterit3</span> <span class='ocrx_word' id='word_1_403' title='bbox 544 2081 639 2117; x_wconf 87' lang='lat' dir='ltr'>sicut</span> <span class='ocrx_word' id='word_1_404' title='bbox 666 2091 735 2115; x_wconf 91' lang='grc'><strong>1160</strong></span> <span class='ocrx_word' id='word_1_405' title='bbox 765 2078 890 2114; x_wconf 85' lang='lat' dir='ltr'>bonus</span> <span class='ocrx_word' id='word_1_406' title='bbox 912 2076 1148 2127; x_wconf 75' lang='lat' dir='ltr'>judicabitur</span> <span class='ocrx_word' id='word_1_407' title='bbox 1168 2078 1271 2124; x_wconf 85' lang='lat' dir='ltr'>finis,</span> <span class='ocrx_word' id='word_1_408' title='bbox 1296 2078 1362 2115; x_wconf 88' lang='lat' dir='ltr'>ubi</span> 
     </span>
     <span class='ocr_line' id='line_1_57' title="bbox 350 2139 1361 2188; baseline -0.004 -8"><span class='ocrx_word' id='word_1_409' title='bbox 350 2156 462 2180; x_wconf 86' lang='grc'><strong>031153</strong></span> <span class='ocrx_word' id='word_1_410' title='bbox 482 2154 560 2178; x_wconf 90' lang='grc'>000</span> <span class='ocrx_word' id='word_1_411' title='bbox 580 2140 683 2176; x_wconf 86' lang='lat' dir='ltr'>bona</span> <span class='ocrx_word' id='word_1_412' title='bbox 701 2167 710 2185; x_wconf 88' lang='lat'>,</span> <span class='ocrx_word' id='word_1_413' title='bbox 736 2147 773 2175; x_wconf 90' lang='lat' dir='ltr'>et</span> <span class='ocrx_word' id='word_1_414' title='bbox 794 2139 954 2174; x_wconf 84' lang='lat' dir='ltr'>intentio</span> <span class='ocrx_word' id='word_1_415' title='bbox 975 2151 1051 2174; x_wconf 91' lang='lat' dir='ltr'>non</span> <span class='ocrx_word' id='word_1_416' title='bbox 1076 2146 1176 2175; x_wconf 88' lang='lat' dir='ltr'>recta</span> <span class='ocrx_word' id='word_1_417' title='bbox 1197 2152 1361 2188; x_wconf 84' lang='lat' dir='ltr'>praeces-</span> 
     </span>
     <span class='ocr_line' id='line_1_58' title="bbox 348 2199 1362 2250; baseline -0.005 -9"><span class='ocrx_word' id='word_1_418' title='bbox 348 2203 448 2241; x_wconf 88' lang='lat' dir='ltr'>serit.</span> <span class='ocrx_word' id='word_1_419' title='bbox 474 2202 510 2239; x_wconf 91' lang='lat' dir='ltr'>Si</span> <span class='ocrx_word' id='word_1_420' title='bbox 537 2202 575 2237; x_wconf 91' lang='lat' dir='ltr'>in</span> <span class='ocrx_word' id='word_1_421' title='bbox 597 2201 793 2236; x_wconf 66' lang='lat' dir='ltr'>voluntate</span> <span class='ocrx_word' id='word_1_422' title='bbox 811 2199 972 2235; x_wconf 81' lang='lat' dir='ltr'>alterum</span> <span class='ocrx_word' id='word_1_423' title='bbox 1003 2199 1204 2236; x_wconf 90' lang='lat' dir='ltr'>occidendi</span> <span class='ocrx_word' id='word_1_424' title='bbox 1233 2208 1268 2236; x_wconf 90' lang='lat' dir='ltr'>te</span> <span class='ocrx_word' id='word_1_425' title='bbox 1284 2213 1362 2250; x_wconf 89' lang='lat' dir='ltr'>po-</span> 
     </span>
     <span class='ocr_line' id='line_1_59' title="bbox 350 2259 1360 2309; baseline -0.004 -8"><span class='ocrx_word' id='word_1_426' title='bbox 350 2266 423 2301; x_wconf 87' lang='lat' dir='ltr'>tius</span> <span class='ocrx_word' id='word_1_427' title='bbox 445 2261 570 2300; x_wconf 89' lang='lat' dir='ltr'>occidi</span> <span class='ocrx_word' id='word_1_428' title='bbox 596 2260 811 2309; x_wconf 75' lang='lat' dir='ltr'>contigerit,</span> <span class='ocrx_word' id='word_1_429' title='bbox 842 2260 1000 2296; x_wconf 88' lang='lat' dir='ltr'>moreris</span> <span class='ocrx_word' id='word_1_430' title='bbox 1026 2259 1228 2296; x_wconf 83' lang='lat' dir='ltr'>homicida.</span> <span class='ocrx_word' id='word_1_431' title='bbox 1247 2260 1360 2308; x_wconf 87' lang='lat' dir='ltr'>Quod</span> 
     </span>
     <span class='ocr_line' id='line_1_60' title="bbox 349 2319 1359 2375; baseline -0.004 -13"><span class='ocrx_word' id='word_1_432' title='bbox 349 2326 379 2363; x_wconf 90' lang='lat' dir='ltr'>si</span> <span class='ocrx_word' id='word_1_433' title='bbox 405 2324 608 2375; x_wconf 66' lang='lat' dir='ltr'>praevales,</span> <span class='ocrx_word' id='word_1_434' title='bbox 638 2331 675 2358; x_wconf 81' lang='grc'>61.</span> <span class='ocrx_word' id='word_1_435' title='bbox 702 2321 900 2357; x_wconf 81' lang='lat' dir='ltr'>voluntate</span> <span class='ocrx_word' id='word_1_436' title='bbox 924 2319 1130 2370; x_wconf 85' lang='lat' dir='ltr'>superandi</span> <span class='ocrx_word' id='word_1_437' title='bbox 1153 2321 1212 2357; x_wconf 68' lang='lat' dir='ltr'>vel</span> <span class='ocrx_word' id='word_1_438' title='bbox 1233 2321 1359 2358; x_wconf 71' lang='lat' dir='ltr'>vindi-</span> 
     </span>
     <span class='ocr_line' id='line_1_61' title="bbox 349 2381 1357 2428; baseline -0.004 -6"><span class='ocrx_word' id='word_1_439' title='bbox 349 2384 460 2423; x_wconf 87' lang='lat' dir='ltr'>candi</span> <span class='ocrx_word' id='word_1_440' title='bbox 490 2384 588 2420; x_wconf 87' lang='lat' dir='ltr'>forte</span> <span class='ocrx_word' id='word_1_441' title='bbox 613 2382 754 2419; x_wconf 84' lang='lat' dir='ltr'>occidis</span> <span class='ocrx_word' id='word_1_442' title='bbox 775 2382 969 2418; x_wconf 88' lang='lat' dir='ltr'>hominem</span> <span class='ocrx_word' id='word_1_443' title='bbox 989 2411 998 2428; x_wconf 94' lang='lat'>,</span> <span class='ocrx_word' id='word_1_444' title='bbox 1028 2382 1124 2418; x_wconf 73' lang='lat' dir='ltr'>vivis</span> <span class='ocrx_word' id='word_1_445' title='bbox 1154 2381 1357 2419; x_wconf 85' lang='lat' dir='ltr'>homicida.</span> 
     </span>
     <span class='ocr_line' id='line_1_62' title="bbox 347 2441 1362 2493; baseline -0.003 -11"><span class='ocrx_word' id='word_1_446' title='bbox 347 2449 435 2483; x_wconf 65' lang='lat' dir='ltr'>Non</span> <span class='ocrx_word' id='word_1_447' title='bbox 454 2452 581 2481; x_wconf 90' lang='lat' dir='ltr'>autem</span> <span class='ocrx_word' id='word_1_448' title='bbox 596 2442 751 2493; x_wconf 78' lang='lat' dir='ltr'>expedit</span> <span class='ocrx_word' id='word_1_449' title='bbox 771 2442 849 2478; x_wconf 82' lang='lat' dir='ltr'>sive</span> <span class='ocrx_word' id='word_1_450' title='bbox 872 2450 1040 2484; x_wconf 88' lang='lat' dir='ltr'>mortuO,</span> <span class='ocrx_word' id='word_1_451' title='bbox 1059 2441 1139 2478; x_wconf 77' lang='lat' dir='ltr'>sive</span> <span class='ocrx_word' id='word_1_452' title='bbox 1158 2442 1266 2489; x_wconf 65' lang='lat' dir='ltr'>vix-03</span> <span class='ocrx_word' id='word_1_453' title='bbox 1285 2442 1362 2479; x_wconf 80' lang='lat' dir='ltr'>sive</span> 
     </span>
     <span class='ocr_line' id='line_1_63' title="bbox 347 2501 1361 2551; baseline -0.004 -8"><span class='ocrx_word' id='word_1_454' title='bbox 347 2505 503 2551; x_wconf 75' lang='lat' dir='ltr'>victori,</span> <span class='ocrx_word' id='word_1_455' title='bbox 548 2504 626 2540; x_wconf 81' lang='lat' dir='ltr'>sive</span> <span class='ocrx_word' id='word_1_456' title='bbox 660 2503 762 2539; x_wconf 75' lang='lat' dir='ltr'>victo</span> <span class='ocrx_word' id='word_1_457' title='bbox 782 2531 791 2548; x_wconf 96' lang='lat'>,</span> <span class='ocrx_word' id='word_1_458' title='bbox 828 2515 910 2539; x_wconf 86' lang='lat' dir='ltr'>esse</span> <span class='ocrx_word' id='word_1_459' title='bbox 946 2501 1189 2539; x_wconf 85' lang='lat' dir='ltr'>homicidam.</span> <span class='ocrx_word' id='word_1_460' title='bbox 1225 2502 1361 2539; x_wconf 84' lang='lat' dir='ltr'>Infelix</span> 
     </span>
     <span class='ocr_line' id='line_1_64' title="bbox 348 2562 1362 2613; baseline -0.001 -11"><span class='ocrx_word' id='word_1_461' title='bbox 348 2565 528 2610; x_wconf 81' lang='lat' dir='ltr'>victoria,</span> <span class='ocrx_word' id='word_1_462' title='bbox 562 2576 637 2613; x_wconf 88' lang='lat' dir='ltr'>qua</span> <span class='ocrx_word' id='word_1_463' title='bbox 671 2575 856 2612; x_wconf 85' lang='lat' dir='ltr'>superans</span> <span class='ocrx_word' id='word_1_464' title='bbox 884 2563 1079 2599; x_wconf 88' lang='lat' dir='ltr'>hominem</span> <span class='ocrx_word' id='word_1_465' title='bbox 1098 2592 1107 2609; x_wconf 90' lang='lat'>,</span> <span class='ocrx_word' id='word_1_466' title='bbox 1144 2562 1362 2601; x_wconf 89' lang='lat' dir='ltr'>succumbis</span> 
     </span>
    </p>
   </div>
   <div class='ocr_carea' id='block_1_16' title="bbox 1425 1889 2438 2609">
    <p class='ocr_par' dir='ltr' id='par_1_17' title="bbox 1425 1889 2438 2609">
     <span class='ocr_line' id='line_1_65' title="bbox 1427 1889 2437 1941; baseline 0.001 -14"><span class='ocrx_word' id='word_1_467' title='bbox 1427 1890 1516 1927; x_wconf 87' lang='lat' dir='ltr'>dum</span> <span class='ocrx_word' id='word_1_468' title='bbox 1529 1920 1538 1936; x_wconf 96' lang='lat'>,</span> <span class='ocrx_word' id='word_1_469' title='bbox 1560 1899 1595 1926; x_wconf 89' lang='lat' dir='ltr'>et</span> <span class='ocrx_word' id='word_1_470' title='bbox 1617 1898 1819 1940; x_wconf 84' lang='lat' dir='ltr'>promptus</span> <span class='ocrx_word' id='word_1_471' title='bbox 1834 1889 1881 1926; x_wconf 86' lang='lat' dir='ltr'>ad</span> <span class='ocrx_word' id='word_1_472' title='bbox 1905 1889 2119 1926; x_wconf 87' lang='lat' dir='ltr'>feriendum</span> <span class='ocrx_word' id='word_1_473' title='bbox 2142 1903 2233 1927; x_wconf 83' lang='lat' dir='ltr'>:vos</span> <span class='ocrx_word' id='word_1_474' title='bbox 2250 1904 2320 1941; x_wconf 89' lang='lat' dir='ltr'>per</span> <span class='ocrx_word' id='word_1_475' title='bbox 2339 1905 2408 1928; x_wconf 87' lang='lat' dir='ltr'>con</span> <span class='ocrx_word' id='word_1_476' title='bbox 2426 1912 2437 1920; x_wconf 91' lang='lat'><strong>·</strong></span> 
     </span>
     <span class='ocr_line' id='line_1_66' title="bbox 1428 1951 2436 2000; baseline 0.002 -13"><span class='ocrx_word' id='word_1_477' title='bbox 1428 1951 1586 1988; x_wconf 85' lang='lat' dir='ltr'>trarium</span> <span class='ocrx_word' id='word_1_478' title='bbox 1619 1951 1658 1987; x_wconf 91' lang='grc'>10</span> <span class='ocrx_word' id='word_1_479' title='bbox 1684 1951 1886 1987; x_wconf 88' lang='lat' dir='ltr'>oculorum</span> <span class='ocrx_word' id='word_1_480' title='bbox 1917 1963 2124 2000; x_wconf 83' lang='lat' dir='ltr'>gravamen</span> <span class='ocrx_word' id='word_1_481' title='bbox 2160 1951 2325 1988; x_wconf 88' lang='lat' dir='ltr'>femineo</span> <span class='ocrx_word' id='word_1_482' title='bbox 2360 1953 2436 1990; x_wconf 88' lang='lat' dir='ltr'>ritu</span> 
     </span>
     <span class='ocr_line' id='line_1_67' title="bbox 1430 2011 2437 2062; baseline 0.001 -14"><span class='ocrx_word' id='word_1_483' title='bbox 1430 2025 1577 2048; x_wconf 88' lang='lat' dir='ltr'>comam</span> <span class='ocrx_word' id='word_1_484' title='bbox 1596 2011 1763 2056; x_wconf 88' lang='lat' dir='ltr'>nutritis,</span> <span class='ocrx_word' id='word_1_485' title='bbox 1786 2011 1909 2060; x_wconf 80' lang='lat' dir='ltr'>longis</span> <span class='ocrx_word' id='word_1_486' title='bbox 1923 2024 1966 2047; x_wconf 93' lang='grc'>30</span> <span class='ocrx_word' id='word_1_487' title='bbox 1986 2011 2152 2061; x_wconf 85' lang='lat' dir='ltr'>profusis</span> <span class='ocrx_word' id='word_1_488' title='bbox 2169 2011 2330 2049; x_wconf 87' lang='lat' dir='ltr'>camisiis</span> <span class='ocrx_word' id='word_1_489' title='bbox 2350 2024 2437 2062; x_wconf 91' lang='lat' dir='ltr'>pro-</span> 
     </span>
     <span class='ocr_line' id='line_1_68' title="bbox 1428 2069 2437 2123; baseline 0.001 -15"><span class='ocrx_word' id='word_1_490' title='bbox 1428 2072 1512 2123; x_wconf 88' lang='lat' dir='ltr'>pria</span> <span class='ocrx_word' id='word_1_491' title='bbox 1541 2071 1652 2108; x_wconf 71' lang='lat' dir='ltr'>vobis</span> <span class='ocrx_word' id='word_1_492' title='bbox 1677 2071 1838 2121; x_wconf 75' lang='lat' dir='ltr'>vestigia</span> <span class='ocrx_word' id='word_1_493' title='bbox 1861 2069 2066 2108; x_wconf 82' lang='lat' dir='ltr'>obvolvitis</span> <span class='ocrx_word' id='word_1_494' title='bbox 2081 2100 2091 2117; x_wconf 93' lang='lat'>,</span> <span class='ocrx_word' id='word_1_495' title='bbox 2124 2071 2302 2109; x_wconf 86' lang='lat' dir='ltr'>delicatas</span> <span class='ocrx_word' id='word_1_496' title='bbox 2318 2085 2361 2109; x_wconf 88' lang='grc'>30</span> <span class='ocrx_word' id='word_1_497' title='bbox 2381 2080 2437 2109; x_wconf 87' lang='grc'>16-</span> 
     </span>
     <span class='ocr_line' id='line_1_69' title="bbox 1429 2132 2435 2183; baseline 0 -14"><span class='ocrx_word' id='word_1_498' title='bbox 1429 2146 1539 2170; x_wconf 86' lang='grc'><strong>06135</strong></span> <span class='ocrx_word' id='word_1_499' title='bbox 1563 2145 1698 2170; x_wconf 89' lang='lat' dir='ltr'>manus</span> <span class='ocrx_word' id='word_1_500' title='bbox 1721 2132 1856 2183; x_wconf 88' lang='lat' dir='ltr'>amplis</span> <span class='ocrx_word' id='word_1_501' title='bbox 1873 2140 1910 2168; x_wconf 89' lang='lat' dir='ltr'>et</span> <span class='ocrx_word' id='word_1_502' title='bbox 1935 2132 2291 2171; x_wconf 89' lang='lat' dir='ltr'>circumfluentibus</span> <span class='ocrx_word' id='word_1_503' title='bbox 2315 2132 2435 2169; x_wconf 87' lang='lat' dir='ltr'>mani-</span> 
     </span>
     <span class='ocr_line' id='line_1_70' title="bbox 1428 2193 2437 2244; baseline 0 -14"><span class='ocrx_word' id='word_1_504' title='bbox 1428 2194 1479 2231; x_wconf 87' lang='lat' dir='ltr'>cis</span> <span class='ocrx_word' id='word_1_505' title='bbox 1501 2194 1680 2244; x_wconf 89' lang='lat' dir='ltr'>sepelitis.</span> <span class='ocrx_word' id='word_1_506' title='bbox 1694 2196 1817 2244; x_wconf 86' lang='lat' dir='ltr'>Super</span> <span class='ocrx_word' id='word_1_507' title='bbox 1836 2193 1917 2230; x_wconf 89' lang='lat' dir='ltr'>haec</span> <span class='ocrx_word' id='word_1_508' title='bbox 1935 2194 2064 2231; x_wconf 89' lang='lat' dir='ltr'>omnia</span> <span class='ocrx_word' id='word_1_509' title='bbox 2079 2203 2136 2231; x_wconf 90' lang='lat' dir='ltr'>est</span> <span class='ocrx_word' id='word_1_510' title='bbox 2152 2223 2162 2240; x_wconf 91' lang='lat'>‚</span> <span class='ocrx_word' id='word_1_511' title='bbox 2179 2193 2284 2244; x_wconf 91' lang='lat' dir='ltr'>quod</span> <span class='ocrx_word' id='word_1_512' title='bbox 2304 2193 2437 2231; x_wconf 82' lang='lat' dir='ltr'>armati</span> 
     </span>
     <span class='ocr_line' id='line_1_71' title="bbox 1427 2253 2436 2303; baseline -0.002 -12"><span class='ocrx_word' id='word_1_513' title='bbox 1427 2254 1701 2291; x_wconf 86' lang='lat' dir='ltr'>conscientiam</span> <span class='ocrx_word' id='word_1_514' title='bbox 1730 2254 1848 2303; x_wconf 85' lang='lat' dir='ltr'>magis</span> <span class='ocrx_word' id='word_1_515' title='bbox 1879 2262 2016 2299; x_wconf 86' lang='lat' dir='ltr'>terret,</span> <span class='ocrx_word' id='word_1_516' title='bbox 2038 2267 2151 2291; x_wconf 85' lang='grc'><strong>031153</strong></span> <span class='ocrx_word' id='word_1_517' title='bbox 2176 2254 2240 2290; x_wconf 88' lang='grc'><strong>1113</strong></span> <span class='ocrx_word' id='word_1_518' title='bbox 2257 2253 2436 2290; x_wconf 88' lang='lat' dir='ltr'>nimirum</span> 
     </span>
     <span class='ocr_line' id='line_1_72' title="bbox 1426 2314 2436 2364; baseline -0.004 -11"><span class='ocrx_word' id='word_1_519' title='bbox 1426 2316 1514 2353; x_wconf 90' lang='lat' dir='ltr'>satis</span> <span class='ocrx_word' id='word_1_520' title='bbox 1537 2315 1630 2352; x_wconf 76' lang='lat' dir='ltr'>levis</span> <span class='ocrx_word' id='word_1_521' title='bbox 1659 2328 1702 2351; x_wconf 89' lang='lat' dir='ltr'>ac</span> <span class='ocrx_word' id='word_1_522' title='bbox 1723 2315 1859 2352; x_wconf 71' lang='lat' dir='ltr'>frivola</span> <span class='ocrx_word' id='word_1_523' title='bbox 1873 2344 1882 2361; x_wconf 93' lang='lat'>‚</span> <span class='ocrx_word' id='word_1_524' title='bbox 1907 2328 1982 2364; x_wconf 91' lang='lat' dir='ltr'>qua</span> <span class='ocrx_word' id='word_1_525' title='bbox 2000 2314 2179 2351; x_wconf 82' lang='lat' dir='ltr'>videlicet</span> <span class='ocrx_word' id='word_1_526' title='bbox 2196 2314 2279 2351; x_wconf 85' lang='lat' dir='ltr'>talis</span> <span class='ocrx_word' id='word_1_527' title='bbox 2295 2326 2436 2364; x_wconf 85' lang='lat' dir='ltr'>praesu-</span> 
     </span>
     <span class='ocr_line' id='line_1_73' title="bbox 1425 2374 2436 2425; baseline -0.003 -13"><span class='ocrx_word' id='word_1_528' title='bbox 1425 2377 1543 2413; x_wconf 85' lang='lat' dir='ltr'>mitur</span> <span class='ocrx_word' id='word_1_529' title='bbox 1563 2384 1600 2413; x_wconf 87' lang='lat' dir='ltr'>et</span> <span class='ocrx_word' id='word_1_530' title='bbox 1621 2385 1697 2412; x_wconf 88' lang='lat' dir='ltr'>tam</span> <span class='ocrx_word' id='word_1_531' title='bbox 1724 2375 1938 2425; x_wconf 87' lang='lat' dir='ltr'>periculosa</span> <span class='ocrx_word' id='word_1_532' title='bbox 1965 2375 2109 2412; x_wconf 86' lang='lat' dir='ltr'>militia.</span> <span class='ocrx_word' id='word_1_533' title='bbox 2130 2377 2215 2413; x_wconf 84' lang='lat' dir='ltr'>Non</span> <span class='ocrx_word' id='word_1_534' title='bbox 2235 2387 2323 2411; x_wconf 85' lang='lat' dir='ltr'>sane</span> <span class='ocrx_word' id='word_1_535' title='bbox 2338 2374 2436 2411; x_wconf 85' lang='lat' dir='ltr'>inter</span> 
     </span>
     <span class='ocr_line' id='line_1_74' title="bbox 1428 2433 2437 2486; baseline -0.002 -14"><span class='ocrx_word' id='word_1_536' title='bbox 1428 2450 1498 2474; x_wconf 82' lang='lat' dir='ltr'>vos</span> <span class='ocrx_word' id='word_1_537' title='bbox 1526 2437 1629 2474; x_wconf 89' lang='lat' dir='ltr'>aliud</span> <span class='ocrx_word' id='word_1_538' title='bbox 1655 2436 1757 2473; x_wconf 89' lang='lat' dir='ltr'>bella</span> <span class='ocrx_word' id='word_1_539' title='bbox 1781 2445 1931 2483; x_wconf 77' lang='lat' dir='ltr'>movet,</span> <span class='ocrx_word' id='word_1_540' title='bbox 1963 2437 2125 2486; x_wconf 87' lang='lat' dir='ltr'>litesque</span> <span class='ocrx_word' id='word_1_541' title='bbox 2158 2436 2336 2482; x_wconf 89' lang='lat' dir='ltr'>suscitat,</span> <span class='ocrx_word' id='word_1_542' title='bbox 2365 2433 2437 2471; x_wconf 87' lang='lat' dir='ltr'>nisi</span> 
     </span>
     <span class='ocr_line' id='line_1_75' title="bbox 1429 2495 2436 2543; baseline -0.002 -9"><span class='ocrx_word' id='word_1_543' title='bbox 1429 2506 1495 2534; x_wconf 89' lang='lat' dir='ltr'>aut</span> <span class='ocrx_word' id='word_1_544' title='bbox 1522 2496 1792 2534; x_wconf 84' lang='lat' dir='ltr'>irrationabilis</span> <span class='ocrx_word' id='word_1_545' title='bbox 1824 2497 2031 2534; x_wconf 86' lang='lat' dir='ltr'>iracundiae</span> <span class='ocrx_word' id='word_1_546' title='bbox 2067 2505 2208 2543; x_wconf 89' lang='lat' dir='ltr'>mot-us,</span> <span class='ocrx_word' id='word_1_547' title='bbox 2231 2505 2296 2533; x_wconf 87' lang='grc'>301</span> <span class='ocrx_word' id='word_1_548' title='bbox 2314 2495 2436 2533; x_wconf 81' lang='lat' dir='ltr'>inanis</span> 
     </span>
     <span class='ocr_line' id='line_1_76' title="bbox 1429 2558 2438 2609; baseline -0.001 -14"><span class='ocrx_word' id='word_1_549' title='bbox 1429 2559 1559 2608; x_wconf 70' lang='lat' dir='ltr'>gloriae</span> <span class='ocrx_word' id='word_1_550' title='bbox 1593 2558 1785 2609; x_wconf 87' lang='lat' dir='ltr'>appetitus</span> <span class='ocrx_word' id='word_1_551' title='bbox 1803 2587 1812 2604; x_wconf 92' lang='lat'>,</span> <span class='ocrx_word' id='word_1_552' title='bbox 1856 2567 1922 2595; x_wconf 86' lang='lat' dir='ltr'>aut</span> <span class='ocrx_word' id='word_1_553' title='bbox 1959 2566 2119 2595; x_wconf 85' lang='lat' dir='ltr'>terrenae</span> <span class='ocrx_word' id='word_1_554' title='bbox 2153 2558 2438 2608; x_wconf 84' lang='lat' dir='ltr'>qualiscumque</span> 
     </span>
    </p>
   </div>
   <div class='ocr_carea' id='block_1_17' title="bbox 349 2616 2437 2672">
    <p class='ocr_par' dir='ltr' id='par_1_18' title="bbox 349 2616 2437 2672">
     <span class='ocr_line' id='line_1_77' title="bbox 349 2616 2437 2672; baseline -0.003 -10"><span class='ocrx_word' id='word_1_555' title='bbox 349 2626 455 2662; x_wconf 76' lang='lat' dir='ltr'>vitio.</span> <span class='ocrx_word' id='word_1_556' title='bbox 483 2628 531 2662; x_wconf 91' lang='lat' dir='ltr'>Et</span> <span class='ocrx_word' id='word_1_557' title='bbox 549 2624 605 2660; x_wconf 83' lang='lat' dir='ltr'>ira</span> <span class='ocrx_word' id='word_1_558' title='bbox 634 2622 703 2659; x_wconf 86' lang='lat' dir='ltr'>tibi</span> <span class='ocrx_word' id='word_1_559' title='bbox 727 2630 792 2659; x_wconf 83' lang='lat' dir='ltr'>aut</span> <span class='ocrx_word' id='word_1_560' title='bbox 819 2622 998 2672; x_wconf 84' lang='lat' dir='ltr'>superbia</span> <span class='ocrx_word' id='word_1_561' title='bbox 1018 2622 1260 2669; x_wconf 86' lang='lat' dir='ltr'>dominante,</span> <span class='ocrx_word' id='word_1_562' title='bbox 1286 2624 1362 2660; x_wconf 88' lang='lat' dir='ltr'>fru-</span> <span class='ocrx_word' id='word_1_563' title='bbox 1381 2629 1413 2663; x_wconf 94' lang='lat' dir='ltr'>D</span> <span class='ocrx_word' id='word_1_564' title='bbox 1431 2619 1680 2669; x_wconf 68' lang='lat' dir='ltr'>possessionis</span> <span class='ocrx_word' id='word_1_565' title='bbox 1706 2618 1907 2668; x_wconf 76' lang='lat' dir='ltr'>cupiditas·</span> <span class='ocrx_word' id='word_1_566' title='bbox 1933 2618 2088 2656; x_wconf 81' lang='lat' dir='ltr'>Talibus</span> <span class='ocrx_word' id='word_1_567' title='bbox 2116 2627 2218 2656; x_wconf 76' lang='lat' dir='ltr'>certe</span> <span class='ocrx_word' id='word_1_568' title='bbox 2243 2632 2288 2655; x_wconf 85' lang='lat' dir='ltr'>ex</span> <span class='ocrx_word' id='word_1_569' title='bbox 2319 2616 2437 2654; x_wconf 74' lang='lat' dir='ltr'>causis</span> 
     </span>
    </p>
   </div>
   <div class='ocr_carea' id='block_1_18' title="bbox 351 2683 1365 2735">
    <p class='ocr_par' dir='ltr' id='par_1_19' title="bbox 351 2683 1365 2735">
     <span class='ocr_line' id='line_1_78' title="bbox 351 2683 1365 2735; baseline -0.001 -13"><span class='ocrx_word' id='word_1_570' title='bbox 351 2694 427 2723; x_wconf 83' lang='lat' dir='ltr'>stra</span> <span class='ocrx_word' id='word_1_571' title='bbox 439 2684 612 2735; x_wconf 83' lang='lat' dir='ltr'>gloriaris</span> <span class='ocrx_word' id='word_1_572' title='bbox 631 2683 678 2719; x_wconf 92' lang='lat' dir='ltr'>de</span> <span class='ocrx_word' id='word_1_573' title='bbox 692 2683 847 2719; x_wconf 89' lang='lat' dir='ltr'>homine</span> <span class='ocrx_word' id='word_1_574' title='bbox 863 2690 1054 2732; x_wconf 84' lang='lat' dir='ltr'>superato.</span> <span class='ocrx_word' id='word_1_575' title='bbox 1073 2686 1138 2719; x_wconf 88' lang='lat' dir='ltr'>Est</span> <span class='ocrx_word' id='word_1_576' title='bbox 1156 2691 1281 2720; x_wconf 87' lang='lat' dir='ltr'>tamen</span> <span class='ocrx_word' id='word_1_577' title='bbox 1299 2685 1365 2734; x_wconf 88' lang='lat' dir='ltr'>qui</span> 
     </span>
    </p>
   </div>
   <div class='ocr_carea' id='block_1_19' title="bbox 351 2743 1362 3155">
    <p class='ocr_par' dir='ltr' id='par_1_20' title="bbox 351 2743 1362 3155">
     <span class='ocr_line' id='line_1_79' title="bbox 352 2743 1362 2794; baseline -0.001 -11"><span class='ocrx_word' id='word_1_578' title='bbox 352 2760 422 2783; x_wconf 87' lang='lat' dir='ltr'>nec</span> <span class='ocrx_word' id='word_1_579' title='bbox 441 2744 650 2782; x_wconf 89' lang='lat' dir='ltr'>ulciscendi</span> <span class='ocrx_word' id='word_1_580' title='bbox 680 2744 786 2790; x_wconf 85' lang='lat' dir='ltr'>zelo,</span> <span class='ocrx_word' id='word_1_581' title='bbox 817 2756 887 2780; x_wconf 88' lang='grc'>060</span> <span class='ocrx_word' id='word_1_582' title='bbox 917 2743 1096 2780; x_wconf 80' lang='lat' dir='ltr'>vincendi</span> <span class='ocrx_word' id='word_1_583' title='bbox 1126 2744 1268 2794; x_wconf 72' lang='lat' dir='ltr'>typho,</span> <span class='ocrx_word' id='word_1_584' title='bbox 1297 2745 1362 2782; x_wconf 89' lang='lat' dir='ltr'>sed</span> 
     </span>
     <span class='ocr_line' id='line_1_80' title="bbox 352 2803 1360 2842; baseline 0 0"><span class='ocrx_word' id='word_1_585' title='bbox 352 2814 498 2842; x_wconf 90' lang='lat' dir='ltr'>tantum</span> <span class='ocrx_word' id='word_1_586' title='bbox 527 2804 715 2841; x_wconf 69' lang='lat' dir='ltr'>evadendi</span> <span class='ocrx_word' id='word_1_587' title='bbox 749 2803 919 2840; x_wconf 88' lang='lat' dir='ltr'>remedio</span> <span class='ocrx_word' id='word_1_588' title='bbox 948 2804 1129 2840; x_wconf 83' lang='lat' dir='ltr'>interficit</span> <span class='ocrx_word' id='word_1_589' title='bbox 1153 2804 1360 2842; x_wconf 88' lang='lat' dir='ltr'>hominem.</span> 
     </span>
     <span class='ocr_line' id='line_1_81' title="bbox 353 2863 1361 2913; baseline 0.002 -12"><span class='ocrx_word' id='word_1_590' title='bbox 353 2865 425 2901; x_wconf 91' lang='lat' dir='ltr'>Sed</span> <span class='ocrx_word' id='word_1_591' title='bbox 442 2878 489 2901; x_wconf 91' lang='lat' dir='ltr'>ne</span> <span class='ocrx_word' id='word_1_592' title='bbox 509 2865 607 2901; x_wconf 87' lang='lat' dir='ltr'>hanc</span> <span class='ocrx_word' id='word_1_593' title='bbox 622 2864 777 2913; x_wconf 89' lang='lat' dir='ltr'>quidem</span> <span class='ocrx_word' id='word_1_594' title='bbox 794 2863 936 2901; x_wconf 87' lang='lat' dir='ltr'>bonam</span> <span class='ocrx_word' id='word_1_595' title='bbox 958 2863 1119 2901; x_wconf 84' lang='lat' dir='ltr'>dixerim</span> <span class='ocrx_word' id='word_1_596' title='bbox 1136 2864 1336 2902; x_wconf 89' lang='lat' dir='ltr'>victoriam</span> <span class='ocrx_word' id='word_1_597' title='bbox 1354 2881 1361 2903; x_wconf 96' lang='lat'><strong>:</strong></span> 
     </span>
     <span class='ocr_line' id='line_1_82' title="bbox 352 2923 1362 2975; baseline 0 -13"><span class='ocrx_word' id='word_1_598' title='bbox 352 2938 438 2962; x_wconf 88' lang='grc'><strong>01110</strong></span> <span class='ocrx_word' id='word_1_599' title='bbox 475 2924 520 2960; x_wconf 89' lang='lat' dir='ltr'>de</span> <span class='ocrx_word' id='word_1_600' title='bbox 555 2923 707 2961; x_wconf 88' lang='lat' dir='ltr'>duobus</span> <span class='ocrx_word' id='word_1_601' title='bbox 740 2925 868 2971; x_wconf 86' lang='lat' dir='ltr'>malis,</span> <span class='ocrx_word' id='word_1_602' title='bbox 904 2925 942 2961; x_wconf 91' lang='lat' dir='ltr'>in</span> <span class='ocrx_word' id='word_1_603' title='bbox 976 2938 1140 2975; x_wconf 88' lang='lat' dir='ltr'>corpore</span> <span class='ocrx_word' id='word_1_604' title='bbox 1175 2939 1290 2975; x_wconf 87' lang='lat' dir='ltr'>quam</span> <span class='ocrx_word' id='word_1_605' title='bbox 1323 2926 1362 2962; x_wconf 92' lang='grc'>10</span> 
     </span>
     <span class='ocr_line' id='line_1_83' title="bbox 352 2984 1362 3036; baseline 0.002 -14"><span class='ocrx_word' id='word_1_606' title='bbox 352 2985 479 3022; x_wconf 88' lang='grc'><strong>301103</strong></span> <span class='ocrx_word' id='word_1_607' title='bbox 507 2984 604 3020; x_wconf 88' lang='lat' dir='ltr'>mori</span> <span class='ocrx_word' id='word_1_608' title='bbox 634 2984 754 3020; x_wconf 82' lang='lat' dir='ltr'>levius</span> <span class='ocrx_word' id='word_1_609' title='bbox 781 2985 827 3021; x_wconf 90' lang='lat' dir='ltr'>sit</span> <span class='ocrx_word' id='word_1_610' title='bbox 859 2987 889 3021; x_wconf 89' lang='lat'>*.</span> <span class='ocrx_word' id='word_1_611' title='bbox 913 2989 999 3023; x_wconf 82' lang='lat' dir='ltr'>Non</span> <span class='ocrx_word' id='word_1_612' title='bbox 1021 2993 1146 3022; x_wconf 87' lang='lat' dir='ltr'>autem</span> <span class='ocrx_word' id='word_1_613' title='bbox 1169 2987 1257 3036; x_wconf 87' lang='lat' dir='ltr'>quia</span> <span class='ocrx_word' id='word_1_614' title='bbox 1277 3000 1362 3024; x_wconf 89' lang='lat' dir='ltr'>cor-</span> 
     </span>
     <span class='ocr_line' id='line_1_84' title="bbox 351 3042 1358 3095; baseline 0.002 -13"><span class='ocrx_word' id='word_1_615' title='bbox 351 3058 424 3095; x_wconf 89' lang='lat' dir='ltr'>pus</span> <span class='ocrx_word' id='word_1_616' title='bbox 439 3042 638 3089; x_wconf 89' lang='lat' dir='ltr'>occiditur,</span> <span class='ocrx_word' id='word_1_617' title='bbox 658 3044 770 3080; x_wconf 85' lang='lat' dir='ltr'>etiam</span> <span class='ocrx_word' id='word_1_618' title='bbox 787 3045 911 3082; x_wconf 88' lang='lat' dir='ltr'>anima</span> <span class='ocrx_word' id='word_1_619' title='bbox 928 3047 1091 3083; x_wconf 89' lang='lat' dir='ltr'>moritur</span> <span class='ocrx_word' id='word_1_620' title='bbox 1110 3059 1118 3082; x_wconf 90' lang='lat'>:</span> <span class='ocrx_word' id='word_1_621' title='bbox 1135 3046 1200 3084; x_wconf 90' lang='lat' dir='ltr'>sed</span> <span class='ocrx_word' id='word_1_622' title='bbox 1212 3048 1336 3085; x_wconf 81' lang='lat' dir='ltr'>anima</span> <span class='ocrx_word' id='word_1_623' title='bbox 1349 3077 1358 3094; x_wconf 93' lang='lat'>,</span> 
     </span>
     <span class='ocr_line' id='line_1_85' title="bbox 353 3103 1029 3155; baseline 0.001 -14"><span class='ocrx_word' id='word_1_624' title='bbox 353 3119 438 3155; x_wconf 84' lang='lat' dir='ltr'>quae</span> <span class='ocrx_word' id='word_1_625' title='bbox 458 3103 694 3155; x_wconf 88' lang='lat' dir='ltr'>peccaverit,</span> <span class='ocrx_word' id='word_1_626' title='bbox 721 3103 803 3153; x_wconf 89' lang='lat' dir='ltr'>ipsa</span> <span class='ocrx_word' id='word_1_627' title='bbox 831 3105 1029 3142; x_wconf 86' lang='lat' dir='ltr'>morietur.</span> 
     </span>
    </p>
   </div>
   <div class='ocr_carea' id='block_1_20' title="bbox 407 3346 1042 3379">
    <p class='ocr_par' dir='ltr' id='par_1_21' title="bbox 407 3346 1042 3379">
     <span class='ocr_line' id='line_1_86' title="bbox 407 3346 1042 3379; baseline -0.006 -3"><span class='ocrx_word' id='word_1_628' title='bbox 407 3352 413 3365; x_wconf 88' lang='lat'>¹</span> <span class='ocrx_word' id='word_1_629' title='bbox 437 3348 622 3379; x_wconf 79' lang='lat' dir='ltr'>Rom.x1v,</span> <span class='ocrx_word' id='word_1_630' title='bbox 645 3348 675 3375; x_wconf 83' lang='grc'>8.</span> <span class='ocrx_word' id='word_1_631' title='bbox 694 3362 734 3365; x_wconf 83' lang='lat'>—</span> <span class='ocrx_word' id='word_1_632' title='bbox 756 3346 967 3377; x_wconf 70' lang='lat' dir='ltr'>²1(t01·.1x,</span> <span class='ocrx_word' id='word_1_633' title='bbox 995 3347 1042 3373; x_wconf 80' lang='lat' dir='ltr'>lo.</span> 
     </span>
    </p>
   </div>
   <div class='ocr_carea' id='block_1_21' title="bbox 1434 2678 2410 2730">
    <p class='ocr_par' dir='ltr' id='par_1_22' title="bbox 1434 2678 2410 2730">
     <span class='ocr_line' id='line_1_87' title="bbox 1434 2678 2410 2730; baseline -0.002 -14"><span class='ocrx_word' id='word_1_634' title='bbox 1434 2693 1559 2730; x_wconf 83' lang='lat' dir='ltr'>neque</span> <span class='ocrx_word' id='word_1_635' title='bbox 1580 2679 1755 2716; x_wconf 88' lang='lat' dir='ltr'>occidere</span> <span class='ocrx_word' id='word_1_636' title='bbox 1768 2709 1777 2726; x_wconf 88' lang='lat'>,</span> <span class='ocrx_word' id='word_1_637' title='bbox 1802 2692 1928 2729; x_wconf 85' lang='lat' dir='ltr'>neque</span> <span class='ocrx_word' id='word_1_638' title='bbox 1948 2678 2177 2717; x_wconf 88' lang='lat' dir='ltr'>occumbere</span> <span class='ocrx_word' id='word_1_639' title='bbox 2203 2686 2327 2716; x_wconf 86' lang='lat' dir='ltr'>tutum</span> <span class='ocrx_word' id='word_1_640' title='bbox 2344 2685 2410 2715; x_wconf 87' lang='lat' dir='ltr'>est.</span> 
     </span>
    </p>
   </div>
   <div class='ocr_carea' id='block_1_22' title="bbox 1775 2806 2065 2846">
    <p class='ocr_par' dir='ltr' id='par_1_23' title="bbox 1775 2806 2065 2846">
     <span class='ocr_line' id='line_1_88' title="bbox 1775 2806 2065 2846; baseline 0.003 -1"><span class='ocrx_word' id='word_1_641' title='bbox 1775 2806 1954 2846; x_wconf 89' lang='lat' dir='ltr'>CAPUT</span> <span class='ocrx_word' id='word_1_642' title='bbox 1985 2808 2065 2846; x_wconf 86' lang='grc' dir='ltr'><strong>ΙΙΙ.</strong></span> 
     </span>
    </p>
   </div>
   <div class='ocr_carea' id='block_1_23' title="bbox 1739 2929 2103 2963">
    <p class='ocr_par' dir='ltr' id='par_1_24' title="bbox 1739 2929 2103 2963">
     <span class='ocr_line' id='line_1_89' title="bbox 1739 2929 2103 2963; baseline 0 -2"><span class='ocrx_word' id='word_1_643' title='bbox 1739 2933 1787 2961; x_wconf 82' lang='grc'>1)6</span> <span class='ocrx_word' id='word_1_644' title='bbox 1805 2929 1960 2962; x_wconf 86' lang='lat' dir='ltr'>Militibus</span> <span class='ocrx_word' id='word_1_645' title='bbox 1979 2929 2103 2963; x_wconf 83' lang='lat' dir='ltr'>Christi.</span> 
     </span>
    </p>
   </div>
   <div class='ocr_carea' id='block_1_24' title="bbox 1430 3048 2437 3280">
    <p class='ocr_par' dir='ltr' id='par_1_25' title="bbox 1430 3048 2437 3280">
     <span class='ocr_line' id='line_1_90' title="bbox 1484 3048 2437 3099; baseline -0.002 -13"><span class='ocrx_word' id='word_1_646' title='bbox 1484 3050 1519 3086; x_wconf 80' lang='lat'>4.</span> <span class='ocrx_word' id='word_1_647' title='bbox 1556 3054 1606 3087; x_wconf 91' lang='lat' dir='ltr'>At</span> <span class='ocrx_word' id='word_1_648' title='bbox 1634 3062 1725 3086; x_wconf 71' lang='lat' dir='ltr'>vero</span> <span class='ocrx_word' id='word_1_649' title='bbox 1746 3049 1883 3087; x_wconf 87' lang='lat' dir='ltr'>Christi</span> <span class='ocrx_word' id='word_1_650' title='bbox 1903 3049 2040 3086; x_wconf 91' lang='lat' dir='ltr'>milites</span> <span class='ocrx_word' id='word_1_651' title='bbox 2067 3049 2192 3086; x_wconf 90' lang='lat' dir='ltr'>securi</span> <span class='ocrx_word' id='word_1_652' title='bbox 2219 3048 2437 3099; x_wconf 75' lang='lat' dir='ltr'>praeliantur</span> 
     </span>
     <span class='ocr_line' id='line_1_91' title="bbox 1432 3109 2437 3160; baseline -0.002 -15"><span class='ocrx_word' id='word_1_653' title='bbox 1432 3109 1559 3159; x_wconf 76' lang='lat' dir='ltr'>praelia</span> <span class='ocrx_word' id='word_1_654' title='bbox 1581 3109 1735 3146; x_wconf 90' lang='lat' dir='ltr'>Domini</span> <span class='ocrx_word' id='word_1_655' title='bbox 1767 3110 1847 3156; x_wconf 85' lang='lat' dir='ltr'>sui,</span> <span class='ocrx_word' id='word_1_656' title='bbox 1873 3123 2115 3160; x_wconf 85' lang='lat' dir='ltr'>nequaquam</span> <span class='ocrx_word' id='word_1_657' title='bbox 2143 3117 2354 3147; x_wconf 89' lang='lat' dir='ltr'>metuentes</span> <span class='ocrx_word' id='word_1_658' title='bbox 2373 3113 2437 3144; x_wconf 85' lang='lat' dir='ltr'>aut</span> 
     </span>
     <span class='ocr_line' id='line_1_92' title="bbox 1432 3169 2432 3220; baseline -0.003 -14"><span class='ocrx_word' id='word_1_659' title='bbox 1432 3170 1478 3207; x_wconf 91' lang='lat' dir='ltr'>de</span> <span class='ocrx_word' id='word_1_660' title='bbox 1509 3170 1676 3207; x_wconf 88' lang='lat' dir='ltr'>hostium</span> <span class='ocrx_word' id='word_1_661' title='bbox 1705 3169 1807 3207; x_wconf 86' lang='lat' dir='ltr'>caede</span> <span class='ocrx_word' id='word_1_662' title='bbox 1837 3178 2059 3220; x_wconf 85' lang='lat' dir='ltr'>peccatum,</span> <span class='ocrx_word' id='word_1_663' title='bbox 2083 3179 2148 3207; x_wconf 87' lang='lat' dir='ltr'>aut</span> <span class='ocrx_word' id='word_1_664' title='bbox 2176 3170 2222 3207; x_wconf 88' lang='lat' dir='ltr'>de</span> <span class='ocrx_word' id='word_1_665' title='bbox 2248 3182 2315 3206; x_wconf 89' lang='lat' dir='ltr'>sua</span> <span class='ocrx_word' id='word_1_666' title='bbox 2342 3178 2432 3204; x_wconf 91' lang='lat' dir='ltr'>nece</span> 
     </span>
     <span class='ocr_line' id='line_1_93' title="bbox 1430 3226 2434 3280; baseline -0.004 -14"><span class='ocrx_word' id='word_1_667' title='bbox 1430 3231 1642 3280; x_wconf 86' lang='lat' dir='ltr'>periculum</span> <span class='ocrx_word' id='word_1_668' title='bbox 1672 3245 1678 3266; x_wconf 87' lang='lat'>:</span> <span class='ocrx_word' id='word_1_669' title='bbox 1703 3229 2014 3280; x_wconf 87' lang='lat' dir='ltr'>quandoquidem</span> <span class='ocrx_word' id='word_1_670' title='bbox 2045 3243 2149 3268; x_wconf 87' lang='lat' dir='ltr'>mors</span> <span class='ocrx_word' id='word_1_671' title='bbox 2185 3242 2256 3280; x_wconf 89' lang='lat' dir='ltr'>pro</span> <span class='ocrx_word' id='word_1_672' title='bbox 2289 3226 2434 3265; x_wconf 81' lang='lat' dir='ltr'>Christo</span> 
     </span>
    </p>
   </div>
  </div>
 </body>
</html>
