2533 3920
340 212 414 249 443

1110 211 1144 245 S.
1176 205 1430 243 BERNARDI
1458 203 1659 239 ABBATIS

2343 200 2415 237 444

339 290 534 327 cumulum
560 289 704 325 doloris
717 317 726 334 ‚
743 286 790 324 ab
811 287 868 324 his
887 300 908 322 a
928 285 1067 335 quibus
1085 285 1257 323 resarciri
1275 283 1340 319 de-
1352 284 1401 302 ²⁰⁰
1413 292 1483 316 nos
1509 280 1640 316 saltem
1672 277 1904 314 mentionem
1936 276 2057 312 facere
2083 276 2196 326 pacis.
2225 279 2420 326 Nusquam

338 345 1066 396 buerant.Amicitui,Deus,etproximi
1081 344 1345 380 tuiadversum
1363 346 1395 379 A
1413 339 1527 384 fides,
1549 351 1736 388 nusquam
1762 335 1980 373 innocentia
2001 344 2092 372 tuta·
2114 340 2273 372 Amator
2305 335 2421 374 inno-

339 417 375 444 te
395 408 823 458 appropinquaverunt,
849 414 886 441 ct
917 412 1103 441 steterunt
1119 410 1142 440 ¹.
1166 407 1258 440 Nam
1281 402 1344 451 qui

339 469 559 504 mandatum
583 476 689 504 tuum
712 464 1054 515 transgrediuntur,
1065 477 1142 500 non
1160 472 1248 499 sunt
1261 463 1347 499 alie-

340 528 391 575 ni,
403 541 480 565 non
495 536 583 565 sunt
594 526 762 564 extranei
776 540 795 562 a
808 524 1021 562 sanctuario
1041 532 1121 568 tuo,
1134 522 1198 559 sed
1213 535 1347 559 eorum

339 588 451 625 hodie
478 588 603 624 locum
625 595 778 631 tenent,
797 584 933 634 quibus
954 583 1080 620 dixisti
1099 599 1105 619 :
1132 584 1170 619 Sl·
1194 584 1350 630 diligitis

339 662 409 692 me,
431 649 614 682 mandata
632 660 715 682 mea
732 655 873 681 servate
889 651 913 681 ².
937 643 1120 681 Comitem
1139 642 1346 679 Radulfuin

337 716 374 743 et
398 720 558 743 uxorem
576 706 658 756 ejus
675 710 779 743 Deus
795 704 1049 754 conjunxerat
1067 717 1136 754 per
1153 704 1347 740 ministros

342 767 533 811 Ecclesiae,
552 775 588 802 et
608 766 771 803 Ecclesia
789 778 857 815 per
871 769 1015 809 Deum,
1031 764 1095 813 qui
1115 763 1218 799 dedit
1234 772 1346 812 pote-

338 835 471 863 statem
493 827 604 862 talem
626 825 855 862 hominibus.
874 823 1078 872 Quomodo
1099 836 1195 872 quos
1217 823 1349 859 Eccle-

338 887 392 922 sia
417 885 639 934 conjunxit,
668 884 849 933 disjunxit
874 884 1111 920 camcra?1n
1142 895 1219 931 quo
1248 882 1347 918 sacto

336 945 429 981 illud
462 946 584 981 solum
618 945 891 981 convenienter
916 943 1113 992 provisum
1145 950 1220 986 est,
1243 942 1346 990 quod

335 1004 372 1040 in
406 1004 572 1040 tenebris
603 1004 698 1040 sacta
728 1011 818 1039 sunt
846 1015 964 1052 opera
989 1001 1247 1038 tenebrarum.
1275 1001 1348 1048 Qui

1413 399 1545 435 centiae
1560 407 1597 434 et
1616 397 1766 447 pietatis
1783 396 1907 432 cultor
1923 408 2050 432 comes
2066 394 2308 432 Theobaldus
2323 409 2421 446 pene

1413 457 1574 494 traditus
1591 466 1648 494 est
1664 458 1702 493 in
1720 456 1884 493 animam
1905 455 2147 492 inimicorum
2165 454 2259 504 ejus.
2273 457 2420 506 Impul-

1415 531 1477 555 sus
1497 526 1553 554 est
1572 526 1613 554 ut
1636 517 1811 562 caderet,
1833 515 1899 553 sed
1920 515 2108 552 Dominus
2131 515 2297 566 suscepit
2312 530 2421 564 eum;

1415 588 1453 615 et
1472 579 1612 628 gaudet
1634 577 1738 628 quod
1757 577 1922 626 justitia,
1947 584 1985 612 et
2004 584 2130 612 vestra
2149 576 2366 614 obedientia
2383 577 2422 614 in

1415 653 1526 676 causa
1561 640 1628 685 sit,
1659 638 1834 688 apostolo
1869 636 2152 685 acquiescente,
2186 636 2252 684 qui
2282 636 2356 681 ait,
2384 638 2426 673 Si

1413 702 1510 748 qaid
1532 701 1716 747 patimini
1743 706 1899 745 propter
1909 699 2114 741 justitiam,
2141 693 2263 731 beaei3
2285 709 2293 730 :
2322 703 2360 731 et
2383 696 2422 732 in

1414 759 1646 808 Evangelio,
1675 760 1788 793 Beati
1818 761 1884 805 qui
1907 759 2200 804 persecutionem
2223 759 2426 803 paciuntur

1411 828 1567 868 propter
1581 820 1767 865 justiliam
1785 818 1812 853 4.
1833 820 1897 854 Yae
1922 814 2049 852 nobis!
2069 814 2149 851 haec
2173 815 2302 851 omnia
2322 828 2423 864 prae-

1416 880 1575 925 sentire,
1599 878 1666 915 sed
1687 878 1841 914 minime
1862 889 2076 926 praecavere
2098 875 2306 924 potuimus.
2325 874 2425 922 Quid

1414 940 1551 988 plura?
1584 942 1637 975 Ijt
1667 951 1745 974 non
1781 937 1934 986 penitus
1965 936 2203 972 desolaretur
2234 943 2356 981 terra,
2388 943 2426 971 et

1415 1012 1529 1034 omne
1557 1010 1716 1046 regnum
1735 997 1772 1032 in
1795 1009 1833 1032 se
1853 996 1978 1045 ipsum
2003 995 2165 1032 divisum
2190 994 2425 1042 concideret,

335 1063 435 1099 enim
462 1063 557 1098 male
579 1063 673 1111 agit,
693 1062 774 1098 odit
789 1062 911 1098 lucem
924 1089 933 1105 ‚
952 1069 989 1097 et
1008 1073 1084 1096 non
1104 1060 1208 1096 venit
1223 1060 1270 1096 ad
1288 1060 1348 1095 lu-
1368 1056 1396 1090 Β
1416 1058 1636 1108 compulsus
1661 1065 1718 1093 est
1741 1057 1804 1092 ille
1831 1054 2096 1092 devotissimus
2114 1055 2212 1092 filius
2229 1063 2371 1101 vester,
2389 1063 2428 1092 et

336 1136 433 1167 cem,
458 1131 500 1158 ut
520 1136 597 1158 non
620 1130 829 1171 arguantur
851 1133 969 1170 opera
988 1119 1071 1169 ejus
1088 1133 1108 1156 a
1132 1119 1229 1156 luce.
1248 1118 1349 1167 Quid

336 1183 475 1219 meruit
499 1196 626 1219 comes
645 1181 911 1219 Theobaldus?
930 1181 1023 1230 quid
1040 1180 1212 1230 peccavit
1231 1180 1348 1216 homo

334 1242 418 1278 ille?
449 1243 486 1280 Si
513 1251 710 1292 peccatum
736 1250 791 1278 est
814 1241 917 1291 quod
945 1241 1065 1290 diligit
1086 1240 1291 1289 justitiam,
1312 1248 1349 1276 et

334 1302 415 1338 odit
434 1302 693 1352 iniquitatem3
713 1315 791 1338 non
810 1310 937 1352 potest
954 1301 1137 1338 excusari.
1157 1301 1192 1338 Si
1213 1314 1349 1351 pecca—

334 1371 414 1399 tum
436 1371 511 1407 est,
535 1363 640 1412 quod
675 1362 841 1399 reddidit
872 1363 965 1412 Regi
991 1375 1076 1412 quae
1110 1361 1206 1410 regis
1241 1369 1347 1406 sunt,

333 1432 371 1460 et
397 1436 481 1472 quse
512 1431 600 1459 sunt
620 1423 689 1459 Dei
719 1426 818 1468 Deo;
851 1435 928 1458 non
950 1429 1076 1471 potest
1105 1421 1289 1457 excusari.
1312 1420 1349 1457 Si

335 1482 666 1532 archiepiscopum
699 1482 972 1519 Bituricensem
1006 1481 1172 1530 suscepit
1205 1480 1252 1516 ad
1275 1481 1349 1516 im-

334 1541 483 1592 perium
510 1551 700 1589 vesti-unu
722 1542 794 1578 hoc
815 1550 870 1578 est
890 1542 1100 1578 maximum
1123 1549 1161 1577 et
1179 1540 1346 1591 primum

332 1610 531 1652 peccatum
550 1602 579 1639 *.
605 1606 662 1639 Eu
694 1603 845 1652 sanguis
872 1603 942 1639 iste
965 1601 1011 1638 de
1035 1615 1148 1638 manu
1175 1601 1257 1650 ejus
1277 1615 1346 1638 ex-

333 1661 509 1710 quiritur.
532 1661 606 1709 Qui
628 1661 847 1699 retribuunt
867 1662 963 1698 mala
979 1675 1051 1711 pro
1068 1661 1179 1698 bonis
1195 1690 1204 1705 ,
1228 1661 1350 1697 detra-

332 1724 428 1760 hunt
449 1722 482 1758 ei
496 1750 505 1767 ,
524 1723 705 1772 quoniam
723 1723 895 1772 sequitur
908 1722 1132 1759 bonitatem.
1149 1722 1257 1759 Multi
1273 1722 1349 1757 cla-

333 1793 441 1820 mant
469 1782 516 1818 ad
540 1795 607 1819 vos
634 1783 671 1818 in
699 1790 778 1818 toto
802 1781 918 1818 corde
943 1795 1033 1826 suo,
1056 1790 1097 1817 ut
1117 1780 1257 1830 injuria
1283 1781 1348 1816 lilii

1415 1119 1677 1155 ecclesiasticae
1705 1116 1888 1153 libertatis
1915 1125 2063 1153 amator
2082 1124 2120 1152 et
2139 1115 2335 1161 defensor,
2355 1115 2426 1152 suh

1411 1177 1666 1228 jurejurando
1705 1177 1931 1227 promittere
1947 1205 1957 1222 ,
1986 1184 2175 1225 quatenus
2201 1176 2426 1213 sententiam

1416 1237 1824 1275 excommunicationis
1852 1250 1872 1273 a
1902 1237 2025 1286 legato
2051 1243 2180 1272 vestro
2207 1234 2318 1272 bonae
2348 1248 2428 1272 me-

1416 1299 1550 1336 moriae
1576 1299 1756 1348 magistro
1776 1301 1895 1334 Ivone
1922 1296 2048 1333 datam
2068 1296 2106 1332 in
2126 1304 2265 1332 terrain
2282 1304 2320 1332 et
2335 1309 2426 1345 per—

1416 1372 1549 1395 sonam
1578 1358 1739 1395 adulteri
1767 1357 1921 1407 tyranni
1938 1354 1975 1403 Β,
2007 1356 2073 1406 qui
2097 1364 2212 1406 caput
2235 1363 2272 1392 et
2295 1364 2428 1392 auctor

1416 1419 1559 1456 exstitit
1579 1419 1717 1455 horum
1747 1418 1920 1454 omnium
1943 1417 2131 1453 malorum
2164 1425 2202 1453 et
2229 1416 2427 1463 dolorum,

1416 1488 1530 1529 atque
1562 1480 1601 1515 in
1629 1478 1748 1528 ipsam
1784 1477 2018 1523 adulteram,
2048 1477 2190 1513 faceret
2219 1477 2388 1513 amoveri
2417 1491 2425 1513 :

1415 1539 1521 1589 quod
1544 1552 1633 1575 sane
1663 1547 1789 1575 tamen
1810 1537 1991 1588 praefatus
2010 1537 2191 1586 princeps
2212 1536 2300 1573 fecit
2315 1551 2427 1587 prece

1414 1608 1450 1636 et
1468 1599 1626 1635 consilio
1642 1598 1917 1635 nonnullorum
1936 1596 2103 1632 fidelium
2121 1596 2429 1647 sapientiumque.

1414 1660 1599 1697 virorum.
1625 1658 1812 1696 Dicebant
1831 1670 1997 1707 namque
2018 1656 2057 1693 id
2077 1670 2098 1694 a
2115 1656 2225 1694 vobis
2246 1656 2353 1694 facile
2366 1687 2376 1703 ‚
2392 1666 2429 1693 et

1415 1719 1559 1769 absque
1597 1720 1752 1756 laesione
1790 1718 1967 1755 Ecclesiae
2003 1717 2228 1766 impetrari,
2261 1717 2352 1753 dum
2388 1717 2427 1753 in

1416 1793 1531 1816 manu
1558 1788 1685 1816 vestra
1717 1779 1782 1825 sit,
1809 1777 1983 1815 eamdem
2013 1777 2141 1813 denuo
2173 1778 2398 1814 sententiam
2416 1805 2426 1822 ,

333 1847 450 1882 vestri
470 1853 506 1882 et
526 1842 816 1894 oppressionem
839 1842 1016 1878 Ecclesiae
1039 1841 1153 1890 digna
1173 1839 1348 1877 animad-
1368 1839 1395 1875 C
1415 1853 1499 1889 quae
1524 1839 1627 1888 juste
1658 1839 1744 1876 data
1773 1839 1864 1884 fuit,
1896 1838 2149 1875 incontinenti
2175 1845 2360 1883 statuere,
2392 1847 2430 1875 et

332 1905 508 1941 versione
543 1901 761 1946 vindicetis,
795 1909 833 1937 et
862 1901 1024 1937 artifices
1051 1899 1166 1949 hujus
1196 1900 1348 1937 sceleris

333 1978 418 2000 cum
450 1964 533 2014 ipso
560 1975 693 1998 eorum
729 1961 875 2010 capite,
906 1961 967 1997 cui
996 1960 1183 2010 quidquid
1212 1960 1347 2007 libuit,

332 2025 455 2069 licuit,
479 2022 689 2073 apostolico
718 2022 848 2070 vigore
878 2021 1103 2066 coerceatis,
1128 2029 1171 2058 ut
1198 2021 1236 2057 in
1259 2035 1348 2058 ver-

335 2085 446 2121 ticem
463 2084 581 2134 ipsius
596 2082 776 2131 iniquitas
792 2081 874 2130 ejus
891 2081 1108 2118 descendat.

335 2218 1347 2231 ===================================================================

469 2319 855 2377 EPISTOLA
901 2315 1217 2377 CCXVII?

720 2496 768 2518 AD
791 2496 965 2518 EUMDEM.

333 2611 552 2643 Theobaldum
567 2621 659 2642 causa
674 2610 801 2652 justitjae
812 2634 820 2647 ,
843 2616 874 2641 et
889 2608 1044 2640 fidelitatis
1062 2619 1134 2651 erga
1151 2610 1262 2641 Sedem
1277 2622 1350 2654 apo-
1365 2602 1399 2636 D

382 2666 540 2702 stolieam,
570 2665 671 2707 premi
702 2664 842 2705 queritur
872 2674 879 2694 :
911 2662 966 2693 sed
996 2662 1036 2692 ad
1064 2662 1170 2704 iniqua
1198 2665 1350 2706 promissa

383 2719 580 2762 compulsum
592 2729 653 2761 ope
669 2718 828 2750 Pontificis
841 2716 980 2760 expediri
996 2722 1096 2759 rogat.

387 2903 596 2941 Tribulatio
619 2911 657 2938 et
677 2902 850 2951 angustia
870 2903 1103 2940 invenerunt
1126 2918 1208 2941 nos.
1230 2908 1345 2944 Com-

336 2972 439 3000 mota
461 2971 517 2999 est
546 2970 583 2998 et
611 2962 842 2998 cOntremuit
874 2970 973 2998 terra
998 2963 1034 2999 in
1067 2964 1254 3001 mortibus
1283 2967 1349 3003 ho-

336 3023 480 3059 minum
494 3051 503 3067 ‚
523 3022 562 3058 in
583 3022 723 3058 exsiliis
746 3035 958 3071 pauperum
976 3050 985 3067 ,
1009 3022 1170 3060 divitum
1194 3039 1349 3076 quoquc

334 3083 496 3119 vinculis
517 3091 555 3118 et
581 3082 808 3119 carceribus.
828 3086 914 3132 Ipsa
940 3083 1072 3132 religio
1093 3085 1198 3120 venit
1217 3086 1255 3122 in
1277 3100 1348 3137 op—

334 3142 535 3193 probrium
557 3150 595 3179 et
614 3151 888 3192 contemptum.
910 3143 1058 3180 Probro
1075 3144 1229 3182 ducitur
1243 3148 1346 3196 apud

1415 1899 1740 1936 irretractabiliter
1773 1901 2002 1936 confirmare
2033 1914 2040 1935 :

1416 1969 1496 1996 arte
1526 1959 1749 2005 deludatur,
1773 1968 1811 1995 et
1836 1972 1911 2008 pax
1936 1957 2099 2008 proinde
2126 1957 2370 2004 obtineatur3
2393 1967 2430 1995 et

1416 2020 1481 2069 qui
1504 2019 1687 2068 gloriatur
1708 2020 1746 2055 in
1770 2019 1930 2064 malitia,
1944 2027 1981 2055 et
1997 2026 2135 2068 potens
2152 2026 2208 2054 est
2227 2018 2264 2054 in
2283 2019 2428 2068 iniqui-

1418 2088 1514 2124 tate,
1548 2079 1640 2114 nihil
1668 2079 1759 2116 inde
1788 2079 1971 2116 lucretur.
2006 2079 2125 2116 Multa
2152 2078 2275 2116 habeo
2303 2078 2429 2116 dicere

1417 2138 1527 2175 vobis
1542 2166 1551 2183 ,
1579 2138 1644 2174 sed
1672 2152 1751 2175 non
1773 2146 1829 2175 est
1854 2152 1951 2189 opus
1972 2138 2020 2175 de
2039 2139 2219 2176 omnibus
2236 2138 2425 2184 scribere,

1416 2212 1502 2235 cum
1530 2211 1698 2250 praesens
1731 2198 1778 2235 sit
1805 2199 1871 2248 qui
1897 2199 2026 2235 omnia
2051 2199 2140 2246 scit,
2161 2208 2198 2236 et
2223 2199 2310 2237 viva
2334 2213 2429 2236 voce

1416 2259 1568 2308 planius
1587 2266 1714 2308 potest
1730 2266 1767 2295 et
1783 2259 1934 2308 plenius
1952 2259 2114 2308 aperire.

1417 2397 2428 2410 ===========================================================

1540 2497 1916 2553 EPISTOLA
1970 2497 2314 2556 CCXVIII.c

1488 2650 1533 2672 AD
1563 2651 1724 2672 EUMDEM
1754 2651 2007 2675 EXCUSATORIA
2026 2668 2036 2685 7
2066 2653 2113 2675 ΕΤ
2141 2652 2354 2676 ΝΟΥῙΒὸΙΜΑ.

1417 2755 1513 2787 Solita
1534 2767 1566 2786 sc
1589 2757 1673 2798 apud
1701 2759 1919 2790 Innocentium
1941 2760 2037 2802 gratia
2059 2759 2208 2792 excidisse
2231 2760 2426 2793 animadver-

1462 2816 1549 2848 tens,
1567 2821 1675 2842 causas
1695 2812 1822 2843 offensae
1847 2814 2011 2845 occasione
2034 2814 2211 2845 testamenti
2232 2815 2338 2846 Ivonis
2359 2825 2425 2846 car-

1463 2863 1573 2894 dinalis
1591 2871 1679 2895 natas
1695 2865 1834 2897 modeste
1850 2865 1951 2898 diluit.

1415 2970 1581 3006 Domino
1613 2979 1651 3006 et
1683 2973 1784 3008 Patri
1814 2972 2133 3010 reverendissimo
2163 2977 2421 3020 ῙΝΝοοΕΝΤιο,

1565 3034 1810 3078 BERNARnus,
1834 3033 1994 3070 nihilum
2020 3033 2059 3070 id
2078 3033 2184 3083 quod
2203 3041 2272 3071 est.

1472 3151 1502 3185 1.
1534 3149 1717 3186 Putabam
1745 3164 1804 3188 me
1825 3151 2032 3201 aliquando
2051 3152 2195 3203 aliquid
2215 3153 2275 3198 vel
2296 3151 2421 3189 modi-

382 3289 391 3303 ¹
410 3283 652 3319 Psal.xxxv11‚
678 3286 729 3313 12.
750 3300 791 3304 -—
808 3281 821 3301 ²
838 3285 932 3314 Joan.
954 3294 1031 3320 xiv,
1056 3288 1158 3315 15.—
1174 3285 1215 3318 31
1234 3290 1314 3320 retr.
1333 3301 1373 3319 ιιι
1387 3315 1393 3324 ,
1420 3293 1470 3321 14.
1491 3309 1535 3312 ——
1552 3291 1565 3317 4
1582 3292 1697 3324 Manli.
1718 3305 1750 3331 V,
1775 3298 1827 3325 10.

381 3343 394 3357 ⁸²
408 3340 529 3383 Scripta
542 3351 624 3372 amio
643 3341 756 3374 Christi
781 3345 791 3372 1
806 3344 841 3373 14
851 3345 880 3373 2.

903 3360 945 3364 —-
961 3335 976 3357 ¹¹
990 3343 1115 3375 Radulli
1131 3344 1169 3375 de
1186 3356 1247 3387 quo
1260 3349 1437 3389 prmocdcns
1451 3350 1591 3393 epistola.
1604 3371 1648 3375 -—
1660 3358 1673 3373 ι·
1690 3352 1811 3397 Scripta
1825 3364 1908 3386 amno
1922 3354 2035 3387 Christi
2058 3359 2069 3387 l
2083 3357 2158 3387 143.

2482 1842 2486 1855 l

2494 97 2497 152 Ι

2494 177 2497 223 l

2075 1906 2264 1947 quatenus
2298 1907 2336 1934 et
2370 1912 2429 1935 ars
2482 1901 2509 1934 Α,

2499 1977 2510 1992 Ἰ
