2517 3936
190 185 285 224 1557

183 267 324 299 excitatis
344 267 408 310 ipse
430 267 550 301 dederit
577 281 722 312 operam,
741 280 774 304 ut
801 273 880 305 inl'ra
902 274 1088 307 videbimus.
1112 278 1193 307 Nam

183 323 215 352 S.
232 320 409 352 Bernardus
428 322 558 364 epistola
577 325 639 355 277
661 324 700 355 ad
719 326 891 367 Eugenium
910 332 1050 365 testatur,
1069 332 1192 360 Petrum

185 373 422 405 Cluniacenscm
441 389 453 401 n
476 385 554 416 pene
574 376 613 406 ab
636 377 762 408 introitu
780 390 835 409 suo
862 380 894 410 in
916 381 1020 411 multis
1042 381 1194 412 Ordinem

185 441 198 453 υ
216 425 302 456 illum
327 427 523 464 meliorasse,
550 428 635 459 101111
660 431 756 471 gratia
783 432 813 462 in
840 432 1036 464 observantia
1060 434 1192 475 jejunio-

185 493 198 505 »
219 489 306 516 rum,
326 479 460 516 silentii,
488 480 746 512 indumentorum
775 479 983 525 p'rctiosorum
1007 492 1036 516 et
1056 486 1194 517 curioso-

185 546 198 558 »
220 542 289 563 111111
311 542 317 562 ;
338 547 351 558 »1
369 532 454 574 quod
471 533 566 564 etiam
589 541 672 576 patet
693 546 730 566 ex
752 536 818 578 ipso
840 540 948 573 Petro.
973 538 1011 569 de
1033 539 1195 570 Miraculis

183 583 265 615 libro
290 588 306 614 2
321 608 328 621 ,
353 596 421 627 cap.
442 589 492 620 11,
518 585 572 616 ubi
594 586 720 622 scribit,
734 589 839 619 statim
853 589 892 619 ab
912 590 978 631 ipso
999 601 1062 620 suae
1076 601 1195 621 assunt-

182 637 301 679 ptionis
316 637 405 668 initio
417 662 425 675 ,
441 638 642 677 Matthaenm‚
659 641 910 672 Sancti-Martini
929 652 946 672 a
960 642 1085 683 Campis
1108 643 1194 673 Prio-

182 700 270 728 rem,
289 701 306 721 a
325 701 358 721 50
382 692 534 727 accitum,
553 702 616 732 quo
639 693 773 733 regulari
796 693 968 734 disciplinae
991 695 1197 726 resarciendae

183 742 277 774 ambo
288 742 380 773 simul
396 743 607 784 providerent.
621 745 767 775 Meminit
781 751 811 776 et
825 746 951 776 alterius
965 747 1196 782 reformationis

184 795 355 827 Ordericus
372 796 487 827 Vitatis
503 796 542 826 ad
558 807 677 827 annum
698 802 704 826 t
721 800 782 828 132
794 822 801 835 ‚
818 797 871 828 ubi
893 798 952 836 ait,
969 799 1007 829 ad
1024 800 1104 830 Petri
1121 801 1196 831 (Ilu-

183 848 340 879 niacensis
369 848 553 879 mandatum
580 864 594 875 α
624 849 750 880 Priores
778 850 950 888 ducentos,
979 852 1090 883 fratres
1122 864 1197 884 xero

186 915 200 929 n
220 901 305 932 mille
318 901 469 933 ducentos
486 907 516 932 et
530 901 696 933 duodecim
718 903 901 934 Cluniacum
918 904 1084 936 Dominica
1108 906 1197 937 tertia

187 970 200 981 ›-
218 955 477 997 Quadragesimae
513 956 716 993 conuenisse,
749 967 811 997 quo
844 957 876 987 in
906 963 1062 988 conventu
1092 962 1198 990 I'etrus

186 1023 200 1034 ι»
218 1008 440 1040 Cistercienses
456 1008 619 1040 {emulatus
634 1009 757 1040 auxerit
773 1010 909 1051 jejunia,
926 1010 1088 1042 abstulerit
1102 1012 1198 1042 collo-

187 1075 200 1088 »
219 1060 308 1102 quia,
335 1066 367 1091 et
393 1061 511 1092 infirmi
537 1061 677 1103 corporis
703 1062 848 1103 quasdam
874 1062 1030 1101 subsidia,
1052 1074 1120 1105 quae
1141 1063 1199 1095 illis

187 1129 201 1140 ι»
218 1113 378 1145 moderata
409 1117 534 1145 Patrum
561 1113 713 1146 hactenus
743 1116 928 1157 permiserat
954 1116 1199 1147 reverendorum

187 1181 201 1193 ›-
219 1166 396 1198 clementia.
420 1182 433 1194 »
454 1167 534 1208 Quis
552 1167 659 1209 itaque
682 1168 765 1199 dicat
788 1168 1001 1205 Bernardum,
1018 1169 1131 1200 harum
1151 1181 1199 1201 re-

185 1230 273 1255 rum,
288 1231 368 1262 quas
382 1223 492 1251 Petrus
508 1220 547 1251 ab
563 1220 690 1252 ineunte
706 1221 892 1264 praefectura
907 1223 1068 1264 coepissct,
1084 1223 1200 1265 optime

186 1273 347 1304 conscium
358 1297 366 1310 ,
384 1273 517 1304 voluisse
530 1273 618 1304 illum
634 1274 674 1305 de
687 1285 816 1305 suornm
829 1275 1006 1306 excessibus
1019 1275 1177 1317 exagitare
1189 1279 1202 1306 Ρ

185 1327 267 1357 Nam
293 1336 397 1367 neque
414 1326 511 1367 ipsius
529 1326 612 1357 Petri
633 1327 796 1369 epistolam
816 1328 926 1369 (quam
947 1328 1080 1370 primam
1103 1329 1141 1359 ad
1164 1332 1197 1359 S,

186 1378 384 1410 Beruardum
407 1379 527 1420 scripsit
550 1390 556 1410 :
582 1380 615 1410 in
638 1380 833 1412 Bibliotheca
854 1381 1068 1419 Clunfflcensi,
1088 1381 1142 1412 lib.
1169 1385 1196 1418 Ι,

186 1431 278 1474 epist.
299 1432 375 1474 28),
402 1431 434 1462 in
457 1443 517 1473 qna
533 1434 692 1464 nonnullis
710 1434 964 1465 Cisterciensium
982 1434 1111 1476 objectis
1127 1434 1200 1465 facit

187 1484 276 1521 satis,
301 1485 374 1516 huic
396 1485 556 1527 Apologiae
579 1486 628 1528 (ut
651 1487 740 1528 vulgo
760 1487 901 1529 putatur)
926 1487 1134 1529 respondere,
1161 1499 1199 1518 ex

187 1539 303 1580 mutuis
317 1539 481 1580 utriusque
495 1539 641 1581 capitulis
663 1540 862 1582 perspicuum
877 1551 943 1571 esse
957 1540 1092 1571 videtur.
1111 1544 1201 1582 Qua-

188 1597 258 1622 tuor
273 1591 357 1622 enim
378 1591 445 1622 fere
458 1592 636 1624 Bernartius
650 1593 710 1624 hoc
725 1594 875 1635 opusculo
896 1593 927 1624 in
942 1593 1200 1625 Cluniacensibus

187 1643 287 1686 carpit
307 1654 314 1675 :
336 1644 455 1686 primo,
483 1655 628 1676 excessus
653 1646 686 1676 in
710 1646 780 1677 cibo
799 1652 830 1677 et
851 1653 944 1688 potu,
965 1645 1100 1677 maxime
1126 1657 1200 1677 xero

186 1697 222 1728 in
246 1697 377 1728 faciliori
396 1697 537 1728 carnium
561 1710 638 1733 usn:
665 1699 822 1736 secundo,
848 1700 881 1730 in
904 1710 1018 1741 pompa
1042 1700 1197 1737 vestinum

187 1750 301 1789 tertio,
324 1750 356 1781 in
371 1751 531 1793 superfluo
547 1753 736 1794 templorum
760 1758 890 1790 ornatu;
916 1758 1044 1794 quarto,
1073 1753 1104 1783 in
1126 1753 1199 1783 luxu

187 1803 354 1835 abbatum.
379 1808 423 1835 At
447 1807 556 1835 Petrus
585 1806 786 1836 venerabilis
813 1806 944 1847 objectis
964 1806 1132 1848 respondet
1152 1806 1198 1836 vi·

188 1856 268 1898 ginti
281 1857 444 1899 capitulis,
461 1868 592 1898 quorum
612 1858 734 1888 nullum
752 1858 817 1889 fere
841 1858 938 1899 tangit
953 1858 1124 1899 quidquam
1143 1869 1196 1888 eo-

188 1920 260 1940 rnm
271 1934 278 1948 ‚
298 1920 368 1951 qua:
387 1909 437 1940 hic
451 1921 467 1940 3
481 1910 644 1941 Bernardo
658 1910 785 1943 fuerant
798 1911 930 1953 objecta.
944 1911 1034 1942 Nihil
1054 1911 1138 1941 enim
1151 1910 1196 1941 ibi

189 1962 301 1994 attexit
329 1963 368 1994 de
400 1963 475 1994 vino
507 1969 537 1994 et
564 1963 656 1994 doliis
688 1964 915 2005 pigmentariis,
947 1963 987 1994 de
1013 1963 1198 1994 monstrosis

188 2015 345 2058 piscibus,
367 2027 500 2047 ovorum
522 2016 667 2052 frixuris,
690 2017 848 2058 xariisque
873 2015 1096 2053 condimentis;
1119 2015 1198 2046 nihil

189 2068 230 2100 de
248 2069 384 2108 caeteris;
407 2075 437 2100 et
459 2070 483 2100 si
507 2069 582 2111 quid
603 2069 641 2100 de
657 2070 797 2100 restibus
810 2069 948 2107 delibat,
970 2069 1010 2100 de
1021 2068 1094 2099 solis
1109 2068 1196 2110 pelli-

190 2123 272 2160 ceis,
289 2133 421 2164 quarum
438 2122 491 2153 vix
508 2122 558 2153 hic
580 2122 708 2164 quidem
730 2123 871 2153 meminit
893 2121 1090 2157 Bernardns,
1112 2132 1196 2162 quae-

190 2175 324 2207 stionem
358 2176 505 2208 instituit.
528 2178 601 2207 Non
627 2176 722 2217 igitur
755 2175 828 2207 huie
856 2175 1008 2206 Bernardi
1034 2174 1196 2216 Apologia?

189 2229 358 2271 respondet
384 2229 438 2260 itta
458 2229 541 2260 Petri
566 2228 712 2271 epistola,
737 2229 791 2260 sed
816 2227 1069 2260 Cisterciensium
1095 2226 1198 2268 queri·

190 2282 304 2313 moniis
314 2307 320 2317 ‚
336 2288 369 2313 ut
382 2282 476 2313 etiam
495 2293 536 2313 ex
555 2282 650 2324 ipsius
663 2282 799 2324 epistola*
813 2280 942 2312 exordio
956 2286 985 2311 et
998 2280 1197 2311 conclusione

190 2335 354 2366 manifeste
375 2335 543 2376 colligitur.
558 2337 677 2365 Verum
697 2334 762 2365 sive
779 2334 890 2365 Pontio
914 2333 1014 2375 (quod
1035 2331 1197 2363 contendi-

190 2389 274 2430 mus)
287 2388 354 2419 sive
369 2391 460 2419 Petro
476 2386 589 2418 abbate
608 2387 722 2429 scripta
736 2387 775 2418 sit
795 2386 861 2417 haec
874 2385 1043 2428 Apologia,
1062 2385 1094 2415 in
1110 2394 1198 2414 men-

191 2447 254 2472 tem
274 2441 484 2472 revocandum
501 2440 594 2477 illud,
616 2440 699 2481 quod
717 2440 756 2470 de
775 2442 805 2471 S.
830 2438 990 2470 Bernardo
1014 2437 1199 2469 Guillelmus

191 2494 318 2536 scripsit
340 2494 422 2525 libro
445 2493 548 2537 primo
575 2493 613 2524 de
632 2494 706 2524 Vita
725 2496 756 2524 S.
780 2492 948 2527 Bernardi,
967 2502 1035 2533 cap.
1056 2494 1073 2521 8
1096 2500 1102 2520 :
1130 2504 1143 2516 «
1168 2490 1199 2520 Si

192 2563 208 2574 »ι
225 2548 370 2579 nimietas
384 2548 415 2578 in
430 2558 466 2579 eo
480 2546 722 2589 reprehenditur
733 2546 830 2577 sancti
845 2546 974 2576 fervoris
986 2569 994 2582 ,
1009 2544 1102 2575 habet
1116 2549 1200 2574 certe

193 2615 207 2628 a
227 2601 312 2643 apud
324 2601 390 2643 pias
402 2607 523 2631 mentes
537 2610 680 2631 excessus
695 2599 752 2630 iste
764 2598 973 2629 reverentiam
985 2607 1070 2627 suam
1082 2621 1089 2633 ,
1107 2606 1199 2636 quam

194 2668 208 2680 ιο
227 2653 418 2696 quicumque
441 2653 558 2696 Spiritu
585 2653 643 2684 Dei
669 2658 814 2694 aguntur,
842 2652 974 2682 multum
994 2655 1142 2681 verentur
1168 2649 1198 2678 in

195 2722 208 2735 »
229 2717 320 2738 servo
336 2706 396 2738 Dei
413 2706 646 2749 reprehendere
660 2705 791 2735 nimium
808 2706 898 2736 istam
915 2703 1118 2734 nimietatem.
1134 2704 1199 2732 Ita-

195 2775 211 2786 n
229 2760 283 2791 bet
297 2766 328 2791 et
340 2759 431 2791 facile
451 2759 536 2801 apud
555 2758 695 2789 homines
715 2758 967 2793 excusationem,
989 2766 1059 2786 cnm
1080 2754 1129 2784 vix
1145 2764 1199 2784 au-

195 2827 208 2840 ι
227 2813 299 2844 deat
315 2813 478 2862 quisquam
496 2823 567 2843 eum
586 2811 812 2847 condemnare,
829 2820 921 2850 quem
937 2811 1023 2839 Deus
1036 2807 1197 2849 justificat,

195 2881 209 2894 n
228 2871 293 2897 tam
308 2866 403 2897 multa
414 2890 422 2905 ,
440 2871 504 2897 tam
519 2864 663 2895 sublimia
683 2874 753 2894 cum
770 2873 806 2893 eo
819 2868 850 2893 et
866 2872 921 2904 per
937 2871 1007 2892 eum
1027 2859 1196 2901 operando.

196 2934 210 2946 ιι
227 2919 331 2955 Felix,
359 2918 408 2949 cui
437 2918 537 2949 solum
562 2922 726 2959 reputatur
750 2914 787 2946 ad
819 2915 960 2956 culpam,
989 2913 1072 2955 quod
1098 2911 1200 2943 caeteri

196 2986 210 2999 n
230 2982 419 3014 praesumere
434 2971 492 3002 sibi
509 2971 611 3002 solent
627 2969 666 3000 ad
685 2969 825 3010 gloriam.
848 2983 860 2993 »

247 3028 330 3057 1231
354 3028 391 3056 B.
422 3024 563 3056 carnium
590 3022 779 3065 pinguedine
805 3026 986 3051 vescuntur.
1010 3016 1201 3058 —Pingue-

195 3079 278 3110 dinis
301 3089 357 3109 seu
382 3078 483 3120 adipis
507 3087 546 3107 ex
570 3075 717 3108 carnibus
743 3073 838 3105 eliciti
865 3083 952 3103 usum
979 3071 1019 3102 ad
1047 3070 1200 3111 legumina

195 3131 389 3168 condienda,
429 3129 569 3172 qnalibet
601 3128 650 3159 die
681 3126 839 3169 qnondam
873 3124 956 3166 apud
982 3123 1201 3154 Cluniacenses

194 3183 340 3216 adhiberi
357 3183 498 3220 solitum,
517 3182 701 3224 temperavit
715 3183 823 3210 Petrus
841 3176 1054 3210 Venerabilis,
1073 3174 1202 3205 interdi-

196 3236 298 3268 cendo
319 3236 407 3267 illum
431 3236 464 3266 in
483 3234 570 3267 feriis
594 3233 688 3265 sextis
710 3237 824 3263 statuto
847 3233 904 3267 10,
929 3236 959 3260 et
990 3227 1128 3270 qualibet
1150 3226 1200 3257 die

198 3289 379 3324 Adventus,
395 3294 508 3330 praeter
520 3287 717 3320 Dominicam
732 3286 881 3327 primam,
897 3288 1013 3313 statuto
1033 3285 1083 3311 15.

251 3345 335 3374 1238
365 3346 404 3373 A.
443 3340 671 3382 pigmentorum
710 3347 851 3379 respersa
877 3334 1067 3376 pulveribus.
1093 3350 1129 3354 „-
1154 3331 1203 3362 Pi-

674 193 940 231 LECTtONES
971 198 1247 234 vARlANfEs
1279 199 1336 232 ΕΤ
1366 199 1508 235 ᾸΟΤᾹΞ
1540 203 1781 239 Ρῑὸῐῡῐὶῐῖὃ.

2164 211 2260 246 lass

1259 281 1460 318 gmentorum
1489 277 1640 318 ejusmodi
1671 291 1759 311 usum
1787 283 1906 313 sustulit
1928 287 2035 316 Purus
2062 292 2175 318 statuto
2206 293 2257 322 11.

1261 334 1470 370 ι)1·11-101“(μι3111
1489 329 1519 360 111
1537 332 1632 361 (Io-na
1647 333 1783 364 Domini.

1313 384 1397 412 123⁸
1422 384 1456 412 B.
1483 381 1662 412 Ridiculum
1687 395 1770 416 vcro.
1785 404 1825 407 -—
1842 388 1890 417 Sic
1914 388 2017 430 'l'iraq.
2041 396 2071 421 et
2096 393 2198 421 Hor-st.
2222 395 2254 422 11.

1260 436 1293 464 P.
1312 435 1344 463 B.
1366 433 1415 463 hic
1429 434 1555 464 additur
1568 441 1629 469 est,
1651 437 1734 475 quod
1752 438 1925 470 rutundam
1944 441 2073 473 sidetnr.
2091 454 2115 481 ’,-

1313 489 1397 517 1238
1426 489 1461 517 (ἶ.
1483 486 1513 516 in
1540 486 1705 517 desiderio.
1721 506 1761 511 -
1782 491 1817 520 Et
1841 490 1897 521 hoc
1919 494 2049 523 correxit
2073 497 2180 525 Petrus
2201 502 2261 525 sta-

1261 544 1328 568 tuto
1351 543 1402 569 12.
1421 538 1482 569 Sed
1500 538 1629 580 t‹·geuda
1652 538 1709 570 hat·
1726 540 1763 570 de
1786 552 1817 571 rt·
1835 544 1933 583 gratis
1948 546 2086 585 ejusdcm
2108 547 2254 587 epistola,

1260 601 1330 630 qua.»
1355 597 1402 621 cst
1429 590 1503 621 libri
1528 591 1605 621 sexti
1632 591 1762 632 epistola
1788 597 1822 622 11)
1847 594 1883 623 ad
1911 595 2032 626 Priori-s
2057 604 2085 627 1-1
2111 599 2261 629 (Iustodcs

1261 642 1404 679 Ordinis,
1426 643 1456 673 in
1472 654 1534 684 quo
1551 643 1768 674 vehementior
1790 650 1818 675 et
1840 647 1976 677 severior
1992 649 2146 679 Bernardo
2160 657 2205 680 est
2229 651 2258 680 in

1261 695 1422 736 arguendo
1440 695 1499 725 hoc
1517 706 1666 736 perverso
1688 696 1801 727 abusu.

1313 749 1399 778 1240
1418 752 1455 778 A.
1479 747 1702 779 isembrunum.
1720 768 1759 771 ——-
1780 753 1892 781 Petrus
1909 752 2107 783 Venerabilis
2124 753 2258 786 decernit

1261 805 1378 830 statuto
1407 804 1464 836 16,
1491 815 1502 825 ·‹
1530 806 1561 829 ut
1589 801 1691 831 nullus
1718 805 1859 833 Fratrum
1886 805 2013 845 pannis,
2034 806 2085 846 qni
2117 806 2262 838 dicuntur

1263 867 1276 878 u
1297 852 1460 893 galabruni
1476 853 1521 883 vet
1536 853 1726 891 isembruni,
1747 856 1896 886 vestiatur
1912 866 1918 886 :
1938 872 1950 882 ι»
1964 858 2049 898 cujus
2065 858 2167 889 statuti
2183 858 2261 891 hanc

1262 904 1363 935 reddit
1379 905 1547 941 rationem,
1562 906 1644 946 quod
1665 921 1677 931 n
1697 907 1783 938 multi
1799 913 1975 939 nostrorum
1986 933 1992 945 ,
2011 925 2024 936 »ι
2038 910 2154 951 inquit,
2171 927 2185 937 ι·
2202 922 2262 942 11011

1264 972 1276 983 n
1297 958 1387 988 aliter
1400 969 1492 998 quam
1513 959 1674 989 saeculares
1694 958 1851 997 homines,
1867 960 1972 992 scricis
1988 962 2079 993 variis
2102 963 2147 993 vel
2162 964 2262 1005 grisiis

1264 1025 1277 1036 »
1298 1010 1427 1040 xestium
1443 1010 1610 1051 generibus
1624 1022 1655 1041 sc
1670 1011 1844 1042 comebant.
1864 1028 1876 1039 u
1896 1016 2002 1054 ltaque
2025 1014 2140 1046 sericiae
2163 1023 2261 1047 testes

1263 1070 1350 1094 crant
1367 1063 1485 1094 subatri
1502 1064 1622 1095 coloris.
1641 1068 1679 1095 ln
1696 1065 1802 1096 codice
1821 1065 1997 1097 Corbeiensi
2020 1067 2132 1107 lrgitur
2156 1080 2263 1099 rasen-

1264 1114 1406 1147 brunum.

1317 1172 1402 1199 1240
1424 1172 1457 1200 Β.
1476 1170 1636 1201 cattinum.
1652 1189 1696 1192 —
1714 1171 1872 1212 Ejusmodi
1893 1172 1984 1202 etiam
2007 1173 2198 1213 coopertoria
2223 1185 2261 1204 ex

1264 1222 1384 1252 cattinis
1401 1222 1535 1263 petlibns
1551 1223 1719 1264 peregrinis
1736 1223 1883 1254 rescindit
1900 1224 1980 1255 idem
1997 1225 2151 1266 piissimus
2167 1225 2262 1256 abbas

1264 1280 1377 1305 statuto
1407 1278 1458 1312 17,
1487 1276 1658 1306 concedens
1685 1286 1791 1306 carum
1818 1276 1884 1307 loco
1909 1291 1921 1302 u
1949 1277 2142 1318 putosiorum
2168 1293 2182 1303 n
2206 1288 2259 1308 seu

1269 1342 1280 1352 «
1306 1338 1453 1357 vesonum
1473 1328 1566 1369 pelles
1590 1338 1597 1358 :
1622 1344 1634 1355 u
1655 1338 1725 1359 cum
1740 1334 1830 1359 antea
1848 1329 2081 1365 Chmiacenses,
2102 1345 2114 1355 -
2131 1330 2262 1360 Gallica-

1265 1396 1280 1406 »
1300 1391 1409 1411 norum
1428 1387 1581 1411 cattorum
1596 1381 1731 1422 pellibus
1744 1382 1931 1423 contemptis
1943 1406 1950 1419 ‚
1968 1382 2230 1413 Numantinorum
2247 1399 2259 1408 ›-

1263 1444 1317 1464 seu
1343 1448 1355 1459 ·‹
1383 1433 1616 1464 Zamorensium
1638 1440 1792 1464 cattorum
1817 1434 1948 1476 pellibus
1970 1440 2113 1465 contexto
2135 1445 2260 1476 cooper-

1265 1502 1277 1512 »
1296 1487 1376 1517 torio
1397 1502 1409 1513 »
1426 1486 1464 1517 ad
1479 1487 1592 1517 lectum
1608 1492 1777 1517 uterentur.
1792 1486 1907 1518 Confer
1922 1487 2084 1528 epistolam
2104 1491 2131 1519 1.

1316 1542 1401 1570 1240
1428 1542 1461 1570 B.
1489 1539 1679 1569 barricanus.
1703 1557 1746 1561 -—-
1768 1539 1929 1570 Barricani
1955 1541 2027 1569 item
2053 1539 2162 1570 sublati
2189 1545 2261 1570 sunt

1263 1598 1378 1623 statuto
1403 1595 1457 1629 18,
1476 1591 1529 1622 ubi
1548 1592 1668 1632 legitur,
1686 1607 1698 1617 «ι
1724 1598 1757 1622 ut
1780 1593 1881 1622 nullus
1910 1592 2070 1628 scarlatas,
2088 1599 2138 1622 aut
2159 1592 2262 1622 barra-

1266 1658 1278 1669 »
1299 1654 1409 1680 canos,
1425 1644 1471 1674 vel
1495 1644 1646 1685 pretiosos
1662 1643 1815 1681 burellos,
1831 1644 1884 1685 qui
1907 1645 2070 1686 Ratisponi
2091 1644 2185 1680 fiunt,
2199 1645 2263 1675 site

1267 1713 1279 1724 υ
1300 1698 1382 1739 picta
1404 1697 1543 1738 quolibet
1558 1697 1651 1727 modo
1665 1698 1814 1727 stramina
1838 1696 1970 1733 habeat,
1993 1696 2044 1727 sed
2069 1697 2262 1728 solummodo

1267 1764 1279 1775 »
1297 1750 1449 1785 cilicium,
1463 1749 1642 1791 superjectis
1657 1754 1776 1779 tantum
1791 1749 1910 1779 duobus
1927 1749 2037 1791 pannis
2050 1748 2111 1778 albi
2133 1754 2163 1779 et
2185 1748 2262 1789 nigri

1266 1817 1278 1829 »ι
1299 1802 1422 1833 coloris.
1439 1817 1451 1828 n
1469 1805 1576 1833 Mattae
1596 1808 1683 1832 erant
1700 1802 1898 1832 versicolores
1912 1812 1928 1832 a
1943 1801 2045 1832 barria
2058 1801 2100 1831 sic
2113 1801 2212 1831 dictae.

1319 1857 1399 1885 1241
1419 1857 1458 1884 D.
1475 1854 1633 1884 comitatu.
1646 1872 1691 1876 ——
1702 1853 1738 1884 Id
1752 1853 1790 1884 de
1804 1853 1930 1895 Sugerio
1945 1853 2058 1884 abbate
2072 1853 2261 1894 Dionysiano

1265 1906 1382 1937 dictum
1404 1913 1532 1949 putant,
1554 1912 1586 1936 ut
1609 1906 1646 1936 ad
1673 1906 1836 1948 epistolam
1860 1909 1913 1936 78.
1935 1909 2043 1936 Petrus
2064 1904 2262 1936 Venerabilis

1264 1965 1415 1990 statutum
1441 1958 1539 1989 edidit
1562 1958 1662 2000 capite
1690 1961 1751 1995 40,
1781 1973 1793 1984 a
1821 1964 1854 1988 ut
1878 1958 1979 1988 nullus
2003 1956 2143 1988 Priorum
2169 1956 2262 1988 ducat

1266 2024 1279 2037 »ι
1297 2021 1402 2041 50011111
1418 2011 1487 2052 plus
1501 2021 1593 2051 quam
1607 2016 1667 2041 tres
1681 2011 1893 2052 equitaturas,
1909 2010 1972 2046 vel,
1988 2009 2012 2040 si
2030 2010 2118 2040 Prior
2136 2009 2262 2040 Ordinis

1267 2079 1282 2090 n
1300 2063 1410 2101 fucrit,
1430 2070 1574 2105 quatuor.
1595 2079 1608 2090 »

1318 2120 1401 2148 1243
1421 2120 1456 2148 B.
1476 2128 1537 2147 non
1553 2127 1685 2147 corona‘.
1699 2136 1743 2138 —
1758 2119 1805 2147 De
1817 2114 1967 2157 ejusmodi
1980 2114 2102 2145 coronis
2115 2114 2260 2155 (quarum

1267 2179 1329 2199 una
1353 2174 1495 2210 superest
1520 2168 1604 2210 apud
1630 2171 1747 2199 Remos
1771 2168 1804 2198 in
1829 2169 1860 2198 S.
1886 2165 2018 2207 Remigii
2043 2165 2189 2203 ecclesia,
2216 2168 2258 2196 72

1265 2223 1402 2253 cereolos
1421 2221 1552 2262 habens)
1569 2221 1673 2252 statuit
1690 2224 1797 2252 Petrus
1817 2219 1912 2250 abbas
1936 2229 2015 2260 sape
2039 2218 2199 2254 laudatus,
2228 2224 2262 2248 ut

1265 2291 1281 2302 «
1300 2286 1417 2316 magnae
1434 2275 1477 2305 illi
1494 2285 1616 2305 corona*
1628 2299 1635 2311 ,
1655 2285 1696 2305 ex
1718 2284 1795 2310 tere,
1815 2283 1891 2303 auro
1903 2297 1910 2310 ‚
1932 2277 2120 2313 argentoque
2139 2271 2259 2312 elegan-

1267 2344 1279 2355 »
1300 2329 1414 2360 tissime
1439 2327 1636 2369 compositae,
1667 2337 1734 2368 quae
1759 2326 1790 2356 in
1813 2325 1914 2356 medio
1940 2324 2025 2355 chori
2054 2323 2124 2354 forti
2149 2329 2258 2353 catena

1267 2398 1280 2410 »
1300 2388 1468 2414 sustentata
1498 2381 1669 2422 dependet,
1704 2379 1822 2410 accensi
1853 2377 1932 2409 cerei
1960 2388 2022 2407 non
2048 2377 2258 2418 imponantur,

1268 2451 1280 2462 n
1300 2435 1358 2466 nisi
1378 2435 1409 2465 in
1425 2435 1562 2475 quinque
1575 2433 1739 2475 przecipuis
1755 2431 1836 2462 festis
1847 2455 1855 2469 ,
1875 2446 1888 2457 ι»
1905 2436 1964 2461 etc.
1978 2431 2117 2461 Minores
2133 2439 2262 2460 coronas

1268 2504 1280 2515 υ
1301 2499 1386 2519 erzas
1407 2503 1419 2514 ι»
1440 2493 1541 2518 vocat.

1319 2543 1404 2572 1244
1436 2542 1470 2571 C.
1499 2539 1593 2569 frater
1622 2537 1725 2579 Ogeri.
1748 2555 1790 2559 —
1814 2539 1842 2567 Is
1870 2541 1914 2567 est
1941 2535 2070 2576 ogerius
2098 2534 2264 2565 canonicus

1266 2592 1432 2634 regularis,
1456 2591 1494 2622 ad
1519 2601 1611 2631 quem
1637 2589 1765 2631 epistola
1791 2591 1831 2619 87
1860 2594 1889 2618 et
1909 2592 2082 2628 sequentes.
2103 2584 2259 2626 Ejusdem,

1265 2646 1402 2686 itemque
1440 2643 1598 2675 Guillelmi
1629 2640 1937 2673 Sancti-Theoderici
1971 2639 2092 2670 abbatis
2123 2648 2258 2670 censurae

1265 2697 1349 2728 hunc.
1367 2697 1481 2727 librum
1497 2695 1627 2736 subjecit
1645 2693 1820 2725 Bernardus
1835 2692 1965 2734 epistola
1987 2694 2040 2722 88.

1318 2753 1400 2781 1254
1423 2752 1462 2780 A.
1490 2749 1521 2778 in
1546 2747 1729 2778 coelestibus.
1749 2764 1792 2768 ——
1807 2749 1915 2777 Petrus
1940 2743 2134 2775 Venerabilis
2153 2741 2259 2773 eadem

1266 2802 1330 2832 fere
1349 2800 1443 2831 habet
1470 2800 1500 2830 in
1518 2800 1571 2830 lib.
1591 2804 1608 2830 6
1621 2824 1629 2837 ,
1649 2799 1778 2840 epistola
1804 2801 1858 2829 20.
1885 2812 1897 2823 κ
1916 2797 1992 2838 Quis
2010 2806 2074 2826 non
2089 2796 2221 2831 laetetur,
2246 2809 2260 2818 »ι

1265 2853 1381 2892 inquit,
1412 2867 1424 2879 κ
1455 2853 1522 2893 quis
1552 2862 1614 2882 non
1646 2850 1795 2887 exsultet,
1827 2849 2011 2891 processisse
2037 2858 2110 2884 vos,
2132 2857 2195 2877 non
2223 2845 2262 2875 ad

1268 2922 1280 2933 »
1301 2906 1490 2947 simplicem,
1514 2904 1568 2935 sed
1590 2903 1628 2934 ad
1651 2902 1806 2944 duplicem
1831 2901 2026 2937 conflictum,
2044 2915 2057 2926 ›-
2075 2905 2133 2930 etc.
2151 2913 2164 2924 «
2185 2898 2264 2929 Estis

1268 2973 1280 2984 n
1301 2957 1446 2988 monachi
1464 2955 1648 2991 virtutibus,
1667 2955 1780 2985 milites
1802 2953 1933 2985 actibus.
1955 2968 1968 2980 ο

1320 3013 1327 3039 t
1342 3013 1403 3041 255
1430 3011 1469 3039 D.
1495 3007 1594 3038 levius
1619 3007 1669 3037 sit.
1686 3024 1730 3028 —
1744 3005 1921 3036 Bernartius
1939 3005 2044 3045 itaque
2067 3013 2137 3034 cum
2155 3005 2261 3041 Augu-

1266 3063 1346 3094 stino
1371 3068 1399 3092 et
1417 3060 1585 3092 Ambrosio
1609 3066 1729 3097 censet,
1750 3059 1827 3090 citra
1851 3058 1960 3088 animae
1979 3054 2173 3097 dispendium
2200 3063 2264 3082 non

1266 3116 1378 3151 licere,
1398 3119 1431 3144 ut
1452 3113 1520 3154 quis
1544 3123 1576 3143 se
1595 3113 1697 3155 ipsum
1720 3110 1915 3142 defendendo
1928 3118 2136 3150 aggressorem
2154 3106 2262 3136 inteni-

1268 3175 1341 3199 mat.
1363 3166 1478 3199 Confer
1498 3166 1611 3197 librum
1631 3166 1670 3197 de
1686 3169 1842 3206 Praecepto
1866 3169 1898 3194 et
1914 3160 2153 3204 Dispensatione
2172 3169 2258 3189 num.

1272 3226 1324 3254 13.
1339 3220 1472 3262 Insignis
1489 3226 1535 3250 est
1552 3219 1610 3250 hac
1624 3219 1662 3249 de
1681 3229 1713 3249 re
1732 3217 1863 3259 epistola
1877 3219 1919 3248 GO
1935 3213 2109 3246 Hildeberti
2127 3210 2264 3253 episcopi

1269 3274 1550 3309 Cenomannensis,
1572 3273 1610 3303 de
1639 3270 1805 3303 Sacerdote.
1837 3269 1889 3311 qui
1915 3268 2066 3298 latronem
2093 3263 2262 3295 occiderat.

1270 3327 1425 3360 Ambrosii
1444 3327 1528 3356 locus
1544 3330 1588 3356 est
1603 3325 1632 3355 in
1648 3323 1704 3354 lib.
1725 3326 1742 3354 3
1754 3346 1761 3359 ,
1775 3321 1813 3352 de
1828 3320 1945 3352 Officiis
1959 3330 2027 3360 cap.
2046 3319 2077 3348 4.
2098 3314 2261 3356 Augustini
