2517 3936
69 195 165 236 1177

63 392 203 433 Stabile
231 391 412 437 dixerim,
434 391 539 440 quod
561 392 612 428 ita
641 402 696 429 est
725 397 1001 443 necessarium,
1027 406 1069 433 ut

63 465 140 490 non
158 450 314 488 cuilibet
330 450 528 486 hominum
552 451 647 487 illud
669 461 815 490 mutare
840 455 894 491 fas
915 456 979 501 sit,
998 456 1069 492 nisi

64 513 152 552 solis
179 510 507 562 dispensatoribus
536 512 806 561 mysteriorum
833 515 921 560 Dei,
950 516 987 551 id
1012 525 1068 552 est

63 571 298 624 praepositis,
328 578 391 616 ut,
423 569 532 606 verbi
559 571 702 620 gratia,
732 573 887 620 Regulae
917 583 1069 610 saneto-

63 645 147 670 rum
173 631 323 676 Basilii,
352 629 579 679 Augustini,
610 630 825 677 Benedicti,
853 645 1002 668 necnon
1034 642 1070 669 et

61 690 268 729 authentici
287 703 471 735 canones,
490 698 527 725 et
547 689 576 726 si
594 702 678 738 quae
700 699 786 726 sunt
806 691 877 726 alia
898 692 1071 729 ecelesia-

62 751 154 789 stica
176 750 349 787 instituta
370 748 493 798 dignae
510 749 759 785 auctoritatis.
778 752 871 797 Quae
888 751 1066 799 quoniam

61 824 83 848 a
101 810 238 848 sanctis
263 808 401 846 tradita
427 817 536 855 sunt,
567 809 709 845 sancita
735 808 920 846 stabiliter
944 824 1070 860 perse·-

61 878 216 916 verant,
242 883 312 906 nec
334 869 494 905 omnino
516 869 635 905 cuivis
655 867 914 918 subjectorum
938 884 981 906 ea
1002 871 1072 907 ali-

61 943 138 980 quo
157 929 274 967 modo
299 929 446 966 variare
470 929 526 965 vel
546 938 692 966 mutare
718 929 950 967 conceditur.
973 931 1070 979 Quia

61 999 185 1028 tamen
206 989 254 1027 ab
273 988 513 1036 hominibus;
535 990 649 1026 etiam
673 1004 742 1040 per
761 991 959 1037 homines,
981 992 1066 1027 loeo

60 1059 98 1088 et
125 1051 252 1088 officio
281 1050 354 1086 illis
381 1050 564 1087 canonica
590 1050 776 1087 electione
797 1051 1066 1098 succedentes,
1088 1055 1112 1088 B

59 1111 158 1148 licite
185 1109 379 1147 interdum
413 1110 645 1160 innoxieque
672 1124 744 1161 pro
770 1111 912 1156 causis,
937 1124 1071 1160 perso-

59 1171 135 1218 nis,
150 1170 264 1217 locis,
284 1179 321 1207 et
339 1169 577 1220 temporibus
591 1170 872 1221 dispensantur.
887 1171 963 1209 [hi
981 1185 1070 1209 sane

59 1231 125 1281 qui
154 1231 235 1267 haec
263 1230 372 1280 legit,
403 1230 574 1267 attendat
599 1244 659 1267 me
685 1240 792 1268 caute
814 1244 892 1268 non
918 1231 1042 1268 dicere
1058 1261 1067 1278 ,

41 1304 103 1328 rea
128 1303 241 1341 posse
270 1291 329 1327 vel
350 1289 397 1327 ab
418 1291 498 1327 istis
520 1291 655 1328 leviter
678 1305 750 1341 pro
771 1292 969 1328 voluntate
989 1305 1071 1328 mu-

59 1359 128 1388 tari
155 1365 163 1387 :
193 1350 259 1388 sed
288 1364 335 1388 ex
369 1350 516 1387 ratione
546 1351 710 1388 fideliter
733 1351 956 1401 dispensari.
977 1351 1069 1389 Ideo

58 1419 184 1448 autem
211 1411 309 1448 hanc
335 1411 457 1461 ipsam
479 1411 730 1448 mutationem
751 1413 875 1449 taliter
892 1421 929 1449 et
949 1426 969 1448 a
986 1413 1069 1449 tali-

56 1469 128 1508 bus
147 1471 317 1521 recipere
340 1480 504 1522 possunt
518 1500 528 1518 ‚
550 1471 732 1522 quoniam
750 1485 828 1509 non
845 1472 1069 1509 naturaliter

57 1543 127 1568 nec
139 1544 209 1581 per
226 1544 264 1568 se
282 1530 385 1568 bona
399 1540 500 1568 sunt.

108 1592 145 1628 5.
187 1594 309 1628 Porro
340 1593 499 1629 inventa
531 1600 645 1641 atque
676 1592 850 1629 instituta
885 1592 1064 1639 fuerunt,

57 1663 135 1687 non
161 1651 251 1701 quia
277 1652 387 1689 aliter
414 1652 544 1689 vivere
571 1665 649 1689 non
678 1653 832 1697 liceret,
865 1652 932 1689 sed
961 1652 1066 1702 quod

55 1709 107 1747 ita
131 1711 249 1761 magis
269 1712 489 1762 expediret3
511 1726 580 1749 nec
606 1713 719 1762 plane
741 1713 787 1749 ad
806 1713 930 1759 aliud,
949 1727 1064 1762 quam

54 1771 103 1820 ad
129 1772 280 1808 lucrum
307 1773 368 1809 vel
400 1773 610 1810 custodiam
641 1774 846 1810 charitatis.
874 1774 1064 1822 Quamdiu

580 200 724 236 LIBER
753 202 818 236 DE
848 201 1115 239 PRAECEPTO
1145 206 1204 239 ET
1232 205 1626 247 DISPENSATIONE.

65 275 228 319 sarium„
255 284 386 309 rursus
410 272 445 307 in
473 273 542 309 tria
566 274 646 310 liceo
675 276 962 324 subdividatur,
985 282 1071 315 Sta·
1087 278 1136 297 ³²³⁰

64 333 162 379 bile,
192 330 438 377 Inviolabile,
470 334 801 372 Incommutabile.
836 341 881 373 Et
915 338 1068 387 quidem
1087 339 1117 371 A
1141 357 1153 371 »
1178 344 1328 377 patrum
1363 345 1568 382 constituta
1609 347 1798 386 violemur

2040 226 2136 262 1178

1139 282 1375 320 «necessitas
1411 297 1487 321 non
1521 296 1597 332 est,
1636 289 1741 325 nullo
1773 294 1886 330 modo
1920 308 2135 339 sanctorum

1827 368 1833 388 ε
1870 372 1882 385 »
1922 365 1958 392 et
1998 359 2133 407 insert,

1136 416 1150 430 «
1171 399 1246 436 [bi
1268 413 1357 450 ergo
1385 405 1584 441 necessitas
1614 407 1744 454 suerit,
1772 411 1817 446 ad
1845 415 2037 454 utilitatem
2067 424 2135 457 Ee-

1137 475 1149 489 »
1171 458 1309 505 clesiae,
1328 462 1392 509 qui
1410 471 1633 511 potestatem
1653 466 1786 513 habet,
1805 484 1846 507 ea
1862 473 2060 523 dispenset.
2081 484 2135 517 lix

1137 532 1150 548 »
1172 518 1393 556 necessitate
1414 522 1514 557 enim
1538 523 1577 558 lit
1597 527 1754 561 mutatio
1772 528 1872 577 legis.
1895 549 1909 563 1.

1502 646 1678 686 CAPUT
1708 650 1786 688 III.

1136 762 1406 804 Dispensationem
1428 766 1459 796 in
1480 766 1545 808 lege
1567 768 1671 800 divina
1687 770 1744 801 soli
1770 774 1838 803 Deo
1857 780 2040 806 reservatam
2061 788 2137 809 esse.

1183 820 1225 848 At
1255 828 1323 858 quie
1354 825 1426 850 sunt
1450 820 1525 863 legis
1550 829 1691 861 adornat,
1720 826 1845 857 omniuo
1870 827 1962 859 etiam
1985 832 2052 861 Deo
2077 843 2141 864 esse

1184 871 1401 905 immutabilia.

1188 995 1223 1029 6.
1252 996 1512 1033 Necessarium
1529 997 1680 1045 deinde,
1703 1000 1806 1049 quod
1824 1002 2045 1040 Inviolabilo
2063 1019 2135 1043 no—

1135 1054 1272 1091 minavi
1284 1086 1292 1102 ‚
1308 1057 1400 1093 illud
1417 1058 1600 1108 intelligo,
1619 1060 1722 1109 quod
1738 1074 1815 1098 non
1833 1063 1879 1098 al)
1897 1064 2049 1103 immine
2065 1076 2135 1105 tra-

1137 1113 1274 1161 ditum,
1298 1117 1362 1152 sed
1392 1117 1572 1155 divinitus
1598 1122 1898 1170 promulgatum,
1923 1125 1991 1161 nisi
2016 1140 2035 1162 a
2053 1131 2134 1164 Deo

1137 1174 1201 1223 qui
1231 1176 1401 1222 tradidit,
1429 1179 1566 1214 mutari
1593 1180 1751 1216 omnino
1774 1194 1850 1217 non
1877 1184 2019 1232 patitur
2041 1201 2048 1222 :
2072 1196 2134 1234 ut,

1136 1236 1299 1284 exempli
1320 1249 1450 1282 eausa,
1477 1239 1556 1273 Non
1581 1241 1738 1285 occides,
1764 1243 1848 1276 Non
1873 1245 2130 1291 moeclmberis‚

1137 1295 1222 1329 Non
1238 1293 1383 1342 fccrttmz
1397 1294 1521 1343 facies
1537 1304 1546 1318 ¹
1559 1327 1568 1343 ,
1590 1306 1627 1334 et
1647 1300 1792 1349 reliqua
1807 1300 1907 1338 illius
1929 1302 2063 1340 tabulae
2079 1306 2135 1342 le-

1136 1353 1296 1401 giscita³
1327 1370 1334 1391 :
1366 1368 1450 1404 quae
1480 1357 1548 1393 etsi
1577 1358 1719 1394 nullam
1752 1373 1907 1408 prorsus
1934 1362 2136 1401 humanam

1136 1412 1456 1463 dispensationem
1477 1415 1701 1463 admittunt,
1721 1431 1791 1454 nec
1817 1420 1988 1469 cuiquam
2019 1422 2138 1460 homi-

1136 1486 1227 1509 num
1257 1487 1303 1510 ex
1330 1474 1387 1511 his
1414 1476 1555 1525 aliquid
1583 1477 1709 1526 aliquo
1740 1479 1855 1515 modo
1884 1481 2052 1528 solvere,
2074 1492 2139 1520 aut

1134 1534 1258 1581 licuit,
1277 1544 1342 1572 aut
1358 1535 1505 1583 licebit3
1526 1538 1714 1575 Dominus
1736 1548 1860 1577 tamen
1882 1541 2015 1578 horum
2034 1545 2137 1593 quod

1132 1595 1275 1641 voluit,
1309 1597 1463 1646 quando
1486 1598 1607 1634 voluit
1637 1600 1770 1645 solvit,
1787 1601 1864 1637 sive
1884 1615 1969 1638 cum
1990 1602 2036 1639 al)
2059 1608 2135 1641 He-

1132 1654 1244 1693 braeis
1264 1658 1463 1707 AEgyptios
1480 1659 1632 1707 spoliari
1646 1665 1673 1703 ²,
1691 1660 1768 1696 sive
1789 1661 1940 1709 quando
1966 1664 2134 1712 prophe-

1133 1724 1208 1753 tam
1237 1730 1322 1753 cun]
1341 1718 1497 1754 muliere
1519 1718 1720 1755 fornicaria
1743 1720 1889 1756 misceri
1912 1723 2090 1771 praeeepit
2106 1723 2132 1758 3.

1131 1780 1304 1826 Quorum
1336 1779 1468 1828 utique
1495 1778 1657 1814 alterum
1684 1779 1775 1828 quid
1805 1781 1875 1816 nisi
1902 1794 2014 1829 grave
2045 1783 2133 1819 furti

53 1844 145 1881 ergo
172 1832 347 1869 charitati
375 1832 557 1880 militant,
584 1833 831 1870 immobiliter
854 1835 929 1871 fixa
953 1843 1063 1881 sunt,
1086 1845 1113 1881 C
1135 1838 1303 1884 facinus,
1321 1838 1481 1875 alterum
1506 1838 1597 1887 quid
1616 1838 1689 1875 nisi
1712 1839 1841 1888 flagitii
1857 1841 2051 1889 turpitudo
2074 1855 2133 1878 re-

55 1892 270 1943 mutarique
301 1893 482 1940 omnino,
509 1907 557 1930 ne
580 1892 627 1930 ab
653 1894 744 1944 ipsis
778 1894 933 1944 quidem
964 1908 1066 1945 prae-

54 1952 206 2002 positis,
229 1953 310 1990 sine
334 1953 480 1991 offensa
506 1962 681 2004 possunt.
704 1958 753 1991 At
773 1954 804 1991 si
825 1967 845 1991 e
869 1955 1064 1992 contrario

54 2012 245 2049 contraria
266 2013 363 2050 forte
384 2013 590 2063 aliquando
613 2014 788 2050 charitati
808 2014 888 2051 visa
905 2014 1061 2061 fuerint,

53 2072 110 2111 his
151 2073 336 2111 duntaxat
365 2073 506 2124 quibus
533 2074 606 2111 hoc
636 2087 748 2125 posse
777 2075 906 2112 videre
935 2075 1064 2112 datum

54 2142 125 2179 est,
151 2142 188 2170 et
210 2134 417 2184 providere
437 2133 625 2171 creditum
647 2142 703 2171 est
723 2149 730 2171 :
752 2148 882 2172 nonne
904 2134 1064 2184 justissi-

53 2206 156 2230 mum
176 2207 256 2231 esse
278 2194 419 2243 liquet,
441 2202 483 2231 ut
504 2207 590 2244 quae
614 2207 685 2244 pro
711 2194 893 2231 charitate
911 2195 1065 2232 inventa

53 2253 215 2300 fuerint,
235 2267 307 2304 pro
325 2254 507 2290 charitate
524 2267 691 2304 quoque,
716 2253 782 2291 ubi
803 2255 984 2305 expedire
1004 2256 1065 2292 vi-

53 2311 218 2360 debitur,
240 2314 299 2350 vel
319 2315 559 2359 omittantur,
582 2315 644 2351 vel
670 2315 986 2361 intermittantur,
1004 2317 1064 2352 vel

52 2371 91 2409 in
112 2373 216 2410 aliud
237 2374 334 2411 forte
360 2375 600 2412 commodius
622 2375 896 2412 demutentur?
919 2376 1022 2413 Sicut
1046 2390 1065 2413 e

52 2433 207 2483 regione
232 2435 406 2484 iniquum
429 2436 566 2485 procul
592 2435 709 2472 dubio
730 2436 850 2481 soret,
877 2436 907 2473 si
927 2445 1065 2474 statuta

51 2505 123 2542 pro
152 2494 233 2530 sola
262 2494 466 2541 charitate,
488 2504 624 2533 contra
644 2496 865 2533 charitatem
888 2505 1063 2533 teneren-

52 2559 126 2589 tur.
147 2556 294 2590 Tenent
313 2567 406 2603 ergo
427 2555 542 2591 fixam
570 2556 797 2605 firmamque
817 2556 1063 2593 immobilita-

1131 1907 1352 1948 putaretur‚
1375 1899 1405 1936 si
1429 1912 1507 1935 non
1533 1907 1746 1936 excusasset
1770 1908 1974 1949 utrumque
1995 1902 2132 1938 sactum

1131 1959 1340 1996 auctoritas
1367 1958 1613 2009 imperantis?
1636 1961 1731 1995 Sane
1759 1958 1825 1995 ubi
1855 1959 1974 1996 simile
1995 1960 2135 2009 aliquid

1132 2019 1338 2068 aliquando
1373 2032 1395 2055 a
1430 2018 1568 2055 sanctis
1600 2018 1819 2055 hominibus
1851 2019 1962 2055 fuisse
2000 2021 2136 2069 legitur

1132 2087 1379 2129 usurpatum,
1398 2078 1592 2128 Scriptura
1610 2092 1686 2114 non
1708 2078 1898 2115 indicante
1914 2079 2017 2128 quod
2036 2084 2136 2117 Deus

1131 2139 1181 2175 ita
1203 2139 1449 2189 praeceperit,
1474 2147 1537 2174 aut
1561 2152 1625 2175 eos
1646 2152 1821 2188 peccasse
1838 2139 2029 2175 fatendum
2058 2149 2133 2186 est,

1131 2201 1227 2237 sicut
1243 2201 1437 2245 homines3
1456 2208 1519 2236 aut
1533 2207 1633 2235 certe
1647 2229 1655 2243 ‚
1677 2199 1773 2235 sicut
1787 2199 1991 2248 prophetas
2002 2227 2010 2243 ‚
2029 2201 2136 2236 liuni—

1132 2261 1223 2296 liare
1251 2260 1319 2296 Dei
1353 2259 1552 2295 eonsilium
1581 2258 1778 2306 accepisse.
1805 2258 1916 2295 [nde
1948 2268 1981 2294 et
2014 2272 2132 2295 unum

1134 2320 1349 2369 exemplum
1366 2332 1469 2368 pono
1489 2317 1593 2367 quod
1609 2318 1774 2354 occurrit
1794 2317 1839 2353 de
1854 2321 2051 2360 Samsone,
2070 2320 2132 2367 qui

1135 2394 1172 2416 se
1191 2381 1314 2430 ipsum
1340 2392 1415 2415 una
1441 2392 1524 2414 cum
1542 2378 1713 2414 hostibus
1738 2378 1959 2427 opprimens
1978 2378 2133 2413 interle-

1135 2441 1219 2477 cit⁴'.
1234 2440 1346 2489 Quod
1361 2439 1490 2488 utique
1506 2439 1642 2474 factum
1658 2438 1684 2473 si
1704 2437 1918 2473 defenditur
1933 2450 2007 2473 non
2022 2438 2132 2474 fuisse

1132 2509 1330 2551 peccatum
1351 2529 1358 2544 ‚
1389 2500 1579 2548 privatum
1610 2497 1782 2533 habuisse
1802 2498 1997 2533 consilium
2021 2497 2132 2533 indu-

1131 2561 1297 2597 bitanter
1326 2559 1537 2596 credendus
1571 2566 1646 2602 est,
1669 2557 1736 2592 etsi
1763 2556 1807 2591 de
1836 2557 2026 2605 Scriptura
2059 2556 2129 2591 1101·

52 2620 146 2660 tem,
163 2613 277 2651 etiam
293 2614 395 2664 apud
410 2615 609 2665 praelatos,
623 2629 707 2665 quae
725 2630 772 2652 ex
790 2615 915 2652 stabili
934 2629 1060 2653 neces·
1084 2627 1117 2660 D
1136 2634 1213 2656 non
1238 2619 1420 2656 habemus
1432 2617 1460 2653 ”.

0 2697 1 2700 =
53 2673 151 2710 sario
177 2682 267 2710 sunt
290 2688 298 2710 ε
322 2673 388 2710 sed
415 2682 604 2723 quatenus
626 2675 799 2712 charitati
830 2675 1062 2712 deserviunt.

50 2734 246 2784 Numquid
275 2743 400 2771 autem
422 2734 495 2771 hoc
523 2748 592 2785 ego
618 2736 678 2772 vel
709 2736 812 2772 solus
833 2737 977 2782 sentio,
1006 2737 1066 2773 vel

52 2793 199 2843 primus
216 2794 300 2832 dico
311 2795 325 2830 Ρ
338 2798 396 2831 An
411 2808 490 2831 non
502 2795 575 2831 hoe
588 2795 712 2845 ipsum
728 2804 766 2833 et
777 2809 878 2846 papa
893 2797 1066 2835 Gelasius

52 2855 195 2891 sensit?
209 2856 274 2892 Ait
293 2855 480 2905 siquidem
506 2870 514 2892 :
537 2872 551 2888 (ι
572 2855 650 2893 Ubi
670 2857 873 2893 necessitas
890 2870 968 2893 non
985 2864 1041 2893 est
1054 2884 1063 2901 ‚

54 2913 392 2953 »inconvertibilia
429 2924 609 2952 maneant
648 2925 867 2954 sanctorum
909 2921 1065 2954 Patrum

2 3007 3 3016 ,
54 2989 71 3006 1>
87 2973 251 3012 decreta.
275 2993 290 3009 »
315 2980 394 3014 Leo
418 2990 574 3026 quoque
591 2990 745 3027 papa‚‚«
761 2977 856 3024 Ubi,
879 2995 894 3010 υ
914 2977 1063 3027 inquit,

3 3291 6 3342 ᾗ
52 3298 246 3341 dissentiret,
273 3313 368 3345 aquo
386 3304 468 3336 inter
489 3306 696 3337 immutabilia
723 3312 866 3337 censetur
889 3316 975 3336 num.
1001 3315 1066 3345 seq.
1085 3318 1097 3329 α

1189 2680 1222 2716 7.
1270 2683 1351 2715 Jam
1394 2690 1485 2713 vero
1526 2674 1776 2712 necessarium
1814 2673 2128 2711 Incommutabile

1134 2740 1226 2790 quid
1255 2738 1373 2787 accipi
1400 2737 1538 2773 velim?
1563 2734 1746 2784 Equidem
1769 2735 1821 2770 nil
1841 2734 2128 2782 congruentius,

1135 2813 1247 2850 quam
1270 2798 1373 2848 quod
1394 2796 1522 2832 divina
1542 2796 1591 2830 ita
1613 2801 1759 2830 constat
1776 2801 1812 2829 et
1829 2801 1968 2829 aeterna
1982 2793 2129 2829 ratione

1134 2862 1323 2897 firmatum
1340 2888 1349 2904 ,
1371 2867 1411 2894 ut
1432 2857 1532 2892 nulla
1550 2868 1595 2891 ex
1618 2867 1729 2890 eausa
1745 2853 1884 2903 possit,
1905 2853 1964 2888 vel
1981 2851 2028 2889 ab
2048 2853 2131 2903 ipso

1132 2925 1214 2959 Deo
1230 2949 1238 2965 ,
1259 2918 1496 2967 aliquatenus
1517 2914 1721 2951 immutari.
1745 2912 1821 2951 Sub
1838 2913 1910 2949 hoc
1926 2926 2062 2962 genere
2078 2921 2133 2949 est

1133 2979 1257 3018 omnis
1274 2979 1337 3014 illa
1370 2976 1562 3015 Sermonis
1588 2974 1767 3010 dominici
1795 2974 1831 3009 in
1863 2980 1991 3009 monte
2016 2971 2132 3008 habiti

105 3140 117 3156 1
134 3135 234 3168 Exod.
251 3148 316 3176 xx,
343 3141 456 3170 13-15.
471 3158 518 3162 η
532 3145 545 3161 2
565 3139 614 3171 Id.
635 3151 697 3177 111,
722 3143 777 3171 22,
791 3158 835 3162 —
852 3138 866 3162 ³
885 3142 967 3171 Osee
985 3150 1015 3177 1,
1041 3141 1070 3169 2.
1088 3154 1131 3159 —-
1147 3134 1162 3161 4
1179 3132 1282 3166 Judic.
1296 3143 1366 3169 m,
1387 3133 1442 3162 30·

98 3199 114 3216 ³
126 3198 250 3239 Nempe
268 3197 295 3228 si
316 3208 379 3240 qua
395 3199 455 3230 alia
472 3205 544 3230 sunt
558 3224 566 3238 ‚
589 3210 722 3241 quorum
737 3205 822 3231 aetus
848 3199 988 3230 internus
1008 3197 1047 3228 ab
1066 3194 1243 3227 inordinata
1268 3189 1362 3222 animi
1379 3187 1583 3246 disposition-e
1607 3197 1744 3244 separari
1762 3190 1862 3228 potest
1878 3208 1885 3221 ‚
1906 3190 1938 3214 ut
1956 3194 1987 3213 111
2002 3184 2081 3237 lurto
2094 3187 2123 3211 et

51 3244 220 3280 homicidio
236 3273 244 3287 ,
263 3249 318 3280 ubi
335 3250 452 3282 factum
471 3252 571 3294 ipsun]
592 3252 732 3283 divinam
753 3251 1018 3294 dispensationem
1041 3248 1197 3282 admittit,
1215 3255 1278 3276 non
1300 3253 1397 3285 prava
1413 3240 1659 3272 animi‘afleetio.
1675 3239 1762 3269 Alias
1782 3236 1956 3269 Bernardus
1974 3245 1990 3265 a
2011 3244 2042 3264 se
2056 3242 2121 3274 lpse

1119 3299 1218 3333 omnis
1239 3299 1290 3329 itta
1309 3296 1465 3328 Semiouis
1483 3294 1629 3325 dominici
1648 3293 1678 3323 in
1702 3298 1805 3322 monte
1824 3290 1929 3321 habita
1948 3286 2089 3318 traditio:
2107 3299 2120 3311 ι-

4 3354 6 3374 ³
52 3354 164 3395 quoin
187 3357 339 3388 Sermone
357 3356 524 3389 interdieta
543 3365 588 3390 est
605 3358 744 3389 mulieris
771 3356 907 3399 cujusvis
925 3367 1022 3399 prava
1047 3351 1309 3396 concupiscentia.
1329 3349 1446 3380 Eodem
1465 3353 1581 3390 spectat
1605 3346 1715 3376 falsum
1734 3350 1955 3375 testimonum}-
