2565 3952
89 132 163 169 613
1015 127 1280 162 EPISTOLAE.

89 208 270 247 uberibus
293 207 567 245 consolationis
590 214 727 242 vestrae
748 203 862 241 turbo
881 203 1164 255 repentinus³⁰⁰

43 287 46 290 ⁴
87 269 315 308 excusserit!
1125 267 1155 300 A
1178 302 1995 314 =-uvuu===uu-=uuuuxum-mnu·-n=.-.„-=„....
2014 303 2157 312 «nux-u.
2192 306 2201 313 -

2123 129 2197 164 (ili

62 3008 64 3035 l
88 3025 218 3052 omnes
242 3015 341 3053 filios
362 3025 513 3056 vestros
537 3027 576 3056 et
599 3027 772 3068 nostros,
797 3028 835 3057 et
858 3033 1037 3071 rogamus
1063 3029 1107 3057 ut

141 330 175 366 3.
196 329 233 366 Si
249 327 335 377 quis
351 339 443 376 ergo
460 324 641 375 precibus
657 324 796 361 nostris
808 325 915 362 locus
931 334 989 362 est
1004 326 1109 376 apud

87 389 361 428 Excellentiam
397 396 500 424 tuam
517 415 526 432 ‚
562 385 672 423 beate
702 390 815 424 Pater
832 416 842 433 ,
879 388 1108 438 suppliciter

86 450 265 502 petimus,
288 461 360 485 nos
379 447 446 497 qui
464 455 500 484 te
518 447 661 497 potius,
681 460 795 497 quam
819 455 883 484 tua
898 447 1106 498 diligimus,

87 510 184 548 utin
206 509 266 546 die
287 508 484 545 bonorum
515 521 595 544 non
616 508 780 558 repellas
801 508 1016 556 hominem,
1037 510 1106 560 qui

87 570 297 624 permansit
328 578 451 606 tecum
479 569 516 606 in
551 569 832 606 tentationibus
856 570 949 616 tuis,
975 579 1018 607 ut
1038 570 1109 607 ali-

86 631 178 684 quid
195 630 298 682 apud
329 639 364 667 te
393 629 441 667 de
463 628 554 679 jure
575 629 677 666 illius
703 629 908 680 depereat,
933 631 1000 681 qui
1033 645 1054 668 a
1071 639 1108 671 te

85 705 254 732 crescere
274 691 419 742 potius,
442 704 557 741 quam
580 690 705 728 minui
721 690 980 741 exspectabat.
995 692 1106 729 Alio-

85 754 193 806 quin,
215 753 246 790 si
266 761 408 804 praeter
424 765 531 803 spem
553 752 749 799 omnium,
766 761 804 789 et
820 762 962 803 praeter
983 754 1103 791 meri·

85 824 162 854 tum
183 814 351 852 hominis
369 814 574 864 contigerit
595 823 637 850 ut
657 813 842 865 diripiant
860 815 974 852 alieni
995 815 1107 852 labo-

84 890 143 915 res
163 875 246 926 ejus
263 905 272 922 ,
302 884 346 912 ut
365 884 563 926 ponantur
584 875 769 913 adversus
798 890 884 913 eum
914 877 1012 914 mala
1035 891 1107 928 pro

83 936 206 982 bonis,
221 935 351 974 odium
371 950 444 987 pro
459 936 667 974 dilectione
682 953 691 984 3
706 937 788 987 ipse
805 937 974 988 quidem,
994 952 1015 975 a
1031 952 1108 988 quo

83 1012 159 1038 non
176 997 346 1044 timebit,
364 999 507 1036 vulnus
521 999 688 1050 excipiet
707 1000 831 1045 solus,
855 999 920 1036 sed
940 1001 1051 1037 multi
1065 1001 1103 1037 in
1126 1005 1154 1039 B

82 1060 350 1111 persecutione
375 1059 459 1110 ejus
492 1060 692 1098 dolebunt.
722 1060 885 1111 Spiritus
912 1063 1105 1109 veritatis,

82 1121 147 1172 qui
161 1134 183 1158 a
199 1124 311 1158 Patre
330 1121 522 1172 procedit,
540 1122 677 1159 doceat
695 1131 731 1159 te
749 1121 921 1160 dividere
942 1124 1065 1161 lucem
1088 1137 1109 1160 a

83 1182 249 1220 tenebris
269 1183 308 1220 in
336 1183 444 1220 omni
461 1197 579 1234 opere
607 1193 674 1221 tuo
692 1213 702 1231 ,
729 1192 769 1220 ut
787 1184 883 1221 scias
900 1185 1109 1235 reprobare

82 1245 223 1282 malum
240 1253 279 1283 et
298 1245 438 1296 eligere
457 1244 618 1283 bonum.

82 1389 499 1400 msxwmwwnwwmwwvmt==
505 1391 633 1400 ιιιιιΜνι
638 1391 898 1400 ιιικνινινικινιιιιι
904 1392 1108 1402 ιιιιικιαινυινι

183 1509 562 1569 EPISTOLA
616 1510 1012 1571 CCCXXIV.a

218 1666 266 1688 An
299 1665 505 1691 nossssn'run
535 1668 708 1691 ABBATEM
738 1669 787 1691 DE
816 1656 967 1693 DUN1s*.

1282 428 1662 489 EPISTOLA
1717 418 2085 488 CCCXXVJ

1323 594 1373 616 AD
1403 593 1590 625 EUMDEM,
1621 592 1670 614 DE
1700 591 1834 615 IDERIO
1864 591 2042 615 Novrrlo.

1223 714 1310 756 Quid
1324 714 1363 746 de
1377 713 1498 745 novitio
1513 713 1641 756 dyscolo
1658 713 1838 745 faciendum
1857 720 1984 756 rogatus
2004 713 2149 745 consulit.

1175 848 1450 887 Amantissimo
1475 847 1581 885 fratri
1603 856 1640 885 et
1661 847 1840 886 coabbati
1857 862 1928 885 suo
1948 852 2134 886 Romano
2152 848 2199 885 de

1229 910 1373 956 Dunis,
1397 910 1514 946 frater
1535 913 1770 947 BERNARDUS
1790 910 2050 949 clarae-Vallis
2076 909 2200 947 dictus

1231 972 1349 1010 abbas
1361 1002 1371 1020 ,
1393 973 1568 1010 salutem.

1230 1110 1354 1157 Super
1384 1106 1458 1142 hoc
1492 1105 1608 1142 fratre
1632 1133 1641 1151 ,
1677 1118 1792 1154 quem
1830 1105 1926 1142 adeo
1957 1118 2036 1142 non
2072 1105 2197 1142 solum

1176 1167 1374 1212 inutilem,
1403 1165 1470 1203 sed
1493 1165 1606 1202 etiam
1638 1178 1848 1202 onerosum
1875 1179 1955 1202 esse
1976 1166 2196 1213 nuntiastis,

1179 1228 1324 1278 absque
1345 1242 1390 1264 eo
1413 1226 1519 1277 quod
1545 1226 1778 1263 intrinsecus
1800 1227 1913 1273 latet,
1941 1228 2053 1277 quale
2086 1227 2198 1265 nobis

1175 1289 1280 1338 ipsis,
1298 1289 1371 1325 tale
1388 1296 1425 1324 et
1442 1295 1580 1324 vestrae
1599 1287 1808 1324 Dilectioni
1826 1287 1960 1324 damus
1978 1288 2195 1325 consilium.

1175 1348 1294 1386 Nobis
1324 1347 1513 1398 siquidem
1535 1347 1692 1384 videtur
1720 1361 1793 1398 pro
1827 1348 1885 1384 his
1918 1362 2003 1398 quae
2038 1348 2084 1385 de
2115 1349 2199 1399 ipso

1175 1410 1383 1456 retulistis,
1407 1409 1514 1460 quod
1540 1410 1580 1446 in
1600 1408 1834 1460 probatione
1855 1424 1922 1447 sua
1944 1424 1982 1447 se
2010 1424 2080 1447 nec
2103 1424 2198 1460 pro-

1173 1471 1341 1510 babilem
1378 1470 1554 1509 exhibuit
1572 1500 1582 1517 ,
1606 1484 1677 1508 nec
1709 1471 1974 1522 receptibilem
2007 1486 2014 1508 :
2043 1480 2080 1508 et
2110 1471 2199 1508 ideo

1174 1534 1316 1571 meruit
1350 1542 1393 1570 ut
1425 1531 1722 1579 rationabiliter,
1756 1541 1794 1570 et
1834 1546 1924 1570 sana
1963 1533 2199 1570 conscientia

1172 1595 1332 1633 valeatis
1353 1595 1498 1632 malum
1526 1594 1678 1631 auferre
1699 1607 1747 1631 ex
1768 1593 1891 1631 vobis.
1919 1598 2196 1632 Verumtamen

1173 1659 1203 1695 si
1224 1657 1360 1709 pietati
1376 1665 1514 1693 vestrae
1529 1657 1655 1707 placet
1672 1657 1961 1707 superexaltare
1978 1657 2197 1694 misericor-

1173 1719 1275 1757 diam
1287 1719 1450 1769 judicio,
1465 1718 1591 1755 adhuc
1608 1719 1733 1768 ipsum
1750 1719 1911 1768 potestis
1932 1719 2097 1756 retinere
2116 1719 2197 1755 sine

82 1777 242 1810 Absentiae
267 1785 385 1811 mutuae
416 1779 558 1811 solamen
585 1781 741 1823 suggerit,
779 1792 895 1824 nempe
927 1782 1107 1813 animorum
1127 1786 1153 1822 C
1172 1781 1434 1833 professione,
1462 1789 1608 1830 quanto
1636 1779 1746 1817 vobis
1783 1789 1959 1830 tempore
1988 1779 2195 1817 videbitur.

128 1834 395 1877 conjunctionem,
415 1834 480 1867 imo
500 1842 530 1867 et
550 1847 733 1879 corporum,
746 1837 937 1880 quandoque
949 1838 1099 1870 futuram.

83 1960 202 1998 Fratri
235 1968 274 1997 et
304 1961 429 1999 amico
462 1962 687 2000 charissimo
724 1967 909 2001 Romzwro
945 1963 1101 2013 abbati,

133 2021 250 2059 frater
268 2026 494 2062 BERNARDUS
512 2025 560 2062 de
578 2025 836 2073 Clara-Valle,
855 2026 962 2077 quod
980 2027 1103 2064 amico

134 2082 371 2121 charissimo.

133 2220 181 2255 Et
217 2218 324 2256 tarde
358 2226 496 2266 notus,
519 2228 558 2256 et
590 2220 666 2257 cito
704 2233 743 2257 es
776 2220 869 2257 mihi
900 2219 1098 2268 sublatus,

42 2286 46 2289 ⁴
84 2278 249 2318 Roberte
286 2280 518 2318 charissime.
547 2281 619 2319 Sed
654 2283 857 2329 consolor,
883 2283 990 2333 quod
1018 2283 1101 2320 solo

56 2349 58 2355 '
84 2341 129 2380 de
153 2356 318 2394 corpore
339 2343 464 2394 patiar
487 2344 559 2381 hoc
584 2360 591 2381 :

617 2358 706 2382 nam
729 2344 869 2396 spiritu
892 2359 1045 2395 semper
1064 2357 1103 2381 es

84 2416 243 2442 mecum.
268 2405 383 2454 Quod
421 2413 549 2442 tamen
583 2407 643 2443 vel
680 2406 808 2456 ipsum
841 2406 999 2456 quando
1031 2419 1103 2455 ego

84 2465 345 2515 aequanimiter
380 2465 586 2503 tolerarem
606 2494 616 2512 ,
646 2466 677 2503 si
702 2466 806 2503 solus
836 2479 915 2502 non
945 2474 1044 2503 esset
1063 2466 1102 2502 in

85 2538 193 2563 causa
221 2527 353 2564 Deus?
373 2526 474 2573 Erit,
496 2527 589 2573 erit,
613 2526 771 2577 quando
797 2527 1008 2564 reddemur
1033 2540 1102 2564 no-

1170 1848 1255 1881 Hoc
1285 1851 1412 1880 autem
1444 1842 1606 1879 omnino
1640 1841 1932 1888 dissuademus,
1955 1855 2002 1878 ne
2036 1855 2122 1878 eum
2157 1842 2196 1878 in

1170 1905 1243 1941 boc
1274 1912 1374 1941 statu
1398 1903 1592 1954 recipiatis
1619 1902 1666 1940 ad
1694 1902 1978 1953 professionem
2002 1918 2009 1939 :
2032 1903 2098 1939 sed
2125 1903 2195 1939 ite-

1171 1980 1256 2004 rum
1278 1964 1481 2016 probetur,
1499 1965 1528 2002 si
1546 1965 1645 2001 forte
1663 1977 1702 2001 se
1721 1964 1834 2001 talem
1855 1962 2038 2000 exhibere
2060 1964 2195 2010 valeat,

1172 2028 1324 2078 qualem
1359 2026 1485 2063 debet.
1518 2026 1583 2063 Sin
1619 2033 1771 2071 autem,
1812 2025 1914 2061 ferro
1952 2023 2196 2062 abscissionis

1172 2088 1359 2126 utendum
1382 2096 1457 2134 est,
1480 2101 1528 2124 ne
1548 2101 1626 2124 una
1649 2087 1732 2124 ovis
1754 2085 1932 2123 morbida
1963 2094 2086 2122 totum
2109 2099 2195 2136 gre-

1170 2164 1256 2201 gem
1280 2149 1531 2187 contaminet.

1169 2300 1902 2313 ιςιιιιιιωψιικνινιψανιςιιιΛ-ωυνιςνικνινιιιικνινι
1907 2300 2186 2311 ἰιιυυιιυυιᾳςιιψι-κκικ
2192 2303 2201 2311 =

1264 2434 1644 2494 EPISTOLA
1705 2435 2101 2494 CCCXXVI.c

1856 2558 1869 2589 l

85 2584 160 2633 bis,
189 2587 345 2637 quando
370 2596 409 2624 et
434 2589 599 2638 quisque
628 2588 676 2626 de
705 2602 769 2635 se,
795 2597 833 2625 et
860 2597 1024 2639 uterque
1055 2588 1102 2625 de
1124 2595 1383 2629 Domuum
1405 2598 1575 2630 sanans,
1599 2598 1648 2620 AD
1672 2598 1895 2621 GAUFRIDUM
1918 2599 2192 2626 CARNOTENSEM

84 2646 244 2686 invicem
263 2649 377 2700 plene
399 2648 674 2699 gaudebimus,
697 2659 908 2701 praesentes
930 2649 1042 2687 nobis
1062 2650 1102 2687 in

59 2718 61 2722 ’
86 2716 244 2760 utraque
264 2711 448 2762 portione
467 2712 612 2759 nostri,
631 2712 670 2749 in
694 2721 831 2750 neutra
851 2712 1033 2763 deinceps
1054 2711 1102 2750 ab

87 2769 267 2808 alterutro
290 2771 504 2810 dividendi.
535 2774 739 2812 Glutinum
764 2775 837 2812 erit
865 2783 980 2812 tantae
1009 2788 1105 2811 con-

83 2828 292 2879 junctionis
306 2862 316 2880 ‚
334 2833 402 2884 qui
425 2847 539 2871 causa
563 2848 668 2872 nunc
688 2845 745 2872 est
767 2836 925 2873 tantillae
946 2850 1102 2887 separa—

87 2891 221 2939 tionis,
245 2907 416 2944 praesens
440 2904 634 2947 perpetuo
657 2897 816 2934 -futurus
844 2897 956 2935 nobis
971 2927 981 2944 ‚
1006 2911 1104 2948 prae-

87 2961 210 2992 sentes
224 2968 294 2992 nos
305 2954 417 2993 nobis
427 2966 618 3008 perpetuo
634 2967 867 2996 servaturus.
886 2959 1105 2997 Salutamus

89 3083 198 3112 orent
215 3089 288 3127 pro
305 3077 431 3116 nobis.

1224 2661 1435 2684 EPISCOPUM
1459 2676 1468 2693 5
1499 2660 1545 2682 ET
1574 2660 1805 2682 BERNARDU-WI
1843 2660 2011 2683 ABBATEM
2049 2662 2192 2686 CLARAE-

1224 2722 1442 2746 VALLENsl-:m
1461 2708 1490 2745 *.

1172 2849 1215 2877 L‘t
1231 2845 1292 2877 Dei
1311 2851 1342 2876 et
1361 2844 1508 2877 Ecclesiae
1527 2854 1653 2875 causam
1671 2844 1821 2875 adversus
1847 2845 1930 2875 Petri
1951 2844 2123 2878 Abaelardi
2144 2858 2194 2879 er-

1218 2911 1306 2931 rores
1319 2924 1326 2938 ‚
1345 2911 1481 2942 quorum
1500 2899 1620 2941 aliquot
1642 2900 1780 2943 capitula
1798 2899 1945 2942 producit
1961 2924 1968 2937 ,
1990 2906 2149 2935 tueantur.

1173 3019 1412 3058 Reverendis
1450 3018 1489 3055 in
1527 3018 1680 3057 Christo
1716 3018 1884 3056 dominis
1919 3028 1956 3056 et
1987 3019 2162 3070 patribus
2184 3051 2193 3068 ,

1229 3084 1432 3120 Gaui-nmo
1462 3080 1759 3118 Carnotensium
1792 3081 2000 3132 episcopo,
2031 3091 2068 3119 et
2090 3086 2194 3120 BER-

135 3222 150 3238 a
173 3218 260 3250 Alias
284 3219 417 3263 epistola
435 3224 502 3255 336
525 3233 533 3255 :
554 3233 625 3266 quae
645 3235 722 3256 vero
738 3231 831 3257 antea
847 3228 913 3257 324
934 3232 1017 3262 erat,
1036 3236 1122 3257 nunc
1146 3229 1226 3257 382.
1242 3225 1364 3268 Scripta
1378 3235 1462 3255 anno
1477 3223 1595 3256 Christi
1615 3226 1715 3256 1139.

139 3262 156 3286 b
176 3271 262 3304 Alias
279 3273 411 3316 epistola
429 3279 493 3308 337
513 3287 521 3309 :
538 3288 609 3320 quae
626 3289 701 3310 vero
718 3285 811 3311 antea
833 3283 899 3311 325
913 3286 999 3318 erat,
1025 3290 1109 3310 nunc
1131 3282 1209 3311 395.
1234 3279 1356 3321 Scripta
1373 3278 1455 3310 circa
1478 3288 1596 3308 annum
1626 3280 1726 3309 1139.

139 3325 254 3358 ‘Alias
268 3327 400 3370 epistola
419 3332 480 3362 391
504 3341 512 3362 :
530 3343 599 3374 quae
622 3344 698 3365 vero
720 3340 812 3365 antea
831 3337 898 3366 326
918 3340 998 3372 erat,
1028 3344 1111 3365 nunc
1132 3335 1212 3365 400.
1235 3333 1357 3376 Scripta
1379 3333 1461 3364 circa
1489 3343 1606 3364 annum
1631 3335 1729 3364 1139.
