2517 3936
801 519 1464 614 ADMONITIO

709 787 758 821 ix
799 784 1109 833 SITBSEQL‘ENS
1153 790 1452 827 OPL‘SCL'Lt'M
1492 794 1588 827 ΠΗ.

807 1076 829 1079 -.
887 1069 1096 1087 --ῂ-..ἱὲ
1111 1066 1388 1088 ἐμὴ-,Ἃ
1394 1080 1406 1081 7
1414 1080 1431 1081 ψ
1443 1080 1473 1083 ἡ

147 1420 184 1456 1.
203 1417 287 1456 Etsi
309 1415 549 1468 opusculum
566 1429 732 1467 sequens
752 1429 880 1453 unum
901 1430 947 1454 ex
971 1416 1110 1467 primis
1129 1426 1184 1454 est
1201 1416 1310 1455 libris
1330 1431 1352 1454 a
1370 1416 1567 1455 Bernardo
1592 1419 1833 1469 compositis3
1858 1419 2015 1458 nullum
2034 1431 2161 1459 tamen

89 1483 173 1522 fere
191 1491 263 1521 aut
289 1481 490 1521 Bernardo
510 1481 690 1533 dignius,
715 1491 785 1519 aut
812 1481 988 1534 religioni
1019 1481 1156 1519 utilius
1176 1482 1226 1520 ab
1249 1498 1295 1521 eo
1317 1485 1507 1535 scriptum
1528 1485 1717 1522 existimo.
1753 1485 1857 1534 Quid
1885 1488 1990 1525 enim
2010 1487 2163 1539 dignius

90 1548 250 1587 doctore
267 1547 482 1595 catholico,
506 1556 577 1586 aut
598 1547 824 1599 reipublicae
844 1547 1063 1587 christiana}
1090 1548 1229 1587 utilius
1246 1580 1254 1592 ,
1277 1564 1399 1600 quam
1422 1550 1629 1601 prtedicare
1647 1580 1656 1589 ,
1680 1550 1869 1589 inculcare
1886 1582 1894 1591 ,
1914 1553 1993 1591 imo
2012 1563 2049 1591 et
2068 1568 2164 1604 pro-

90 1629 268 1668 pugnare
281 1615 459 1666 primum
479 1622 519 1653 et
541 1615 766 1652 maximum
787 1613 1022 1652 mandatum
1041 1646 1050 1658 ,
1072 1630 1118 1653 ex
1136 1630 1216 1666 quo
1233 1624 1367 1653 caetera
1380 1615 1567 1667 pendent.
1588 1618 1666 1653 sine
1693 1630 1773 1666 quo
1792 1627 1925 1655 cst-tera
1948 1618 2046 1655 nihil
2072 1633 2163 1668 pro<

90 1689 185 1719 sunt
200 1698 210 1728 ;
228 1679 353 1728 illud,
384 1681 552 1731 inquam
569 1710 579 1727 ,
603 1679 842 1719 mandatum
856 1711 865 1727 ,
892 1673 1005 1732 quod*
1031 1682 1071 1718 in
1093 1680 1174 1719 dies
1201 1683 1398 1732 impetunt
1427 1692 1545 1733 atque
1565 1681 1794 1720 labefactare
1815 1683 2033 1722 moliuntur
2053 1699 2163 1721 amor

90 1747 284 1798 cujusque
305 1746 491 1798 proprius
504 1776 513 1793 ,
547 1745 741 1797 cupiditas
756 1777 765 1793 ‚
795 1755 834 1784 et
861 1760 1054 1798 perversae
1073 1746 1287 1785 hominum
1306 1749 1670 1799 interpretationes?
1692 1749 1938 1800 Quapropter
1967 1753 2164 1801 perpetuis

90 1812 263 1851 tenebris
280 1812 401 1865 digna
421 1820 479 1850 est
496 1811 687 1864 Apologia
710 1812 956 1865 Berengarii,
984 1814 1181 1851 temerarii
1210 1813 1316 1851 illius
1337 1813 1544 1852 Abaelardi
1567 1814 1744 1864 discipuli
1768 1829 1808 1851 ac
1837 1814 2046 1854 defensoris
2065 1846 2073 1857 ,
2096 1818 2162 1867 qui

90 1877 294 1918 Bernardo
307 1877 561 1930 impudenter
582 1877 747 1916 insultat
762 1878 814 1916 ob
844 1878 998 1917 editum
1019 1878 1070 1916 ab
1092 1893 1138 1918 eo
1160 1888 1372 1918 tractatum
1394 1879 1441 1917 de
1458 1879 1663 1931 Diligendo
1681 1879 1762 1917 Deo
1775 1910 1783 1926 ‚
1805 1894 1895 1917 cum
1920 1900 1933 1913 τ(
1964 1880 2010 1918 de
2030 1881 2126 1922 hoe,
2151 1905 2159 1915 t

88 1945 222 1996 inquit
237 1974 248 1993 ,
271 1962 289 1978 «
311 1958 430 1983 nemo
456 1943 613 1983 dubitet
628 1974 638 1991 ,
656 1963 671 1978 »
694 1958 775 1982 non
797 1945 946 1996 quaevis
973 1944 1208 1983 muliercula
1223 1977 1232 1993 ,
1264 1960 1343 1984 non
1362 1946 1492 1996 quivis
1515 1955 1713 1983 extremus
1743 1944 1877 1983 idiota.
1903 1945 2056 1984 Verum
2077 1961 2164 1985 suos

89 2024 244 2061 semper
259 2009 504 2048 adversarios
528 2009 673 2048 habuit
692 2009 850 2048 divinus
869 2023 982 2047 amor
1009 2027 1017 2047 ι
1041 2011 1153 2060 cujus
1176 2021 1416 2063 praeceptum
1437 2012 1466 2048 si
1489 2010 1618 2048 verbis
1638 2010 1845 2048 Christiani
1871 2010 1980 2049 haud
1997 2023 2134 2064 negant
2153 2045 2161 2054 .

88 2085 130 2123 at
144 2077 254 2116 factis
271 2075 454 2128 plerique
473 2085 690 2129 pernegant
708 2094 716 2123 ;
746 2077 828 2115 imo
850 2076 1016 2128 quidam
1037 2077 1158 2116 etiam
1173 2078 1304 2128 pravis
1321 2076 1709 2128 interpretationilnis
1726 2077 1778 2114 ita
1797 2076 1978 2128 redigunt
1995 2077 2045 2114 ad
2059 2078 2164 2115 nihi-

87 2142 200 2191 lum,
222 2151 269 2182 ut
291 2142 413 2181 hodie
426 2143 468 2181 in
488 2144 748 2195 quaestjonem
771 2142 989 2190 adducere,
1009 2152 1047 2181 et
1064 2143 1227 2195 quidem
1244 2142 1427 2181 dubitare
1456 2144 1620 2194 impune
1648 2141 1781 2179 liceat.
1801 2156 1899 2179 num
1922 2142 2029 2180 Deus
2055 2146 2164 2194 opti-

87 2224 180 2249 mus
194 2240 204 2258 ‚
223 2210 440 2256 maximus,
457 2219 623 2257 creator,
648 2218 910 2248 conservator,
932 2223 974 2247 ac
990 2209 1220 2260 redemptor
1238 2239 1247 2257 ,
1266 2208 1401 2260 aliquo
1423 2206 1576 2259 speciali
1595 2238 1604 2254 ,
1624 2206 1684 2244 vcl
1704 2205 1822 2243 semel
1844 2207 1882 2242 in
1898 2207 1976 2243 vita
1993 2237 2001 2249 ‚
2019 2209 2161 2245 amoris

87 2285 180 2315 actu
196 2290 220 2314 a
233 2276 374 2327 quovis
392 2274 606 2314 christiano
623 2276 672 2314 sit
688 2273 925 2327 diligendus.
942 2273 1034 2312 Non
1049 2289 1141 2327 ergo
1158 2275 1198 2312 in
1218 2288 1368 2312 vanum
1390 2272 1611 2311 Bernardus
1632 2271 1811 2309 divinum
1832 2270 1904 2307 hoc
1923 2282 2158 2322 praeceptum

88 2342 312 2381 Haimerico
329 2342 542 2390 cardinali,
561 2343 674 2394 quasi
698 2342 903 2394 quoddam
919 2357 1048 2394 operte
1073 2342 1269 2392 pretitun,
1289 2338 1566 2378 commendare
1592 2351 1791 2389 aggressus
1808 2346 1863 2374 est
1885 2336 1958 2374 hoc
1985 2338 2025 2374 in
2041 2351 2158 2388 opus-

87 2407 178 2447 culo
192 2438 202 2456 ‚
229 2407 374 2447 docens
388 2438 398 2456 ,
421 2422 506 2459 cap.
525 2410 565 2456 2,
582 2423 623 2446 n.
643 2410 690 2456 6,
709 2407 960 2461 diligendum
982 2422 1061 2447 esse
1089 2407 1223 2445 Deum
1240 2425 1252 2440 «ι
1271 2408 1354 2444 sine
1375 2405 1514 2450 modo;
1573 2402 1876 2441 inexcusabilem
1901 2416 1980 2441 esse
1996 2417 2154 2441 omnem

88 2492 103 2507 υ
128 2475 250 2512 etiam
266 2473 472 2512 infidelem
487 2504 497 2521 ‚
518 2475 643 2512 sinon
659 2473 796 2527 diligat
817 2474 1039 2512 Dominum
1063 2473 1196 2511 Deum
1214 2487 1333 2511 suum
1357 2486 1401 2510 ex
1420 2481 1499 2509 toto
1521 2469 1633 2508 corde
1650 2500 1657 2509 ,
1688 2478 1766 2506 tota
1794 2470 1923 2505 anima
1940 2499 1948 2515 ,
1980 2478 2058 2505 tota
2076 2471 2157 2506 vir—

88 2559 104 2575 »
125 2549 224 2579 tute.
243 2559 257 2574 υ
273 2540 399 2579 Porro
416 2540 558 2579 Fidem
573 2550 683 2580 tanto
701 2540 793 2592 plus
807 2541 979 2579 indicere
995 2540 1215 2578 amandum
1228 2571 1237 2587 ‚
1257 2549 1407 2590 quanto
1429 2547 1466 2576 et
1483 2552 1521 2575 se
1538 2538 1617 2587 ipso
1634 2535 1757 2586 pluris
1775 2533 2045 2571 wstimamhun
2067 2537 2155 2585 qui-

88 2606 146 2644 vis
166 2604 363 2658 intelligit.
389 2623 403 2637 «
425 2605 544 2655 Quod
567 2608 599 2644 si
621 2615 752 2645 totum
778 2620 865 2654 me,
886 2625 900 2639 »
918 2607 1049 2658 inquit
1063 2637 1072 2653 ,
1105 2620 1189 2656 cap.
1224 2608 1247 2644 ἶ)
1266 2637 1275 2650 ,
1302 2620 1341 2642 n.
1365 2607 1425 2651 15,
1456 2604 1494 2640 in
1519 2615 1680 2652 persona
1702 2601 1901 2646 omnium,
1945 2599 2065 2638 debeo
2084 2615 2155 2651 pro

88 2690 103 2705 υ
123 2685 188 2710 me
205 2671 310 2710 sacto
324 2702 334 2720 ‚
355 2670 454 2722 quid
473 2671 618 2710 addam
635 2675 716 2724 jam
736 2682 775 2711 et
799 2686 872 2723 pro
900 2687 963 2711 me
986 2672 1125 2710 refecto
1144 2701 1152 2710 ,
1178 2680 1215 2709 et
1232 2670 1375 2708 resecto
1392 2668 1465 2706 hoc
1486 2666 1602 2705 modo
1617 2668 1628 2703 ζ’
1646 2685 1657 2698 2r

139 2752 179 2789 2.
198 2750 246 2788 In
264 2749 340 2788 hoc
359 2764 452 2802 ergo
467 2749 570 2788 libro
589 2751 855 2789 sanctissimus
870 2750 993 2788 divini
1014 2751 1158 2788 amoris
1175 2762 1300 2800 pizeco
1321 2757 1358 2786 et
1375 2746 1527 2785 doctor,
1551 2746 1633 2793 ejus
1652 2743 1813 2780 modum
1832 2774 1840 2782 .
1863 2758 1994 2782 causas
2011 2776 2019 2786 ,
2039 2747 2155 2797 origi-

87 2830 201 2863 nem,
224 2815 370 2869 gradus
387 2846 396 2863 ‚
420 2824 458 2854 et
492 2815 775 2868 obligationem
809 2826 988 2854 accurate
1021 2830 1063 2853 ac
1095 2814 1289 2866 pathetice
1322 2811 1514 2850 describit.
1554 2808 1742 2850 Modum,
1765 2819 1808 2846 ut
1835 2809 2018 2861 diligatur
2040 2828 2053 2840 v
2074 2812 2155 2847 sine

87 2900 103 2917 »
123 2881 244 2921 modo
258 2913 268 2931 ,
293 2901 306 2917 υ
326 2881 402 2920 hoc
419 2891 477 2921 est
497 2883 607 2920 omni
627 2882 781 2920 meliori
801 2897 882 2933 quo
907 2895 1120 2933 possumus
1150 2879 1267 2918 modo
1299 2896 1307 2916 :
1332 2891 1464 2915 causas
1482 2906 1489 2914 .
1513 2876 1700 2912 meritum
1723 2874 1791 2911 Dei
1812 2905 1820 2914 .
1843 2885 1880 2912 et
1902 2875 2153 2913 commodum

86 2957 271 2987 nostrum
294 2965 303 2987 :
326 2949 519 3001 originem
535 2979 544 2995 ‚
566 2963 611 2987 ex
631 2963 765 2986 amore
786 2950 948 3000 proprio
967 2950 1007 2986 in
1039 2961 1215 2985 amorem
1236 2945 1308 2982 Dei
1327 2974 1335 2991 ,
1361 2940 1549 2993 usquead
1566 2939 1805 2977 oblivionem
1829 2950 1864 2977 et
1885 2950 2153 2991 contemptum

88 3014 149 3052 sui
171 3030 180 3051 ε
202 3013 347 3066 gradus
361 3045 371 3061 ‚
392 3028 570 3051 amorem
596 3014 655 3052 sui
671 3044 680 3061 ,
711 3028 889 3052 amorem
906 3014 976 3052 Dei
1001 3022 1164 3064 propter
1183 3025 1241 3053 se,
1264 3020 1350 3047 tum
1370 3016 1530 3058 propter
1558 3007 1687 3056 ipsum
1708 3036 1716 3044 .
1739 3020 1778 3042 ae
1799 3004 1960 3043 demum
1978 3036 1986 3044 .
2007 3016 2151 3043 castum

87 3087 127 3117 et
143 3093 296 3130 purum
311 3096 321 3126 ;
338 3078 414 3117 hoc
436 3088 494 3118 est
510 3093 688 3117 amorem
710 3080 919 3129 proprium
938 3111 947 3124 ,
970 3078 1256 3117 mercenarium
1276 3106 1285 3121 ,
1317 3073 1497 3115 filialem,
1524 3086 1564 3109 ac
1586 3071 1809 3110 beatificum
1840 3089 1846 3108 :
1881 3071 2152 3121 obligationem

87 3142 261 3195 denique
277 3174 287 3191 ,
305 3157 394 3195 quae
407 3144 579 3195 pertinet
592 3143 644 3182 ad
669 3143 844 3182 Gentiles
861 3175 869 3191 ,
891 3144 911 3181 J
916 3143 1047 3182 [idaeos
1061 3175 1070 3190 ,
1093 3143 1159 3181 sed
1181 3142 1350 3179 maxime
1368 3138 1417 3176 ad
1439 3137 1694 3175 Christianos.
1720 3136 1844 3174 Totus
1862 3150 1950 3174 vero
1974 3144 2154 3172 tractatus

87 3217 146 3248 est
162 3209 212 3248 de
230 3223 365 3248 amore
384 3240 394 3258 ,
415 3211 485 3261 qui
508 3211 685 3248 consistit
703 3211 744 3247 in
760 3209 909 3248 affectu
930 3227 937 3247 :
963 3223 1086 3260 quem
1110 3209 1179 3247 etsi
1198 3207 1298 3245 dicat
1317 3204 1487 3256 perfecte
1504 3204 1544 3240 in
1562 3202 1632 3240 hac
1658 3203 1737 3241 vita
1757 3201 1911 3251 impleri
1926 3214 2004 3237 non
2027 3213 2150 3250 posse,

90 3275 143 3314 ita
163 3284 211 3315 ut
222 3290 385 3314 omnem
408 3275 591 3315 excludat
616 3277 801 3315 timorem
821 3286 858 3315 et
879 3275 1162 3327 cupiditate1n3
1194 3286 1274 3312 esse
1298 3281 1433 3310 tamen
1469 3270 1522 3306 ait
1550 3270 1669 3306 finem
1703 3277 1740 3305 et
1760 3279 1918 3316 scopum
1936 3296 1944 3304 ,
1975 3266 2012 3301 in
2033 3278 2151 3314 quem

89 3340 353 3382 indesinenter
381 3357 423 3380 ac
444 3343 637 3381 irremisse
661 3343 752 3381 serii
779 3353 999 3381 teneamur.
1030 3341 1211 3390 Denique
1242 3337 1348 3375 hunc
1380 3337 1510 3386 ipsum
1535 3346 1707 3371 amorem
1738 3345 1780 3368 ex
1811 3330 1912 3367 dono
1948 3329 2019 3366 Dei
2041 3329 2155 3365 nohis
