<?xml version="1.0" encoding="UTF-8"?>
<!DOCTYPE html PUBLIC "-//W3C//DTD XHTML 1.0 Transitional//EN"
    "http://www.w3.org/TR/xhtml1/DTD/xhtml1-transitional.dtd">
<html xmlns="http://www.w3.org/1999/xhtml" xml:lang="en" lang="en">
 <head>
  <title>
</title>
<meta http-equiv="Content-Type" content="text/html;charset=utf-8" />
  <meta name='ocr-system' content='tesseract 3.04.00' />
  <meta name='ocr-capabilities' content='ocr_page ocr_carea ocr_par ocr_line ocrx_word'/>
</head>
<body>
  <div class='ocr_page' id='page_1' title='image "./operaomniapostho01bernuoft/operaomniapostho01bernuoft_0142.png"; bbox 0 0 2533 3920; ppageno 0'>
   <div class='ocr_carea' id='block_1_1' title="bbox 366 213 440 250">
    <p class='ocr_par' dir='ltr' id='par_1_1' title="bbox 366 213 440 250">
     <span class='ocr_line' id='line_1_1' title="bbox 366 213 440 250; baseline -0.014 0"><span class='ocrx_word' id='word_1_1' title='bbox 366 213 440 250; x_wconf 78' lang='lat'>259</span> 
     </span>
    </p>
   </div>
   <div class='ocr_carea' id='block_1_2' title="bbox 459 504 1287 563">
    <p class='ocr_par' dir='ltr' id='par_1_2' title="bbox 459 504 1287 563">
     <span class='ocr_line' id='line_1_2' title="bbox 459 504 1287 563; baseline 0.001 -4"><span class='ocrx_word' id='word_1_2' title='bbox 459 504 837 562; x_wconf 88' lang='lat' dir='ltr'><strong>EPISTOLA</strong></span> <span class='ocrx_word' id='word_1_3' title='bbox 886 506 984 560; x_wconf 89' lang='lat' dir='ltr'>LX</span> <span class='ocrx_word' id='word_1_4' title='bbox 999 504 1287 563; x_wconf 55' lang='lat' dir='ltr'>XXVIII?</span> 
     </span>
    </p>
   </div>
   <div class='ocr_carea' id='block_1_3' title="bbox 740 659 988 683">
    <p class='ocr_par' dir='ltr' id='par_1_3' title="bbox 740 659 988 683">
     <span class='ocr_line' id='line_1_3' title="bbox 740 659 988 683; baseline 0.008 -2"><span class='ocrx_word' id='word_1_5' title='bbox 740 659 786 681; x_wconf 76' lang='lat' dir='ltr'>AD</span> <span class='ocrx_word' id='word_1_6' title='bbox 816 660 988 683; x_wconf 53' lang='lat' dir='ltr'>mummi.</span> 
     </span>
    </p>
   </div>
   <div class='ocr_carea' id='block_1_4' title="bbox 360 781 1373 987">
    <p class='ocr_par' dir='ltr' id='par_1_4' title="bbox 360 781 1373 987">
     <span class='ocr_line' id='line_1_4' title="bbox 360 781 1370 827; baseline 0.001 -12"><span class='ocrx_word' id='word_1_7' title='bbox 360 786 399 815; x_wconf 78' lang='lat' dir='ltr'>Se</span> <span class='ocrx_word' id='word_1_8' title='bbox 416 782 520 814; x_wconf 86' lang='lat' dir='ltr'>multis</span> <span class='ocrx_word' id='word_1_9' title='bbox 546 783 803 826; x_wconf 76' lang='lat' dir='ltr'>occupationibus</span> <span class='ocrx_word' id='word_1_10' title='bbox 828 782 1032 826; x_wconf 84' lang='lat' dir='ltr'>impeditum,</span> <span class='ocrx_word' id='word_1_11' title='bbox 1063 781 1213 815; x_wconf 78' lang='lat' dir='ltr'>hactenus</span> <span class='ocrx_word' id='word_1_12' title='bbox 1233 795 1297 815; x_wconf 90' lang='lat' dir='ltr'>non</span> <span class='ocrx_word' id='word_1_13' title='bbox 1314 795 1370 827; x_wconf 90' lang='lat' dir='ltr'>po-</span> 
     </span>
     <span class='ocr_line' id='line_1_5' title="bbox 408 837 1371 880; baseline 0.001 -11"><span class='ocrx_word' id='word_1_14' title='bbox 408 838 502 869; x_wconf 82' lang='lat' dir='ltr'>tuisse</span> <span class='ocrx_word' id='word_1_15' title='bbox 532 838 611 869; x_wconf 67' lang='lat' dir='ltr'>votis</span> <span class='ocrx_word' id='word_1_16' title='bbox 645 838 711 880; x_wconf 86' lang='lat' dir='ltr'>ejus</span> <span class='ocrx_word' id='word_1_17' title='bbox 742 837 946 876; x_wconf 78' lang='lat' dir='ltr'>satissacere3</span> <span class='ocrx_word' id='word_1_18' title='bbox 987 838 1118 880; x_wconf 82' lang='lat' dir='ltr'>cogique</span> <span class='ocrx_word' id='word_1_19' title='bbox 1153 839 1245 870; x_wconf 81' lang='lat' dir='ltr'>etiam</span> <span class='ocrx_word' id='word_1_20' title='bbox 1277 839 1371 870; x_wconf 90' lang='lat' dir='ltr'>modo</span> 
     </span>
     <span class='ocr_line' id='line_1_6' title="bbox 409 891 1373 933; baseline 0.002 -11"><span class='ocrx_word' id='word_1_21' title='bbox 409 891 531 933; x_wconf 83' lang='lat' dir='ltr'>parcius</span> <span class='ocrx_word' id='word_1_22' title='bbox 558 891 704 922; x_wconf 83' lang='lat' dir='ltr'>scribere.</span> <span class='ocrx_word' id='word_1_23' title='bbox 739 891 935 933; x_wconf 81' lang='lat' dir='ltr'>Opusculum</span> <span class='ocrx_word' id='word_1_24' title='bbox 961 891 1120 932; x_wconf 83' lang='lat' dir='ltr'>quoddam</span> <span class='ocrx_word' id='word_1_25' title='bbox 1139 902 1227 923; x_wconf 88' lang='lat' dir='ltr'>suum</span> <span class='ocrx_word' id='word_1_26' title='bbox 1255 892 1306 924; x_wconf 87' lang='lat' dir='ltr'>edi</span> <span class='ocrx_word' id='word_1_27' title='bbox 1340 892 1373 924; x_wconf 90' lang='lat' dir='ltr'>in</span> 
     </span>
     <span class='ocr_line' id='line_1_7' title="bbox 406 943 983 987; baseline 0 -12"><span class='ocrx_word' id='word_1_28' title='bbox 406 944 566 987; x_wconf 73' lang='lat' dir='ltr'>publicum</span> <span class='ocrx_word' id='word_1_29' title='bbox 581 950 663 975; x_wconf 76' lang='lat' dir='ltr'>vetat</span> <span class='ocrx_word' id='word_1_30' title='bbox 677 968 685 982; x_wconf 93' lang='lat'>,</span> <span class='ocrx_word' id='word_1_31' title='bbox 705 943 764 974; x_wconf 82' lang='lat' dir='ltr'>nisi</span> <span class='ocrx_word' id='word_1_32' title='bbox 779 944 983 985; x_wconf 80' lang='lat' dir='ltr'>recognitum.</span> 
     </span>
    </p>
   </div>
   <div class='ocr_carea' id='block_1_5' title="bbox 1132 212 2450 401">
    <p class='ocr_par' dir='ltr' id='par_1_5' title="bbox 1132 212 2450 401">
     <span class='ocr_line' id='line_1_8' title="bbox 1132 212 1684 249; baseline -0.002 0"><span class='ocrx_word' id='word_1_33' title='bbox 1132 215 1166 249; x_wconf 88' lang='lat' dir='ltr'>S.</span> <span class='ocrx_word' id='word_1_34' title='bbox 1199 212 1452 248; x_wconf 76' lang='lat' dir='ltr'>BERNARDI</span> <span class='ocrx_word' id='word_1_35' title='bbox 1482 214 1684 249; x_wconf 74' lang='lat' dir='ltr'>ABBATIS</span> 
     </span>
     <span class='ocr_line' id='line_1_9' title="bbox 1409 288 2449 341; baseline 0.002 -14"><span class='ocrx_word' id='word_1_36' title='bbox 1409 289 1421 308; x_wconf 84' lang='lat'>⁴</span> <span class='ocrx_word' id='word_1_37' title='bbox 1440 291 1677 341; x_wconf 83' lang='lat' dir='ltr'>indignaris?</span> <span class='ocrx_word' id='word_1_38' title='bbox 1700 290 1736 328; x_wconf 92' lang='lat' dir='ltr'>Si</span> <span class='ocrx_word' id='word_1_39' title='bbox 1760 289 1838 336; x_wconf 75' lang='lat' dir='ltr'>vis,</span> <span class='ocrx_word' id='word_1_40' title='bbox 1863 289 1892 325; x_wconf 91' lang='lat' dir='ltr'>si</span> <span class='ocrx_word' id='word_1_41' title='bbox 1919 288 2056 336; x_wconf 90' lang='lat' dir='ltr'>audes,</span> <span class='ocrx_word' id='word_1_42' title='bbox 2078 289 2239 325; x_wconf 79' lang='lat' dir='ltr'>irascere</span> <span class='ocrx_word' id='word_1_43' title='bbox 2263 288 2449 329; x_wconf 81' lang='lat' dir='ltr'>charitati.</span> 
     </span>
     <span class='ocr_line' id='line_1_10' title="bbox 1144 348 2450 401; baseline 0.002 -18"><span class='ocrx_word' id='word_1_44' title='bbox 1144 374 1368 384; x_wconf 59' lang='lat' dir='ltr'>,mmmmm</span> <span class='ocrx_word' id='word_1_45' title='bbox 1387 350 1418 384; x_wconf 90' lang='lat' dir='ltr'><strong>A</strong></span> <span class='ocrx_word' id='word_1_46' title='bbox 1438 356 1494 390; x_wconf 83' lang='lat' dir='ltr'>De</span> <span class='ocrx_word' id='word_1_47' title='bbox 1519 364 1594 401; x_wconf 88' lang='lat' dir='ltr'>qua</span> <span class='ocrx_word' id='word_1_48' title='bbox 1615 362 1780 399; x_wconf 84' lang='lat' dir='ltr'>namque</span> <span class='ocrx_word' id='word_1_49' title='bbox 1800 349 1999 399; x_wconf 85' lang='lat' dir='ltr'>praesumis</span> <span class='ocrx_word' id='word_1_50' title='bbox 2021 349 2228 399; x_wconf 83' lang='lat' dir='ltr'>impetrare</span> <span class='ocrx_word' id='word_1_51' title='bbox 2249 348 2355 399; x_wconf 88' lang='lat' dir='ltr'>quod</span> <span class='ocrx_word' id='word_1_52' title='bbox 2375 363 2450 400; x_wconf 91' lang='lat' dir='ltr'>po-</span> 
     </span>
    </p>
   </div>
   <div class='ocr_carea' id='block_1_6' title="bbox 2371 211 2447 249">
    <p class='ocr_par' dir='ltr' id='par_1_6' title="bbox 2371 211 2447 249">
     <span class='ocr_line' id='line_1_11' title="bbox 2371 211 2447 249; baseline 0.013 -1"><span class='ocrx_word' id='word_1_53' title='bbox 2371 211 2447 249; x_wconf 71' lang='lat'>260</span> 
     </span>
    </p>
   </div>
   <div class='ocr_carea' id='block_1_7' title="bbox 1435 408 2452 1061">
    <p class='ocr_par' dir='ltr' id='par_1_7' title="bbox 1435 408 2452 1061">
     <span class='ocr_line' id='line_1_12' title="bbox 1438 408 2451 461; baseline -0.003 -12"><span class='ocrx_word' id='word_1_54' title='bbox 1438 412 1572 457; x_wconf 72' lang='lat' dir='ltr'>stillas,</span> <span class='ocrx_word' id='word_1_55' title='bbox 1594 411 1674 461; x_wconf 85' lang='lat' dir='ltr'>ipsa</span> <span class='ocrx_word' id='word_1_56' title='bbox 1695 408 1924 460; x_wconf 80' lang='lat' dir='ltr'>prohibente</span> <span class='ocrx_word' id='word_1_57' title='bbox 1946 409 1986 444; x_wconf 87' lang='lat' dir='ltr'>fit</span> <span class='ocrx_word' id='word_1_58' title='bbox 2007 422 2054 445; x_wconf 89' lang='lat' dir='ltr'>ne</span> <span class='ocrx_word' id='word_1_59' title='bbox 2073 409 2267 459; x_wconf 83' lang='lat' dir='ltr'>impetres.</span> <span class='ocrx_word' id='word_1_60' title='bbox 2291 412 2339 446; x_wconf 89' lang='lat' dir='ltr'>Et</span> <span class='ocrx_word' id='word_1_61' title='bbox 2363 422 2451 447; x_wconf 89' lang='lat' dir='ltr'>ecce</span> 
     </span>
     <span class='ocr_line' id='line_1_13' title="bbox 1435 468 2452 521; baseline -0.002 -13"><span class='ocrx_word' id='word_1_62' title='bbox 1435 471 1514 521; x_wconf 90' lang='lat' dir='ltr'>jam</span> <span class='ocrx_word' id='word_1_63' title='bbox 1542 472 1701 520; x_wconf 88' lang='lat' dir='ltr'>longum</span> <span class='ocrx_word' id='word_1_64' title='bbox 1722 477 1898 506; x_wconf 79' lang='lat' dir='ltr'>causatur</span> <span class='ocrx_word' id='word_1_65' title='bbox 1924 481 2163 515; x_wconf 87' lang='lat' dir='ltr'>sermonem,</span> <span class='ocrx_word' id='word_1_66' title='bbox 2185 477 2222 506; x_wconf 88' lang='lat' dir='ltr'>et</span> <span class='ocrx_word' id='word_1_67' title='bbox 2254 468 2321 506; x_wconf 88' lang='lat' dir='ltr'>tibi</span> <span class='ocrx_word' id='word_1_68' title='bbox 2349 469 2452 506; x_wconf 87' lang='lat' dir='ltr'>indi—-</span> 
     </span>
     <span class='ocr_line' id='line_1_14' title="bbox 1440 528 2451 582; baseline 0 -14"><span class='ocrx_word' id='word_1_69' title='bbox 1440 539 1579 582; x_wconf 86' lang='lat' dir='ltr'>gnatur</span> <span class='ocrx_word' id='word_1_70' title='bbox 1596 531 1662 580; x_wconf 90' lang='lat' dir='ltr'>qui</span> <span class='ocrx_word' id='word_1_71' title='bbox 1680 530 1794 579; x_wconf 87' lang='lat' dir='ltr'>cogis.</span> <span class='ocrx_word' id='word_1_72' title='bbox 1811 533 1898 566; x_wconf 75' lang='lat' dir='ltr'>Non</span> <span class='ocrx_word' id='word_1_73' title='bbox 1919 529 2023 579; x_wconf 91' lang='lat' dir='ltr'>quod</span> <span class='ocrx_word' id='word_1_74' title='bbox 2043 528 2115 566; x_wconf 89' lang='lat' dir='ltr'>sibi</span> <span class='ocrx_word' id='word_1_75' title='bbox 2135 529 2330 580; x_wconf 89' lang='lat' dir='ltr'>displiceat</span> <span class='ocrx_word' id='word_1_76' title='bbox 2349 530 2451 568; x_wconf 86' lang='lat' dir='ltr'>zelus</span> 
     </span>
     <span class='ocr_line' id='line_1_15' title="bbox 1438 589 2449 642; baseline -0.001 -14"><span class='ocrx_word' id='word_1_77' title='bbox 1438 605 1516 642; x_wconf 87' lang='lat' dir='ltr'>quo</span> <span class='ocrx_word' id='word_1_78' title='bbox 1535 590 1573 627; x_wconf 92' lang='lat' dir='ltr'>id</span> <span class='ocrx_word' id='word_1_79' title='bbox 1594 590 1705 636; x_wconf 88' lang='lat' dir='ltr'>facis;</span> <span class='ocrx_word' id='word_1_80' title='bbox 1727 589 1871 639; x_wconf 89' lang='lat' dir='ltr'>quippe</span> <span class='ocrx_word' id='word_1_81' title='bbox 1889 602 2003 639; x_wconf 87' lang='lat' dir='ltr'>quem</span> <span class='ocrx_word' id='word_1_82' title='bbox 2022 597 2060 626; x_wconf 91' lang='lat' dir='ltr'>et</span> <span class='ocrx_word' id='word_1_83' title='bbox 2077 589 2158 639; x_wconf 89' lang='lat' dir='ltr'>ipsa</span> <span class='ocrx_word' id='word_1_84' title='bbox 2176 589 2334 626; x_wconf 84' lang='lat' dir='ltr'>donavit</span> <span class='ocrx_word' id='word_1_85' title='bbox 2354 589 2423 627; x_wconf 90' lang='lat' dir='ltr'>tibi</span> <span class='ocrx_word' id='word_1_86' title='bbox 2439 604 2449 628; x_wconf 70' lang='grc' dir='ltr'><strong><em>ε</em></strong></span> 
     </span>
     <span class='ocr_line' id='line_1_16' title="bbox 1437 647 2449 696; baseline -0.003 -7"><span class='ocrx_word' id='word_1_87' title='bbox 1437 651 1503 689; x_wconf 86' lang='lat' dir='ltr'>sed</span> <span class='ocrx_word' id='word_1_88' title='bbox 1523 651 1607 687; x_wconf 67' lang='lat' dir='ltr'>vult</span> <span class='ocrx_word' id='word_1_89' title='bbox 1632 658 1668 687; x_wconf 90' lang='lat' dir='ltr'>tc</span> <span class='ocrx_word' id='word_1_90' title='bbox 1692 650 1800 686; x_wconf 90' lang='lat' dir='ltr'>illum</span> <span class='ocrx_word' id='word_1_91' title='bbox 1825 647 1966 686; x_wconf 88' lang='lat' dir='ltr'>habere</span> <span class='ocrx_word' id='word_1_92' title='bbox 1996 649 2207 685; x_wconf 90' lang='lat' dir='ltr'>secundum</span> <span class='ocrx_word' id='word_1_93' title='bbox 2229 648 2424 686; x_wconf 89' lang='lat' dir='ltr'>scientiam</span> <span class='ocrx_word' id='word_1_94' title='bbox 2439 678 2449 696; x_wconf 92' lang='lat'>‚</span> 
     </span>
     <span class='ocr_line' id='line_1_17' title="bbox 1438 708 2449 759; baseline -0.003 -10"><span class='ocrx_word' id='word_1_95' title='bbox 1438 720 1480 749; x_wconf 90' lang='lat' dir='ltr'>ut</span> <span class='ocrx_word' id='word_1_96' title='bbox 1509 719 1644 749; x_wconf 91' lang='lat' dir='ltr'>cautus</span> <span class='ocrx_word' id='word_1_97' title='bbox 1667 710 1716 747; x_wconf 90' lang='lat' dir='ltr'>sis</span> <span class='ocrx_word' id='word_1_98' title='bbox 1742 708 1889 759; x_wconf 87' lang='lat' dir='ltr'>majora</span> <span class='ocrx_word' id='word_1_99' title='bbox 1916 708 2130 745; x_wconf 88' lang='lat' dir='ltr'>minoribus</span> <span class='ocrx_word' id='word_1_100' title='bbox 2153 722 2231 746; x_wconf 91' lang='lat' dir='ltr'>non</span> <span class='ocrx_word' id='word_1_101' title='bbox 2250 708 2449 759; x_wconf 85' lang='lat' dir='ltr'>impedire.</span> 
     </span>
     <span class='ocr_line' id='line_1_18' title="bbox 1436 769 2448 822; baseline -0.003 -13"><span class='ocrx_word' id='word_1_102' title='bbox 1436 772 1551 809; x_wconf 85' lang='lat' dir='ltr'>Vides</span> <span class='ocrx_word' id='word_1_103' title='bbox 1574 784 1688 822; x_wconf 90' lang='lat' dir='ltr'>quam</span> <span class='ocrx_word' id='word_1_104' title='bbox 1709 770 1851 807; x_wconf 75' lang='lat' dir='ltr'>invitus</span> <span class='ocrx_word' id='word_1_105' title='bbox 1871 770 2017 807; x_wconf 70' lang='lat' dir='ltr'>avellor</span> <span class='ocrx_word' id='word_1_106' title='bbox 2036 783 2057 807; x_wconf 90' lang='lat' dir='ltr'>a</span> <span class='ocrx_word' id='word_1_107' title='bbox 2078 769 2244 820; x_wconf 83' lang='lat' dir='ltr'>longiori</span> <span class='ocrx_word' id='word_1_108' title='bbox 2264 769 2448 820; x_wconf 85' lang='lat' dir='ltr'>epistola,</span> 
     </span>
     <span class='ocr_line' id='line_1_19' title="bbox 1439 829 2452 880; baseline -0.003 -11"><span class='ocrx_word' id='word_1_109' title='bbox 1439 833 1531 870; x_wconf 91' lang='lat' dir='ltr'>dum</span> <span class='ocrx_word' id='word_1_110' title='bbox 1563 831 1699 868; x_wconf 90' lang='lat' dir='ltr'>ductus</span> <span class='ocrx_word' id='word_1_111' title='bbox 1728 831 1980 868; x_wconf 88' lang='lat' dir='ltr'>delectatione</span> <span class='ocrx_word' id='word_1_112' title='bbox 2012 829 2079 867; x_wconf 82' lang='lat' dir='ltr'>tibi</span> <span class='ocrx_word' id='word_1_113' title='bbox 2110 829 2380 880; x_wconf 89' lang='lat' dir='ltr'>colloquendi,</span> <span class='ocrx_word' id='word_1_114' title='bbox 2413 836 2452 866; x_wconf 85' lang='lat' dir='ltr'>et</span> 
     </span>
     <span class='ocr_line' id='line_1_20' title="bbox 1439 890 2452 938; baseline -0.001 -9"><span class='ocrx_word' id='word_1_115' title='bbox 1439 892 1628 929; x_wconf 89' lang='lat' dir='ltr'>desiderio</span> <span class='ocrx_word' id='word_1_116' title='bbox 1649 891 1926 938; x_wconf 85' lang='lat' dir='ltr'>satisfaciendi,</span> <span class='ocrx_word' id='word_1_117' title='bbox 1945 890 2112 928; x_wconf 85' lang='lat' dir='ltr'>dominae</span> <span class='ocrx_word' id='word_1_118' title='bbox 2134 890 2307 928; x_wconf 89' lang='lat' dir='ltr'>charitati</span> <span class='ocrx_word' id='word_1_119' title='bbox 2329 890 2452 928; x_wconf 88' lang='lat' dir='ltr'>mole-</span> 
     </span>
     <span class='ocr_line' id='line_1_21' title="bbox 1439 950 2449 1001; baseline -0.002 -12"><span class='ocrx_word' id='word_1_120' title='bbox 1439 961 1519 989; x_wconf 88' lang='lat' dir='ltr'>stus</span> <span class='ocrx_word' id='word_1_121' title='bbox 1551 953 1620 999; x_wconf 87' lang='lat' dir='ltr'>fio,</span> <span class='ocrx_word' id='word_1_122' title='bbox 1639 965 1714 1001; x_wconf 92' lang='lat' dir='ltr'>qua</span> <span class='ocrx_word' id='word_1_123' title='bbox 1729 950 1958 1001; x_wconf 88' lang='lat' dir='ltr'>jamdudum</span> <span class='ocrx_word' id='word_1_124' title='bbox 1978 951 2192 1001; x_wconf 83' lang='lat' dir='ltr'>imperante</span> <span class='ocrx_word' id='word_1_125' title='bbox 2211 951 2326 988; x_wconf 85' lang='lat' dir='ltr'>finem</span> <span class='ocrx_word' id='word_1_126' title='bbox 2343 950 2425 987; x_wconf 83' lang='lat' dir='ltr'>fieri</span> <span class='ocrx_word' id='word_1_127' title='bbox 2438 977 2449 996; x_wconf 94' lang='lat'>,</span> 
     </span>
     <span class='ocr_line' id='line_1_22' title="bbox 1438 1011 2452 1061; baseline 0 -13"><span class='ocrx_word' id='word_1_128' title='bbox 1438 1012 1603 1048; x_wconf 88' lang='lat' dir='ltr'>necdum</span> <span class='ocrx_word' id='word_1_129' title='bbox 1625 1019 1744 1048; x_wconf 91' lang='lat' dir='ltr'>taceo.</span> <span class='ocrx_word' id='word_1_130' title='bbox 1763 1014 1794 1048; x_wconf 95' lang='grc' dir='ltr'>Ο</span> <span class='ocrx_word' id='word_1_131' title='bbox 1809 1024 1923 1061; x_wconf 90' lang='lat' dir='ltr'>quam</span> <span class='ocrx_word' id='word_1_132' title='bbox 1944 1011 2020 1048; x_wconf 87' lang='lat' dir='ltr'>lata</span> <span class='ocrx_word' id='word_1_133' title='bbox 2034 1011 2074 1048; x_wconf 93' lang='lat' dir='ltr'>in</span> <span class='ocrx_word' id='word_1_134' title='bbox 2096 1012 2169 1049; x_wconf 89' lang='lat' dir='ltr'>tuis</span> <span class='ocrx_word' id='word_1_135' title='bbox 2191 1011 2327 1049; x_wconf 87' lang='lat' dir='ltr'>litteris</span> <span class='ocrx_word' id='word_1_136' title='bbox 2346 1019 2452 1061; x_wconf 85' lang='lat' dir='ltr'>patet</span> 
     </span>
    </p>
   </div>
   <div class='ocr_carea' id='block_1_8' title="bbox 417 1062 2452 1121">
    <p class='ocr_par' dir='ltr' id='par_1_8' title="bbox 417 1062 2452 1121">
     <span class='ocr_line' id='line_1_23' title="bbox 417 1062 2452 1121; baseline 0.003 -18"><span class='ocrx_word' id='word_1_137' title='bbox 417 1067 449 1101; x_wconf 81' lang='lat' dir='ltr'>l.</span> <span class='ocrx_word' id='word_1_138' title='bbox 466 1063 609 1102; x_wconf 83' lang='lat' dir='ltr'>Omitto</span> <span class='ocrx_word' id='word_1_139' title='bbox 629 1076 730 1099; x_wconf 80' lang='lat' dir='ltr'>nunc</span> <span class='ocrx_word' id='word_1_140' title='bbox 748 1062 976 1112; x_wconf 71' lang='lat' dir='ltr'>imperitiam</span> <span class='ocrx_word' id='word_1_141' title='bbox 995 1076 1116 1100; x_wconf 69' lang='lat' dir='ltr'>meam</span> <span class='ocrx_word' id='word_1_142' title='bbox 1130 1092 1140 1110; x_wconf 72' lang='lat' dir='ltr'>a</span> <span class='ocrx_word' id='word_1_143' title='bbox 1159 1071 1265 1100; x_wconf 74' lang='lat' dir='ltr'>taceO</span> <span class='ocrx_word' id='word_1_144' title='bbox 1282 1076 1372 1113; x_wconf 81' lang='grc' dir='ltr'><strong>ΡΓΟ-</strong></span> <span class='ocrx_word' id='word_1_145' title='bbox 1391 1063 1419 1101; x_wconf 82' lang='grc' dir='ltr'>Β</span> <span class='ocrx_word' id='word_1_146' title='bbox 1440 1071 1597 1108; x_wconf 85' lang='lat' dir='ltr'>materia</span> <span class='ocrx_word' id='word_1_147' title='bbox 1614 1070 1887 1121; x_wconf 87' lang='lat' dir='ltr'>respondendi.</span> <span class='ocrx_word' id='word_1_148' title='bbox 1905 1070 2019 1119; x_wconf 87' lang='lat' dir='ltr'>Quod</span> <span class='ocrx_word' id='word_1_149' title='bbox 2036 1072 2067 1108; x_wconf 91' lang='lat' dir='ltr'>si</span> <span class='ocrx_word' id='word_1_150' title='bbox 2088 1071 2200 1121; x_wconf 85' lang='lat' dir='ltr'>digne</span> <span class='ocrx_word' id='word_1_151' title='bbox 2223 1072 2390 1109; x_wconf 86' lang='lat' dir='ltr'>licuisset</span> <span class='ocrx_word' id='word_1_152' title='bbox 2409 1079 2452 1109; x_wconf 91' lang='lat' dir='ltr'>ut</span> 
     </span>
    </p>
   </div>
   <div class='ocr_carea' id='block_1_9' title="bbox 352 1123 1370 1834">
    <p class='ocr_par' dir='ltr' id='par_1_9' title="bbox 352 1123 1370 1834">
     <span class='ocr_line' id='line_1_24' title="bbox 358 1123 1370 1173; baseline -0.001 -12"><span class='ocrx_word' id='word_1_153' title='bbox 358 1124 532 1161; x_wconf 88' lang='lat' dir='ltr'>fessionis</span> <span class='ocrx_word' id='word_1_154' title='bbox 550 1123 823 1170; x_wconf 87' lang='lat' dir='ltr'>humilitatem,</span> <span class='ocrx_word' id='word_1_155' title='bbox 841 1136 905 1160; x_wconf 84' lang='lat' dir='ltr'>seu</span> <span class='ocrx_word' id='word_1_156' title='bbox 924 1123 1148 1160; x_wconf 91' lang='lat' dir='ltr'>humilitatis</span> <span class='ocrx_word' id='word_1_157' title='bbox 1165 1124 1370 1173; x_wconf 85' lang='lat' dir='ltr'>professio-</span> 
     </span>
     <span class='ocr_line' id='line_1_25' title="bbox 358 1182 1370 1232; baseline 0.001 -12"><span class='ocrx_word' id='word_1_158' title='bbox 358 1197 468 1231; x_wconf 82' lang='lat' dir='ltr'>ncm3</span> <span class='ocrx_word' id='word_1_159' title='bbox 491 1197 560 1220; x_wconf 88' lang='lat' dir='ltr'>nec</span> <span class='ocrx_word' id='word_1_160' title='bbox 585 1182 665 1232; x_wconf 88' lang='lat' dir='ltr'>jam</span> <span class='ocrx_word' id='word_1_161' title='bbox 700 1182 871 1220; x_wconf 91' lang='lat' dir='ltr'>obtendo</span> <span class='ocrx_word' id='word_1_162' title='bbox 898 1184 959 1220; x_wconf 69' lang='lat' dir='ltr'>vel</span> <span class='ocrx_word' id='word_1_163' title='bbox 990 1184 1083 1231; x_wconf 92' lang='lat' dir='ltr'>loci,</span> <span class='ocrx_word' id='word_1_164' title='bbox 1114 1184 1175 1221; x_wconf 67' lang='lat' dir='ltr'>vel</span> <span class='ocrx_word' id='word_1_165' title='bbox 1203 1184 1370 1221; x_wconf 87' lang='lat' dir='ltr'>nominis</span> 
     </span>
     <span class='ocr_line' id='line_1_26' title="bbox 359 1242 1367 1292; baseline 0.001 -12"><span class='ocrx_word' id='word_1_166' title='bbox 359 1245 432 1280; x_wconf 88' lang='lat' dir='ltr'>mei</span> <span class='ocrx_word' id='word_1_167' title='bbox 453 1257 531 1280; x_wconf 87' lang='lat' dir='ltr'>non</span> <span class='ocrx_word' id='word_1_168' title='bbox 550 1243 635 1280; x_wconf 89' lang='lat' dir='ltr'>dico</span> <span class='ocrx_word' id='word_1_169' title='bbox 651 1242 907 1292; x_wconf 86' lang='lat' dir='ltr'>abjectionem</span> <span class='ocrx_word' id='word_1_170' title='bbox 920 1272 929 1289; x_wconf 85' lang='lat'>,</span> <span class='ocrx_word' id='word_1_171' title='bbox 949 1243 1015 1280; x_wconf 83' lang='lat' dir='ltr'>sed</span> <span class='ocrx_word' id='word_1_172' title='bbox 1036 1244 1339 1281; x_wconf 85' lang='lat' dir='ltr'>mediocritatem</span> <span class='ocrx_word' id='word_1_173' title='bbox 1359 1260 1367 1283; x_wconf 90' lang='lat'>:</span> 
     </span>
     <span class='ocr_line' id='line_1_27' title="bbox 356 1302 1368 1354; baseline 0.004 -15"><span class='ocrx_word' id='word_1_174' title='bbox 356 1304 445 1353; x_wconf 89' lang='lat' dir='ltr'>quia</span> <span class='ocrx_word' id='word_1_175' title='bbox 461 1303 650 1354; x_wconf 90' lang='lat' dir='ltr'>quidquid</span> <span class='ocrx_word' id='word_1_176' title='bbox 668 1304 740 1340; x_wconf 91' lang='lat' dir='ltr'>tale</span> <span class='ocrx_word' id='word_1_177' title='bbox 762 1302 895 1340; x_wconf 80' lang='lat' dir='ltr'>dixero</span> <span class='ocrx_word' id='word_1_178' title='bbox 909 1333 918 1349; x_wconf 95' lang='lat'>,</span> <span class='ocrx_word' id='word_1_179' title='bbox 939 1313 979 1341; x_wconf 90' lang='lat' dir='ltr'>tu</span> <span class='ocrx_word' id='word_1_180' title='bbox 998 1305 1071 1341; x_wconf 90' lang='lat' dir='ltr'>hoc</span> <span class='ocrx_word' id='word_1_181' title='bbox 1092 1319 1170 1342; x_wconf 92' lang='lat' dir='ltr'>non</span> <span class='ocrx_word' id='word_1_182' title='bbox 1200 1318 1368 1343; x_wconf 84' lang='lat' dir='ltr'>necessa-</span> 
     </span>
     <span class='ocr_line' id='line_1_28' title="bbox 355 1363 1367 1410; baseline 0.003 -10"><span class='ocrx_word' id='word_1_183' title='bbox 355 1364 451 1400; x_wconf 86' lang='lat' dir='ltr'>riam</span> <span class='ocrx_word' id='word_1_184' title='bbox 474 1364 778 1410; x_wconf 80' lang='lat' dir='ltr'>excusationem,</span> <span class='ocrx_word' id='word_1_185' title='bbox 800 1363 866 1400; x_wconf 90' lang='lat' dir='ltr'>sed</span> <span class='ocrx_word' id='word_1_186' title='bbox 892 1364 1106 1402; x_wconf 80' lang='lat' dir='ltr'>dilatoriam</span> <span class='ocrx_word' id='word_1_187' title='bbox 1129 1366 1367 1403; x_wconf 82' lang='lat' dir='ltr'>occasionem</span> 
     </span>
     <span class='ocr_line' id='line_1_29' title="bbox 355 1423 1367 1476; baseline 0.004 -17"><span class='ocrx_word' id='word_1_188' title='bbox 355 1423 594 1469; x_wconf 83' lang='lat' dir='ltr'>nominabis,</span> <span class='ocrx_word' id='word_1_189' title='bbox 612 1424 678 1473; x_wconf 89' lang='lat' dir='ltr'>qui</span> <span class='ocrx_word' id='word_1_190' title='bbox 701 1437 845 1470; x_wconf 88' lang='lat' dir='ltr'>meam,</span> <span class='ocrx_word' id='word_1_191' title='bbox 870 1433 912 1461; x_wconf 87' lang='lat' dir='ltr'>ut</span> <span class='ocrx_word' id='word_1_192' title='bbox 938 1425 1029 1462; x_wconf 91' lang='lat' dir='ltr'>mihi</span> <span class='ocrx_word' id='word_1_193' title='bbox 1055 1425 1275 1473; x_wconf 71' lang='lat' dir='ltr'>videbatur,</span> <span class='ocrx_word' id='word_1_194' title='bbox 1302 1426 1367 1476; x_wconf 84' lang='lat' dir='ltr'>ju—</span> 
     </span>
     <span class='ocr_line' id='line_1_30' title="bbox 355 1484 1367 1534; baseline 0.004 -14"><span class='ocrx_word' id='word_1_195' title='bbox 355 1493 450 1521; x_wconf 87' lang='lat' dir='ltr'>stam</span> <span class='ocrx_word' id='word_1_196' title='bbox 470 1484 741 1521; x_wconf 62' lang='lat' dir='ltr'>verecundiam</span> <span class='ocrx_word' id='word_1_197' title='bbox 759 1513 768 1530; x_wconf 88' lang='lat'>,</span> <span class='ocrx_word' id='word_1_198' title='bbox 792 1498 864 1534; x_wconf 91' lang='lat' dir='ltr'>pro</span> <span class='ocrx_word' id='word_1_199' title='bbox 891 1493 957 1522; x_wconf 88' lang='lat' dir='ltr'>tuo</span> <span class='ocrx_word' id='word_1_200' title='bbox 987 1485 1097 1523; x_wconf 88' lang='lat' dir='ltr'>libitu</span> <span class='ocrx_word' id='word_1_201' title='bbox 1122 1500 1224 1523; x_wconf 85' lang='lat' dir='ltr'>nunc</span> <span class='ocrx_word' id='word_1_202' title='bbox 1250 1487 1367 1524; x_wconf 88' lang='lat' dir='ltr'>indis-</span> 
     </span>
     <span class='ocr_line' id='line_1_31' title="bbox 355 1543 1366 1592; baseline 0.004 -13"><span class='ocrx_word' id='word_1_203' title='bbox 355 1543 594 1588; x_wconf 83' lang='lat' dir='ltr'>cretionem,</span> <span class='ocrx_word' id='word_1_204' title='bbox 629 1557 731 1580; x_wconf 91' lang='lat' dir='ltr'>nunc</span> <span class='ocrx_word' id='word_1_205' title='bbox 766 1544 894 1581; x_wconf 87' lang='lat' dir='ltr'>falsam</span> <span class='ocrx_word' id='word_1_206' title='bbox 937 1546 1215 1592; x_wconf 84' lang='lat' dir='ltr'>humilitatem,</span> <span class='ocrx_word' id='word_1_207' title='bbox 1262 1560 1366 1584; x_wconf 91' lang='lat' dir='ltr'>nunc</span> 
     </span>
     <span class='ocr_line' id='line_1_32' title="bbox 354 1604 1364 1656; baseline 0.006 -17"><span class='ocrx_word' id='word_1_208' title='bbox 354 1604 465 1639; x_wconf 87' lang='lat' dir='ltr'>etiam</span> <span class='ocrx_word' id='word_1_209' title='bbox 494 1617 623 1640; x_wconf 80' lang='lat' dir='ltr'>veram</span> <span class='ocrx_word' id='word_1_210' title='bbox 657 1604 875 1654; x_wconf 84' lang='lat' dir='ltr'>superbiam</span> <span class='ocrx_word' id='word_1_211' title='bbox 907 1606 1182 1656; x_wconf 88' lang='lat' dir='ltr'>interpretaris.</span> <span class='ocrx_word' id='word_1_212' title='bbox 1216 1611 1364 1645; x_wconf 88' lang='lat' dir='ltr'>Horum</span> 
     </span>
     <span class='ocr_line' id='line_1_33' title="bbox 353 1662 1363 1717; baseline 0.006 -19"><span class='ocrx_word' id='word_1_213' title='bbox 353 1664 497 1712; x_wconf 90' lang='lat' dir='ltr'>itaque,</span> <span class='ocrx_word' id='word_1_214' title='bbox 526 1663 615 1712; x_wconf 89' lang='lat' dir='ltr'>quia</span> <span class='ocrx_word' id='word_1_215' title='bbox 644 1662 712 1699; x_wconf 89' lang='lat' dir='ltr'>tibi</span> <span class='ocrx_word' id='word_1_216' title='bbox 748 1663 786 1700; x_wconf 89' lang='lat' dir='ltr'>in</span> <span class='ocrx_word' id='word_1_217' title='bbox 824 1664 984 1702; x_wconf 87' lang='lat' dir='ltr'>dubium</span> <span class='ocrx_word' id='word_1_218' title='bbox 1016 1666 1148 1703; x_wconf 82' lang='lat' dir='ltr'>venire</span> <span class='ocrx_word' id='word_1_219' title='bbox 1177 1676 1363 1717; x_wconf 86' lang='lat' dir='ltr'>possunt,</span> 
     </span>
     <span class='ocr_line' id='line_1_34' title="bbox 352 1724 1365 1777; baseline 0.006 -18"><span class='ocrx_word' id='word_1_220' title='bbox 352 1724 445 1760; x_wconf 89' lang='lat' dir='ltr'>nihil</span> <span class='ocrx_word' id='word_1_221' title='bbox 474 1736 613 1760; x_wconf 86' lang='lat' dir='ltr'>assero.</span> <span class='ocrx_word' id='word_1_222' title='bbox 643 1724 743 1761; x_wconf 91' lang='lat' dir='ltr'>Illud</span> <span class='ocrx_word' id='word_1_223' title='bbox 768 1734 895 1762; x_wconf 87' lang='lat' dir='ltr'>autem</span> <span class='ocrx_word' id='word_1_224' title='bbox 918 1726 1139 1777; x_wconf 88' lang='lat' dir='ltr'>simpliciter</span> <span class='ocrx_word' id='word_1_225' title='bbox 1168 1736 1240 1764; x_wconf 60' lang='lat' dir='ltr'>tuoe</span> <span class='ocrx_word' id='word_1_226' title='bbox 1267 1728 1365 1765; x_wconf 85' lang='lat' dir='ltr'>dile-</span> 
     </span>
     <span class='ocr_line' id='line_1_35' title="bbox 352 1784 1365 1834; baseline 0.005 -14"><span class='ocrx_word' id='word_1_227' title='bbox 352 1784 470 1820; x_wconf 82' lang='lat' dir='ltr'>ctioni</span> <span class='ocrx_word' id='word_1_228' title='bbox 504 1784 667 1831; x_wconf 88' lang='lat' dir='ltr'>intimo,</span> <span class='ocrx_word' id='word_1_229' title='bbox 699 1785 804 1834; x_wconf 91' lang='lat' dir='ltr'>quod</span> <span class='ocrx_word' id='word_1_230' title='bbox 837 1786 1100 1824; x_wconf 86' lang='lat' dir='ltr'>indubitanter</span> <span class='ocrx_word' id='word_1_231' title='bbox 1137 1796 1172 1824; x_wconf 87' lang='lat' dir='ltr'>te</span> <span class='ocrx_word' id='word_1_232' title='bbox 1208 1788 1365 1825; x_wconf 87' lang='lat' dir='ltr'>credere</span> 
     </span>
    </p>
   </div>
   <div class='ocr_carea' id='block_1_10' title="bbox 1431 1130 2452 1844">
    <p class='ocr_par' dir='ltr' id='par_1_10' title="bbox 1431 1130 2452 1844">
     <span class='ocr_line' id='line_1_36' title="bbox 1435 1130 2452 1179; baseline -0.001 -10"><span class='ocrx_word' id='word_1_233' title='bbox 1435 1131 1630 1179; x_wconf 82' lang='lat' dir='ltr'>libuisset3</span> <span class='ocrx_word' id='word_1_234' title='bbox 1649 1140 1692 1171; x_wconf 63' lang='lat' dir='ltr'>et</span> <span class='ocrx_word' id='word_1_235' title='bbox 1709 1130 1777 1168; x_wconf 90' lang='lat' dir='ltr'>tibi</span> <span class='ocrx_word' id='word_1_236' title='bbox 1794 1131 1952 1168; x_wconf 85' lang='lat' dir='ltr'>forsitan</span> <span class='ocrx_word' id='word_1_237' title='bbox 1974 1131 2064 1168; x_wconf 90' lang='lat' dir='ltr'>satis</span> <span class='ocrx_word' id='word_1_238' title='bbox 2082 1139 2180 1168; x_wconf 87' lang='lat' dir='ltr'>esset</span> <span class='ocrx_word' id='word_1_239' title='bbox 2200 1139 2239 1168; x_wconf 87' lang='lat' dir='ltr'>et</span> <span class='ocrx_word' id='word_1_240' title='bbox 2256 1132 2362 1168; x_wconf 85' lang='lat' dir='ltr'>mihi.</span> <span class='ocrx_word' id='word_1_241' title='bbox 2378 1131 2452 1169; x_wconf 91' lang='lat' dir='ltr'>Sed</span> 
     </span>
     <span class='ocr_line' id='line_1_37' title="bbox 1440 1190 2451 1242; baseline 0 -13"><span class='ocrx_word' id='word_1_242' title='bbox 1440 1206 1525 1242; x_wconf 86' lang='lat' dir='ltr'>quae</span> <span class='ocrx_word' id='word_1_243' title='bbox 1546 1191 1649 1229; x_wconf 88' lang='lat' dir='ltr'>aliud</span> <span class='ocrx_word' id='word_1_244' title='bbox 1669 1191 1863 1241; x_wconf 78' lang='lat' dir='ltr'>praecipit,</span> <span class='ocrx_word' id='word_1_245' title='bbox 1886 1191 2043 1228; x_wconf 88' lang='lat' dir='ltr'>domina</span> <span class='ocrx_word' id='word_1_246' title='bbox 2063 1199 2144 1238; x_wconf 89' lang='lat' dir='ltr'>est,</span> <span class='ocrx_word' id='word_1_247' title='bbox 2173 1191 2252 1228; x_wconf 91' lang='lat' dir='ltr'>imo</span> <span class='ocrx_word' id='word_1_248' title='bbox 2273 1190 2451 1229; x_wconf 88' lang='lat' dir='ltr'>dominus</span> 
     </span>
     <span class='ocr_line' id='line_1_38' title="bbox 1436 1251 2450 1301; baseline -0.002 -11"><span class='ocrx_word' id='word_1_249' title='bbox 1436 1261 1503 1290; x_wconf 89' lang='lat' dir='ltr'>est.</span> <span class='ocrx_word' id='word_1_250' title='bbox 1532 1257 1634 1290; x_wconf 89' lang='lat' dir='ltr'>Deus</span> <span class='ocrx_word' id='word_1_251' title='bbox 1660 1252 1761 1289; x_wconf 90' lang='lat' dir='ltr'>enim</span> <span class='ocrx_word' id='word_1_252' title='bbox 1786 1252 1949 1289; x_wconf 89' lang='lat' dir='ltr'>charitas</span> <span class='ocrx_word' id='word_1_253' title='bbox 1973 1258 2055 1289; x_wconf 87' lang='lat' dir='ltr'>cst¹</span> <span class='ocrx_word' id='word_1_254' title='bbox 2079 1267 2087 1289; x_wconf 78' lang='lat' dir='ltr'><strong><em>z</em></strong></span> <span class='ocrx_word' id='word_1_255' title='bbox 2107 1260 2146 1289; x_wconf 90' lang='lat' dir='ltr'>et</span> <span class='ocrx_word' id='word_1_256' title='bbox 2167 1251 2255 1289; x_wconf 87' lang='lat' dir='ltr'>satis</span> <span class='ocrx_word' id='word_1_257' title='bbox 2280 1251 2357 1301; x_wconf 84' lang='lat' dir='ltr'>agit</span> <span class='ocrx_word' id='word_1_258' title='bbox 2377 1264 2450 1301; x_wconf 83' lang='lat' dir='ltr'>pro</span> 
     </span>
     <span class='ocr_line' id='line_1_39' title="bbox 1434 1311 2450 1364; baseline -0.002 -14"><span class='ocrx_word' id='word_1_259' title='bbox 1434 1313 1598 1364; x_wconf 89' lang='lat' dir='ltr'>imperio</span> <span class='ocrx_word' id='word_1_260' title='bbox 1613 1341 1622 1359; x_wconf 91' lang='lat'>,</span> <span class='ocrx_word' id='word_1_261' title='bbox 1644 1321 1833 1363; x_wconf 90' lang='lat' dir='ltr'>quatenus</span> <span class='ocrx_word' id='word_1_262' title='bbox 1853 1311 2011 1350; x_wconf 85' lang='lat' dir='ltr'>debeam</span> <span class='ocrx_word' id='word_1_263' title='bbox 2032 1313 2162 1363; x_wconf 87' lang='lat' dir='ltr'>potius</span> <span class='ocrx_word' id='word_1_264' title='bbox 2183 1311 2450 1362; x_wconf 85' lang='lat' dir='ltr'>obtemperare</span> 
     </span>
     <span class='ocr_line' id='line_1_40' title="bbox 1434 1370 2452 1423; baseline -0.002 -14"><span class='ocrx_word' id='word_1_265' title='bbox 1434 1372 1526 1419; x_wconf 90' lang='lat' dir='ltr'>sibi,</span> <span class='ocrx_word' id='word_1_266' title='bbox 1546 1386 1659 1423; x_wconf 87' lang='lat' dir='ltr'>quam</span> <span class='ocrx_word' id='word_1_267' title='bbox 1681 1372 1740 1408; x_wconf 74' lang='lat' dir='ltr'>vel</span> <span class='ocrx_word' id='word_1_268' title='bbox 1762 1371 1855 1408; x_wconf 89' lang='lat' dir='ltr'>mihi</span> <span class='ocrx_word' id='word_1_269' title='bbox 1871 1401 1880 1419; x_wconf 90' lang='lat'>,</span> <span class='ocrx_word' id='word_1_270' title='bbox 1893 1372 1954 1408; x_wconf 74' lang='lat' dir='ltr'>vcl</span> <span class='ocrx_word' id='word_1_271' title='bbox 1977 1370 2056 1408; x_wconf 91' lang='lat' dir='ltr'>tibi.</span> <span class='ocrx_word' id='word_1_272' title='bbox 2076 1375 2123 1409; x_wconf 92' lang='lat' dir='ltr'>Et</span> <span class='ocrx_word' id='word_1_273' title='bbox 2139 1372 2321 1422; x_wconf 87' lang='lat' dir='ltr'>quoniam</span> <span class='ocrx_word' id='word_1_274' title='bbox 2337 1383 2452 1421; x_wconf 87' lang='lat' dir='ltr'>opor-</span> 
     </span>
     <span class='ocr_line' id='line_1_41' title="bbox 1436 1430 2451 1481; baseline -0.002 -12"><span class='ocrx_word' id='word_1_275' title='bbox 1436 1441 1486 1470; x_wconf 89' lang='lat' dir='ltr'>tet</span> <span class='ocrx_word' id='word_1_276' title='bbox 1507 1432 1680 1470; x_wconf 90' lang='lat' dir='ltr'>charitati</span> <span class='ocrx_word' id='word_1_277' title='bbox 1706 1436 1788 1469; x_wconf 81' lang='lat' dir='ltr'>Deo</span> <span class='ocrx_word' id='word_1_278' title='bbox 1815 1431 1934 1481; x_wconf 88' lang='lat' dir='ltr'>magis</span> <span class='ocrx_word' id='word_1_279' title='bbox 1964 1430 2122 1469; x_wconf 88' lang='lat' dir='ltr'>obedire</span> <span class='ocrx_word' id='word_1_280' title='bbox 2148 1445 2263 1481; x_wconf 90' lang='lat' dir='ltr'>quam</span> <span class='ocrx_word' id='word_1_281' title='bbox 2282 1430 2451 1468; x_wconf 91' lang='lat' dir='ltr'>homini-</span> 
     </span>
     <span class='ocr_line' id='line_1_42' title="bbox 1433 1490 2448 1542; baseline -0.002 -12"><span class='ocrx_word' id='word_1_282' title='bbox 1433 1492 1528 1539; x_wconf 84' lang='lat' dir='ltr'>bus3</span> <span class='ocrx_word' id='word_1_283' title='bbox 1548 1493 1683 1529; x_wconf 89' lang='lat' dir='ltr'>nolens</span> <span class='ocrx_word' id='word_1_284' title='bbox 1700 1492 1933 1541; x_wconf 85' lang='lat' dir='ltr'>dolensque,</span> <span class='ocrx_word' id='word_1_285' title='bbox 1953 1505 2032 1528; x_wconf 91' lang='lat' dir='ltr'>non</span> <span class='ocrx_word' id='word_1_286' title='bbox 2053 1491 2208 1542; x_wconf 89' lang='lat' dir='ltr'>quidem</span> <span class='ocrx_word' id='word_1_287' title='bbox 2227 1505 2326 1542; x_wconf 90' lang='lat' dir='ltr'>nego</span> <span class='ocrx_word' id='word_1_288' title='bbox 2342 1490 2448 1541; x_wconf 89' lang='lat' dir='ltr'>quod</span> 
     </span>
     <span class='ocr_line' id='line_1_43' title="bbox 1431 1551 2449 1603; baseline -0.001 -14"><span class='ocrx_word' id='word_1_289' title='bbox 1431 1553 1603 1603; x_wconf 77' lang='lat' dir='ltr'>postulas</span> <span class='ocrx_word' id='word_1_290' title='bbox 1617 1581 1626 1598; x_wconf 93' lang='lat'>,</span> <span class='ocrx_word' id='word_1_291' title='bbox 1656 1551 1723 1589; x_wconf 88' lang='lat' dir='ltr'>sed</span> <span class='ocrx_word' id='word_1_292' title='bbox 1758 1551 1912 1588; x_wconf 89' lang='lat' dir='ltr'>interim</span> <span class='ocrx_word' id='word_1_293' title='bbox 1955 1551 2091 1588; x_wconf 83' lang='lat' dir='ltr'>differo</span> <span class='ocrx_word' id='word_1_294' title='bbox 2128 1566 2136 1588; x_wconf 93' lang='lat'>:</span> <span class='ocrx_word' id='word_1_295' title='bbox 2168 1565 2216 1589; x_wconf 90' lang='lat' dir='ltr'>ne</span> <span class='ocrx_word' id='word_1_296' title='bbox 2248 1551 2340 1589; x_wconf 91' lang='lat' dir='ltr'>dum</span> <span class='ocrx_word' id='word_1_297' title='bbox 2375 1559 2449 1589; x_wconf 87' lang='lat' dir='ltr'>tuae</span> 
     </span>
     <span class='ocr_line' id='line_1_44' title="bbox 1432 1611 2450 1663; baseline 0 -14"><span class='ocrx_word' id='word_1_298' title='bbox 1432 1613 1546 1663; x_wconf 91' lang='lat' dir='ltr'>cupio</span> <span class='ocrx_word' id='word_1_299' title='bbox 1567 1612 1764 1649; x_wconf 89' lang='lat' dir='ltr'>humiliter</span> <span class='ocrx_word' id='word_1_300' title='bbox 1785 1611 2001 1649; x_wconf 84' lang='lat' dir='ltr'>satisfacere</span> <span class='ocrx_word' id='word_1_301' title='bbox 2021 1612 2233 1659; x_wconf 85' lang='lat' dir='ltr'>voluntati,</span> <span class='ocrx_word' id='word_1_302' title='bbox 2259 1611 2330 1649; x_wconf 89' lang='lat' dir='ltr'>sub</span> <span class='ocrx_word' id='word_1_303' title='bbox 2347 1624 2450 1662; x_wconf 86' lang='lat' dir='ltr'>prae—</span> 
     </span>
     <span class='ocr_line' id='line_1_45' title="bbox 1434 1671 2447 1723; baseline -0.001 -13"><span class='ocrx_word' id='word_1_304' title='bbox 1434 1682 1539 1710; x_wconf 76' lang='lat' dir='ltr'>textu</span> <span class='ocrx_word' id='word_1_305' title='bbox 1570 1673 1671 1710; x_wconf 85' lang='lat' dir='ltr'>falsae</span> <span class='ocrx_word' id='word_1_306' title='bbox 1703 1673 1927 1709; x_wconf 87' lang='lat' dir='ltr'>humilitatis</span> <span class='ocrx_word' id='word_1_307' title='bbox 1952 1685 2023 1723; x_wconf 89' lang='lat' dir='ltr'>per</span> <span class='ocrx_word' id='word_1_308' title='bbox 2049 1686 2179 1710; x_wconf 81' lang='lat' dir='ltr'>veram</span> <span class='ocrx_word' id='word_1_309' title='bbox 2202 1671 2447 1723; x_wconf 88' lang='lat' dir='ltr'>superbiam,</span> 
     </span>
     <span class='ocr_line' id='line_1_46' title="bbox 1432 1733 2447 1783; baseline -0.001 -13"><span class='ocrx_word' id='word_1_310' title='bbox 1432 1747 1557 1770; x_wconf 86' lang='lat' dir='ltr'>arcem</span> <span class='ocrx_word' id='word_1_311' title='bbox 1579 1741 1693 1770; x_wconf 78' lang='lat' dir='ltr'>tantae</span> <span class='ocrx_word' id='word_1_312' title='bbox 1714 1733 1934 1782; x_wconf 89' lang='lat' dir='ltr'>potestatis,</span> <span class='ocrx_word' id='word_1_313' title='bbox 1956 1746 2064 1783; x_wconf 81' lang='lat' dir='ltr'>quae,</span> <span class='ocrx_word' id='word_1_314' title='bbox 2083 1741 2119 1770; x_wconf 93' lang='lat' dir='ltr'>te</span> <span class='ocrx_word' id='word_1_315' title='bbox 2142 1733 2329 1770; x_wconf 88' lang='lat' dir='ltr'>veraciter</span> <span class='ocrx_word' id='word_1_316' title='bbox 2348 1741 2447 1770; x_wconf 90' lang='lat' dir='ltr'>atte-</span> 
     </span>
     <span class='ocr_line' id='line_1_47' title="bbox 1431 1793 2448 1844; baseline 0.002 -15"><span class='ocrx_word' id='word_1_317' title='bbox 1431 1801 1573 1840; x_wconf 78' lang='lat' dir='ltr'>stante,</span> <span class='ocrx_word' id='word_1_318' title='bbox 1590 1793 1702 1830; x_wconf 89' lang='lat' dir='ltr'>etiam</span> <span class='ocrx_word' id='word_1_319' title='bbox 1721 1793 1877 1842; x_wconf 81' lang='lat' dir='ltr'>Angelis</span> <span class='ocrx_word' id='word_1_320' title='bbox 1893 1793 2057 1844; x_wconf 87' lang='lat' dir='ltr'>imperat</span> <span class='ocrx_word' id='word_1_321' title='bbox 2074 1793 2113 1830; x_wconf 89' lang='lat' dir='ltr'>in</span> <span class='ocrx_word' id='word_1_322' title='bbox 2130 1793 2252 1840; x_wconf 83' lang='lat' dir='ltr'>coelis,</span> <span class='ocrx_word' id='word_1_323' title='bbox 2271 1801 2448 1831; x_wconf 88' lang='lat' dir='ltr'>terrenus</span> 
     </span>
    </p>
   </div>
   <div class='ocr_carea' id='block_1_11' title="bbox 352 1844 2269 1904">
    <p class='ocr_par' dir='ltr' id='par_1_11' title="bbox 352 1844 2269 1904">
     <span class='ocr_line' id='line_1_48' title="bbox 352 1844 2269 1904; baseline 0.006 -25"><span class='ocrx_word' id='word_1_324' title='bbox 352 1844 441 1879; x_wconf 78' lang='lat' dir='ltr'>volo</span> <span class='ocrx_word' id='word_1_325' title='bbox 464 1857 472 1879; x_wconf 75' lang='grc' dir='ltr'>ε</span> <span class='ocrx_word' id='word_1_326' title='bbox 497 1851 576 1880; x_wconf 85' lang='lat' dir='ltr'>toto</span> <span class='ocrx_word' id='word_1_327' title='bbox 598 1844 740 1880; x_wconf 85' lang='lat' dir='ltr'>scilicet</span> <span class='ocrx_word' id='word_1_328' title='bbox 769 1845 842 1881; x_wconf 94' lang='lat' dir='ltr'>hoc</span> <span class='ocrx_word' id='word_1_329' title='bbox 875 1854 1068 1897; x_wconf 86' lang='lat' dir='ltr'>tempore,</span> <span class='ocrx_word' id='word_1_330' title='bbox 1099 1861 1145 1884; x_wconf 87' lang='lat' dir='ltr'>ex</span> <span class='ocrx_word' id='word_1_331' title='bbox 1172 1862 1250 1898; x_wconf 89' lang='lat' dir='ltr'>quo</span> <span class='ocrx_word' id='word_1_332' title='bbox 1276 1857 1364 1886; x_wconf 87' lang='lat' dir='ltr'>tuus</span> <span class='ocrx_word' id='word_1_333' title='bbox 1380 1859 1406 1895; x_wconf 87' lang='lat' dir='ltr'>C</span> <span class='ocrx_word' id='word_1_334' title='bbox 1430 1853 1659 1890; x_wconf 76' lang='lat' dir='ltr'>vermiculus</span> <span class='ocrx_word' id='word_1_335' title='bbox 1685 1853 1723 1890; x_wconf 90' lang='lat' dir='ltr'>in</span> <span class='ocrx_word' id='word_1_336' title='bbox 1745 1853 1855 1890; x_wconf 87' lang='lat' dir='ltr'>terris</span> <span class='ocrx_word' id='word_1_337' title='bbox 1876 1853 2008 1890; x_wconf 66' lang='lat' dir='ltr'>videar</span> <span class='ocrx_word' id='word_1_338' title='bbox 2028 1854 2269 1904; x_wconf 83' lang='lat' dir='ltr'>impugnare.</span> 
     </span>
    </p>
   </div>
   <div class='ocr_carea' id='block_1_12' title="bbox 346 1904 1363 2622">
    <p class='ocr_par' dir='ltr' id='par_1_12' title="bbox 346 1904 1363 2622">
     <span class='ocr_line' id='line_1_49' title="bbox 349 1904 1361 1955; baseline 0.007 -16"><span class='ocrx_word' id='word_1_339' title='bbox 349 1904 525 1948; x_wconf 88' lang='lat' dir='ltr'>nuntius,</span> <span class='ocrx_word' id='word_1_340' title='bbox 556 1917 633 1941; x_wconf 89' lang='lat' dir='ltr'>non</span> <span class='ocrx_word' id='word_1_341' title='bbox 659 1905 710 1951; x_wconf 86' lang='lat' dir='ltr'>is,</span> <span class='ocrx_word' id='word_1_342' title='bbox 737 1905 803 1941; x_wconf 91' lang='lat' dir='ltr'>sed</span> <span class='ocrx_word' id='word_1_343' title='bbox 823 1906 918 1943; x_wconf 91' lang='lat' dir='ltr'>alius</span> <span class='ocrx_word' id='word_1_344' title='bbox 940 1908 1093 1945; x_wconf 87' lang='lat' dir='ltr'>recessit</span> <span class='ocrx_word' id='word_1_345' title='bbox 1116 1922 1137 1945; x_wconf 91' lang='lat' dir='ltr'>a</span> <span class='ocrx_word' id='word_1_346' title='bbox 1159 1923 1241 1955; x_wconf 90' lang='lat' dir='ltr'>me,</span> <span class='ocrx_word' id='word_1_347' title='bbox 1271 1910 1361 1946; x_wconf 91' lang='lat' dir='ltr'>nul-</span> 
     </span>
     <span class='ocr_line' id='line_1_50' title="bbox 350 1964 1360 2019; baseline 0.007 -20"><span class='ocrx_word' id='word_1_348' title='bbox 350 1964 428 2000; x_wconf 89' lang='lat' dir='ltr'>lum</span> <span class='ocrx_word' id='word_1_349' title='bbox 457 1964 546 2000; x_wconf 89' lang='lat' dir='ltr'>mihi</span> <span class='ocrx_word' id='word_1_350' title='bbox 570 1965 728 2002; x_wconf 91' lang='lat' dir='ltr'>omnino</span> <span class='ocrx_word' id='word_1_351' title='bbox 757 1965 870 2002; x_wconf 86' lang='lat' dir='ltr'>fuisse</span> <span class='ocrx_word' id='word_1_352' title='bbox 891 1967 1011 2004; x_wconf 91' lang='lat' dir='ltr'>otium</span> <span class='ocrx_word' id='word_1_353' title='bbox 1032 1968 1079 2005; x_wconf 91' lang='lat' dir='ltr'>ad</span> <span class='ocrx_word' id='word_1_354' title='bbox 1102 1969 1140 2005; x_wconf 90' lang='lat' dir='ltr'>id</span> <span class='ocrx_word' id='word_1_355' title='bbox 1161 1969 1266 2019; x_wconf 92' lang='lat' dir='ltr'>quod</span> <span class='ocrx_word' id='word_1_356' title='bbox 1286 1983 1360 2019; x_wconf 89' lang='lat' dir='ltr'>po-</span> 
     </span>
     <span class='ocr_line' id='line_1_51' title="bbox 351 2023 1360 2076; baseline 0.007 -17"><span class='ocrx_word' id='word_1_357' title='bbox 351 2024 421 2060; x_wconf 83' lang='lat' dir='ltr'>scis</span> <span class='ocrx_word' id='word_1_358' title='bbox 448 2023 629 2060; x_wconf 88' lang='lat' dir='ltr'>idoneum</span> <span class='ocrx_word' id='word_1_359' title='bbox 645 2052 654 2069; x_wconf 89' lang='lat'>,</span> <span class='ocrx_word' id='word_1_360' title='bbox 686 2032 765 2060; x_wconf 91' lang='lat' dir='ltr'>tum</span> <span class='ocrx_word' id='word_1_361' title='bbox 796 2034 956 2075; x_wconf 86' lang='lat' dir='ltr'>propter</span> <span class='ocrx_word' id='word_1_362' title='bbox 983 2027 1129 2064; x_wconf 87' lang='lat' dir='ltr'>dierum</span> <span class='ocrx_word' id='word_1_363' title='bbox 1154 2030 1334 2066; x_wconf 89' lang='lat' dir='ltr'>malitiam</span> <span class='ocrx_word' id='word_1_364' title='bbox 1350 2058 1360 2076; x_wconf 91' lang='lat'>,</span> 
     </span>
     <span class='ocr_line' id='line_1_52' title="bbox 351 2084 1362 2133; baseline 0.008 -14"><span class='ocrx_word' id='word_1_365' title='bbox 351 2091 431 2119; x_wconf 89' lang='lat' dir='ltr'>tum</span> <span class='ocrx_word' id='word_1_366' title='bbox 462 2092 623 2133; x_wconf 88' lang='lat' dir='ltr'>propter</span> <span class='ocrx_word' id='word_1_367' title='bbox 657 2085 829 2121; x_wconf 86' lang='lat' dir='ltr'>noctium</span> <span class='ocrx_word' id='word_1_368' title='bbox 849 2084 1089 2124; x_wconf 87' lang='lat' dir='ltr'>brevitatem.</span> <span class='ocrx_word' id='word_1_369' title='bbox 1109 2088 1180 2125; x_wconf 90' lang='lat' dir='ltr'>Sed</span> <span class='ocrx_word' id='word_1_370' title='bbox 1202 2098 1239 2125; x_wconf 87' lang='lat' dir='ltr'>ct</span> <span class='ocrx_word' id='word_1_371' title='bbox 1259 2103 1362 2127; x_wconf 87' lang='lat' dir='ltr'>nunc</span> 
     </span>
     <span class='ocr_line' id='line_1_53' title="bbox 351 2144 1363 2200; baseline 0.007 -21"><span class='ocrx_word' id='word_1_372' title='bbox 351 2156 506 2193; x_wconf 88' lang='lat' dir='ltr'>quoque</span> <span class='ocrx_word' id='word_1_373' title='bbox 532 2144 584 2180; x_wconf 88' lang='lat' dir='ltr'>ita</span> <span class='ocrx_word' id='word_1_374' title='bbox 609 2158 669 2181; x_wconf 89' lang='lat' dir='ltr'>me</span> <span class='ocrx_word' id='word_1_375' title='bbox 699 2146 914 2183; x_wconf 69' lang='lat' dir='ltr'>novissimae</span> <span class='ocrx_word' id='word_1_376' title='bbox 938 2155 1012 2184; x_wconf 79' lang='lat' dir='ltr'>tuae</span> <span class='ocrx_word' id='word_1_377' title='bbox 1038 2149 1172 2185; x_wconf 62' lang='lat' dir='ltr'>littera?</span> <span class='ocrx_word' id='word_1_378' title='bbox 1195 2163 1363 2200; x_wconf 89' lang='lat' dir='ltr'>occupa—</span> 
     </span>
     <span class='ocr_line' id='line_1_54' title="bbox 350 2204 1362 2261; baseline 0.007 -21"><span class='ocrx_word' id='word_1_379' title='bbox 350 2204 534 2241; x_wconf 83' lang='lat' dir='ltr'>tissimum</span> <span class='ocrx_word' id='word_1_380' title='bbox 573 2205 828 2252; x_wconf 75' lang='lat' dir='ltr'>invenerunt,</span> <span class='ocrx_word' id='word_1_381' title='bbox 857 2216 898 2244; x_wconf 91' lang='lat' dir='ltr'>ut</span> <span class='ocrx_word' id='word_1_382' title='bbox 924 2208 1024 2258; x_wconf 90' lang='lat' dir='ltr'>ipsas</span> <span class='ocrx_word' id='word_1_383' title='bbox 1050 2210 1161 2246; x_wconf 89' lang='lat' dir='ltr'>etiam</span> <span class='ocrx_word' id='word_1_384' title='bbox 1194 2224 1362 2261; x_wconf 76' lang='lat' dir='ltr'>occupa-</span> 
     </span>
     <span class='ocr_line' id='line_1_55' title="bbox 350 2265 1362 2320; baseline 0.006 -19"><span class='ocrx_word' id='word_1_385' title='bbox 350 2265 499 2302; x_wconf 86' lang='lat' dir='ltr'>tionum</span> <span class='ocrx_word' id='word_1_386' title='bbox 537 2279 668 2303; x_wconf 84' lang='lat' dir='ltr'>causas</span> <span class='ocrx_word' id='word_1_387' title='bbox 704 2280 774 2316; x_wconf 90' lang='lat' dir='ltr'>pro</span> <span class='ocrx_word' id='word_1_388' title='bbox 811 2268 885 2304; x_wconf 90' lang='lat' dir='ltr'>mei</span> <span class='ocrx_word' id='word_1_389' title='bbox 921 2270 1167 2306; x_wconf 77' lang='lat' dir='ltr'>excusatione</span> <span class='ocrx_word' id='word_1_390' title='bbox 1204 2270 1362 2320; x_wconf 87' lang='lat' dir='ltr'>longum</span> 
     </span>
     <span class='ocr_line' id='line_1_56' title="bbox 350 2325 1363 2380; baseline 0.008 -20"><span class='ocrx_word' id='word_1_391' title='bbox 350 2325 463 2361; x_wconf 83' lang='lat' dir='ltr'>fucrit</span> <span class='ocrx_word' id='word_1_392' title='bbox 491 2325 582 2361; x_wconf 90' lang='lat' dir='ltr'>mihi</span> <span class='ocrx_word' id='word_1_393' title='bbox 611 2325 776 2363; x_wconf 89' lang='lat' dir='ltr'>scribere</span> <span class='ocrx_word' id='word_1_394' title='bbox 807 2326 889 2364; x_wconf 87' lang='lat' dir='ltr'>tibi.</span> <span class='ocrx_word' id='word_1_395' title='bbox 912 2329 982 2366; x_wconf 73' lang='lat' dir='ltr'>Vix</span> <span class='ocrx_word' id='word_1_396' title='bbox 1007 2330 1150 2380; x_wconf 88' lang='lat' dir='ltr'>quippe</span> <span class='ocrx_word' id='word_1_397' title='bbox 1172 2331 1254 2367; x_wconf 90' lang='lat' dir='ltr'>illas</span> <span class='ocrx_word' id='word_1_398' title='bbox 1280 2339 1363 2368; x_wconf 90' lang='lat' dir='ltr'>tuas</span> 
     </span>
     <span class='ocr_line' id='line_1_57' title="bbox 347 2384 1358 2442; baseline 0.009 -23"><span class='ocrx_word' id='word_1_399' title='bbox 347 2384 448 2419; x_wconf 73' lang='lat' dir='ltr'>inter</span> <span class='ocrx_word' id='word_1_400' title='bbox 468 2384 736 2433; x_wconf 89' lang='lat' dir='ltr'>prandendum</span> <span class='ocrx_word' id='word_1_401' title='bbox 757 2385 867 2437; x_wconf 76' lang='lat' dir='ltr'>(nam</span> <span class='ocrx_word' id='word_1_402' title='bbox 889 2388 952 2425; x_wconf 92' lang='lat' dir='ltr'>illa</span> <span class='ocrx_word' id='word_1_403' title='bbox 968 2389 1063 2426; x_wconf 89' lang='lat' dir='ltr'>hora</span> <span class='ocrx_word' id='word_1_404' title='bbox 1082 2390 1172 2426; x_wconf 89' lang='lat' dir='ltr'>mihi</span> <span class='ocrx_word' id='word_1_405' title='bbox 1190 2391 1358 2442; x_wconf 90' lang='lat' dir='ltr'>primum</span> 
     </span>
     <span class='ocr_line' id='line_1_58' title="bbox 349 2445 1360 2499; baseline 0.011 -20"><span class='ocrx_word' id='word_1_406' title='bbox 349 2445 506 2481; x_wconf 68' lang='lat' dir='ltr'>redditfe</span> <span class='ocrx_word' id='word_1_407' title='bbox 544 2446 656 2497; x_wconf 79' lang='lat' dir='ltr'>sunt)</span> <span class='ocrx_word' id='word_1_408' title='bbox 690 2448 887 2497; x_wconf 80' lang='lat' dir='ltr'>perlegere</span> <span class='ocrx_word' id='word_1_409' title='bbox 916 2451 1038 2499; x_wconf 89' lang='lat' dir='ltr'>potui.</span> <span class='ocrx_word' id='word_1_410' title='bbox 1066 2452 1138 2489; x_wconf 76' lang='lat' dir='ltr'>Vix</span> <span class='ocrx_word' id='word_1_411' title='bbox 1164 2452 1230 2489; x_wconf 89' lang='lat' dir='ltr'>has</span> <span class='ocrx_word' id='word_1_412' title='bbox 1258 2466 1360 2489; x_wconf 87' lang='lat' dir='ltr'>meas</span> 
     </span>
     <span class='ocr_line' id='line_1_59' title="bbox 347 2506 1359 2563; baseline 0.01 -23"><span class='ocrx_word' id='word_1_413' title='bbox 347 2506 716 2556; x_wconf 87' lang='lat' dir='ltr'>quantulascumquc</span> <span class='ocrx_word' id='word_1_414' title='bbox 754 2508 910 2556; x_wconf 88' lang='lat' dir='ltr'>furtim,</span> <span class='ocrx_word' id='word_1_415' title='bbox 947 2511 1106 2561; x_wconf 86' lang='lat' dir='ltr'>raptim,</span> <span class='ocrx_word' id='word_1_416' title='bbox 1145 2513 1359 2563; x_wconf 85' lang='lat' dir='ltr'>anticipatis</span> 
     </span>
     <span class='ocr_line' id='line_1_60' title="bbox 346 2564 1357 2622; baseline 0.01 -23"><span class='ocrx_word' id='word_1_417' title='bbox 346 2564 654 2611; x_wconf 65' lang='lat' dir='ltr'>11‹›ris,breviter</span> <span class='ocrx_word' id='word_1_418' title='bbox 680 2569 950 2620; x_wconf 82' lang='lat' dir='ltr'>succincteque</span> <span class='ocrx_word' id='word_1_419' title='bbox 977 2571 1163 2622; x_wconf 85' lang='lat' dir='ltr'>rescripsi.</span> <span class='ocrx_word' id='word_1_420' title='bbox 1188 2575 1357 2620; x_wconf 86' lang='lat' dir='ltr'>Quarum</span> 
     </span>
    </p>
   </div>
   <div class='ocr_carea' id='block_1_13' title="bbox 1428 1912 2448 2083">
    <p class='ocr_par' dir='ltr' id='par_1_13' title="bbox 1428 1912 2448 2083">
     <span class='ocr_line' id='line_1_61' title="bbox 1483 1912 2448 1963; baseline 0 -14"><span class='ocrx_word' id='word_1_421' title='bbox 1483 1914 1517 1949; x_wconf 84' lang='lat'>3.</span> <span class='ocrx_word' id='word_1_422' title='bbox 1544 1912 1733 1950; x_wconf 86' lang='lat' dir='ltr'>Libellum</span> <span class='ocrx_word' id='word_1_423' title='bbox 1764 1925 1880 1962; x_wconf 89' lang='lat' dir='ltr'>quem</span> <span class='ocrx_word' id='word_1_424' title='bbox 1905 1912 2066 1962; x_wconf 86' lang='lat' dir='ltr'>quaeris,</span> <span class='ocrx_word' id='word_1_425' title='bbox 2088 1913 2170 1963; x_wconf 90' lang='lat' dir='ltr'>ipse</span> <span class='ocrx_word' id='word_1_426' title='bbox 2197 1926 2353 1963; x_wconf 92' lang='lat' dir='ltr'>quoque</span> <span class='ocrx_word' id='word_1_427' title='bbox 2378 1925 2448 1949; x_wconf 89' lang='lat' dir='ltr'>an-</span> 
     </span>
     <span class='ocr_line' id='line_1_62' title="bbox 1429 1972 2445 2022; baseline 0.003 -14"><span class='ocrx_word' id='word_1_428' title='bbox 1429 1980 1581 2022; x_wconf 87' lang='lat' dir='ltr'>tequam</span> <span class='ocrx_word' id='word_1_429' title='bbox 1606 1981 1692 2009; x_wconf 90' lang='lat' dir='ltr'>tuus</span> <span class='ocrx_word' id='word_1_430' title='bbox 1714 1972 1873 2010; x_wconf 89' lang='lat' dir='ltr'>nuntius</span> <span class='ocrx_word' id='word_1_431' title='bbox 1896 1972 1944 2009; x_wconf 87' lang='lat' dir='ltr'>ad</span> <span class='ocrx_word' id='word_1_432' title='bbox 1969 1985 2040 2009; x_wconf 92' lang='lat' dir='ltr'>nos</span> <span class='ocrx_word' id='word_1_433' title='bbox 2060 1972 2228 2019; x_wconf 77' lang='lat' dir='ltr'>veniret,</span> <span class='ocrx_word' id='word_1_434' title='bbox 2249 1972 2297 2010; x_wconf 91' lang='lat' dir='ltr'>ab</span> <span class='ocrx_word' id='word_1_435' title='bbox 2317 1986 2363 2010; x_wconf 88' lang='lat' dir='ltr'>eo</span> <span class='ocrx_word' id='word_1_436' title='bbox 2384 1973 2445 2011; x_wconf 89' lang='lat' dir='ltr'>cui</span> 
     </span>
     <span class='ocr_line' id='line_1_63' title="bbox 1428 2032 2447 2083; baseline 0.003 -15"><span class='ocrx_word' id='word_1_437' title='bbox 1428 2034 1809 2079; x_wconf 81' lang='lat' dir='ltr'>commendaveram,</span> <span class='ocrx_word' id='word_1_438' title='bbox 1841 2032 2023 2083; x_wconf 85' lang='lat' dir='ltr'>requisivi</span> <span class='ocrx_word' id='word_1_439' title='bbox 2054 2047 2062 2070; x_wconf 74' lang='grc' dir='ltr'>ε</span> <span class='ocrx_word' id='word_1_440' title='bbox 2094 2033 2160 2070; x_wconf 90' lang='lat' dir='ltr'>sed</span> <span class='ocrx_word' id='word_1_441' title='bbox 2190 2033 2356 2070; x_wconf 88' lang='lat' dir='ltr'>necdum</span> <span class='ocrx_word' id='word_1_442' title='bbox 2386 2046 2447 2071; x_wconf 80' lang='lat' dir='ltr'>re-</span> 
     </span>
    </p>
   </div>
   <div class='ocr_carea' id='block_1_14' title="bbox 1430 2092 2501 2143">
    <p class='ocr_par' dir='ltr' id='par_1_14' title="bbox 1430 2092 2501 2143">
     <span class='ocr_line' id='line_1_64' title="bbox 1430 2092 2501 2143; baseline 0.003 -14"><span class='ocrx_word' id='word_1_443' title='bbox 1430 2094 1526 2143; x_wconf 86' lang='lat' dir='ltr'>cepi.</span> <span class='ocrx_word' id='word_1_444' title='bbox 1550 2092 1660 2129; x_wconf 89' lang='lat' dir='ltr'>Dabo</span> <span class='ocrx_word' id='word_1_445' title='bbox 1678 2101 1805 2129; x_wconf 88' lang='lat' dir='ltr'>autem</span> <span class='ocrx_word' id='word_1_446' title='bbox 1827 2106 1985 2143; x_wconf 88' lang='lat' dir='ltr'>operam</span> <span class='ocrx_word' id='word_1_447' title='bbox 2010 2102 2052 2130; x_wconf 93' lang='lat' dir='ltr'>ut</span> <span class='ocrx_word' id='word_1_448' title='bbox 2077 2093 2138 2130; x_wconf 80' lang='lat' dir='ltr'>vel</span> <span class='ocrx_word' id='word_1_449' title='bbox 2161 2107 2247 2131; x_wconf 91' lang='lat' dir='ltr'>cum</span> <span class='ocrx_word' id='word_1_450' title='bbox 2272 2094 2445 2142; x_wconf 78' lang='lat' dir='ltr'>veneris,</span> <span class='ocrx_word' id='word_1_451' title='bbox 2499 2095 2501 2099; x_wconf 75' lang='grc'><strong>’</strong></span> 
     </span>
    </p>
   </div>
   <div class='ocr_carea' id='block_1_15' title="bbox 1426 2153 2446 2503">
    <p class='ocr_par' dir='ltr' id='par_1_15' title="bbox 1426 2153 2446 2503">
     <span class='ocr_line' id='line_1_65' title="bbox 1430 2153 2446 2203; baseline 0.002 -14"><span class='ocrx_word' id='word_1_452' title='bbox 1430 2153 1459 2189; x_wconf 90' lang='lat' dir='ltr'>si</span> <span class='ocrx_word' id='word_1_453' title='bbox 1484 2161 1610 2189; x_wconf 91' lang='lat' dir='ltr'>tamen</span> <span class='ocrx_word' id='word_1_454' title='bbox 1638 2167 1809 2203; x_wconf 89' lang='lat' dir='ltr'>unquam</span> <span class='ocrx_word' id='word_1_455' title='bbox 1839 2153 2046 2203; x_wconf 86' lang='lat' dir='ltr'>aliquando</span> <span class='ocrx_word' id='word_1_456' title='bbox 2067 2154 2237 2200; x_wconf 89' lang='lat' dir='ltr'>veneris,</span> <span class='ocrx_word' id='word_1_457' title='bbox 2257 2155 2366 2192; x_wconf 91' lang='lat' dir='ltr'>illum</span> <span class='ocrx_word' id='word_1_458' title='bbox 2386 2154 2446 2191; x_wconf 90' lang='lat' dir='ltr'>in-</span> 
     </span>
     <span class='ocr_line' id='line_1_66' title="bbox 1430 2212 2444 2263; baseline 0.004 -15"><span class='ocrx_word' id='word_1_459' title='bbox 1430 2213 1580 2259; x_wconf 76' lang='lat' dir='ltr'>venias,</span> <span class='ocrx_word' id='word_1_460' title='bbox 1595 2212 1726 2249; x_wconf 67' lang='lat' dir='ltr'>videas</span> <span class='ocrx_word' id='word_1_461' title='bbox 1739 2242 1749 2259; x_wconf 93' lang='lat'>,</span> <span class='ocrx_word' id='word_1_462' title='bbox 1766 2221 1804 2250; x_wconf 86' lang='lat' dir='ltr'>et</span> <span class='ocrx_word' id='word_1_463' title='bbox 1819 2213 1942 2263; x_wconf 79' lang='lat' dir='ltr'>legas3</span> <span class='ocrx_word' id='word_1_464' title='bbox 1959 2227 2039 2251; x_wconf 93' lang='lat' dir='ltr'>non</span> <span class='ocrx_word' id='word_1_465' title='bbox 2055 2222 2183 2251; x_wconf 92' lang='lat' dir='ltr'>autem</span> <span class='ocrx_word' id='word_1_466' title='bbox 2201 2214 2444 2252; x_wconf 86' lang='lat' dir='ltr'>transcribas.</span> 
     </span>
     <span class='ocr_line' id='line_1_67' title="bbox 1429 2273 2445 2324; baseline 0.003 -15"><span class='ocrx_word' id='word_1_467' title='bbox 1429 2276 1524 2310; x_wconf 71' lang='lat' dir='ltr'>Nam</span> <span class='ocrx_word' id='word_1_468' title='bbox 1547 2273 1654 2309; x_wconf 91' lang='lat' dir='ltr'>illum</span> <span class='ocrx_word' id='word_1_469' title='bbox 1681 2273 1797 2310; x_wconf 90' lang='lat' dir='ltr'>alium</span> <span class='ocrx_word' id='word_1_470' title='bbox 1827 2287 1942 2323; x_wconf 89' lang='lat' dir='ltr'>quem</span> <span class='ocrx_word' id='word_1_471' title='bbox 1975 2282 2011 2311; x_wconf 88' lang='lat' dir='ltr'>te</span> <span class='ocrx_word' id='word_1_472' title='bbox 2041 2274 2231 2324; x_wconf 78' lang='lat' dir='ltr'>significas</span> <span class='ocrx_word' id='word_1_473' title='bbox 2260 2275 2445 2312; x_wconf 75' lang='lat' dir='ltr'>transcri-</span> 
     </span>
     <span class='ocr_line' id='line_1_68' title="bbox 1431 2333 2444 2383; baseline 0.003 -14"><span class='ocrx_word' id='word_1_474' title='bbox 1431 2333 1550 2382; x_wconf 88' lang='lat' dir='ltr'>psisse</span> <span class='ocrx_word' id='word_1_475' title='bbox 1564 2362 1572 2378; x_wconf 91' lang='lat'>,</span> <span class='ocrx_word' id='word_1_476' title='bbox 1592 2346 1662 2382; x_wconf 87' lang='lat' dir='ltr'>ego</span> <span class='ocrx_word' id='word_1_477' title='bbox 1680 2333 1836 2383; x_wconf 89' lang='lat' dir='ltr'>quidem</span> <span class='ocrx_word' id='word_1_478' title='bbox 1854 2334 2057 2383; x_wconf 88' lang='lat' dir='ltr'>legendum</span> <span class='ocrx_word' id='word_1_479' title='bbox 2074 2333 2143 2371; x_wconf 89' lang='lat' dir='ltr'>tibi</span> <span class='ocrx_word' id='word_1_480' title='bbox 2161 2334 2351 2382; x_wconf 86' lang='lat' dir='ltr'>miseram,</span> <span class='ocrx_word' id='word_1_481' title='bbox 2367 2348 2444 2373; x_wconf 89' lang='lat' dir='ltr'>non</span> 
     </span>
     <span class='ocr_line' id='line_1_69' title="bbox 1428 2392 1794 2430; baseline -0.003 0"><span class='ocrx_word' id='word_1_482' title='bbox 1428 2392 1762 2430; x_wconf 82' lang='lat' dir='ltr'>transcribendum</span> <span class='ocrx_word' id='word_1_483' title='bbox 1786 2408 1794 2429; x_wconf 90' lang='lat'>:</span> 
     </span>
     <span class='ocr_line' id='line_1_70' title="bbox 1426 2453 2440 2503; baseline 0.004 -14"><span class='ocrx_word' id='word_1_484' title='bbox 1426 2454 1587 2490; x_wconf 82' lang='lat' dir='ltr'>utilitate</span> <span class='ocrx_word' id='word_1_485' title='bbox 1609 2453 1905 2503; x_wconf 85' lang='lat' dir='ltr'>transcripseris.</span> <span class='ocrx_word' id='word_1_486' title='bbox 1923 2453 2036 2502; x_wconf 88' lang='lat' dir='ltr'>Quod</span> <span class='ocrx_word' id='word_1_487' title='bbox 2057 2463 2184 2491; x_wconf 90' lang='lat' dir='ltr'>autem</span> <span class='ocrx_word' id='word_1_488' title='bbox 2205 2463 2241 2492; x_wconf 91' lang='lat' dir='ltr'>te</span> <span class='ocrx_word' id='word_1_489' title='bbox 2264 2455 2440 2494; x_wconf 88' lang='lat' dir='ltr'>mittente</span> 
     </span>
    </p>
   </div>
   <div class='ocr_carea' id='block_1_16' title="bbox 1426 2512 2500 2561">
    <p class='ocr_par' dir='ltr' id='par_1_16' title="bbox 1426 2512 2500 2561">
     <span class='ocr_line' id='line_1_71' title="bbox 1426 2512 2500 2561; baseline 0.004 -12"><span class='ocrx_word' id='word_1_490' title='bbox 1426 2527 1512 2550; x_wconf 87' lang='lat' dir='ltr'>eum</span> <span class='ocrx_word' id='word_1_491' title='bbox 1538 2527 1641 2550; x_wconf 89' lang='lat' dir='ltr'>nunc</span> <span class='ocrx_word' id='word_1_492' title='bbox 1671 2512 1784 2550; x_wconf 89' lang='lat' dir='ltr'>habet</span> <span class='ocrx_word' id='word_1_493' title='bbox 1805 2513 1922 2551; x_wconf 89' lang='lat' dir='ltr'>abbas</span> <span class='ocrx_word' id='word_1_494' title='bbox 1949 2514 1996 2551; x_wconf 93' lang='lat' dir='ltr'>de</span> <span class='ocrx_word' id='word_1_495' title='bbox 2017 2514 2439 2561; x_wconf 85' lang='lat' dir='ltr'>Sancto-Theoderico,</span> <span class='ocrx_word' id='word_1_496' title='bbox 2492 2512 2500 2532; x_wconf 69' lang='lat'>&#39;¹</span> 
     </span>
    </p>
   </div>
   <div class='ocr_carea' id='block_1_17' title="bbox 1429 2573 2443 2626">
    <p class='ocr_par' dir='ltr' id='par_1_17' title="bbox 1429 2573 2443 2626">
     <span class='ocr_line' id='line_1_72' title="bbox 1429 2573 2443 2626; baseline 0.004 -17"><span class='ocrx_word' id='word_1_497' title='bbox 1429 2587 1499 2623; x_wconf 81' lang='lat' dir='ltr'>ego</span> <span class='ocrx_word' id='word_1_498' title='bbox 1520 2573 1676 2623; x_wconf 88' lang='lat' dir='ltr'>quidem</span> <span class='ocrx_word' id='word_1_499' title='bbox 1695 2587 1773 2610; x_wconf 91' lang='lat' dir='ltr'>non</span> <span class='ocrx_word' id='word_1_500' title='bbox 1789 2573 1977 2623; x_wconf 86' lang='lat' dir='ltr'>jusseram</span> <span class='ocrx_word' id='word_1_501' title='bbox 1989 2574 2018 2622; x_wconf 80' lang='lat'>*‚</span> <span class='ocrx_word' id='word_1_502' title='bbox 2037 2588 2107 2612; x_wconf 90' lang='lat' dir='ltr'>nec</span> <span class='ocrx_word' id='word_1_503' title='bbox 2125 2583 2251 2612; x_wconf 86' lang='lat' dir='ltr'>tamen</span> <span class='ocrx_word' id='word_1_504' title='bbox 2267 2574 2443 2626; x_wconf 88' lang='lat' dir='ltr'>displicet</span> 
     </span>
    </p>
   </div>
   <div class='ocr_carea' id='block_1_18' title="bbox 346 2625 2442 2686">
    <p class='ocr_par' dir='ltr' id='par_1_18' title="bbox 346 2625 2442 2686">
     <span class='ocr_line' id='line_1_73' title="bbox 346 2625 2442 2686; baseline 0.007 -26"><span class='ocrx_word' id='word_1_505' title='bbox 346 2626 500 2674; x_wconf 86' lang='lat' dir='ltr'>quidem</span> <span class='ocrx_word' id='word_1_506' title='bbox 532 2625 759 2665; x_wconf 76' lang='lat' dir='ltr'>brevitatem</span> <span class='ocrx_word' id='word_1_507' title='bbox 795 2643 842 2666; x_wconf 89' lang='lat' dir='ltr'>an</span> <span class='ocrx_word' id='word_1_508' title='bbox 875 2644 986 2680; x_wconf 88' lang='lat' dir='ltr'>aequo</span> <span class='ocrx_word' id='word_1_509' title='bbox 1014 2632 1141 2668; x_wconf 90' lang='lat' dir='ltr'>animo</span> <span class='ocrx_word' id='word_1_510' title='bbox 1170 2632 1287 2678; x_wconf 87' lang='lat' dir='ltr'>seras,</span> <span class='ocrx_word' id='word_1_511' title='bbox 1319 2641 1409 2678; x_wconf 86' lang='lat' dir='ltr'>tuD</span> <span class='ocrx_word' id='word_1_512' title='bbox 1428 2634 1530 2670; x_wconf 87' lang='lat' dir='ltr'>mihi.</span> <span class='ocrx_word' id='word_1_513' title='bbox 1561 2634 1708 2684; x_wconf 68' lang='lat' dir='ltr'>[thuid</span> <span class='ocrx_word' id='word_1_514' title='bbox 1739 2635 1840 2671; x_wconf 84' lang='lat' dir='ltr'>enim</span> <span class='ocrx_word' id='word_1_515' title='bbox 1878 2634 2028 2672; x_wconf 84' lang='lat' dir='ltr'>libellus</span> <span class='ocrx_word' id='word_1_516' title='bbox 2060 2649 2167 2672; x_wconf 86' lang='lat' dir='ltr'>meus</span> <span class='ocrx_word' id='word_1_517' title='bbox 2196 2636 2329 2673; x_wconf 88' lang='lat' dir='ltr'>oculos</span> <span class='ocrx_word' id='word_1_518' title='bbox 2359 2635 2442 2686; x_wconf 89' lang='lat' dir='ltr'>ejus</span> 
     </span>
    </p>
   </div>
   <div class='ocr_carea' id='block_1_19' title="bbox 337 2686 1354 3278">
    <p class='ocr_par' dir='ltr' id='par_1_19' title="bbox 344 2686 495 2724">
     <span class='ocr_line' id='line_1_74' title="bbox 344 2686 495 2724; baseline 0.02 -3"><span class='ocrx_word' id='word_1_519' title='bbox 344 2686 495 2724; x_wconf 60' lang='lat' dir='ltr'>YidcriS.</span> 
     </span>
    </p>

    <p class='ocr_par' dir='ltr' id='par_1_20' title="bbox 337 2746 1354 3278">
     <span class='ocr_line' id='line_1_75' title="bbox 400 2746 1352 2801; baseline 0.007 -19"><span class='ocrx_word' id='word_1_520' title='bbox 400 2746 434 2782; x_wconf 80' lang='lat'>2.</span> <span class='ocrx_word' id='word_1_521' title='bbox 451 2751 528 2796; x_wconf 84' lang='lat' dir='ltr'>Ego</span> <span class='ocrx_word' id='word_1_522' title='bbox 545 2749 645 2785; x_wconf 89' lang='lat' dir='ltr'>enim</span> <span class='ocrx_word' id='word_1_523' title='bbox 660 2779 668 2795; x_wconf 93' lang='lat'>,</span> <span class='ocrx_word' id='word_1_524' title='bbox 684 2758 725 2785; x_wconf 89' lang='lat' dir='ltr'>ut</span> <span class='ocrx_word' id='word_1_525' title='bbox 740 2763 871 2787; x_wconf 77' lang='lat' dir='ltr'>verum</span> <span class='ocrx_word' id='word_1_526' title='bbox 895 2751 1023 2796; x_wconf 80' lang='lat' dir='ltr'>fatear,</span> <span class='ocrx_word' id='word_1_527' title='bbox 1045 2761 1204 2801; x_wconf 88' lang='lat' dir='ltr'>propter</span> <span class='ocrx_word' id='word_1_528' title='bbox 1225 2760 1259 2789; x_wconf 89' lang='lat' dir='ltr'>tc</span> <span class='ocrx_word' id='word_1_529' title='bbox 1271 2782 1280 2799; x_wconf 93' lang='lat'>,</span> <span class='ocrx_word' id='word_1_530' title='bbox 1303 2753 1352 2789; x_wconf 90' lang='lat' dir='ltr'>mi</span> 
     </span>
     <span class='ocr_line' id='line_1_76' title="bbox 345 2806 1354 2862; baseline 0.008 -21"><span class='ocrx_word' id='word_1_531' title='bbox 345 2806 457 2853; x_wconf 66' lang='lat' dir='ltr'>Ogeri</span> <span class='ocrx_word' id='word_1_532' title='bbox 475 2834 483 2851; x_wconf 91' lang='lat'>,</span> <span class='ocrx_word' id='word_1_533' title='bbox 507 2807 596 2856; x_wconf 79' lang='lat' dir='ltr'>ipsis</span> <span class='ocrx_word' id='word_1_534' title='bbox 617 2809 716 2845; x_wconf 81' lang='lat' dir='ltr'>euris</span> <span class='ocrx_word' id='word_1_535' title='bbox 742 2809 833 2846; x_wconf 81' lang='lat' dir='ltr'>ineis</span> <span class='ocrx_word' id='word_1_536' title='bbox 853 2811 1065 2860; x_wconf 83' lang='lat' dir='ltr'>compellor</span> <span class='ocrx_word' id='word_1_537' title='bbox 1080 2813 1212 2857; x_wconf 85' lang='lat' dir='ltr'>irasci,</span> <span class='ocrx_word' id='word_1_538' title='bbox 1231 2826 1354 2862; x_wconf 83' lang='lat' dir='ltr'>quan—</span> 
     </span>
     <span class='ocr_line' id='line_1_77' title="bbox 344 2866 1354 2915; baseline 0.009 -16"><span class='ocrx_word' id='word_1_539' title='bbox 344 2878 459 2913; x_wconf 85' lang='lat' dir='ltr'>quam</span> <span class='ocrx_word' id='word_1_540' title='bbox 490 2866 527 2901; x_wconf 91' lang='lat' dir='ltr'>in</span> <span class='ocrx_word' id='word_1_541' title='bbox 559 2867 615 2903; x_wconf 82' lang='lat' dir='ltr'>his</span> <span class='ocrx_word' id='word_1_542' title='bbox 647 2876 738 2904; x_wconf 81' lang='lat' dir='ltr'>teste</span> <span class='ocrx_word' id='word_1_543' title='bbox 776 2870 1033 2915; x_wconf 83' lang='lat' dir='ltr'>conscientia,</span> <span class='ocrx_word' id='word_1_544' title='bbox 1070 2871 1141 2907; x_wconf 91' lang='lat' dir='ltr'>soli</span> <span class='ocrx_word' id='word_1_545' title='bbox 1180 2871 1354 2908; x_wconf 89' lang='lat' dir='ltr'>charitati</span> 
     </span>
     <span class='ocr_line' id='line_1_78' title="bbox 344 2926 1353 2981; baseline 0.009 -22"><span class='ocrx_word' id='word_1_546' title='bbox 344 2926 492 2974; x_wconf 81' lang='lat' dir='ltr'>cupiam</span> <span class='ocrx_word' id='word_1_547' title='bbox 512 2926 702 2964; x_wconf 78' lang='lat' dir='ltr'>deservire</span> <span class='ocrx_word' id='word_1_548' title='bbox 720 2944 727 2964; x_wconf 92' lang='lat'>:</span> <span class='ocrx_word' id='word_1_549' title='bbox 748 2929 856 2977; x_wconf 72' lang='lat' dir='ltr'>cujtls</span> <span class='ocrx_word' id='word_1_550' title='bbox 872 2931 1044 2979; x_wconf 81' lang='lat' dir='ltr'>profecto</span> <span class='ocrx_word' id='word_1_551' title='bbox 1064 2931 1246 2981; x_wconf 86' lang='lat' dir='ltr'>imperio,</span> <span class='ocrx_word' id='word_1_552' title='bbox 1264 2932 1353 2981; x_wconf 89' lang='lat' dir='ltr'>quia</span> 
     </span>
     <span class='ocr_line' id='line_1_79' title="bbox 340 2985 1351 3042; baseline 0.009 -22"><span class='ocrx_word' id='word_1_553' title='bbox 340 2985 575 3034; x_wconf 81' lang='lat' dir='ltr'>sapientibus</span> <span class='ocrx_word' id='word_1_554' title='bbox 599 2996 635 3023; x_wconf 92' lang='lat' dir='ltr'>et</span> <span class='ocrx_word' id='word_1_555' title='bbox 656 2988 925 3038; x_wconf 77' lang='lat' dir='ltr'>insipientibus</span> <span class='ocrx_word' id='word_1_556' title='bbox 958 2990 1109 3028; x_wconf 82' lang='lat' dir='ltr'>debitor</span> <span class='ocrx_word' id='word_1_557' title='bbox 1137 3005 1242 3038; x_wconf 91' lang='lat' dir='ltr'>sum,</span> <span class='ocrx_word' id='word_1_558' title='bbox 1271 2993 1351 3042; x_wconf 80' lang='lat' dir='ltr'>ipsa</span> 
     </span>
     <span class='ocr_line' id='line_1_80' title="bbox 340 3045 1348 3102; baseline 0.01 -22"><span class='ocrx_word' id='word_1_559' title='bbox 340 3045 418 3081; x_wconf 82' lang='lat' dir='ltr'>sola</span> <span class='ocrx_word' id='word_1_560' title='bbox 454 3047 574 3083; x_wconf 80' lang='lat' dir='ltr'>facere</span> <span class='ocrx_word' id='word_1_561' title='bbox 610 3049 763 3097; x_wconf 84' lang='lat' dir='ltr'>potuit,</span> <span class='ocrx_word' id='word_1_562' title='bbox 795 3058 837 3086; x_wconf 88' lang='lat' dir='ltr'>ut</span> <span class='ocrx_word' id='word_1_563' title='bbox 867 3051 1028 3087; x_wconf 81' lang='lat' dir='ltr'>necdum</span> <span class='ocrx_word' id='word_1_564' title='bbox 1059 3051 1125 3088; x_wconf 89' lang='lat' dir='ltr'>tibi</span> <span class='ocrx_word' id='word_1_565' title='bbox 1158 3053 1348 3102; x_wconf 84' lang='lat' dir='ltr'>potuerim</span> 
     </span>
     <span class='ocr_line' id='line_1_81' title="bbox 337 3106 1351 3161; baseline 0.008 -20"><span class='ocrx_word' id='word_1_566' title='bbox 337 3106 562 3143; x_wconf 80' lang='lat' dir='ltr'>satisfacere.</span> <span class='ocrx_word' id='word_1_567' title='bbox 598 3108 697 3156; x_wconf 89' lang='lat' dir='ltr'>Quid</span> <span class='ocrx_word' id='word_1_568' title='bbox 730 3112 853 3158; x_wconf 84' lang='lat' dir='ltr'>crgo?</span> <span class='ocrx_word' id='word_1_569' title='bbox 885 3110 1047 3147; x_wconf 87' lang='lat' dir='ltr'>charitas</span> <span class='ocrx_word' id='word_1_570' title='bbox 1087 3111 1153 3149; x_wconf 89' lang='lat' dir='ltr'>tibi</span> <span class='ocrx_word' id='word_1_571' title='bbox 1188 3111 1351 3161; x_wconf 80' lang='lat' dir='ltr'>denegat</span> 
     </span>
     <span class='ocr_line' id='line_1_82' title="bbox 337 3164 1346 3221; baseline 0.01 -22"><span class='ocrx_word' id='word_1_572' title='bbox 337 3164 440 3213; x_wconf 87' lang='lat' dir='ltr'>quod</span> <span class='ocrx_word' id='word_1_573' title='bbox 473 3173 511 3201; x_wconf 89' lang='lat' dir='ltr'>tu</span> <span class='ocrx_word' id='word_1_574' title='bbox 547 3166 644 3215; x_wconf 86' lang='lat' dir='ltr'>petis</span> <span class='ocrx_word' id='word_1_575' title='bbox 673 3180 720 3204; x_wconf 81' lang='lat' dir='ltr'>ex</span> <span class='ocrx_word' id='word_1_576' title='bbox 749 3168 956 3206; x_wconf 84' lang='lat' dir='ltr'>charitate?</span> <span class='ocrx_word' id='word_1_577' title='bbox 978 3171 1130 3216; x_wconf 85' lang='lat' dir='ltr'>Petisti,</span> <span class='ocrx_word' id='word_1_578' title='bbox 1154 3173 1346 3221; x_wconf 79' lang='lat' dir='ltr'>quaesisti,</span> 
     </span>
     <span class='ocr_line' id='line_1_83' title="bbox 337 3224 1346 3278; baseline 0.01 -19"><span class='ocrx_word' id='word_1_579' title='bbox 337 3224 518 3272; x_wconf 78' lang='lat' dir='ltr'>pulsasti3</span> <span class='ocrx_word' id='word_1_580' title='bbox 541 3234 577 3262; x_wconf 86' lang='lat' dir='ltr'>et</span> <span class='ocrx_word' id='word_1_581' title='bbox 601 3226 762 3265; x_wconf 87' lang='lat' dir='ltr'>charitas</span> <span class='ocrx_word' id='word_1_582' title='bbox 785 3237 820 3266; x_wconf 88' lang='lat' dir='ltr'>te</span> <span class='ocrx_word' id='word_1_583' title='bbox 843 3228 1020 3266; x_wconf 84' lang='lat' dir='ltr'>frustrata</span> <span class='ocrx_word' id='word_1_584' title='bbox 1041 3239 1106 3267; x_wconf 90' lang='lat' dir='ltr'>est.</span> <span class='ocrx_word' id='word_1_585' title='bbox 1131 3231 1231 3278; x_wconf 89' lang='lat' dir='ltr'>Quid</span> <span class='ocrx_word' id='word_1_586' title='bbox 1256 3232 1346 3270; x_wconf 88' lang='lat' dir='ltr'>mihi</span> 
     </span>
    </p>
   </div>
   <div class='ocr_carea' id='block_1_20' title="bbox 382 3353 656 3390">
    <p class='ocr_par' dir='ltr' id='par_1_21' title="bbox 382 3353 656 3390">
     <span class='ocr_line' id='line_1_84' title="bbox 382 3353 656 3390; baseline 0.011 -9"><span class='ocrx_word' id='word_1_587' title='bbox 382 3353 587 3390; x_wconf 84' lang='lat' dir='ltr'>¹1J0an.1v,</span> <span class='ocrx_word' id='word_1_588' title='bbox 608 3356 656 3384; x_wconf 86' lang='grc'>16.</span> 
     </span>
    </p>
   </div>
   <div class='ocr_carea' id='block_1_21' title="bbox 1421 2693 2441 2806">
    <p class='ocr_par' dir='ltr' id='par_1_22' title="bbox 1421 2693 2441 2806">
     <span class='ocr_line' id='line_1_85' title="bbox 1421 2693 2441 2746; baseline 0.004 -17"><span class='ocrx_word' id='word_1_589' title='bbox 1421 2693 1664 2740; x_wconf 80' lang='lat' dir='ltr'>formidaret,</span> <span class='ocrx_word' id='word_1_590' title='bbox 1697 2695 1756 2731; x_wconf 88' lang='lat' dir='ltr'>cui</span> <span class='ocrx_word' id='word_1_591' title='bbox 1787 2708 1826 2731; x_wconf 88' lang='lat' dir='ltr'>se</span> <span class='ocrx_word' id='word_1_592' title='bbox 1855 2695 2065 2732; x_wconf 66' lang='lat' dir='ltr'>videndum</span> <span class='ocrx_word' id='word_1_593' title='bbox 2099 2696 2249 2733; x_wconf 87' lang='lat' dir='ltr'>animus</span> <span class='ocrx_word' id='word_1_594' title='bbox 2280 2709 2441 2746; x_wconf 84' lang='lat' dir='ltr'>quoque</span> 
     </span>
     <span class='ocr_line' id='line_1_86' title="bbox 1423 2754 2438 2806; baseline 0.003 -17"><span class='ocrx_word' id='word_1_595' title='bbox 1423 2766 1529 2790; x_wconf 89' lang='lat' dir='ltr'>meus</span> <span class='ocrx_word' id='word_1_596' title='bbox 1558 2762 1702 2800; x_wconf 87' lang='lat' dir='ltr'>totum,</span> <span class='ocrx_word' id='word_1_597' title='bbox 1727 2754 1756 2790; x_wconf 88' lang='lat' dir='ltr'>si</span> <span class='ocrx_word' id='word_1_598' title='bbox 1780 2763 1929 2803; x_wconf 81' lang='lat' dir='ltr'>posset,</span> <span class='ocrx_word' id='word_1_599' title='bbox 1958 2755 2224 2806; x_wconf 78' lang='lat' dir='ltr'>expanderet?</span> <span class='ocrx_word' id='word_1_600' title='bbox 2244 2755 2319 2794; x_wconf 87' lang='lat' dir='ltr'>Sed</span> <span class='ocrx_word' id='word_1_601' title='bbox 2339 2755 2438 2793; x_wconf 85' lang='lat' dir='ltr'>heu!</span> 
     </span>
    </p>
   </div>
   <div class='ocr_carea' id='block_1_22' title="bbox 1422 2813 2490 2926">
    <p class='ocr_par' dir='ltr' id='par_1_23' title="bbox 1422 2813 2490 2926">
     <span class='ocr_line' id='line_1_87' title="bbox 1424 2813 2490 2866; baseline 0.004 -17"><span class='ocrx_word' id='word_1_602' title='bbox 1424 2813 1462 2849; x_wconf 89' lang='lat' dir='ltr'>in</span> <span class='ocrx_word' id='word_1_603' title='bbox 1487 2822 1630 2863; x_wconf 85' lang='lat' dir='ltr'>quanta</span> <span class='ocrx_word' id='word_1_604' title='bbox 1656 2815 1843 2852; x_wconf 85' lang='lat' dir='ltr'>sermonis</span> <span class='ocrx_word' id='word_1_605' title='bbox 1865 2816 2038 2865; x_wconf 87' lang='lat' dir='ltr'>angustia</span> <span class='ocrx_word' id='word_1_606' title='bbox 2059 2815 2205 2853; x_wconf 90' lang='lat' dir='ltr'>mentio</span> <span class='ocrx_word' id='word_1_607' title='bbox 2226 2829 2266 2853; x_wconf 88' lang='lat' dir='ltr'>se</span> <span class='ocrx_word' id='word_1_608' title='bbox 2285 2815 2439 2866; x_wconf 87' lang='lat' dir='ltr'>ingessit</span> <span class='ocrx_word' id='word_1_609' title='bbox 2488 2847 2490 2855; x_wconf 92' lang='lat'>.</span> 
     </span>
     <span class='ocr_line' id='line_1_88' title="bbox 1422 2872 2489 2926; baseline 0.004 -17"><span class='ocrx_word' id='word_1_610' title='bbox 1422 2872 1468 2909; x_wconf 91' lang='lat' dir='ltr'>de</span> <span class='ocrx_word' id='word_1_611' title='bbox 1495 2874 1560 2909; x_wconf 89' lang='lat' dir='ltr'>tali</span> <span class='ocrx_word' id='word_1_612' title='bbox 1583 2874 1687 2921; x_wconf 64' lang='lat' dir='ltr'>viro,</span> <span class='ocrx_word' id='word_1_613' title='bbox 1712 2888 1759 2911; x_wconf 86' lang='lat' dir='ltr'>nc</span> <span class='ocrx_word' id='word_1_614' title='bbox 1780 2876 1911 2923; x_wconf 88' lang='lat' dir='ltr'>liceat,</span> <span class='ocrx_word' id='word_1_615' title='bbox 1928 2884 1971 2913; x_wconf 90' lang='lat' dir='ltr'>ut</span> <span class='ocrx_word' id='word_1_616' title='bbox 1990 2875 2148 2926; x_wconf 89' lang='lat' dir='ltr'>dignum</span> <span class='ocrx_word' id='word_1_617' title='bbox 2169 2884 2270 2922; x_wconf 90' lang='lat' dir='ltr'>erat,</span> <span class='ocrx_word' id='word_1_618' title='bbox 2295 2876 2334 2912; x_wconf 90' lang='lat' dir='ltr'>in</span> <span class='ocrx_word' id='word_1_619' title='bbox 2361 2884 2437 2913; x_wconf 91' lang='lat' dir='ltr'>tam</span> <span class='ocrx_word' id='word_1_620' title='bbox 2488 2913 2489 2917; x_wconf 68' lang='grc'>,</span> 
     </span>
    </p>
   </div>
   <div class='ocr_carea' id='block_1_23' title="bbox 1415 2933 2436 3285">
    <p class='ocr_par' dir='ltr' id='par_1_24' title="bbox 1415 2933 2436 3285">
     <span class='ocr_line' id='line_1_89' title="bbox 1420 2933 2436 2985; baseline 0.002 -16"><span class='ocrx_word' id='word_1_621' title='bbox 1420 2933 1635 2970; x_wconf 83' lang='lat' dir='ltr'>dulcissima</span> <span class='ocrx_word' id='word_1_622' title='bbox 1668 2934 1778 2972; x_wconf 87' lang='lat' dir='ltr'>nobis</span> <span class='ocrx_word' id='word_1_623' title='bbox 1808 2936 1993 2972; x_wconf 85' lang='lat' dir='ltr'>memoria</span> <span class='ocrx_word' id='word_1_624' title='bbox 2035 2934 2257 2985; x_wconf 86' lang='lat' dir='ltr'>aliquandiu</span> <span class='ocrx_word' id='word_1_625' title='bbox 2294 2935 2436 2972; x_wconf 90' lang='lat' dir='ltr'>immo-</span> 
     </span>
     <span class='ocr_line' id='line_1_90' title="bbox 1417 2993 2435 3045; baseline 0 -15"><span class='ocrx_word' id='word_1_626' title='bbox 1417 2993 1516 3039; x_wconf 88' lang='lat' dir='ltr'>rari,</span> <span class='ocrx_word' id='word_1_627' title='bbox 1559 2994 1714 3043; x_wconf 87' lang='lat' dir='ltr'>quando</span> <span class='ocrx_word' id='word_1_628' title='bbox 1753 2994 1989 3045; x_wconf 84' lang='lat' dir='ltr'>jamjamque</span> <span class='ocrx_word' id='word_1_629' title='bbox 2034 2994 2225 3031; x_wconf 87' lang='lat' dir='ltr'>desiderat</span> <span class='ocrx_word' id='word_1_630' title='bbox 2273 2994 2435 3045; x_wconf 83' lang='lat' dir='ltr'>epistola</span> 
     </span>
     <span class='ocr_line' id='line_1_91' title="bbox 1417 3053 2435 3105; baseline 0.001 -16"><span class='ocrx_word' id='word_1_631' title='bbox 1417 3054 1559 3090; x_wconf 76' lang='lat' dir='ltr'>finem?</span> <span class='ocrx_word' id='word_1_632' title='bbox 1581 3053 1750 3091; x_wconf 86' lang='lat' dir='ltr'>Obsecro</span> <span class='ocrx_word' id='word_1_633' title='bbox 1779 3064 1813 3092; x_wconf 88' lang='lat' dir='ltr'>te</span> <span class='ocrx_word' id='word_1_634' title='bbox 1840 3068 1888 3092; x_wconf 82' lang='lat' dir='ltr'>ne</span> <span class='ocrx_word' id='word_1_635' title='bbox 1908 3054 2075 3104; x_wconf 84' lang='lat' dir='ltr'>graveris</span> <span class='ocrx_word' id='word_1_636' title='bbox 2100 3055 2435 3105; x_wconf 81' lang='lat' dir='ltr'>opportunitatem</span> 
     </span>
     <span class='ocr_line' id='line_1_92' title="bbox 1416 3114 2435 3165; baseline 0.003 -17"><span class='ocrx_word' id='word_1_637' title='bbox 1416 3126 1588 3162; x_wconf 79' lang='lat' dir='ltr'>quaercrc</span> <span class='ocrx_word' id='word_1_638' title='bbox 1609 3114 1806 3163; x_wconf 87' lang='lat' dir='ltr'>quomodo</span> <span class='ocrx_word' id='word_1_639' title='bbox 1827 3114 1875 3151; x_wconf 93' lang='lat' dir='ltr'>ad</span> <span class='ocrx_word' id='word_1_640' title='bbox 1895 3127 1982 3151; x_wconf 85' lang='lat' dir='ltr'>cum</span> <span class='ocrx_word' id='word_1_641' title='bbox 2003 3127 2161 3164; x_wconf 88' lang='lat' dir='ltr'>pergas,</span> <span class='ocrx_word' id='word_1_642' title='bbox 2183 3114 2435 3165; x_wconf 76' lang='lat' dir='ltr'>praedictum-</span> 
     </span>
     <span class='ocr_line' id='line_1_93' title="bbox 1416 3174 2432 3225; baseline 0.001 -16"><span class='ocrx_word' id='word_1_643' title='bbox 1416 3187 1491 3223; x_wconf 86' lang='lat' dir='ltr'>que</span> <span class='ocrx_word' id='word_1_644' title='bbox 1512 3175 1740 3223; x_wconf 88' lang='lat' dir='ltr'>opusculum</span> <span class='ocrx_word' id='word_1_645' title='bbox 1762 3188 1838 3212; x_wconf 92' lang='lat' dir='ltr'>non</span> <span class='ocrx_word' id='word_1_646' title='bbox 1857 3175 1964 3225; x_wconf 88' lang='lat' dir='ltr'>prius</span> <span class='ocrx_word' id='word_1_647' title='bbox 1986 3175 2166 3225; x_wconf 88' lang='lat' dir='ltr'>cuiquam</span> <span class='ocrx_word' id='word_1_648' title='bbox 2187 3174 2432 3213; x_wconf 87' lang='lat' dir='ltr'>scribendum</span> 
     </span>
     <span class='ocr_line' id='line_1_94' title="bbox 1415 3234 2431 3285; baseline 0 -15"><span class='ocrx_word' id='word_1_649' title='bbox 1415 3234 1474 3270; x_wconf 69' lang='lat' dir='ltr'>vel</span> <span class='ocrx_word' id='word_1_650' title='bbox 1505 3234 1708 3283; x_wconf 85' lang='lat' dir='ltr'>legendum</span> <span class='ocrx_word' id='word_1_651' title='bbox 1736 3248 1930 3285; x_wconf 82' lang='lat' dir='ltr'>exponas,</span> <span class='ocrx_word' id='word_1_652' title='bbox 1958 3248 2072 3285; x_wconf 90' lang='lat' dir='ltr'>quam</span> <span class='ocrx_word' id='word_1_653' title='bbox 2103 3249 2191 3272; x_wconf 87' lang='lat' dir='ltr'>cum</span> <span class='ocrx_word' id='word_1_654' title='bbox 2223 3247 2270 3272; x_wconf 88' lang='lat' dir='ltr'>eo</span> <span class='ocrx_word' id='word_1_655' title='bbox 2308 3242 2431 3271; x_wconf 89' lang='lat' dir='ltr'>totum</span> 
     </span>
    </p>
   </div>
   <div class='ocr_carea' id='block_1_24' title="bbox 1425 3360 1921 3403">
    <p class='ocr_par' dir='ltr' id='par_1_25' title="bbox 1425 3360 1921 3403">
     <span class='ocr_line' id='line_1_95' title="bbox 1425 3360 1921 3403; baseline 0.002 -10"><span class='ocrx_word' id='word_1_656' title='bbox 1425 3366 1439 3382; x_wconf 45' lang='grc' dir='ltr'>ὅ·</span> <span class='ocrx_word' id='word_1_657' title='bbox 1462 3360 1579 3403; x_wconf 82' lang='lat' dir='ltr'>Scripta</span> <span class='ocrx_word' id='word_1_658' title='bbox 1593 3361 1672 3392; x_wconf 82' lang='lat' dir='ltr'>circa</span> <span class='ocrx_word' id='word_1_659' title='bbox 1687 3372 1802 3393; x_wconf 85' lang='lat' dir='ltr'>annum</span> <span class='ocrx_word' id='word_1_660' title='bbox 1822 3365 1831 3393; x_wconf 88' lang='grc'>1</span> <span class='ocrx_word' id='word_1_661' title='bbox 1846 3365 1921 3394; x_wconf 84' lang='grc'>127.</span> 
     </span>
    </p>
   </div>
   <div class='ocr_carea' id='block_1_25' title="bbox 2507 1436 2533 1544">
    <p class='ocr_par' dir='ltr' id='par_1_26' title="bbox 2507 1436 2533 1544">
     <span class='ocr_line' id='line_1_96' title="bbox 2507 1436 2533 1544; baseline 0 0"><span class='ocrx_word' id='word_1_662' title='bbox 2507 1436 2533 1544; x_wconf 67' lang='lat'>-4</span> 
     </span>
    </p>
   </div>
   <div class='ocr_carea' id='block_1_26' title="bbox 1824 2393 2518 2445">
    <p class='ocr_par' dir='ltr' id='par_1_27' title="bbox 1824 2393 2518 2445">
     <span class='ocr_line' id='line_1_97' title="bbox 1824 2393 2518 2445; baseline 0.001 -16"><span class='ocrx_word' id='word_1_663' title='bbox 1824 2393 1965 2430; x_wconf 76' lang='lat' dir='ltr'>videris</span> <span class='ocrx_word' id='word_1_664' title='bbox 1992 2402 2054 2440; x_wconf 92' lang='lat' dir='ltr'>tu,</span> <span class='ocrx_word' id='word_1_665' title='bbox 2085 2407 2161 2444; x_wconf 91' lang='lat' dir='ltr'>qua</span> <span class='ocrx_word' id='word_1_666' title='bbox 2186 2395 2246 2431; x_wconf 86' lang='lat' dir='ltr'>vel</span> <span class='ocrx_word' id='word_1_667' title='bbox 2274 2408 2442 2445; x_wconf 89' lang='lat' dir='ltr'>quorum</span> <span class='ocrx_word' id='word_1_668' title='bbox 2496 2425 2518 2433; x_wconf 72' lang='grc'>,,</span> 
     </span>
    </p>
   </div>
  </div>
 </body>
</html>
