2517 3920
350 225 424 262 903

351 303 527 336 Robertum
548 300 672 332 Pullum
691 298 730 329 ab
752 297 936 329 Innocentio
953 300 1087 327 Romam
1106 295 1291 327 accersitum
1306 317 1313 331 ,
1336 303 1352 323 a

348 358 444 391 Lucio
476 357 542 399 ejus
570 364 748 386 successore
784 353 999 383 renuntiatum
1039 361 1105 381 csse
1133 348 1349 384 cardinalem,

350 418 453 455 postea
484 420 556 441 vero
582 406 757 439 cancellarii
790 405 958 447 dignitate,
997 404 1124 444 vitaque
1151 400 1352 443 perfunctum

348 465 489 506 Eugenio
508 465 553 494 111
576 460 733 504 pontifice.
753 462 833 490 Eum
853 457 1082 498 Theologorum
1099 452 1351 495 antiquissimum

347 523 480 553 vocant,
497 515 709 547 doctissimum
731 512 862 554 probant
883 516 927 541 tot
947 511 1029 540 clara
1042 533 1050 546 ,
1074 518 1208 550 quorum
1224 507 1351 537 Pitsaeus

346 571 483 602 indit-em
504 568 624 605 texuit,
644 565 759 607 ingenii
781 569 1002 600 monumenta,
1022 572 1090 603 quic
1105 560 1230 602 quidem
1249 558 1350 588 onmia

345 625 378 655 in
404 622 540 654 tenebris
557 621 649 652 etiam
670 629 751 649 nunc
766 617 940 648 delitesco-1
952 621 1003 653 ut,
1025 614 1083 644 uisi
1103 617 1141 643 1¹..
1166 616 1198 643 P.
1215 611 1350 641 domnus

345 681 439 718 Hngo
451 673 618 707 Mathoud.
634 683 650 702 e
666 677 771 701 nostra
787 668 1037 710 Congregatione
1051 662 1350 698 Sancite-Colonum

345 730 515 763 Senonensi
536 727 682 759 coeuobio
702 723 865 766 praefectus
878 746 885 760 ,
910 728 980 752 octo
996 720 1222 751 sententiarum
1236 717 1346 755 libros,

345 784 426 815 notis
446 788 476 813 et
500 778 772 812 observationibus
797 775 981 806 doctissimis
1000 774 1169 804 illustratos
1195 770 1226 800 in
1246 771 1349 800 lucem

344 838 505 870 emisisset.
536 837 628 866 Plura
648 833 686 863 de
706 842 742 862 eo
772 830 842 860 vide
861 828 886 859 si
907 829 989 859 lubet
1010 828 1042 858 in
1069 825 1152 856 notis
1177 824 1216 855 ad
1233 824 1347 865 epiSto-

344 893 405 922 lam
425 892 502 921 334.

416 947 455 975 35
482 945 516 972 B.
544 937 772 980 magnificentia
796 941 898 965 vestra
919 943 1012 974 super
1036 938 1162 962 terram.
1180 949 1227 952 —-
1243 932 1349 971 Longe

340 1009 423 1030 nunc
439 996 527 1027 aliter
549 991 724 1024 Bernardus
746 988 911 1030 compellat
932 985 1119 1027 Rogerium,
1138 994 1231 1025 quam
1254 994 1347 1025 supra

339 1062 411 1082 eum
433 1045 633 1090 appellaverit
651 1055 658 1074 τ
675 1053 786 1083 nempe
801 1041 844 1071 uti
866 1050 930 1070 non
953 1038 1100 1080 parcebat
1121 1037 1323 1079 peccantibus
1336 1062 1344 1075 ,

338 1104 381 1135 sic
415 1101 565 1141 benignus
590 1103 619 1128 et
644 1096 746 1127 suavis
771 1100 836 1124 erat
867 1091 1137 1134 resipiscentibus3
1167 1097 1196 1122 et
1222 1091 1347 1122 mutatis

338 1155 475 1188 moribus
489 1157 617 1183 noverat
630 1149 732 1180 stilum
747 1153 882 1183 mutare,
900 1146 943 1176 uti
958 1144 1119 1175 indicat'in
1132 1143 1194 1174 fine
1208 1144 1346 1186 episto!ae

341 1213 417 1242 224.
442 1211 582 1249 Apparet
607 1214 680 1245 ergo
702 1202 791 1236 hinc,
815 1199 979 1242 resipuisse
999 1197 1126 1229 tandem
1149 1197 1342 1239 Rogerium,

337 1274 461 1308 gravem
474 1261 589 1293 scilicet
602 1256 760 1300 quondam
779 1254 922 1286 Ecctesiae
938 1253 1059 1284 hostem
1071 1277 1078 1291 ,
1096 1252 1344 1295 perturbatorem

335 1319 439 1362 pacis,
454 1316 607 1347 fautorem
621 1310 791 1343 schismatis
803 1333 810 1346 ‚
830 1308 1004 1339 Innocentii
1027 1306 1184 1349 pontificis
1202 1317 1346 1348 persecu-

335 1381 434 1406 torem
446 1396 453 1410 ,
469 1368 664 1412 imperatoris
681 1364 836 1396 aemulum.
853 1363 946 1404 Cujus
960 1368 1045 1393 tanta
1060 1361 1204 1392 ferocitas
1218 1360 1275 1391 fuit
1287 1385 1294 1399 ‚
1312 1366 1346 1391 ut

334 1439 392 1460 nec
417 1426 527 1461 rebus,
558 1433 615 1453 nec
639 1419 780 1463 personis
805 1417 918 1455 sacris,
946 1427 1004 1448 nec
1033 1415 1176 1447 hostibus
1203 1421 1345 1457 parceret

336 1480 505 1516 defuncti53
525 1483 557 1508 ut
570 1475 675 1506 videre
689 1480 733 1505 est
753 1471 835 1514 apud
849 1475 998 1502 Ottonem
1021 1473 1044 1501 F
1047 1469 1248 1511 risingensem
1262 1468 1343 1499 libro

337 1539 368 1573 7,
397 1545 464 1576 cap.
494 1535 555 1567 23,
577 1536 607 1560 et
631 1527 713 1570 apud
738 1525 925 1560 Rammium,
952 1531 1038 1555 tomo
1071 1527 1126 1561 12,
1160 1523 1199 1553 ad
1225 1534 1341 1554 annum

338 1591 436 1619 1136.
458 1585 550 1616 [nde
575 1583 625 1613 illa
650 1582 714 1622 ejus
738 1579 820 1621 apud
838 1578 1032 1609 Bernardurn
1049 1578 1166 1619 elogia,
1189 1591 1201 1603 u
1222 1580 1344 1619 Tyran-

338 1658 350 1668 »ι
370 1652 427 1671 nus
452 1639 587 1673 Siculus,
613 1652 624 1662 u
651 1636 753 1676 epistt.
777 1637 853 1671 130,
875 1636 958 1671 136;
983 1647 995 1658 «
1022 1635 1152 1663 Invasor
1177 1631 1267 1673 regiae
1291 1642 1343 1663 co-

338 1711 350 1721 »
368 1705 469 1731 ronae,
490 1696 658 1733 usurpator
675 1688 794 1719 Siculus
806 1712 813 1725 ,
835 1703 847 1714 »2
868 1687 957 1729 epist.
980 1689 1064 1725 1393
1086 1701 1098 1712 α
1116 1688 1189 1716 Dux
1203 1685 1338 1727 Apuliae,

339 1764 350 1775 n
368 1758 461 1789 quem
491 1745 549 1776 sibi
577 1742 746 1774 Anacletus
775 1751 857 1783 papa
886 1746 1042 1783 usurpatae
1062 1749 1185 1771 coronae
1210 1738 1342 1770 ridicula

337 1819 349 1830 ›-
368 1801 509 1833 mercede
522 1797 730 1840 comparavit,
753 1811 765 1822 »ι
784 1795 874 1837 epist.
895 1798 970 1827 127.
988 1794 1071 1826 Mire
1090 1805 1161 1824 eum
1185 1804 1342 1824 commen-

335 1858 387 1888 dat
409 1860 517 1887 Petrus
542 1852 638 1884 abbas
661 1850 890 1887 Cluniaeensis,
912 1849 984 1879 libri
1007 1848 1109 1890 quarti
1132 1847 1263 1889 epistola
1285 1850 1340 1879 37.

332 1914 412 1952 Sane
436 1915 600 1952 postquam
626 1904 808 1936 Innocentio
835 1903 995 1945 pontifici,
1025 1902 1081 1933 etsi
1109 1912 1181 1932 eum
1209 1900 1340 1932 haberet

334 1964 509 2006 captivum,
530 1961 659 2002 supplex
683 1958 796 1996 factus,
812 1958 904 1999 regite
927 1967 1050 1988 coronae
1072 1955 1343 1987 confirmationem

331 2017 465 2049 obtinuit
490 2015 574 2057 (vide
600 2013 784 2049 Baronium,
811 2012 851 2042 ad
877 2021 995 2042 annum
1025 2009 1153 2051 1139),
1182 2009 1342 2050 religiosos

330 2073 433 2110 viros,
470 2071 685 2103 Cluuiacenses
712 2074 741 2098 et
775 2067 1016 2100 Cistercienses,
1045 2065 1077 2095 in
1113 2063 1246 2095 ditiones
1272 2075 1342 2095 suas

332 2126 484 2158 evocavit.
510 2127 549 2155 Et
583 2123 677 2165 ipsius
703 2121 829 2163 quidem
854 2120 1006 2152 Bernardi
1031 2118 1160 2150 videndi
1185 2118 1342 2149 desiderio

336 2180 513 2217 tenebatur,
529 2178 573 2208 uti
588 2183 671 2219 patet
686 2187 722 2207 ex
737 2175 867 2217 epistola
880 2173 1032 2216 sequenti.

382 2237 445 2265 438
478 2235 513 2264 C.
539 2230 724 2263 venerabilis
749 2228 927 2260 sacerdotis.
943 2247 988 2250 —
1012 2226 1139 2258 Retinet
1165 2225 1342 2257 Rernardns

332 2289 459 2329 antiqua
472 2286 586 2328 passim
600 2284 750 2315 vocabula
761 2308 768 2322 ,
791 2282 982 2324 antiquitatis
996 2282 1096 2312 sciens
1115 2287 1143 2312 et
1161 2280 1317 2311 studiosus
1331 2305 1339 2318 ‚

330 2349 367 2373 ut
393 2341 443 2372 hic
469 2339 662 2377 Sacerdotis,
683 2350 746 2380 quo
771 2338 897 2368 nomine
923 2336 1099 2368 sacerdotes
1125 2336 1218 2367 etiam
1247 2336 1342 2378 primi

332 2395 459 2426 ordinis
482 2394 650 2435 antiquitus
668 2392 817 2435 appellari
837 2390 999 2429 solebant,
1027 2400 1120 2432 supra
1144 2390 1177 2420 in
1203 2389 1341 2432 epistolis

335 2452 390 2488 01,
411 2452 476 2480 202
491 2473 498 2486 ,
518 2454 577 2479 etc.

381 2507 444 2535 439
466 2505 502 2533 B.
522 2502 662 2544 flagitare
678 2512 743 2532 non
760 2499 910 2542 despexit.
925 2518 969 2521 ψ
984 2503 1093 2531 Petrus
1117 2499 1142 2530 is
1159 2504 1224 2530 erat
1235 2523 1242 2536 ‚
1262 2498 1316 2540 qui
1328 2522 1336 2537 ‚

331 2570 399 2590 cum
417 2556 683 2589 Salamanticensis
699 2555 835 2587 Ecclesia
853 2554 1001 2585 diuturno
1018 2553 1182 2585 schismate
1208 2552 1265 2584 sul)
1283 2554 1339 2584 tri-

332 2613 405 2655 plici
434 2611 534 2653 capite
560 2610 733 2647 laboraret,
768 2609 834 2651 ipse
864 2608 1066 2650 possessionis
1097 2609 1167 2650 jure
1200 2608 1338 2650 gaudens

330 2670 463 2698 Romam
482 2671 606 2696 vocatus
625 2671 668 2695 est
687 2663 726 2694 ab
743 2663 940 2700 Innocentio,
969 2662 1021 2704 qui
1047 2666 1172 2693 Petrum
1199 2662 1338 2704 aliosque

332 2719 553 2750 contendentes
573 2729 589 2749 a
607 2718 754 2759 dignitate
774 2718 901 2748 amovit.
928 2721 1037 2748 Petrus
1056 2727 1130 2747 vero
1154 2717 1193 2747 ad
1213 2717 1336 2749 Clunia-

334 2784 439 2803 censes
464 2783 495 2803 se
521 2771 699 2809 conserens,
719 2778 784 2802 tum
804 2771 843 2802 ad
868 2771 1080 2809 Bernardum,
1109 2771 1337 2802 restitutionem

335 2827 438 2857 forsan
452 2825 653 2863 obtinuisset,
672 2826 731 2856 nisi
750 2826 937 2863 Toletanus,
960 2825 1172 2863 Zamorensis,
1192 2831 1222 2856 et
1242 2827 1337 2867 Sego-

336 2879 447 2910 riensis
471 2879 615 2920 praesulcs
626 2903 633 2915 ,
653 2879 691 2909 ab
711 2879 841 2910 Alfonso
859 2890 930 2921 rege
946 2880 1048 2917 missi,
1062 2880 1313 2912 intercessissent
1327 2904 1335 2918 ,

336 2940 364 2964 et
382 2931 562 2963 electionem
579 2933 755 2974 Berengarii
770 2933 865 2974 ipsius
882 2933 1004 2964 Alfonsi
1021 2934 1197 2965 cancellarii
1211 2945 1339 2976 promo-

335 2986 461 3017 vissent.
482 2988 557 3015 Haec
573 2995 610 3014 ex
628 2985 830 3026 Manriquez,
850 2986 889 3016 ad
908 2997 1025 3018 annum
1048 2990 1146 3019 1139.

384 3040 446 3070 441
471 3039 507 3069 C.
532 3036 600 3067 viro
618 3038 715 3068 nobili
740 3044 769 3069 et
787 3038 897 3070 humili
913 3041 1054 3073 Nicolao.
1067 3061 1114 3064 —
1130 3045 1167 3072 In
1183 3043 1339 3085 plerisque

337 3090 554 3133 manuscriptis
590 3090 674 3122 deest
713 3092 834 3123 Nicolai
868 3105 998 3133 nomen,
1038 3096 1205 3138 nequidem
1238 3098 1340 3139 prima

335 3148 439 3178 littera
455 3144 493 3175 de
509 3155 595 3175 more
614 3144 817 3186 designatum.
835 3149 879 3177 Ex
897 3155 1029 3188 quatuor
1051 3150 1238 3182 Colbertinis
1260 3163 1339 3184 unus

336 3207 458 3233 tantum
474 3198 571 3230 codex
590 3198 622 3229 in
647 3198 784 3240 margine
805 3199 914 3237 habet,
938 3201 1086 3238 Nicoluo,
1109 3204 1158 3234 cui
1180 3216 1252 3235 sane
1273 3205 1340 3238 haec

337 3260 420 3285 recte
444 3252 650 3289 conveniunt,
679 3251 733 3283 sed
759 3253 883 3284 interest
904 3254 935 3284 in
959 3253 1006 3285 his
1026 3266 1153 3288 monere
1177 3259 1336 3292 lectorem.

338 3306 551 3341 Cameracensi
574 3306 709 3337 ecclcsiae
733 3306 855 3348 praefuit
879 3307 1024 3338 Nicolaus
1040 3309 1079 3339 ab
1097 3321 1178 3341 auno
1202 3315 1286 3344 1140
1300 3313 1340 3344 ad

339 3372 453 3393 mnium
474 3363 572 3391 1167.

387 3419 446 3447 441
471 3418 508 3446 D.
523 3421 646 3446 sanctus
663 3415 870 3447 Godesralcus
884 3415 992 3447 abbas,
1006 3435 1047 3438 —
1060 3419 1182 3457 Vulgati
1200 3420 1336 3457 addunt,

857 222 906 255 IN
935 219 1112 255 TOML‘M
1143 217 1340 252 PRIMUM
1369 213 1575 251 OPERUM
1605 212 1641 246 S.
1672 207 1924 243 BERNARDI

2348 205 2426 242 904

1423 289 1542 322 Montis
1559 284 1839 320 Sancti-Martini,
1863 282 1917 313 sed
1933 282 2000 313 lucc
2020 281 2114 313 verba
2138 282 2171 312 in
2185 282 2307 324 scriptis
2326 285 2425 316 omni-

1422 347 1481 377 bus
1505 343 1732 377 desiderantur,
1755 339 1817 370 imo
1841 337 1934 369 etiam
1959 337 1991 366 in
2014 336 2172 367 nonnullis
2192 334 2424 374 Godescalcus,

1421 401 1489 431 aliis
1509 402 1547 430 G.
1566 398 1668 428 littera
1687 403 1861 435 expressus.
1879 394 1919 422 Et
1936 390 1988 421 hic
2003 396 2108 421 tamen
2126 388 2224 420 abbas
2241 389 2299 421 fuit
2309 393 2428 424 Montis

1421 449 1670 485 Sancti-Martini
1692 447 1776 490 apud
1798 445 1982 482 Atrebates,
2003 444 2130 475 Ordinis
2153 447 2428 484 Praemonstraten-

1420 508 1473 543 sis,
1485 505 1629 536 laudatus
1645 503 1677 533 in
1692 500 1822 543 epistola
1837 501 1917 536 253,
1935 509 1968 529 11.
1988 501 2003 529 4
2018 510 2025 536 ;
2039 504 2147 540 postea
2159 498 2322 540 episcopus
2334 496 2441 532 Atre--

1420 559 1574 594 batensis,
1594 558 1626 588 in
1642 555 1772 598 epistola
1793 556 1870 585 284.

1469 615 1536 643 442
1562 614 1601 641 D.
1626 616 1735 641 contra
1757 611 1859 640 Deum
1880 607 2067 649 disjungere.
2088 624 2133 628 —
2154 605 2215 637 Hie
2240 605 2339 637 notati
2363 607 2428 650 epi-

1418 666 1522 708 scopi,
1555 665 1609 706 qui
1635 662 1762 694 Radnlfi
1793 661 2090 693 Veromanduorum
2112 659 2233 691 comitis
2260 659 2428 693 divortium

1418 719 1611 761 probarunt,
1639 727 1752 758 nempe
1775 716 1883 747 Simon
1909 714 2115 747 Tornacensis
2141 715 2207 756 ejus
2224 713 2332 753 frater,
2353 718 2429 746 Bar-

1418 772 1601 803 tholomaeus
1617 770 1844 807 Lauduuensis,
1863 776 1893 800 et
1911 773 2020 800 Petrus
2036 768 2284 801 Silvanectensis.
2298 771 2426 801 Factum

1418 832 1561 857 accurate
1585 831 1690 855 narrat
1716 824 1927 855 Herimannus
1951 822 2124 854 monachus
2149 822 2356 853 Tornacensis
2375 829 2428 855 aut

1417 880 1483 921 ejus
1500 879 1698 911 continuator
1713 878 1745 909 in
1762 877 1916 920 Spicilegii
1935 883 2020 908 tomo
2041 880 2081 908 12
2092 901 2100 914 ,
2118 887 2189 918 pag.
2205 878 2285 914 480,
2304 887 2344 907 ex
2365 888 2428 919 quo

1416 934 1448 966 id
1463 934 1569 976 paucis
1582 934 1699 974 accipe.
1720 932 1874 964 Radulfus
1893 942 1997 963 comes
2010 931 2118 962 volens
2138 931 2172 961 in
2192 930 2426 963 matrimonium

1416 987 1476 1019 sibi
1506 987 1644 1030 copulari
1672 997 1851 1028 germanam
1883 986 2041 1018 Alienorae
2068 985 2183 1027 reginae
2212 987 2424 1024 Francorum,

1415 1042 1542 1073 nomine
1556 1041 1758 1073 Petronillam
1768 1065 1776 1079 ,
1794 1051 1922 1072 uxorem
1938 1051 2026 1071 suam
2039 1039 2208 1082 legitimam
2219 1063 2226 1077 ,
2242 1050 2312 1081 quae
2325 1039 2428 1072 Theo-

1415 1096 1501 1127 baldi
1537 1096 1717 1138 Campaniae
1744 1095 1866 1126 comitis
1896 1094 1998 1137 neptis
2032 1100 2117 1130 erat,
2152 1094 2427 1135 consanguinitatis

1415 1150 1518 1193 specie
1552 1149 1746 1192 repudiavit,
1776 1149 1984 1191 probantibus
2018 1148 2119 1180 tribus
2152 1147 2305 1190 episeopis
2333 1158 2427 1190 supra

1414 1205 1515 1235 dictis.
1548 1204 1656 1235 Delata
1684 1203 1743 1234 hac
1771 1203 1810 1234 de
1834 1214 1868 1234 re
1893 1203 2091 1245 querimonia
2120 1208 2167 1233 est
2199 1212 2257 1244 per
2281 1201 2425 1234 comitem

1414 1258 1635 1290 Theobaldum
1656 1257 1908 1300 Burgundiorum
1930 1257 2103 1299 principem
2131 1256 2171 1287 ad
2195 1266 2286 1286 aures
2309 1259 2423 1298 Papae,

1414 1313 1466 1354 qui
1487 1313 1632 1344 comitem
1654 1312 1779 1343 vinculo
1801 1311 2006 1343 anathematis
2028 1311 2152 1354 ligavit,
2169 1317 2199 1342 et
2211 1310 2374 1352 episcopos
2387 1310 2427 1342 ab

1413 1366 1517 1398 officio
1533 1377 1590 1408 per
1603 1366 1729 1408 aliquod
1751 1372 1874 1409 tempus
1890 1365 2061 1408 suspendit.
2082 1364 2198 1398 Confer
2210 1365 2426 1408 Appendicem

1413 1420 1567 1462 Sigeberti
1584 1427 1613 1451 et
1631 1420 1777 1463 epistolas
1793 1427 1969 1463 sequentes.

1461 1476 1526 1506 443
1549 1478 1585 1506 ss.
1600 1474 1660 1506 hoc
1681 1481 1727 1506 est
1748 1475 1920 1506 maximum
1940 1481 1969 1506 et
1990 1474 2126 1517 primum
2140 1480 2314 1517 peccatum.
2328 1477 2426 1506 —Et

1410 1527 1477 1560 haec
1502 1539 1614 1571 magna
1639 1529 1671 1560 in
1696 1529 1914 1560 Theobaldum
1941 1529 2067 1560 invidiae
2092 1539 2204 1568 causa,
2231 1528 2270 1560 de
2296 1539 2356 1571 qua
2381 1529 2425 1561 ita

1411 1583 1623 1614 Herimannus
1642 1594 1715 1614 mox
1732 1583 1875 1615 laudatus
1895 1594 1902 1615 ε
1927 1598 1940 1610 «
1964 1587 2049 1625 Papa
2064 1583 2213 1614 clericum
2233 1583 2400 1625 quemdam
2414 1608 2423 1622 ,

1415 1653 1428 1665 ι
1446 1645 1611 1680 cognatum
1629 1638 1803 1668 cancellarii
1821 1638 1880 1677 sui,
1901 1653 1914 1665 «
1927 1638 2054 1669 nomine
2067 1641 2193 1669 Petrum
2204 1662 2212 1676 ,
2228 1653 2242 1664 n
2261 1637 2294 1668 in
2310 1637 2425 1668 Bituri-

1416 1707 1428 1718 »
1446 1702 1569 1722 censen]
1605 1691 1873 1734 archiepiscopum
1906 1693 2099 1724 consecravit
2127 1702 2135 1723 :
2162 1691 2248 1733 quod
2272 1692 2345 1733 quia
2369 1703 2425 1724 rex

1414 1761 1427 1774 ι
1445 1746 1617 1777 concedere
1639 1747 1756 1784 noluit,
1784 1746 2009 1778 christianitate
2027 1747 2168 1789 privatus
2186 1751 2242 1777 est.
2263 1760 2276 1773 υ
2293 1745 2331 1777 Id
2350 1757 2426 1777 con-

1410 1801 1477 1842 tigit
1508 1811 1590 1831 anno
1620 1803 1726 1839 1144,
1754 1807 1825 1843 post
1852 1808 1985 1832 mortem
2009 1800 2149 1833 Alberici
2179 1799 2417 1843 archiepiscopi.

1409 1857 1527 1887 Caetera
1551 1854 1684 1897 accipies
1711 1866 1749 1885 ex
1776 1855 1858 1886 notis
1886 1855 1926 1886 ad
1945 1854 2110 1897 epistolam
2137 1857 2216 1892 219,
2245 1853 2300 1884 ubi
2318 1853 2424 1885 Theo-

1407 1906 1534 1938 baldum
1547 1932 1554 1945 ,
1572 1907 1657 1949 quod
1673 1911 1800 1939 Petrum
1814 1907 2083 1950 archiepiscopum
2097 1907 2288 1945 admisisset,
2303 1908 2386 1938 male
2403 1917 2422 1938 a

1406 1972 1478 2003 rege
1491 1961 1634 1992 habiturn
1647 1962 1740 2004 leges.
1756 1961 1872 1993 Confer
1884 1962 2049 2004 epistolam
2064 1964 2129 1994 219
2149 1967 2181 1992 et
2200 1961 2317 1992 libriun
2330 1971 2421 2003 quar-

1410 2020 1476 2046 tum
1497 2016 1536 2047 (le
1552 2016 1626 2047 Vita
1642 2016 1794 2047 Bernardi
1806 2040 1814 2054 ,
1830 2027 1864 2047 n.
1886 2019 1938 2048 12.

1457 2071 1522 2101 446
1552 2073 1587 2102 B.
1616 2082 1707 2101 raes.
1723 2089 1764 2093 —d
1784 2073 1821 2101 In
1847 2070 1969 2112 scriptis
1995 2070 2174 2109 nonnullis,
2205 2076 2364 2114 quamam
2389 2075 2421 2101 at

1406 2123 1498 2154 lectio
1519 2125 1641 2166 vulgata
1667 2125 1788 2156 melior.
1815 2124 1975 2166 Siquidem
1992 2124 2156 2167 episcopus
2179 2135 2245 2155 non
2268 2130 2336 2156 erat
2358 2126 2422 2156 Ge·

1406 2177 1516 2208 rardus
1547 2178 1768 2217 cancellarius,
1800 2178 1854 2220 qui
1881 2178 1933 2210 hic
1967 2185 2079 2220 quarto
2110 2179 2180 2210 loco
2213 2185 2418 2217 memoratur,

1406 2238 1514 2273 postea
1535 2232 1679 2263 Pontifex
1695 2239 1833 2268 creatus,
1851 2232 2014 2274 dictusque
2031 2232 2145 2264 Lucius
2164 2235 2206 2263 II.

1456 2288 1522 2318 44ss
1551 2289 1586 2318 B.
1613 2298 1805 2317 flammeum
1831 2298 2036 2325 OSTIENSEM,
2059 2298 2261 2317 swzrnancm
2287 2297 2420 2317 ranam-:-

1406 2352 1547 2372 srmmr.
1563 2341 1786 2372 —Albericus
1811 2341 1948 2372 Virduni
1974 2341 2005 2372 in
2029 2341 2159 2372 Francia
2185 2347 2326 2372 mortuus
2351 2346 2418 2379 est,

1406 2393 1444 2424 ad
1461 2395 1548 2436 cujus
1565 2396 1719 2426 tumulum
1737 2395 1914 2439 Bernardus
1932 2395 2125 2427 Sacrificium
2146 2395 2246 2426 laudis
2271 2394 2421 2426 obtulisse

1405 2447 1588 2489 perhibetur
1601 2449 1633 2479 in
1647 2449 1728 2480 libro
1742 2455 1852 2490 quarto
1863 2449 1958 2487 Vitae,
1973 2460 2006 2480 n.
2024 2452 2079 2481 21.
2093 2449 2242 2491 Ejusdem
2256 2449 2372 2481 mentio
2387 2449 2419 2480 in

1405 2501 1535 2543 epistola
1557 2504 1635 2533 241.
1656 2505 1706 2534 De
1725 2502 1884 2545 Stephano
1902 2503 1934 2534 in
1951 2503 2081 2545 epistola
2102 2506 2180 2535 224.

1455 2557 1518 2586 446
1538 2558 1573 2587 Β.
1594 2567 1755 2587 mar-mun
1776 2568 2012 2589 Tusccnaxcai.
2030 2577 2077 2581 --
2096 2561 2236 2600 Igmarus
2255 2569 2309 2590 seu
2325 2561 2420 2590 Yma·

1403 2617 1473 2645 rus,
1501 2618 1540 2639 ex
1568 2608 1721 2640 monacho
1749 2609 1945 2641 cluniacensi
1970 2611 2224 2642 Sancti-Martini
2248 2621 2266 2642 a
2292 2610 2416 2654 Campis

1403 2661 1492 2692 Prior
1513 2662 1678 2694 Chal-itatis
1695 2663 1732 2694 ad
1747 2663 1896 2705 Ligerim,
1921 2664 1992 2696 dein
2015 2665 2114 2696 abbas
2135 2665 2418 2697 Monasterii-Novi

1402 2715 1487 2757 apud
1504 2716 1644 2748 Pictavos
1661 2717 1738 2759 (quo
1755 2718 1882 2749 nomine
1893 2719 2020 2750 interest
2031 2719 2167 2762 pactioni
2186 2719 2269 2751 inter
2281 2719 2417 2751 Ludovi-

1402 2771 1479 2800 cum*
1487 2771 1650 2802 Juniorem
1663 2778 1693 2803 et
1706 2773 1883 2814 Argrimum
1897 2773 2152 2805 archidiaconum
2162 2774 2418 2805 Aurelianensem

1401 2824 1484 2855 inita}
1496 2849 1503 2862 ,
1526 2826 1609 2867 apud
1627 2826 1795 2858 Chcsnium
1816 2833 1899 2859 tomo
1920 2830 1935 2859 4
1951 2852 1959 2866 ,
1976 2839 2046 2871 pag.
2064 2827 2162 2870 764),
2177 2828 2304 2859 demum
2317 2827 2417 2860 cardi-

1402 2879 1480 2910 nalis
1502 2879 1541 2910 ab
1564 2882 1747 2913 Innocentio
1769 2888 1910 2920 creatus,
1935 2883 1982 2913 vir
2006 2893 2127 2924 magnae
2148 2882 2352 2924 integritatis,
2378 2892 2416 2913 ex

1403 2933 1558 2965 Chronico
1573 2935 1787 2974 CluniacensI,
1810 2936 1868 2967 sub
1886 2936 1997 2967 Pontio
2020 2935 2144 2968 abbate.
2160 2935 2213 2968 Ad
2235 2935 2293 2981 hos
2315 2935 2417 2967 cardi-

1402 2988 1488 3018 nales
1505 2988 1579 3019 item
1596 2989 1727 3031 epistola
1746 2993 1812 3022 230
1828 2996 1859 3021 et
1876 2990 1945 3021 duae
1959 2995 2134 3031 sequentes.

1453 3044 1517 3073 446
1537 3044 1572 3074 C.
1588 3044 1761 3085 persecutio
1789 3044 1986 3076 Guibertina.
2002 3062 2046 3067 —
2063 3044 2114 3075 Sic
2135 3043 2218 3075 dicta
2230 3054 2248 3074 a
2262 3043 2417 3075 Guiberto

1403 3099 1588 3128 Ravennate
1604 3098 1750 3140 episcopo
1764 3123 1772 3135 ‚
1794 3110 1888 3140 quem
1903 3098 2059 3130 Henricus
2081 3101 2126 3129 IV
2147 3098 2318 3140 imperator
2336 3096 2416 3128 anti-

1402 3162 1515 3193 papam
1533 3152 1686 3194 Gregorio
1702 3155 1765 3183 YII
1779 3159 1809 3184 et
1831 3152 1931 3184 tribus
1951 3152 2152 3194 sequentibus
2172 3151 2314 3194 legitimis
2332 3154 2414 3182 Pon-

1402 3205 1537 3237 tificibus
1562 3206 1688 3248 objecit.
1721 3207 1893 3238 Mauricius
1924 3206 2081 3238 Burdinus
2114 3207 2190 3238 item
2214 3204 2413 3237 Bracarensis

1402 3259 1651 3303 archiepiscopus
1673 3260 1713 3291 ab
1734 3261 1873 3291 Henrico
1895 3263 1925 3290 V
1947 3261 2084 3292 intrusus
2108 3260 2142 3291 in
2162 3259 2274 3292 sedem
2294 3262 2411 3290 Roma-

1404 3324 1495 3351 nam,
1526 3324 1543 3344 a
1573 3315 1697 3346 Calixto
1723 3317 1772 3351 II,
1801 3314 1927 3345 taudem
1958 3315 1990 3345 in
2022 3317 2162 3347 Cavense
2189 3313 2413 3345 monasterium

1406 3373 1542 3398 retrusus
1561 3379 1568 3398 z
1585 3369 1672 3410 cujus
1692 3368 1785 3398 vitam
1802 3368 1959 3409 eleganter
1981 3369 2103 3412 scripsit
2124 3368 2300 3411 Stephanus
2320 3366 2414 3399 Baln-

1406 3421 1470 3451 zius
1486 3421 1515 3451 in
1528 3421 1803 3452 Miscellaucorum
1821 3427 1906 3452 tomo
1927 3426 1956 3453 3.

2511 772 2517 1008 ἒ

2512 1010 2517 1063 t

2511 1070 2517 1198 i
