2533 3920
364 138 442 174 695

1130 135 1166 171 S.
1198 136 1453 171 BERNARDI
1482 139 1639 174 ABBAT
1642 137 1684 172 IS

2501 0 2505 18 1

2377 137 2450 176 696
2500 109 2503 174 l

365 227 484 266 opere
504 223 541 251 et
557 213 726 250 veritate.
750 212 917 250 Salutate
938 210 1049 248 nobis
1076 220 1245 249 sanctam
1268 212 1601 250 illam⁵⁴⁵interim
1645 212 1802 249 nomine
1835 211 1909 248 hoc
1941 210 2041 258 tibi,
2075 211 2285 249 reverende
2326 213 2450 264 frater,
2500 229 2502 258 1

367 274 652 313 multitudinem
681 282 867 320 vestram,
892 281 930 309 et
951 281 1079 319 orate,
1100 281 1143 309 ut
1165 281 1279 310 orent
1304 286 1375 323 pro
1395 276 1424 309 A
1443 274 1590 320 scribo,
1616 273 1722 324 quod
1748 272 1950 323 singularis
1978 285 2048 309 suo
2077 279 2271 323 tempore,
2292 282 2330 310 et
2353 288 2452 325 prae—

366 350 489 386 puel'O
511 349 592 372 SUO.

368 482 1382 499 ======================================================================

370 619 753 677 EPISTOLA
790 616 1348 676 CCCLXXXVIII.³

414 790 523 813 PETRI
554 787 805 811 VENERABILIS
835 788 883 809 AD
914 787 1143 810 BERNARDL‘M
1173 788 1344 811 ABBATEM

691 847 1064 870 CLARrE-VALLEXSE-wl.

369 961 492 992 'l‘itulos
518 964 548 989 et
576 957 675 999 elogia
697 956 836 998 respuit,
871 961 901 986 et
929 955 1038 997 quanti
1060 955 1273 994 Bernardum,
1302 958 1383 999 ejus-

1445 336 1677 374 clarissimus
1694 335 1888 384 religionis
1904 334 1976 371 flos
1989 363 1998 381 ,
2017 333 2183 371 domnus
2205 335 2328 384 Guigo
2347 337 2453 375 Prior
2500 366 2501 378 ,

1447 396 1717 442 Cartusiensis,
1733 395 1825 432 mihi
1843 394 2037 445 quondam
2057 394 2221 445 scripsit.
2240 393 2453 436 Scribebam
2498 405 2501 434 2

1449 458 1483 494 ei
1505 457 1740 506 frequenter,
1774 464 1811 492 et
1839 469 1940 505 saepe
1970 468 2055 492 cum
2085 468 2130 492 eo
2146 484 2155 501 ,
2176 455 2237 492 vel
2260 455 2386 493 verbis
2409 457 2454 496 ad
2498 483 2500 496 t

1450 518 1614 555 invicem
1640 517 1806 562 collatis,
1830 517 1890 553 vel
1917 516 2051 553 litteris
2081 515 2329 553 familiaribus
2349 517 2456 556 dele-
2498 557 2499 563 ,

1451 577 1596 623 etabar,
1620 585 1657 614 et
1676 590 1764 614 eum
1789 576 1828 612 in
1855 575 2025 626 epistolis
2043 574 2136 611 meis
2163 583 2311 625 patrem
2335 577 2457 615 nomi-

1451 637 1603 675 nabam.
1621 636 1815 675 Toleravit
1830 635 1903 672 1100
1920 635 2103 686 primum,
2118 643 2260 684 putans
2273 647 2333 671 me
2347 635 2456 675 finem
2496 664 2499 668 .

1453 699 1641 735 facturum
1661 696 1864 735 scribendi.
1886 702 1936 734 At
1956 703 2159 746 postquam
2176 707 2238 732 me
2260 694 2457 745 persistere

1451 759 1548 795 'vidit
1565 789 1575 806 ,
1593 767 1630 796 et
1647 756 1914 808 frequentibus
1931 755 2068 792 litteris
2086 755 2206 805 patris
2226 767 2368 792 nomen
2386 755 2457 794 ite-

1451 833 1536 856 rare
1548 849 1558 866 ,
1576 820 1615 856 in
1631 819 1712 856 haec
1728 817 1844 855 verba
1857 826 2010 855 sanctus
2022 817 2084 853 ille
2102 815 2256 853 tandem
2271 816 2456 867 prorupit.

1451 881 1609 930 Scripsit
1626 893 1793 929 namque
1815 879 1907 915 1111111
1930 878 2133 929 epistolam
2148 906 2158 923 ,
2176 877 2216 914 in
2234 890 2350 927 quam
2364 876 2459 916 inter
2494 897 2498 915 ι

1451 949 1587 977 caetera
1600 941 1673 977 hoc
1687 939 1847 976 inseruit
1858 954 1865 976 :
1876 938 2011 976 «Unde
2026 938 2192 989 petimus
2203 951 2273 988 per
2287 950 2460 988 eam‚qua
2494 966 2496 970 v

416 1025 477 1056 que
505 1012 673 1044 amicitiam
698 1010 809 1048 faciat,
844 1010 1019 1041 luculenter
1053 1009 1200 1041 ostendit.
1236 1011 1385 1052 Ejusdem
1404 1007 1431 1040 B
1452 1020 1466 1034 1>
1482 1002 1519 1038 in
1538 1015 1608 1038 nos
1623 1000 1802 1050 indignos
1816 1008 1944 1037 vestra
1959 999 2281 1044 ferventviscera,
2298 997 2460 1037 dilectio-

416 1078 543 1110 quoque
558 1065 801 1097 satisfactionem
816 1064 856 1095 de
880 1064 993 1106 injuria
1016 1064 1190 1096 litterarum
1211 1064 1312 1096 libens
1331 1065 1386 1096 ad-

417 1128 523 1154 nutui.

370 1244 589 1284 Venerabili
602 1252 639 1280 et
657 1242 844 1294 praeclaro
862 1241 898 1278 in
919 1239 1102 1278 membris
1122 1241 1260 1279 Christi
1280 1241 1383 1288 viro,

424 1306 583 1343 domino
631 1308 841 1342 Bnnxxnno
882 1303 1194 1341 Clarae—Vallensi
1231 1302 1382 1348 abbati,

425 1368 542 1404 frater
567 1370 713 1403 Pi-:Tm‘s
740 1364 893 1401 humilis
918 1363 1224 1400 Cluniacensium
1245 1362 1382 1410 abbas,

424 1438 513 1480 post
530 1432 654 1466 Deum
675 1435 713 1464 et
733 1427 771 1463 in
791 1430 874 1463 Deo
898 1425 1003 1475 quod
1024 1434 1093 1461 est.

430 1553 461 1588 1.
486 1549 586 1598 Quid
613 1548 765 1585 dicam?
785 1547 910 1596 Loqui
930 1547 1036 1583 soleo
1061 1562 1068 1583 :
1093 1546 1158 1583 sed
1176 1561 1279 1584 nunc
1300 1561 1385 1584 mu-

371 1621 432 1649 tus
454 1611 574 1648 factus
595 1622 690 1646 sum.
710 1607 824 1645 [nde
842 1608 938 1644 hoc?
956 1607 1054 1656 Quia
1075 1608 1209 1645 litterae
1229 1617 1386 1655 vestrae,

371 1687 456 1723 quae
483 1685 542 1708 me
563 1672 809 1720 eloquentem
834 1668 957 1705 facere
979 1667 1212 1716 debuerant,
1237 1678 1386 1706 mutum

373 1735 561 1771 fecerunt.
582 1733 736 1780 Quare?
757 1734 877 1767 Tanta
901 1730 939 1765 in
956 1729 1030 1765 illis
1047 1758 1056 1775 ,
1079 1729 1166 1767 licet
1182 1730 1384 1776 brevibus,

373 1869 548 1900 conarer,
568 1854 686 1904 magis
701 1852 912 1890 taciturnus
927 1865 1042 1901 quam
1061 1852 1202 1901 loquax
1222 1852 1385 1889 viderer.

373 1917 446 1956 Sed
464 1915 570 1966 gravi
589 1914 759 1960 homini,
779 1912 845 1949 sed
875 1913 1052 1962 religioso
1080 1913 1234 1962 loquor.
1259 1917 1385 1962 Agen-

373 1978 465 2015 dum
494 1985 549 2013 est
577 1989 667 2026 ergo
683 2005 692 2021 ,
716 1983 834 2025 prout
862 1974 1027 2023 gravitas
1052 1974 1249 2024 postulat;
1272 1983 1388 2024 prout

374 2038 530 2088 religio,
551 2037 620 2073 etsi
642 2049 720 2072 non
748 2049 832 2071 mea
847 2064 856 2081 ,
882 2043 1008 2071 tamen
1038 2043 1162 2071 vestra
1188 2034 1382 2084 efflagitat.

375 2099 475 2149 Quid
505 2098 632 2135 enim?
654 2109 783 2133 nonne
800 2109 934 2131 verum
953 2104 1010 2132 est
1037 2095 1142 2145 quod
1166 2095 1279 2132 dico?
1297 2098 1388 2132 Bre-

373 2162 432 2198 vis
446 2169 502 2198 est
518 2158 696 2209 epistola,
719 2157 785 2193 sed
803 2157 921 2193 multa
937 2156 1198 2206 respondendi
1217 2156 1388 2193 materia.

373 2227 459 2269 Fer,
478 2219 798 2271 rogo,insulsum,
820 2218 849 2253 si
874 2217 967 2266 quid
990 2230 1098 2254 secus
1121 2216 1255 2253 dixero
1276 2231 1391 2266 quam

376 2290 565 2335 oporteat.
591 2284 700 2318 Verae
730 2278 830 2314 enim
857 2278 1032 2314 amicitiae
1063 2285 1139 2323 est,
1163 2290 1242 2313 non
1265 2278 1389 2314 solum

375 2346 471 2382 salsa
491 2341 602 2380 amici
622 2339 838 2389 suscipere,
863 2337 929 2375 sed
957 2346 994 2374 et
1026 2338 1171 2374 insulsa
1202 2346 1268 2374 aut
1295 2351 1391 2374 con-

376 2406 478 2451 dire,
498 2411 563 2440 aut
583 2402 758 2438 tolerare.
776 2399 942 2449 Accepi,
961 2407 1004 2435 ut
1021 2397 1119 2444 dixi,
1138 2411 1185 2434 ex
1202 2407 1310 2449 parte
1329 2407 1391 2436 tua

376 2467 521 2503 litteras
542 2495 550 2511 ,
581 2464 726 2500 litteras
764 2461 975 2510 singulares
998 2489 1006 2505 ,
1038 2460 1182 2496 litteras
1221 2473 1391 2496 amorem

377 2526 638 2564 dulcissimum
658 2552 666 2569 ,
686 2531 723 2558 et
751 2521 941 2558 honorem
964 2521 1050 2571 plus
1071 2534 1185 2570 quam
1206 2521 1298 2557 mihi
1325 2521 1392 2558 de-

376 2589 499 2626 bitum
522 2584 818 2637 praetendentes.
846 2581 1228 2620 Reverendissimum
1255 2595 1315 2618 me
1336 2581 1391 2618 di-
1412 2586 1444 2619 D
1459 2585 1548 2622 Sion
1574 2599 1581 2621 :

377 2650 461 2695 cis,
496 2657 643 2698 patrem
683 2645 887 2689 nominas,
925 2643 1090 2679 amicum
1126 2642 1390 2679 charissimum

379 2710 560 2761 appellas.
586 2705 748 2745 Gaudeo
777 2703 824 2741 ad
852 2704 921 2740 ista
944 2718 951 2739 :
975 2702 1040 2739 sed
1075 2703 1179 2739 salva
1207 2703 1390 2749 veritate,

379 2783 463 2819 quae
479 2782 527 2805 ex
544 2766 694 2804 Christo
713 2765 752 2800 in
773 2772 809 2800 te
834 2763 993 2801 defluxit
1007 2791 1016 2807 ,
1040 2762 1117 2799 duo
1136 2762 1393 2812 praecedentia

380 2830 523 2873 nescio,
538 2827 691 2864 tertium
715 2837 893 2874 agnosco.
912 2828 1006 2861 Nam
1028 2823 1391 2860 reverendissimum

380 2904 441 2927 me
471 2901 551 2926 esse
579 2888 742 2936 ignoro,
767 2892 915 2934 patrem
930 2912 939 2928 ,
968 2891 1155 2932 quantum
1174 2883 1221 2919 ad
1242 2891 1302 2930 te,
1333 2897 1392 2920 me

380 2965 460 2988 csse
493 2961 590 2998 nego
613 2962 620 2984 :
643 2946 806 2983 amicum
833 2953 870 2981 et
896 2944 1160 2981 charissimum
1195 2953 1300 2981 tuum
1332 2959 1392 2982 me

380 3025 460 3050 non
484 3010 606 3047 solum
630 3021 697 3044 ore
718 3007 918 3057 profiteor,
939 3006 1005 3042 sed
1021 3014 1058 3042 et
1075 3005 1192 3043 corde
1212 3019 1390 3056 agnosco.

435 3073 470 3110 2.
492 3075 545 3109 Ut
571 3070 672 3106 enim
700 3068 747 3105 de
769 3066 1076 3104 reverendissimi
1102 3076 1138 3104 et
1165 3067 1276 3104 amici
1302 3067 1393 3105 clia-

381 3132 520 3172 rissimi
545 3128 765 3168 nominibus
797 3137 941 3165 taceam
957 3157 966 3174 ,
993 3141 1159 3177 quorum
1179 3156 1188 3174 ‚
1218 3136 1261 3164 ut
1291 3128 1393 3175 dixi,

379 3196 540 3233 alterum
570 3191 723 3234 nescio,
759 3190 922 3226 alterum
957 3202 1123 3238 agnosco
1157 3204 1163 3225 :
1197 3188 1243 3225 de
1276 3190 1395 3239 patris

431 3329 439 3344 ¹
458 3321 539 3354 Psal.
558 3331 606 3351 111,
625 3321 655 3349 3.

1451 1079 1465 1094 υ
1483 1075 1570 1099 nem
1586 1090 1595 1107 ,
1615 1070 1658 1098 ut
1676 1060 1832 1111 quando
1856 1068 1996 1097 nostrae
2013 1058 2211 1109 exiguitati
2230 1066 2357 1096 vestra
2371 1058 2460 1097 scri—
2492 1072 2496 1107 ζ

1452 1139 1466 1156 »
1482 1122 1572 1159 bere
1591 1122 1771 1172 dignatur
1782 1121 1986 1166 Serenstas,
1997 1121 2049 1157 ita
2060 1120 2107 1157 de
2123 1119 2281 1170 propria
2298 1119 2461 1169 cogitetis
2492 1153 2494 1161 .

1454 1200 1469 1216 ι)
1486 1182 1752 1228 aedificatione,
1767 1190 1810 1218 ut
1824 1181 2085 1217 infirmitatem
2098 1188 2268 1217 nostram
2279 1180 2461 1230 periculo·
2491 1190 2494 1216 t

1453 1261 1467 1276 υ
1487 1257 1526 1280 sa
1536 1243 1768 1280 noninfletis
1787 1242 1988 1279 elatione.»
2003 1245 2058 1280 Ac
2075 1241 2203 1278 statim
2222 1243 2317 1278 :«Et
2330 1240 2461 1289 illud„

1452 1304 1600 1354 inquit,
1618 1321 1631 1336 «
1649 1317 1729 1354 prae
1752 1302 1933 1340 omnibus
1957 1315 2000 1339 ac
2027 1315 2144 1352 super
2167 1300 2298 1338 omnia
2318 1314 2462 1350 quaesuv
2490 1339 2492 1343 ,

1454 1383 1469 1398 »
1487 1379 1572 1402 mus
1587 1395 1596 1412 ‚
1612 1373 1651 1402 et
1668 1364 1802 1401 defixis
1814 1365 1854 1401 in
1874 1372 2012 1400 terram
2031 1362 2194 1413 genibus
2209 1361 2461 1411 obsecramus,
2490 1395 2492 1402 ,

1454 1444 1468 1460 »
1487 1441 1534 1463 ne
1560 1427 1744 1463 vilitatem
1774 1434 1946 1462 nostram
1980 1424 2099 1475 patris
2127 1423 2285 1462 nomine
2316 1422 2461 1473 dignam

1455 1505 1469 1521 »
1490 1488 1653 1525 ulterius
1673 1487 1878 1524 aestimetis.
1904 1486 2000 1523 Satis
2022 1493 2060 1522 et
2083 1498 2200 1535 super
2223 1484 2312 1522 satis
2336 1479 2462 1532 est,'si

1455 1567 1469 1582 υ
1488 1550 1616 1596 frater,
1635 1549 1664 1585 si
1686 1548 1830 1585 amicus
1846 1576 1855 1593 ‚
1884 1547 1914 1584 si
1940 1547 2040 1584 filius
2066 1546 2300 1597 appelletur,
2320 1545 2385 1596 qui
2398 1559 2463 1584 nee

1456 1627 1471 1642 »
1490 1610 1590 1647 servi
1617 1610 1773 1646 nomine
1805 1608 1944 1658 dignus
1976 1607 2152 1645 habetur.
2173 1624 2188 1641 »
2218 1607 2377 1657 Scripsit
2395 1606 2463 1646 hoe
2486 1626 2490 1647 ς

1455 1671 1516 1707 ille
1535 1671 1627 1707 mihi
1645 1686 1652 1707 z
1673 1669 1799 1707 scribo
1823 1678 1861 1706 et
1880 1682 1952 1719 ego
1974 1668 2048 1706 hoc
2073 1668 2175 1705 idem
2203 1665 2284 1705 tibi.
2311 1667 2463 1716 Sufficit,

1455 1740 1492 1767 et
1510 1732 1672 1768 multum
1691 1730 1852 1776 sufficit,
1875 1730 1903 1767 si
1928 1729 2054 1766 fratris
2067 1759 2077 1776 ‚
2093 1729 2121 1766 si
2139 1728 2271 1775 amici,
2292 1728 2322 1765 si
2343 1727 2464 1776 chari,
2485 1722 2488 1751 ἶ

372 1796 447 1845 legi
469 1824 478 1840 ,
509 1803 551 1831 ut
585 1794 616 1830 si
653 1792 699 1829 ad
737 1790 1050 1841 respondendum
1088 1804 1148 1828 me
1188 1791 1387 1828 effundere
1409 1798 1435 1832 C
1454 1793 1515 1829 vel
1535 1793 1745 1830 charissimi
1761 1793 1918 1829 nomine
1933 1791 1979 1828 de
1998 1800 2049 1837 te,
2064 1791 2126 1828 vel
2143 1789 2247 1841 apud
2259 1798 2294 1827 te
2310 1789 2462 1840 glorier:
2484 1796 2493 1834 '3‘

1454 1854 1515 1889 vel
1543 1854 1572 1890 si
1603 1853 1696 1904 quid
1730 1853 1803 1889 tale
1830 1861 1895 1890 aut
1920 1860 1956 1889 te
1983 1852 2093 1889 decet
2121 1852 2295 1896 mittere,
2318 1859 2384 1888 aut
2408 1863 2463 1890 me

1456 1914 1566 1951 decet
1587 1914 1794 1964 suscipere.
1816 1917 1901 1951 Hoc
1930 1912 1977 1949 de
2004 1912 2200 1963 praemissa
2228 1912 2461 1950 salutatione.
2483 1925 2487 1931 ’

1510 1976 1545 2012 3.
1574 1975 1646 2012 Sed
1669 1974 1762 2024 quid
1789 1973 1835 2011 de
1859 1972 2133 2024 sequentibus?
2155 1972 2358 2020 «Utinam,
2378 1989 2393 2006 »
2410 1972 2465 2010 in-
2484 1999 2485 2006 ,

1456 2036 1563 2085 quis,
1597 2036 1728 2073 «sicut
1759 2042 1987 2085 praesentem
2022 2033 2223 2085 epistolam
2241 2062 2251 2080 ‚
2279 2033 2333 2070 ita
2360 2031 2464 2072 vobis
2508 2058 2509 2063 =

1458 2114 1471 2130 υ
1492 2106 1659 2134 mentem
1678 2109 1801 2133 meam
1827 2096 1979 2132 mittere
2007 2107 2161 2146 possem
2180 2097 2188 2132 Ι
2208 2113 2222 2128 »
2242 2098 2290 2132 Et
2316 2094 2436 2132 statim
2453 2109 2463 2132 ε
2480 2094 2497 2121 3.

1458 2176 1472 2190 «
1489 2159 1578 2196 Sine
1598 2157 1717 2195 dubio
1743 2166 1834 2194 tunc
1859 2157 2070 2194 clarissime
2092 2156 2269 2206 legeretis
2284 2186 2294 2203 ,
2315 2154 2406 2206 quid
2428 2155 2464 2194 in
2481 2156 2502 2190 .“

1460 2238 1473 2252 »
1492 2219 1608 2256 corde
1626 2232 1713 2256 meo
1737 2218 1784 2255 de
1805 2231 1938 2255 amore
1961 2226 2091 2254 vestro
2117 2217 2257 2268 digitus
2282 2218 2353 2255 Dei
2383 2216 2483 2255 50νίὲί

1462 2298 1476 2312 »
1493 2280 1630 2330 pserit,
1653 2279 1748 2329 quid
1769 2280 1862 2316 meis
1881 2279 2122 2329 impresserit
2139 2278 2356 2316 medullis.»
2373 2280 2464 2317 Vere
2479 2267 2481 2291 Ε

1458 2341 1539 2378 haec
1559 2340 1698 2387 verba,
1721 2341 1827 2378 salvo
1849 2340 2004 2391 majoris
2023 2340 2195 2390 mysterii
2211 2348 2465 2387 sacramento,

1459 2402 1557 2438 sic-ut
1579 2409 1821 2451 unguentum
1838 2401 1878 2437 in
1899 2401 2024 2451 capite
2038 2430 2048 2447 ,
2069 2400 2175 2451 quod
2202 2401 2400 2439 descendit
2421 2399 2480 2439 de'
2499 2415 2502 2435 1

1457 2461 1579 2499 barba
1598 2467 1728 2499 Aaron
1751 2462 1789 2498 in
1806 2475 1912 2498 oram
1933 2462 2154 2499 vestimenti
2165 2461 2248 2512 ejus
2265 2477 2274 2499 :
2294 2475 2383 2500 vere
2399 2462 2465 2500 ista

1459 2525 1557 2561 sicut
1588 2537 1651 2560 ros
1680 2527 1875 2570 Hermon,
1903 2523 1970 2573 qui
2000 2523 2199 2561 descendit
2230 2524 2269 2562 in
2302 2532 2501 2565 montetum

1606 2597 1694 2621 vere
1724 2584 1838 2621 etiam
1868 2584 1920 2621 sic
1949 2584 2093 2621 stillant
2119 2592 2271 2621 montes
2302 2573 2478 2628 dulcedi—2³

1459 2659 1568 2690 nem,
1595 2655 1633 2682 et
1653 2646 1770 2682 colles
1799 2645 1926 2681 fluunt
1950 2645 2008 2681 lac
2034 2653 2071 2681 et
2092 2645 2179 2682 mel.
2202 2648 2279 2682 Nec
2298 2644 2498 2691 mireris,-⁴⁴

1459 2707 1549 2755 quia
1573 2715 1647 2743 tam
1670 2706 1833 2743 sollicite
1855 2705 2034 2752 attendo,
2059 2713 2097 2742 et
2118 2713 2231 2743 teneo
2251 2705 2370 2743 verba
2393 2713 2475 2743 tua.¹

1458 2770 1543 2804 Xon
1571 2767 1672 2804 enim
1695 2781 1714 2804 a
1736 2768 2010 2817 qualicumque
2027 2780 2094 2804 ore
2113 2767 2262 2818 prolata
2283 2767 2361 2805 scio
2379 2765 2464 2804 :sed
2495 2783 2498 2804 ;

1460 2827 1506 2863 ab
1524 2827 1624 2864 illius
1644 2827 1710 2877 qui
1731 2827 1837 2877 loqui
1856 2841 1935 2864 non
1953 2827 2060 2864 novit
2078 2827 2152 2864 nisi
2167 2826 2215 2864 de
2228 2827 2344 2864 corde
2358 2839 2462 2878 puro,
2497 2850 2499 2855 -

1461 2896 1498 2923 et
1522 2888 1759 2924 conscientia
1781 2886 1906 2934 bona,
1929 2895 1968 2924 et
1988 2900 2120 2924 amore
2144 2900 2222 2924 non
2250 2888 2352 2924 ficto.
2374 2885 2497 2925 Novis

1460 2948 1553 2994 hoc,
1574 2949 1748 2998 inquam,
1766 2962 1838 2998 ego
1852 2977 1862 2994 ,
1885 2949 1995 2985 novit
2015 2957 2052 2985 et
2072 2961 2222 2985 mecum
2245 2947 2371 2995 orbis,
2391 2959 2462 2985 non

1460 3022 1540 3046 esse
1560 3018 1594 3046 te
1615 3010 1661 3046 de
1678 3010 1833 3046 illorum
1851 3023 2028 3055 numero,
2043 3009 2123 3059 qui,
2137 3008 2250 3059 juxta
2267 3009 2469 3054 Psalmum„
2487 3036 2491 3042 -
2532 3033 2533 3037 =

1465 3072 1575 3106 I'mm
1596 3073 1706 3107 locuti
1727 3080 1813 3106 sunt
1828 3073 1882 3106 ml
1896 3074 2120 3120 proximum
2140 3085 2273 3115 suum5
2293 3083 2370 3108 non
2390 3081 2463 3107 esse

1462 3139 1498 3168 te
1530 3131 1577 3168 de
1599 3132 1690 3178 illis,
1720 3145 1886 3182 quorum
1917 3131 2019 3168 labia
2049 3134 2183 3168 ‘dolosa
2208 3137 2247 3168 itt
2275 3133 2407 3178 corde,
2431 3139 2464 3167 ct

1463 3195 1574 3228 corde
1599 3196 1710 3229 locuti
1734 3203 1819 3229 sunl
1836 3200 1860 3230 ¹.
1882 3192 2031 3230 Idcirco
2052 3193 2368 3243 quotiescumque
2385 3192 2462 3244 pla-

898 3323 912 3337 Π
927 3316 1014 3348 Alias
1032 3317 1162 3359 epistola
1179 3321 1244 3349 353
1266 3330 1272 3349 ;
1289 3330 1358 3360 quae
1374 3331 1446 3351 vero
1467 3327 1557 3352 antea
1579 3325 1644 3353 388
1664 3326 1728 3352 crat
1744 3345 1750 3359 ,
1771 3332 1854 3351 nuuc
1878 3323 1956 3353 348.
1975 3320 2096 3364 Scripta
2113 3321 2194 3352 circa
2207 3331 2324 3352 annum
2345 3322 2355 3352 l
2370 3321 2441 3352 150.
