2533 3920
347 177 417 213 351
1118 176 1153 209 S.
1184 176 1440 210 BERNARDI
1473 175 1672 210 ABBATIS
2357 173 2433 210 352

346 255 532 292 cultorem
559 261 673 303 atque
703 251 900 289 custodem
922 250 1119 287 constituit
1141 267 1148 287 :
1171 249 1612 294 honesta-'⁴⁷tionibus,
1652 262 1769 299 opere
1805 262 2006 294 manuum3
2049 257 2087 285 et
2125 262 2240 300 super
2277 251 2429 301 onmia,

344 315 398 351 vit
428 323 463 351 te
491 314 529 350 in
557 311 753 350 laboribus
785 312 877 357 tuis,
899 319 936 347 et
957 310 1165 361 complebit
1191 311 1298 357 illos,
1321 311 1352 348 si
1371 310 1398 344 Λ
1418 311 1732 347 excellentiorem
1767 309 1866 346 viam
1905 318 2059 357 tenere,
2094 323 2180 360 quae
2217 320 2274 348 est
2306 311 2432 349 ehari-

345 375 548 426 permittis.
579 374 651 411 Sed
679 382 742 419 tu,
764 373 862 423 proh
892 373 1014 409 nefas!
1039 372 1202 408 destruis
1225 385 1353 408 mace-

345 434 570 484 riam'ejus,
592 442 629 470 et
655 433 812 470 racemis
837 432 990 482 optimis
1016 432 1167 481 plenam
1193 431 1354 481 exponis

347 495 526 532 omnibus
544 494 609 544 qui
626 493 996 544 praetergrecliu1itur
1013 492 1125 528 viani.
1149 494 1250 528 Heu!
1270 491 1354 540 quis

346 555 567 607 prohibebit
586 568 721 605 aprum
746 553 791 590 de
811 554 923 598 silva,
942 561 983 588 ut
1005 565 1082 588 non
1103 552 1350 597 exterminet;

347 625 384 653 et
407 616 635 665 singularem
658 615 800 659 ferum,
821 627 867 649 ne
886 612 1065 661 depascat
1088 613 1198 648 eam?
1216 612 1354 648 Mirum

344 690 437 713 vero
459 677 488 713 si
513 677 550 712 in
578 676 650 712 hoc
672 675 786 711 morti
811 683 845 710 te
868 673 965 709 bene
986 686 1204 722 przeparare
1225 680 1353 721 putas,

347 737 452 787 quod
475 736 628 786 quidem
647 736 694 772 ad
712 748 771 771 me
788 734 992 784 scripsisti,
1012 741 1053 768 ut
1070 733 1108 768 in
1125 740 1229 768 tanto
1247 745 1357 768 scan-

347 799 449 843 dalo,
471 805 509 833 et
528 797 566 833 in
590 796 828 832 anathemate
849 793 994 829 domini
1016 795 1127 841 Papae
1146 791 1242 827 mori
1260 792 1357 828 velle

345 871 425 894 non
461 858 603 893 timeas.
631 854 801 899 Deinde,
829 854 859 889 si
887 854 937 889 ita
969 852 1222 888 necessarium
1250 860 1354 898 erat,

346 931 424 954 non
449 917 576 966 potuit
604 914 707 951 aliud
735 923 882 963 tempus
905 911 1161 957 considerari,
1179 911 1251 947 nisi
1267 924 1352 947 cum

346 975 631 1014 necessitatibus
653 973 874 1010 universalis
895 972 1071 1009 Ecclesiae
1095 971 1269 1008 detineor
1283 1001 1292 1017 ,
1311 980 1353 1007 ut

1421 380 1476 408 tas
1497 386 1504 408 :
1528 384 1645 421 porro
1672 371 1711 406 in
1734 370 1792 406 his
1815 369 1996 407 omnibus
2021 372 2211 420 prolicere
2232 371 2278 408 de
2305 371 2365 409 die
2391 373 2431 409 in

1421 433 1540 478 diem,
1563 440 1600 468 et
1620 432 1655 467 in
1676 431 1767 481 ipsis
1787 444 2034 480 perseverare
2051 445 2172 481 usque
2190 432 2237 468 ad
2257 433 2432 470 ultimum
2470 470 2479 475 ,
2532 447 2533 468 5

2530 491 2533 503 i

1421 493 1534 530 diem.
1563 496 1610 530 Et
1631 492 1711 528 haec
1737 491 1893 541 quidem
1927 491 2077 528 assidue
2103 505 2172 529 vos
2203 492 2433 531 confidimus

1420 554 1591 590 actitare.

1478 615 1512 651 2.
1544 616 1730 651 Caeterum
1763 626 1883 649 unum
1917 625 2014 662 opus
2051 612 2211 658 fecistis,
2240 621 2278 650 et
2298 626 2433 652 omnes

1424 675 1611 711 mirantur
1632 690 1639 711 :
1662 673 1766 724 quod
1786 687 1872 710 eum
1902 674 2021 710 sancti
2041 673 2196 719 essetis,
2217 687 2294 710 non
2317 687 2432 724 repu-

1424 743 1545 771 tantes
1581 743 1745 771 vestram
1782 734 2043 780 sanctitatem,
2079 734 2243 771 alienam
2273 735 2432 784 partici-

1423 809 1515 845 pare
1548 795 1729 840 curastis,
1754 803 1796 831 ut
1827 795 1958 831 essetis
1984 795 2204 831 sanctiores.
2223 795 2430 845 Impletum

1423 863 1479 891 est
1507 855 1608 904 quod
1636 855 1775 904 legitur
1807 854 1846 890 in
1876 854 2082 903 Evangelio
2108 869 2116 891 :
2144 855 2235 890 Cum
2257 854 2432 902 feceritis

1420 919 1549 949 omnia
1565 928 1653 962 (μαῖ’
1673 915 1856 949 mandata
1877 912 2154 961 vobisfileritzt,
2173 913 2306 960 dicite,
2331 918 2432 951 Servi

1420 976 1569 1009 inutiles
1597 987 1724 1009 smnus
1739 972 1766 1010 3.
1797 974 1955 1010 Inutiles
1978 987 2047 1011 vos
2072 975 2276 1025 reputatis,
2297 984 2336 1012 et
2358 975 2431 1013 hu—

345 1038 400 1074 illi
432 1037 600 1081 miserae,
623 1047 737 1084 quam
763 1033 947 1083 exponis,
977 1046 1055 1068 non
1084 1032 1193 1068 liceat
1215 1031 1350 1068 subve-
1377 1033 1401 1066 B
1419 1034 1526 1070 miles
1546 1033 1693 1070 inventi
1713 1033 1813 1070 estis.
1837 1037 1956 1070 Recta
1975 1034 2118 1081 facere,
2139 1043 2178 1072 et
2197 1036 2370 1072 inutilem
2391 1049 2430 1074 se

1421 1102 1619 1144 reputare,
1639 1093 1741 1143 apud
1760 1106 1904 1143 paucos
1920 1094 2117 1131 invenitur
2131 1123 2140 1141 ,
2157 1102 2196 1131 et
2212 1095 2300 1132 ideo
2317 1097 2428 1134 multi
2462 1122 2467 1128 ·

346 1097 451 1133 nire?
475 1095 643 1133 Obsecro
666 1102 700 1130 te
718 1106 788 1143 per
810 1106 896 1129 eum
917 1093 982 1142 qui
1004 1105 1075 1142 pro
1096 1100 1130 1128 te
1151 1092 1354 1129 crucifixus

345 1165 420 1202 est,
440 1165 482 1192 ut
500 1156 588 1192 satis
603 1154 762 1191 afflictos
780 1154 942 1203 amplius
961 1153 1131 1189 cruciare
1151 1166 1301 1202 pareas,
1317 1161 1356 1189 et

345 1217 534 1254 tristitiam
557 1229 672 1265 super
688 1214 876 1251 tristitiam
891 1213 1030 1250 addere
1043 1214 1200 1250 desistas
1221 1227 1228 1249 :
1251 1213 1353 1262 quia,

345 1286 388 1315 ut
418 1290 552 1313 verum
574 1277 711 1322 fatear,
729 1276 780 1311 sie
807 1288 879 1325 pro
901 1275 970 1311 hac
990 1274 1164 1311 Ecclesiae
1186 1273 1354 1323 generali

346 1338 528 1388 gravique
549 1337 710 1374 scissura
739 1336 897 1372 affectus
925 1348 1027 1381 sum,
1050 1343 1093 1371 ut
1113 1334 1249 1371 taedeat
1268 1334 1353 1370 ani-

345 1412 445 1435 mam
468 1411 590 1434 meam
612 1397 699 1434 vitae
720 1409 813 1433 meze
829 1425 839 1443 ,
858 1396 970 1432 etiam
994 1403 1028 1432 te
1049 1403 1085 1432 et
1106 1395 1178 1431 tuis
1198 1394 1235 1431 in
1258 1407 1352 1444 pace

344 1458 582 1509 degentibus.

589 1585 1234 1595 ιιι-ιινι-,ιινιινκκκιιιηικνιινιειιῑιινικικιιιιιη
1241 1584 1249 1592 ι
1256 1584 1352 1594 ιικιιικ

508 1687 883 1744 EPISTOLA
927 1684 1182 1743 CXLII?

577 1847 623 1868 AD
656 1845 858 1869 moNAcnos
885 1845 1065 1869 ALFENsEs
1079 1832 1107 1869 *.

333 1963 510 1998 Monachos
529 1963 690 2006 Alpenses,
711 1963 809 2005 quise
821 1962 880 1994 sub
894 1962 1013 1994 Ordine
1030 1962 1225 1994 Cisterciensi
1239 1963 1350 1994 Clarae-

379 2018 582 2051 Vallensibus
609 2023 868 2060 aggregaverant,
889 2017 1089 2048 commendat
1113 2024 1142 2048 et
1171 2019 1350 2049 consolatur

382 2073 422 2104 de
442 2072 582 2104 absentia
597 2072 694 2115 patris
716 2071 756 2102 ad
772 2071 915 2102 altiorem
931 2071 1062 2113 gradum
1086 2072 1249 2115 assumpti.
1267 2073 1350 2104 Hinc

382 2128 422 2158 de
436 2137 519 2158 novo
536 2126 650 2158 abbate
673 2125 813 2168 eligendo
830 2136 883 2157 eos
900 2131 1016 2157 monet.

394 2247 426 2282 1.
457 2247 586 2282 Bonus
605 2252 713 2294 pater
731 2251 857 2280 vester
879 2251 994 2292 atque
1014 2250 1167 2289 noster,
1189 2251 1348 2280 auctore

336 2308 420 2342 Deo
434 2333 443 2349 ,
474 2304 521 2341 ad
542 2304 715 2341 altiorem
748 2302 909 2353 gradum
941 2310 1157 2352 assumptus
1185 2311 1248 2339 est,
1281 2306 1347 2340 Fa-

339 2366 483 2401 ciamus
504 2378 617 2414 ergo,
637 2364 866 2409 charissimi,
890 2363 995 2412 quod
1019 2362 1110 2399 dicit
1131 2363 1319 2412 propheta
1337 2377 1345 2400 z

336 2428 371 2462 E
375 2429 513 2461 levatus
532 2433 583 2460 est
603 2428 668 2468 sol,
686 2434 721 2460 et
740 2427 828 2460 liam
845 2429 942 2459 stetit
958 2428 996 2459 in
1013 2426 1145 2459 orfime
1160 2438 1224 2459 suo
1242 2429 1266 2460 ¹.
1284 2424 1347 2461 Sol

334 2495 390 2522 est
410 2486 471 2522 ille
487 2515 496 2531 ,
517 2499 586 2535 per
601 2499 715 2534 quem
734 2485 910 2535 Alpensis
927 2484 1171 2534 congregatio
1188 2484 1345 2521 illustris

335 2546 479 2596 ubique
498 2546 689 2593 redditur,
707 2554 885 2595 tanquam
908 2545 999 2581 luna
1018 2558 1086 2594 per
1101 2544 1233 2580 solem.
1255 2544 1344 2580 Ele-

1421 1154 1670 1191 admirantur.
1689 1158 1772 1191 Hoc
1786 1183 1795 1200 ‚
1818 1155 1995 1204 inquam,
2022 1154 2095 1191 hoc
2119 1168 2279 1205 prorsus
2299 1169 2367 1193 vos
2383 1157 2431 1194 de

1421 1214 1635 1251 illustribus
1678 1214 1802 1251 reddit
1836 1215 2065 1252 illustriores
2086 1244 2096 1262 ,
2135 1216 2344 1253 sanctiores
2383 1216 2430 1254 de

1420 1276 1571 1312 sanctis.
1588 1279 1633 1312 Et
1649 1275 1882 1325 ubicumque
1899 1275 2114 1326 divulgatus
2132 1284 2188 1312 est
2203 1289 2328 1314 sermo
2345 1277 2429 1326 iste,

1419 1336 1583 1386 replevit
1613 1336 1742 1372 omnia
1772 1336 1892 1373 odore
1923 1336 2132 1373 suavitatis.
2162 1339 2254 1374 Haec
2286 1337 2427 1385 virtus,

1419 1409 1480 1432 me
1503 1396 1657 1446 judice,
1685 1396 1889 1446 praefertur
1913 1397 2004 1433 item
2042 1397 2249 1446 protractis
2273 1396 2430 1447 jejuniis

1418 1465 1456 1494 et
1485 1458 1701 1507 anticipatis
1723 1457 1884 1506 vigiliis,
1909 1457 2015 1494 omni
2041 1456 2208 1507 denique
2237 1460 2430 1508 corporali

1418 1518 1620 1564 exercitio,
1651 1526 1830 1566 tanquam
1855 1530 1945 1554 vere
1970 1517 2091 1567 pietas
2116 1530 2202 1567 quae
2225 1517 2273 1554 ad
2301 1519 2429 1556 onmia

1417 1579 1517 1615 valet
1531 1579 1557 1615 4.
1583 1582 1705 1627 Quam
1733 1578 1820 1614 laeto
1850 1578 1937 1614 sinu
1961 1578 2114 1627 collegit
2131 1591 2201 1615 vos
2220 1579 2428 1617 multitudo

1418 1639 1694 1677 Cisterciensis!
1723 1651 1836 1688 quam
1869 1638 1983 1674 alacri
2014 1638 2123 1675 vultu
2146 1638 2331 1688 spectavit
2356 1639 2428 1677 hoc

1418 1700 1588 1750 angelica
1614 1699 1819 1736 celsitudo!
1842 1702 2044 1736 Noverunt
2066 1699 2254 1749 siquidem
2275 1700 2330 1736 illi
2348 1701 2428 1751 spi-

1414 1762 1509 1798 ritus
1543 1760 1802 1810 omnipotenti
1836 1764 1919 1797 Deo
1965 1761 2116 1810 placere
2146 1773 2263 1811 super
2299 1762 2428 1799 omnia

1369 1827 1395 1862 C
1417 1822 1622 1857 fraternam
1643 1821 1864 1857 societatem
1881 1828 1917 1856 et
1931 1820 2299 1857 confoederationem
2312 1851 2322 1868 ,
2341 1835 2429 1859 cum

1415 1881 1514 1918 dicat
1545 1894 1614 1931 per
1641 1880 1895 1930 prophetam,
1921 1882 2073 1916 Glutitm
2094 1880 2227 1916 bonum
2253 1879 2359 1928 cst53
2391 1890 2428 1920 et
2472 1926 2477 1931 Δ
2504 1920 2506 1923 ,

1415 1955 1485 1992 per
1511 1942 1649 1989 alium,
1677 1944 1776 1977 Ecce
1806 1955 1920 1989 quam
1943 1940 2077 1977 bonum
2098 1950 2134 1977 et
2157 1954 2272 1990 quam
2285 1946 2427 1988 jucnn-

1416 2005 1518 2048 clam,
1545 2002 1717 2038 habitare
1734 2006 1876 2048 fratres
1900 2004 1936 2037 in
1957 2015 2070 2038 unum
2087 1999 2102 2022 ⁵
2122 2017 2130 2039 z
2151 2001 2261 2050 item,
2289 2005 2428 2040 Frater

1408 2060 1570 2110 fratrem
1595 2063 1791 2107 adjuvans,
1811 2061 1920 2097 ambo
1939 2061 2265 2100 consolabuntur7.

1472 2124 1507 2160 3.
1537 2122 1763 2160 Advertitur
1782 2122 1897 2158 etiam
1919 2122 1993 2159 hoc
2010 2123 2151 2159 factum
2171 2123 2425 2161 humilitatem

1416 2184 1590 2220 redolere
1612 2198 1619 2220 ε
1643 2196 1729 2232 ‹111ae
1752 2195 1867 2232 quam
1894 2191 2048 2233 accepta
2072 2183 2120 2219 sit
2139 2182 2278 2220 divinae
2306 2182 2427 2232 maje-

1415 2244 1520 2290 stati,
1545 2243 1655 2280 docet
1671 2244 1733 2279 ille
1751 2243 1817 2293 qui
1833 2242 1946 2287 dicit,
1966 2242 2142 2291 acherbis
2159 2245 2260 2279 Deus
2275 2247 2423 2291 resistit,

1414 2304 1613 2341 humilibus
1631 2313 1754 2340 (uilem
1774 2306 1839 2339 (lac
1856 2308 2020 2353 gratiam
2037 2302 2051 2324 ⁸
2071 2318 2078 2340 :
2102 2303 2269 2341 ostendit
2287 2312 2324 2341 et
2344 2305 2425 2354 ipse

1413 2366 1638 2402 humilitatis
1670 2365 1848 2413 Magister
1883 2377 1952 2414 per
1986 2365 2233 2414 semetipsum
2267 2364 2398 2402 dicens
2412 2395 2423 2413 ,

1414 2429 1555 2463 Discite
1582 2439 1606 2460 (ι
1631 2438 1690 2460 me
1711 2429 1802 2472 qula
1823 2429 1923 2459 mitis
1945 2438 2024 2460 sum
2044 2433 2080 2460 et
2098 2425 2251 2461 humilis
2269 2427 2379 2461 corde
2393 2433 2422 2463 9.

1412 2485 1511 2534 Quid
1534 2484 1654 2521 dicam
1682 2484 1728 2520 de
1750 2493 1881 2521 nostro
1905 2485 2045 2534 pusillo
2066 2498 2179 2535 grege
2201 2486 2423 2524 Clarae-Val-

1410 2546 1480 2590 lis,
1514 2544 1573 2581 cui
1606 2544 1808 2594 specialius
1839 2544 2071 2592 adhaesistis,
2102 2553 2248 2595 quanto
2284 2559 2353 2583 vos
2382 2555 2421 2584 et

334 2616 424 2643 vato
447 2607 574 2657 itaque
594 2607 679 2652 illo,
702 2614 844 2642 stemus
870 2618 939 2641 nos
968 2605 1004 2640 in
1027 2604 1162 2641 ordine
1183 2612 1316 2641 nostro
1331 2633 1340 2649 ,
1363 2614 1396 2647 D
1413 2620 1527 2656 quam
1558 2606 1710 2655 speciali
1738 2606 2018 2656 complectatur
2047 2606 2212 2643 affectu?
2235 2610 2322 2645 Non
2354 2621 2422 2658 po-

337 2668 570 2717 quicumque
594 2667 776 2715 elegimus
802 2664 939 2714 abjecti
965 2678 1045 2701 esse
1074 2664 1113 2700 in
1135 2664 1251 2700 domo
1275 2665 1345 2702 Dei

337 2727 479 2773 nostri,
515 2727 632 2776 magis
664 2740 779 2776 quam
817 2725 988 2762 habitare
1019 2725 1057 2761 in
1090 2723 1344 2762 tabernaculis

336 2794 582 2836 peccatorum
597 2792 623 2822 ².
647 2785 752 2826 Ordo
780 2793 911 2822 noster
932 2783 1096 2834 abj0ctio
1118 2793 1193 2831 est,
1216 2785 1344 2822 humi-

336 2846 420 2882 litas
451 2854 528 2892 est,
562 2846 779 2882 voluntaria
804 2853 1010 2895 paupertas
1042 2852 1120 2890 est,
1151 2843 1340 2881 obedien-

336 2907 406 2952 tia,
428 2919 525 2956 pax,
550 2905 728 2955 gaudium
749 2906 787 2941 in
806 2905 948 2955 Spiritu
974 2912 1118 2941 sancto.
1141 2903 1246 2942 Ordo
1268 2918 1340 2941 no-

334 2975 411 3004 ster
439 2975 495 3003 est
524 2979 606 3003 esse
633 2965 704 3002 sub
741 2967 945 3015 magistrO,
979 2965 1048 3002 sub
1077 2964 1236 3010 abbate,
1270 2965 1340 3003 sub

333 3026 483 3076 regula,
509 3025 580 3063 sub
607 3026 818 3076 disciplina.
840 3025 945 3063 Ordo
969 3033 1099 3062 noster
1126 3033 1183 3061 est
1211 3026 1341 3062 stude-

1414 2675 1485 2703 test
1505 2666 1578 2703 diei
1596 2665 1736 2711 verbo,
1757 2666 1861 2715 quod
1891 2665 1938 2703 de
1960 2675 2092 2703 mutua
2120 2667 2302 2704 charitate
2321 2668 2422 2706 inter

1411 2740 1482 2763 nos
1501 2735 1538 2763 et
1560 2740 1630 2763 vos
1653 2726 1860 2776 spiritualis
1880 2726 2022 2764 infusio
2042 2726 2268 2764 mirabiliter
2283 2740 2422 2779 opera-

1412 2796 1485 2824 tur.
1508 2790 1711 2837 Superest,
1735 2788 1886 2834 sratres,
1908 2796 1950 2824 ut
1968 2788 2148 2825 invocato
2168 2787 2312 2838 Spiritu
2332 2801 2420 2826 san·-

1409 2857 1471 2885 cto
1485 2877 1494 2895 ,
1513 2847 1710 2884 maturetis
1730 2847 1840 2884 vobis
1860 2848 2000 2898 eligere
2016 2856 2178 2898 patrem.
2197 2851 2291 2886 Nam
2312 2849 2343 2886 si
2361 2861 2421 2886 me

1408 2909 1696 2959 exspectaretis,
1723 2922 1861 2946 vereor
1889 2922 1936 2945 ne
1962 2908 2150 2946 adventus
2181 2917 2312 2946 noster
2344 2909 2421 2947 dif-

1409 2970 1552 3006 feratur
1579 2969 1616 3005 in
1645 2969 1826 3019 longum,
1860 2977 1898 3006 et
1931 2969 1997 3006 illa
2025 2968 2157 3006 dilatio
2185 2977 2284 3006 esset
2312 2969 2417 3020 peri-

1407 3030 1548 3067 culosa.
1585 3029 1658 3067 Sed
1698 3038 1834 3066 vocate
1868 3029 1915 3067 ad
1955 3042 2024 3066 vos
2057 3029 2226 3080 fratrem,
2241 3038 2417 3067 nostrum

331 3100 372 3123 re
410 3087 562 3124 silentio
581 3115 590 3132 ,
630 3087 798 3123 exerceri
826 3085 984 3135 jejuniis
1006 3114 1016 3131 ,
1050 3086 1188 3135 vigiliis
1202 3114 1211 3131 ‚
1248 3100 1339 3124 ora-
1408 3089 1671 3126 charissimum
1703 3089 1956 3128 Godefridum
1985 3089 2156 3127 Priorem
2185 3090 2418 3129 Clarae—Val-

384 3226 393 3240 ¹
410 3219 560 3251 Habacuc
576 3231 636 3258 111,
660 3223 710 3251 11.
729 3237 771 3242 -
797 3225 808 3240 ²
828 3220 908 3251 rsal.
938 3232 1081 3257 rxxxni,
1098 3224 1150 3251 11.
1169 3239 1214 3243 ——
1237 3218 1250 3241 3
1272 3224 1345 3251 I.u‹·.
1372 3233 1460 3257 xvix,
1481 3225 1531 3253 lo.
1551 3242 1592 3246 ---
1618 3223 1630 3249 4
1653 3224 1765 3255 Ι’]’ἰῐιι.
1788 3236 1831 3260 ιν,
1851 3227 1882 3256 8,
1903 3243 1946 3247 ——
1967 3221 1980 3246 5
2004 3223 2075 3256 lsai.
2090 3235 2169 3262 xm,
2195 3226 2281 3256 7.-
2302 3220 2318 3245 ⁶
2337 3222 2416 3254 Psal.

330 3285 462 3311 (xxxii,
485 3276 512 3305 1.
532 3290 577 3295 ——-
593 3279 607 3304 7
626 3275 718 3304 Prov.
741 3284 846 3309 xvxii,
872 3277 922 3304 19.
943 3292 986 3295 -«
1006 3272 1019 3294 ⁸
1033 3273 1144 3305 Jacobi
1167 3284 1210 3311 iv,
1227 3279 1258 3304 (3.
1276 3292 1317 3296 —
1341 3282 1356 3304 9
1371 3274 1487 3306 Manli.
1506 3287 1561 3316 xx,
1581 3280 1634 3307 29.

373 3337 385 3350 ‘¹
405 3333 524 3375 Scripta
542 3343 624 3364 anno
639 3332 754 3363 Christi
782 3335 791 3363 1
807 3335 867 3363 138
880 3358 886 3364 .

2427 3001 2479 3172 §m
