2517 3920
321 196 417 231 1535,

315 276 428 320 ferat,
446 283 488 310 ut
508 281 640 310 cantus
657 272 722 322 qui
740 272 937 323 propriam
956 281 994 309 et
1011 273 1222 309 naturalem
1251 273 1321 309 lia—
1333 272 1364 290 ⁶⁰

1077 196 1112 231 S.
1144 195 1397 231 BERNARDI
1425 196 1628 232 ABBATIS
2307 199 2404 236 153ss

1369 272 1380 290 ⁷
1394 282 1483 309 sunt
1501 273 1539 309 in
1561 276 1587 311 C
1604 281 1641 310 et
1663 273 1701 309 in
1720 275 1774 319 G,
1796 285 1881 322 quae
1902 272 2139 310 diversarum
2163 283 2252 311 sunt
2274 276 2404 314 finales

308 335 374 372 bet
389 335 538 371 finalem
555 338 600 380 D,
615 341 751 370 octavo
773 342 863 370 tono
885 333 1135 370 attribuatur:
1154 333 1326 382 quivero
1346 337 1375 368 A
1395 334 1664 371 maneriarum.
1688 333 1853 382 Quidam
1878 346 1993 383 super
2020 334 2118 371 banc
2141 348 2221 371 rem
2243 335 2404 385 diligen-

309 395 506 445 propriam
540 402 576 429 et
604 394 816 430 naturalem
849 393 964 430 habet
1003 394 1154 430 finalem
1177 397 1230 439 A,
1255 391 1325 429 sul)

310 464 447 504 quarto
468 464 558 490 tono
576 454 847 490 contineatur?

366 516 401 551 5.
426 517 573 550 Horum
599 527 690 563 ergo
708 523 888 550 cantuum
916 514 954 549 in
973 518 1005 550 A
1021 512 1324 558 terminantium,

313 575 352 611 in
373 574 513 624 quibus
546 583 719 611 naturam
744 575 904 611 suffocat
931 572 1138 609 similitudo
1156 602 1165 618 ,
1192 586 1324 609 neccs—

312 635 411 672 saria
439 635 626 671 correctio
647 643 703 671 est
737 650 744 671 2
777 634 864 683 quia
886 633 1060 669 dissoluti
1081 646 1150 682 per
1167 633 1324 682 apposi-

312 697 477 742 tionem,
496 709 580 745 quae
599 704 725 745 partes
747 694 1037 744 compositionis
1056 693 1317 739 contaminat,

310 757 473 793 alterum
504 756 542 791 in
578 755 793 805 principio,
824 755 985 790 alterum
1019 753 1057 789 in
1079 753 1155 788 fine
1186 761 1320 789 tonum

312 816 498 853 redolent.
541 819 584 851 In
627 814 888 850 vetustissimis
925 825 1150 861 magnorum
1188 825 1318 848 mona-

310 876 513 912 steriorum
530 873 770 910 bibliothecis
786 873 1106 922 elegantissimum
1125 871 1321 921 quoddam

310 936 400 971 artis
433 935 584 971 musicae
620 933 852 969 breviarium
887 932 1102 981 reperitur,
1135 931 1240 980 quod
1269 932 1322 967 sic

312 994 465 1043 incipit,
492 1011 506 1025 «
526 993 715 1041 Quoniam
736 992 848 1042 pauci
866 1000 955 1028 sunt
977 1004 984 1025 :
1010 1008 1023 1023 n
1042 990 1147 1040 quod
1166 990 1321 1040 quidem

1393 393 1467 430 tius
1496 394 1688 430 intuentes
1720 393 1869 439 dicunt,
1905 402 1941 430 et
1970 393 2069 430 bene
2090 394 2245 441 dicunt,
2268 409 2402 433 omnes

1392 454 1477 490 illos
1498 463 1630 490 cantus
1653 467 1733 491 esse
1758 454 1987 503 irregulares
2001 483 2010 500 ,
2041 468 2137 504 quos
2157 456 2299 492 nullius
2321 469 2403 493 ma-

1392 514 1508 551 neriae
1526 515 1716 551 certitudo
1735 515 1934 564 distinguit
1955 530 1962 551 :
1985 523 2021 551 et
2034 515 2210 564 judicant
2229 517 2401 554 omnium

1390 574 1529 611 horum
1567 583 1747 612 cantuum
1784 575 1836 611 ita
1863 574 2004 611 debere
2034 575 2094 612 vel
2125 575 2279 613 extendi
2309 589 2402 626 pro-

1390 636 1622 685 gressionem
1637 665 1646 681 ,
1677 635 1738 671 vel
1769 634 2086 685 compositionem
2106 635 2271 683 variari,
2297 644 2340 672 ut
2361 637 2400 673 in

1390 695 1566 732 finalibus
1585 695 1819 732 diversarum
1840 694 2096 731 maneriarum
2111 694 2307 732 terminari
2318 696 2402 732 nul-

1388 756 1537 793 latenus
1550 756 1709 806 possint.
1729 756 1796 792 His
1810 755 1974 805 proinde
1990 755 2212 792 miserrimis
2226 754 2400 792 cantibus

1387 829 1493 852 suam
1524 815 1835 852 incertitudinem
1867 815 2002 851 leviter
2032 823 2069 851 et
2099 814 2269 852 breviter
2293 814 2401 852 abla-

1390 883 1463 911 tam
1482 875 1666 920 invenies,
1684 883 1726 911 ut
1743 874 1823 923 jam
1842 888 1919 910 non
1936 875 1984 912 sis
2000 874 2151 921 dubius,
2167 875 2308 924 quibus
2325 875 2400 912 sin-

1389 936 1497 984 gulos
1526 935 1702 972 finalibus
1726 935 1919 984 applicare
1941 934 2092 972 debeas.
2112 939 2254 974 Omnes
2283 936 2400 986 igitur

1388 1004 1519 1032 cantus
1536 995 1669 1045 primae
1690 996 1868 1032 maneriae
1880 1024 1888 1040 ,
1906 994 1945 1031 id
1963 1003 2018 1041 est
2032 996 2146 1046 primi
2162 997 2223 1033 vel
2243 996 2399 1033 secundi

310 1055 349 1091 in
373 1062 481 1104 parte
511 1053 583 1102 legi
599 1082 609 1099 ‚
644 1053 710 1089 sed
739 1066 879 1088 nomen
901 1052 1067 1088 auctoris
1101 1064 1161 1087 nie
1190 1051 1322 1099 legisse
1340 1058 1366 1091 B
1389 1056 1492 1101 toni,
1519 1056 1697 1093 termines
1714 1065 1756 1093 ut
1778 1055 1964 1102 diximus,
1988 1055 2028 1091 in
2057 1058 2089 1092 D
2109 1056 2171 1092 vel
2193 1060 2235 1094 A.
2257 1060 2399 1094 Omnes

307 1128 385 1150 non
416 1114 556 1150 recolo.
580 1117 623 1150 In
641 1127 708 1159 eo,
733 1113 763 1149 si
784 1112 880 1149 bene
902 1113 1082 1159 memini,
1100 1111 1322 1161 hujusmodi

310 1183 441 1211 cantus
468 1174 601 1220 nothi,
617 1174 654 1210 id
676 1182 732 1210 est
750 1173 979 1223 degeneres,
1001 1182 1037 1210 et
1058 1186 1137 1209 non
1163 1173 1321 1222 legitimi

306 1235 487 1285 appellati
518 1243 628 1280 sunt;
660 1248 706 1271 eo
724 1234 849 1284 quod,
872 1243 914 1271 ut
946 1234 998 1270 ibi
1028 1234 1178 1283 legitur,
1211 1248 1230 1270 a
1262 1247 1321 1270 se-

306 1296 430 1345 ptimo
463 1304 554 1332 tono
590 1296 795 1345 incipiant,
829 1304 865 1332 et
908 1295 1085 1332 eumdem
1122 1294 1161 1330 in
1193 1294 1320 1330 medio

308 1364 525 1401 servantes,
574 1356 673 1392 circa
717 1356 831 1392 finem
871 1355 1126 1405 degenerent,
1162 1354 1242 1390 aliis
1281 1355 1319 1390 in

305 1416 453 1466 primo,
483 1416 562 1452 aliis
595 1416 633 1452 in
667 1424 805 1465 quarto
844 1424 934 1452 tono
965 1414 1226 1452 desinentibus
1250 1428 1257 1450 τ
1280 1414 1318 1451 in

304 1476 453 1525 primo,
484 1477 580 1512 sicut
607 1494 621 1507 «
653 1479 709 1512 Ex
731 1490 807 1525 quo
829 1476 925 1512 facta
949 1484 1027 1521 cst,
1060 1495 1073 1508 ι)
1099 1476 1135 1512 in
1159 1484 1317 1525 quarto,

304 1536 401 1572 sicut
430 1554 444 1567 «
476 1536 679 1573 Benedicta
708 1545 760 1572 tu.
790 1554 803 1569 ι)
841 1537 933 1573 Fine
963 1536 1126 1586 proinde
1161 1550 1318 1586 compe-

304 1605 427 1633 tenter
463 1605 631 1642 mutato,
676 1610 810 1633 omnes
845 1596 1067 1646 hujusmodi
1107 1605 1239 1633 cantus
1272 1596 1319 1633 ad

305 1657 510 1706 septimum
547 1665 681 1693 tonum
725 1657 901 1693 redactos
944 1657 1124 1707 reperies.
1171 1660 1319 1693 Horum

306 1725 487 1753 cantuum
517 1717 601 1754 duae
627 1726 716 1754 sunt
747 1717 997 1754 diversitates.
1030 1717 1192 1765 Quidam
1217 1718 1319 1753 enim

303 1791 436 1815 eorum
473 1777 521 1814 ab
554 1792 599 1814 ea
630 1779 756 1815 littera
788 1779 827 1815 in
856 1792 931 1828 qua
964 1779 1174 1828 incipiunt,
1208 1779 1319 1815 hilari

1389 1115 1564 1152 secundae
1586 1114 1785 1162 maneriae,
1806 1116 1845 1152 id
1865 1124 1921 1152 est
1949 1115 2050 1152 tertii
2071 1124 2108 1152 et
2139 1116 2266 1165 quarti
2292 1117 2396 1161 toni,

1388 1176 1427 1213 in
1448 1180 1477 1214 E
1500 1177 1560 1213 vel
1583 1177 1621 1213 in
1649 1180 1677 1213 B
1706 1176 1935 1226 quadratum
1960 1191 1967 1213 ε
1989 1175 2095 1225 quod
2115 1176 2204 1213 licet
2234 1184 2310 1213 tam
2330 1190 2399 1213 au-

1390 1236 1609 1273 thentorum
1642 1251 1757 1287 quam
1782 1237 1988 1287 plagalium
2014 1236 2240 1273 naturaliter
2272 1250 2400 1274 susce-

1386 1296 1535 1345 ptivum
1562 1297 1634 1343 sit,
1669 1297 1819 1333 nullum
1848 1305 1975 1333 tamen
2002 1287 2244 1333 authentum·
2259 1297 2298 1334 in
2326 1311 2398 1334 an-

1388 1357 1606 1407 tiphonario
1641 1358 1825 1407 reperies,
1860 1370 1974 1406 quem
2008 1357 2048 1393 in
2074 1357 2158 1407 ipso
2193 1358 2398 1396 terminare

1385 1418 1523 1454 valeas.
1547 1417 1583 1454 Si
1601 1418 1702 1454 enim
1727 1426 1782 1455 cst
1803 1418 2124 1468 Responsorium,
2147 1431 2281 1455 versus
2298 1418 2397 1456 illius

1386 1477 1558 1514 authenti
1576 1491 1653 1514 non
1674 1487 1801 1528 potest
1819 1478 1852 1514 ei
1865 1486 2103 1528 competere,
2120 1478 2186 1528 qui
2202 1477 2273 1515 sub
2293 1487 2398 1516 sexta

1385 1538 1511 1575 littera
1542 1538 1582 1574 in
1614 1552 1690 1588 qua
1724 1539 1858 1588 incipit
1897 1538 2140 1575 semitonium
2173 1537 2288 1574 habet
2323 1551 2331 1573 :
2367 1539 2397 1575 si

1385 1612 1478 1635 vero
1494 1607 1550 1635 est
1567 1599 1778 1649 antiphona
1795 1616 1809 1631 «
1830 1599 2084 1644 Saeculorum,
2105 1616 2120 1632 υ
2139 1597 2310 1648 ejusdem
2333 1612 2399 1636 au-

1387 1659 1508 1696 thenti
1546 1673 1625 1696 non
1660 1668 1788 1710 potest
1818 1660 1989 1710 recipere
2027 1668 2188 1710 propter
2222 1659 2395 1696 eamdem

1387 1732 1551 1755 causam.

1441 1780 1476 1814 6.
1512 1779 1666 1815 Nullum
1700 1778 1888 1828 siquidem
1919 1787 2098 1824 cantum,
2120 1779 2187 1828 qui
2212 1792 2282 1829 per
2311 1779 2395 1816 dia-

302 1847 410 1875 motu
435 1838 646 1875 ascendunt
679 1838 726 1874 ad
747 1839 920 1888 quintam
941 1847 979 1875 et
1002 1847 1165 1889 pausant
1187 1839 1225 1875 in
1249 1852 1312 1885 ea,
1336 1839 1362 1874 C
1383 1847 1497 1888 pente
1518 1848 1555 1875 et
1588 1839 1834 1876 semitonium
1861 1838 2040 1875 ascendat
2058 1838 2106 1875 ad
2126 1847 2292 1885 sextam,
2317 1848 2394 1876 ter-

302 1898 372 1935 sub
389 1912 463 1948 qua
490 1898 562 1934 nisi
584 1898 691 1947 prius
719 1907 816 1935 esset
837 1907 949 1935 tonus
965 1928 974 1944 ,
997 1899 1135 1935 deinde
1157 1899 1315 1935 semito-

302 1959 432 2004 nium,
462 1967 595 2008 postea
627 1967 704 1995 tres
728 1959 828 2005 toni,
861 1973 945 2008 quae
967 1959 1165 2009 dispositio
1192 1968 1317 2009 potest

303 2019 463 2068 reperiri
495 2027 642 2055 tantum
665 2018 734 2055 sub
763 2032 804 2055 ea
833 2019 957 2055 littera
988 2033 1072 2068 quae
1101 2020 1234 2068 quinta
1261 2028 1317 2056 est

303 2093 324 2116 a
354 2080 458 2116 finali
491 2079 641 2129 septimi
679 2080 777 2126 toni,
808 2093 885 2116 non
921 2088 1078 2129 possent
1108 2079 1161 2116 ibi
1192 2081 1316 2117 notari

303 2140 458 2189 reliqua-2
478 2148 605 2189 partes
623 2152 756 2175 eorum
776 2148 977 2185 cantuum,
998 2148 1038 2176 ut
1059 2148 1168 2190 potes
1186 2139 1316 2177 videre

301 2199 339 2235 in
360 2216 373 2231 ει
393 2198 595 2235 Benedicta
618 2207 676 2244 tu,
705 2217 718 2231 n
752 2208 788 2235 et
809 2199 994 2236 similibus
1024 2199 1198 2236 cantibus
1213 2229 1221 2245 ,
1249 2200 1315 2250 qui

302 2268 376 2295 tam
396 2259 432 2294 in
450 2259 589 2308 capite,
608 2272 722 2308 quam
745 2260 781 2295 in
806 2269 886 2296 toto
901 2274 1065 2310 corpore
1085 2261 1147 2297 tali
1167 2269 1315 2297 utentes

303 2319 572 2369 dispositione,
609 2328 862 2357 transmutato
901 2322 999 2357 circa
1034 2321 1146 2357 linem
1178 2335 1247 2371 per
1289 2325 1317 2358 B

306 2380 516 2416 rotundum
538 2380 740 2416 semitonio
754 2409 763 2426 ,
784 2389 959 2417 naturam
980 2380 1137 2417 secundi
1159 2381 1258 2426 toni,
1282 2388 1318 2416 et

1383 1900 1529 1936 minare
1560 1908 1669 1950 potes
1698 1900 1737 1936 in
1773 1903 1801 1937 B
1830 1899 2039 1950 quadrato,
2071 1899 2176 1949 quod
2209 1913 2326 1950 supra
2356 1914 2396 1937 se

1384 1959 1562 2009 diapente
1607 1973 1686 1997 non
1730 1959 1857 1997 habet.
1890 1964 2054 2011 Propter
2088 1959 2161 1996 hoc
2196 1973 2275 1996 non
2307 1955 2396 1997 satis

1384 2018 1587 2056 commode
1618 2019 1852 2056 invenerunt
1884 2020 1922 2056 in
1957 2019 2070 2056 tertio
2098 2027 2192 2056 tono
2221 2032 2394 2064 versum,

1384 2081 1549 2126 neuma,
1577 2089 1614 2116 et
1646 2096 1659 2111 «
1692 2080 1935 2116 saeculorum.
1968 2097 1983 2113 ›>
2014 2083 2232 2129 Utrumque
2268 2088 2393 2117 tamen

1384 2140 1542 2176 forsitan
1561 2140 1925 2186 consideraverunt,
1943 2148 1980 2176 et
1999 2139 2236 2177 sterilitatem
2257 2143 2286 2177 B
2301 2153 2395 2190 qua—

1384 2200 1482 2236 drati
1503 2209 1540 2237 et
1559 2199 1793 2237 habilitatem
1814 2215 1821 2237 z
1838 2200 2096 2246 sterilitatem,
2120 2208 2396 2250 componentes

1382 2273 1536 2297 versum
1549 2289 1558 2304 ,
1579 2277 1593 2292 «
1613 2273 1770 2307 neuma,
1793 2278 1807 2293 »
1829 2269 1866 2297 et
1884 2277 1898 2292 «
1916 2261 2144 2297 saeculorum
2159 2290 2169 2307 ,
2187 2278 2202 2293 »
2222 2259 2396 2297 cantibus

1384 2319 1422 2356 in
1452 2323 1481 2356 E
1511 2319 1804 2357 terminantibus
1838 2327 1984 2356 tantum
2014 2319 2274 2370 competentia
2292 2335 2302 2367 3
2323 2319 2394 2356 ha-

1384 2379 1596 2427 bilitatem,
1631 2389 1735 2417 sexta
1775 2394 1846 2430 pro
1881 2381 2014 2430 quinta
2047 2388 2199 2417 utentes
2239 2395 2247 2417 :
2281 2388 2324 2417 ut
2366 2380 2396 2417 si

304 2439 588 2476 similitudinem
609 2440 734 2489 quarti
754 2440 972 2477 inordinate
994 2441 1196 2490 recipiunt.
1220 2444 1316 2477 Pro-
1338 2443 1369 2477 D
1389 2440 1545 2488 quando
1564 2440 1752 2476 sterilitati
1769 2440 1868 2477 illius
1889 2440 2010 2477 finalis
2031 2440 2243 2477 fecunditas
2264 2453 2396 2477 succe-

306 2508 393 2550 pter
413 2499 485 2535 hoe
512 2500 613 2536 circa
641 2500 753 2536 linem
786 2501 1000 2537 mutatione
1021 2500 1255 2549 indigentes,
1280 2500 1317 2536 in

304 2574 348 2596 ea
368 2568 477 2609 parte
500 2560 663 2596 correcti
685 2568 785 2597 sunt.
809 2561 972 2608 Quidam
994 2574 1084 2597 vero
1107 2569 1218 2606 sunt,
1253 2560 1317 2610 qui

304 2620 352 2657 ab
374 2633 417 2656 ea
445 2620 569 2656 littera
596 2620 633 2656 in
655 2634 731 2670 qua
750 2621 962 2670 incipiunt,
992 2629 1084 2657 tono
1105 2621 1230 2657 statim
1252 2620 1319 2656 de-

305 2688 527 2730 ponuntur,
563 2689 600 2716 et
635 2680 838 2717 redeuntes
873 2681 918 2717 ad
949 2689 1124 2730 quartam
1155 2689 1319 2731 pausant

307 2741 347 2776 in
383 2754 446 2786 ea,
488 2740 592 2789 quod
627 2741 745 2790 magis
785 2741 940 2778 videtur
972 2741 1177 2790 plagalium
1215 2753 1317 2787 esse,

307 2799 428 2845 sicut,
456 2817 470 2832 «
501 2800 691 2836 Dominus
724 2800 818 2849 regit
849 2813 931 2845 me,
955 2818 969 2832 υ
993 2809 1050 2847 et,
1069 2817 1083 2832 «
1105 2804 1194 2837 Post
1223 2813 1315 2850 par-

307 2875 322 2891 »
344 2867 437 2895 tum.
460 2876 475 2891 »
497 2863 577 2896 Hos
595 2873 686 2909 ergo
705 2874 783 2897 non
798 2862 920 2897 solum
944 2861 982 2897 in
1005 2862 1079 2898 fine
1093 2891 1102 2908 ,
1119 2861 1185 2898 sed
1203 2861 1316 2897 etiam

308 2918 348 2954 in
363 2919 555 2968 principio
576 2929 742 2958 mutatos
762 2921 934 2958 invenies
948 2950 957 2967 ,
977 2930 1019 2957 ut
1039 2922 1202 2970 septimo
1225 2929 1316 2957 tono

306 2976 449 3026 ubique
481 2978 684 3015 arrideant.
707 2984 848 3016 Iterum
876 2981 1175 3031 praemonendus
1205 2994 1243 3017 es
1271 2980 1317 3017 de

306 3036 483 3073 finalibus
502 3038 622 3074 tertiae
646 3047 682 3074 et
706 3049 851 3088 quartae
874 3042 1074 3088 maneriae,
1098 3042 1200 3091 apud
1224 3055 1318 3090 quas

307 3097 482 3132 similiter
506 3109 642 3146 magna
667 3098 859 3136 invenitur
879 3102 1067 3138 confusio.
1098 3105 1195 3139 Sunt
1215 3102 1317 3138 enim

305 3155 461 3204 quidam
482 3156 684 3193 miserrimi
708 3166 859 3204 cantus,
882 3161 1023 3197 nullius
1044 3161 1221 3197 maneriae
1250 3161 1317 3197 ha-

305 3214 438 3251 bentes
459 3216 753 3266 proprietatem,
784 3218 848 3266 qui
878 3232 983 3268 aeque
1007 3220 1203 3257 terminari
1221 3234 1316 3270 pos-

351 3345 364 3358 ·”·
381 3342 446 3374 Alii
462 3343 598 3382 addunt,
616 3352 645 3375 et
665 3348 704 3376 Te
719 3348 819 3376 Deam
836 3349 973 3378 Pan-em.

1387 2500 1517 2546 deret,
1548 2509 1680 2550 parata
1712 2509 1810 2537 esset
1842 2501 1985 2547 littera,
2021 2514 2105 2550 quae
2140 2500 2394 2537 authenticam

1385 2560 1467 2609 ejus
1505 2562 1755 2598 elevationem
1786 2561 1986 2611 reciperet.
2017 2560 2133 2611 Apud
2167 2574 2238 2598 nos
2270 2569 2393 2598 tamen

1386 2621 1613 2658 authentum
1638 2622 1677 2658 in
1704 2625 1732 2658 Β
1762 2621 1949 2671 quadrato
1980 2622 2177 2658 terminari
2206 2621 2394 2672 reperies,

1386 2681 1528 2718 scilicet
1558 2699 1571 2713 «
1604 2682 1794 2719 Euntibus
1822 2681 1840 2705 ‘¹
1867 2695 1874 2717 :
1907 2699 1920 2715 υ
1941 2682 2048 2732 quod
2077 2682 2167 2719 alibi
2200 2682 2396 2720 terminari

1385 2755 1464 2778 non
1487 2750 1624 2792 potest.
1643 2746 1725 2779 Hoc
1747 2756 1990 2780 communem
2008 2743 2250 2780 versum’nec
2269 2741 2395 2789 habet,

1386 2815 1456 2838 nec
1476 2801 1616 2839 habere
1638 2812 1782 2852 potest,
1813 2803 1880 2840 sed
1909 2802 2024 2840 habet
2044 2816 2155 2840 suum
2182 2802 2394 2853 proprium.

1386 2865 1507 2898 Porro
1539 2875 1672 2899 omnes
1709 2871 1842 2900 cantus
1876 2863 1996 2899 tertiae
2029 2862 2233 2908 maneriae,
2268 2861 2307 2898 id
2340 2867 2396 2898 e'st

1385 2922 1509 2971 quinti
1527 2931 1565 2958 et
1584 2923 1679 2960 sexti
1702 2923 1780 2959 toni
1797 2952 1806 2964 ,
1833 2923 2011 2960 termines
2031 2923 2070 2959 in
2089 2927 2130 2970 F,
2147 2923 2208 2959 vel
2224 2922 2263 2958 in
2289 2923 2337 2968 C,
2353 2925 2394 2968 F,

1384 2981 1520 3030 majori
1562 2983 1663 3032 parti
1693 2984 1985 3030 authentorum,
2023 2987 2051 3022 C
2088 2996 2181 3020 vero
2218 2981 2395 3019 omnibus

1385 3041 1463 3078 fere
1490 3042 1704 3092 plagalibus
1733 3043 1944 3080 attribuens
1967 3058 1975 3080 :
1997 3056 2131 3080 omnes
2152 3056 2245 3080 vero
2263 3050 2394 3079 cantus

1385 3109 1531 3150 quartae
1554 3102 1734 3138 maneriae
1750 3132 1759 3149 ,
1781 3102 1818 3139 id
1840 3111 1897 3139 est
1919 3103 2072 3152 septimi
2093 3111 2131 3139 et
2151 3102 2277 3139 octavi
2298 3100 2390 3145 toni,

1385 3160 1424 3196 in
1446 3163 1478 3198 G
1506 3169 1652 3198 tantum
1677 3163 1882 3199 terminare
1912 3162 2040 3200 debes.
2072 3166 2218 3200 Harum
2250 3170 2393 3211 septem
2417 3162 2476 3213 ἢ)

2358 3207 2517 3338 *a*

1384 3220 1616 3268 litterarum,
1641 3235 1717 3258 non
1741 3236 1855 3259 unam
1880 3222 2019 3272 magis,
2043 3230 2080 3259 ct
2109 3222 2221 3259 aliam
2243 3222 2390 3266 minus,
