2533 3920
381 229 457 266 375

1149 232 1183 265 S.
1216 231 1469 266 BERNARDI
1498 230 1698 265 ABBATIS

2382 230 2457 267 37ss

1449 315 1562 356 atquc
1583 306 1832 342 intentionem
1857 304 1903 341 de
1924 313 2056 341 nostro
2077 306 2246 355 pendere
2275 305 2432 344 arbitrio
2446 336 2456 353 ‚

374 389 1384 402 ......................................................................
1398 368 1427 401 Α
1447 381 1516 403 nec
1542 366 1643 403 aliud
1672 379 1710 403 se
1738 366 1925 411 facturos,
1957 365 2027 401 nisi
2051 366 2155 414 quod
2182 379 2252 415 ego
2286 367 2458 404 consule-

526 501 907 557 EPISTOLA
952 498 1233 558 CLXIII.a

375 665 420 686 an
449 666 619 689 JoANNEM
649 667 873 690 CREMENSEM
904 667 1143 689 caannxnstmi
1177 667 1382 691 PRESBYTE-

695 728 773 749 nunt
790 712 807 736 b
838 727 884 749 DE
912 727 1055 750 EODEM.

426 850 677 888 Dilectionem
697 861 733 889 et
758 852 1017 902 dignationem
1033 882 1042 899 ‚
1064 866 1140 902 qua
1160 866 1219 890 me
1241 854 1382 903 ample-

373 910 423 946 cti
440 924 461 946 a
480 910 586 948 vobis
608 912 748 948 nullius
769 913 961 961 dignitatis
978 913 1185 950 homuncio
1207 914 1327 960 sensi,
1343 914 1381 950 in

375 977 560 1006 aeternum
590 984 666 1007 non
691 971 906 1008 obliviscar.
933 972 1199 1008 Poenitentiam
1232 980 1269 1008 et
1289 986 1383 1008 con-

374 1029 585 1066 versionem
606 1039 767 1067 vestram
782 1059 791 1075 ,
815 1030 861 1067 de
882 1044 956 1080 qua
973 1031 1053 1079 jam
1076 1032 1230 1080 Angelis
1250 1032 1379 1068 collae-

1448 440 1541 463 rem.
1564 431 1611 464 Et
1628 425 1937 477 spoponderunt.
1962 431 2102 464 Verum
2124 440 2184 463 me.
2204 440 2281 463 non
2303 427 2392 464 satis
2414 428 2458 464 fl-

1448 487 1533 523 dem
1551 486 1866 524 accommodante
1878 516 1886 531 ,
1911 487 2067 524 accessit
2084 487 2132 523 ad
2149 487 2455 538 persuadendum

1448 548 1778 598 archiepiscopus,
1808 548 1994 597 pollicens
2026 548 2184 584 firmiter
2206 547 2385 598 idipsum.
2411 550 2458 584 Et

1449 608 1616 655 addidit,
1638 608 1741 658 quod
1763 609 1793 645 si
1809 622 1916 645 secus
1935 608 2060 645 clerici
2081 621 2191 658 agere
2216 608 2455 652 molirentur,

1450 669 1636 719 quidquid
1665 669 1766 706 aliud
1789 670 1954 706 facerent
1972 699 1981 715 ,
2005 669 2160 705 minime
2185 681 2224 706 se
2252 668 2457 704 confirma-

1451 737 1597 776 turum,
1619 744 1687 767 nec
1709 739 1831 767 ratum
1859 730 2090 767 habiturum.
2118 729 2316 766 Adductus
2335 736 2392 765 est
2421 736 2458 764 et

1449 790 1628 827 dominus
1645 791 1891 828 cancellarius
1909 791 1946 827 in
1969 790 2240 827 testimonium.
2266 792 2343 826 Nec
2363 800 2458 824 con-

1450 850 1563 896 tenti,
1578 850 1765 888 adivimus
1783 851 1893 888 etiam
1912 851 2151 901 praesentiam
2169 848 2315 887 domini
2331 851 2456 897 Papae,

1449 919 1492 946 ut
1522 910 1602 960 ejus
1632 912 1760 949 favore
1794 921 1831 948 et
1859 912 2086 949 auctoritate
2121 910 2225 961 quod
2257 909 2358 946 inter
2388 921 2458 944 nos

1449 980 1701 1016 convenerat,
1722 974 2016 1009 confirmaretur
2034 988 2041 1010 :
2062 973 2168 1023 prius
2190 980 2316 1008 tamen
2332 968 2459 1006 habita

1450 1029 1549 1066 inter
1570 1044 1639 1067 nos
1672 1032 1876 1069 collatione
1906 1041 2039 1070 mutua
2061 1047 2104 1070 ac
2131 1033 2313 1069 diuturna
2344 1043 2458 1080 super

375 1097 473 1125 tatus
489 1103 571 1126 sum
584 1120 593 1135 ,
610 1099 648 1127 et
667 1091 951 1128 condelectatus
966 1121 976 1138 ,
999 1092 1133 1141 dignos
1154 1093 1276 1129 facere
1300 1092 1379 1129 fru-
1399 1090 1427 1124 B
1448 1089 1620 1126 facienda
1636 1091 1822 1128 electione
1839 1121 1848 1138 ,
1870 1101 1908 1129 et
1928 1093 1974 1130 de
1993 1093 2122 1130 multis
2141 1092 2316 1143 personis
2329 1121 2338 1137 ,
2359 1104 2455 1140 qua-

370 1157 452 1184 ctus
471 1158 564 1198 opto
590 1150 757 1199 jugiter,
791 1160 828 1187 et
858 1165 928 1188 oro
949 1152 1182 1201 frequenter.
1213 1156 1260 1189 Et
1279 1165 1381 1189 nunc

372 1209 534 1246 maxime
552 1210 654 1260 ipsos
674 1220 804 1248 nostra
820 1212 890 1249 ista
911 1213 1105 1250 Gallicana
1122 1213 1288 1250 Ecclesia
1305 1226 1381 1250 me-

368 1281 454 1305 cum
475 1279 683 1320 exspectat,
707 1272 821 1308 credo
835 1286 912 1309 non
931 1273 1232 1323 intempestivos.
1250 1277 1378 1310 Inter-

369 1337 425 1364 est
452 1339 586 1367 vestrae
611 1332 755 1381 pariter
775 1341 812 1370 et
832 1347 925 1369 meae
953 1334 1085 1380 famae,
1110 1342 1153 1370 ut
1182 1347 1260 1370 non
1283 1347 1378 1370 con—

369 1388 509 1426 fundar
540 1391 578 1427 in
613 1391 734 1428 vobis.
779 1392 838 1430 Sic
875 1407 966 1443 ergo
1002 1394 1144 1430 clareat
1175 1393 1377 1440 omnibus,

366 1450 488 1487 zelum
522 1453 624 1501 apud
657 1467 725 1490 vos
756 1454 925 1491 veritatis
961 1453 1195 1504 justitiaeque
1232 1455 1379 1491 fervere

366 1519 500 1547 contra
527 1511 792 1551 interfectores
812 1514 1059 1561 clericorum,
1078 1523 1116 1551 et
1139 1514 1379 1564 instigatores

366 1583 500 1607 eorum
519 1600 528 1618 ‚
556 1581 598 1609 ut
615 1587 693 1610 non
717 1588 776 1611 me
804 1575 931 1624 pigeat
959 1575 1165 1624 gloriatum
1186 1575 1299 1612 fuisse
1332 1574 1378 1611 de

368 1629 491 1667 vobis.
922 1630 932 1638 ¹⁴

378 1786 809 1803 xsvnmnnxxuxwxxwwnxmmwwx=wwx
815 1795 825 1803 ι
831 1795 966 1804 ικιιικςιιι
972 1795 1287 1804 νινιςιιιιιιειειιιιιιια
1292 1795 1316 1804 ιι
1322 1795 1376 1804 xxxx

518 1909 890 1969 EPISTOLA
949 1912 1230 1972 CLXIV.c

361 2097 470 2119 Αωτιο
500 2097 611 2120 causas
637 2098 886 2123 LINGONENSIS
911 2100 1091 2124 ECCLESIAE
1119 2102 1165 2123 An
1196 2101 1374 2124 Domuum

632 2160 896 2184 INNOCENTIUM
937 2163 1050 2184 ΡΑΡΑΜ
1067 2149 1099 2185 *.

361 2291 571 2331 Conqueritur
598 2293 791 2331 Bernardus,
816 2294 901 2335 quod
926 2294 1057 2326 subdole
1084 2301 1114 2326 et
1140 2302 1250 2327 contra
1272 2296 1376 2328 datam

388 2345 481 2376 sidem
498 2352 614 2378 tentata
634 2348 672 2379 sit
688 2349 797 2380 electio
814 2349 953 2392 episcopi
971 2350 1116 2381 Ecclesia}
1135 2350 1350 2393 Lingonensis.

425 2470 455 2505 l.
479 2473 580 2506 Dum
607 2470 730 2508 adhuc
750 2476 882 2510 Romae
908 2486 1076 2511 essemus
1092 2503 1101 2521 ‚
1124 2475 1284 2525 contigit
1309 2476 1375 2513 illo

363 2528 495 2565 venire
530 2530 729 2569 dominum
769 2534 1100 2584 archiepiscopum
1138 2536 1376 2585 Lugdunen-

363 2601 454 2625 sem.
491 2594 686 2629 Venerunt
713 2601 751 2630 et
782 2608 868 2630 cum
904 2608 950 2631 co
983 2594 1175 2632 Robertus
1202 2595 1368 2633 decanus

1447 1162 1531 1185 rum
1550 1149 1602 1186 ibi
1624 1152 1767 1187 mentio
1789 1152 1886 1189 facta
1901 1161 1974 1200 est,
1991 1152 2139 1190 duabus
2160 1151 2311 1189 tandem
2333 1151 2457 1188 nomi-

1447 1210 1544 1247 natis
1559 1239 1568 1257 ,
1586 1224 1607 1247 a
1628 1211 1768 1260 quibus
1788 1213 1916 1250 nullus
1936 1221 2113 1250 nostrum
2139 1213 2293 1263 penitus
2313 1211 2458 1248 dissen-

1447 1270 1534 1306 tiret
1548 1299 1557 1315 ‚
1583 1272 1792 1320 quamlibet
1813 1273 1964 1310 illarum
1983 1273 2071 1323 eligi
2086 1272 2301 1323 placuisset.
2324 1275 2457 1321 Itaque

1446 1331 1551 1380 quod
1577 1330 1687 1369 nobis
1710 1334 1958 1384 complacuit,
1987 1333 2166 1371 dominus
2189 1336 2291 1383 Papa
2316 1332 2457 1368 immu—

1446 1390 1612 1428 tabiliter
1631 1391 1827 1430 observari
1856 1394 2071 1444 praecepit:
2099 1403 2138 1431 et
2168 1402 2243 1430 tam
2273 1391 2456 1442 archicpi-

1445 1464 1597 1501 scopus‚
1618 1466 1732 1502 quam
1754 1453 1881 1490 clerici
1900 1454 2060 1491 firmiter
2079 1453 2359 1504 promiserunt.
2381 1451 2457 1489 Illis

1445 1510 1696 1558 abeuntibus,
1737 1527 1808 1563 ego
1844 1523 1932 1564 post
1967 1514 2173 1552 discessum
2208 1526 2342 1551 eorum
2378 1511 2458 1550 dies

1444 1585 1588 1622 paucos
1607 1573 1645 1609 in
1662 1572 1768 1611 Urbe
1785 1574 1927 1612 faciens
1941 1605 1950 1622 ,
1971 1574 2038 1612 ubi
2061 1589 2082 1612 a
2098 1574 2256 1611 domino
2278 1586 2364 1610 meo
2382 1573 2457 1609 im-

1445 1640 1597 1682 petrare
1623 1634 1732 1683 potui
1759 1634 1976 1672 facultatem
2005 1634 2213 1682 redeundi,
2247 1633 2297 1671 ad
2323 1633 2457 1670 fratres

1444 1692 1517 1730 iter
1537 1692 1782 1744 arripuimus.

1499 1754 1534 1790 2.
1575 1757 1621 1790 Et
1658 1754 1977 1805 transalpinantes
2019 1753 2280 1805 comperimus
2313 1753 2456 1790 instare

1444 1811 1544 1849 diem
1559 1841 1568 1859 ,
1589 1827 1664 1863 qua
1685 1814 1783 1851 foret
1801 1814 2009 1852 sacrandus
2033 1815 2150 1852 homo
2168 1814 2207 1851 in
2225 1814 2451 1864 episcopum

1397 1868 1425 1904 C
1445 1874 1727 1924 Lingonensem
1751 1890 1758 1912 :
1782 1875 1828 1912 de
1864 1889 1942 1926 quo
1973 1876 2119 1913 utinam
2151 1875 2311 1912 meliora
2342 1883 2456 1924 atque

1444 1933 1666 1971 honestiora
1701 1935 1991 1973 audivissemus.
2031 1936 2130 1973 Nolo
2168 1943 2295 1972 autem
2331 1934 2456 1972 dicere

1444 2007 1529 2044 quae
1550 1994 1693 2032 invitus
1713 1995 1855 2033 audivi.
1875 1995 1976 2044 Quid
1992 1996 2135 2046 plura?
2152 1999 2185 2033 A
2201 1994 2386 2044 religiosis
2402 1994 2457 2031 vi-

1444 2055 1494 2091 ris
1515 2068 1593 2091 non
1614 2055 1770 2105 paucis,
1791 2056 1858 2106 qui
1886 2055 1998 2093 nobis
2027 2055 2217 2093 salutandi
2246 2055 2367 2105 gratia
2395 2068 2457 2092 oc-

1443 2124 1644 2152 currerant
1656 2145 1665 2163 ,
1681 2117 1852 2166 persuasi
1865 2130 1997 2154 sumus
2013 2116 2203 2154 divertere
2216 2128 2287 2166 per
2303 2115 2457 2166 Lugdu-

1444 2189 1536 2213 num
1551 2206 1561 2223 ,
1579 2185 1768 2226 quatenus
1781 2206 1791 2223 ‚
1821 2178 1851 2215 si
1871 2178 1952 2215 fieri
1972 2186 2102 2228 posset
2114 2206 2124 2223 ,
2147 2190 2227 2214 rem
2249 2176 2430 2213 nefariam
2443 2205 2454 2223 ,

1444 2250 1492 2273 ne
1511 2237 1638 2283 fieret,
1668 2238 1973 2288 prohiberemus.
2003 2242 2099 2276 Nam
2125 2250 2196 2287 ego
2221 2236 2376 2274 aliunde
2405 2235 2456 2274 ob

1442 2298 1514 2335 viae
1539 2298 1813 2349 compendium
1835 2299 1889 2336 ire
1911 2308 2140 2344 statueram,
2164 2298 2370 2335 consulens
2392 2310 2455 2334 va-

1444 2358 1604 2395 letudini
1621 2367 1659 2395 et
1673 2359 1887 2396 lassitudini
1904 2359 2078 2410 corporis
2090 2387 2100 2405 ,
2119 2358 2332 2409 praesertim
2349 2357 2454 2407 quod

1444 2432 1520 2455 non
1542 2419 1686 2469 liquido
1699 2449 1709 2467 ‚
1731 2420 1871 2466 fateor,
1890 2419 2092 2457 credebam
2109 2418 2342 2457 rumoribus.
2362 2418 2454 2468 Quis

1443 2479 1543 2515 enim
1563 2478 1737 2516 crederet
1757 2487 1905 2516 tantum
1922 2479 2050 2516 virum
2072 2487 2177 2516 tanta
2200 2478 2255 2515 uti
2274 2478 2426 2515 levitate.
2440 2505 2451 2524 ‚

1443 2547 1485 2575 ut
1501 2540 1715 2589 postposita
1735 2548 1808 2577 tam
1834 2548 1985 2577 recente
2003 2539 2259 2590 promissione
2279 2552 2370 2586 sua,
2391 2539 2452 2576 in·
2504 2546 2511 2565 ·'
2530 2558 2531 2567 1

1443 2612 1560 2649 super
1592 2599 1739 2637 domini
1767 2601 1824 2637 sui
1848 2601 2054 2646 mandato,
2087 2613 2264 2651 personae
2295 2599 2452 2637 notabili

370 2650 541 2687 Ecclesiae
575 2652 828 2702 Lingonensis
874 2662 911 2691 et
946 2655 1096 2692 Olricus
1135 2656 1347 2693 canonicus
1365 2686 1375 2704 ,
1394 2664 1427 2698 D
1444 2673 1598 2697 manum
1619 2661 1820 2710 imponere
1842 2675 1920 2698 non
1943 2662 2117 2698 timeret?
2136 2664 2270 2711 Itaque
2292 2660 2451 2698 consilio

364 2719 578 2758 quaerentcs
612 2712 726 2749 licere
766 2713 837 2750 sibi
876 2722 914 2751 et
949 2714 1116 2764 capitulo
1142 2715 1375 2765 Lingonensi

364 2770 501 2817 eligere
522 2770 592 2807 sibi
620 2773 857 2823 episcopum.
889 2774 1108 2811 Mandatum
1138 2776 1325 2825 siquidem
1353 2791 1373 2813 a

364 2829 519 2867 domino
544 2836 645 2882 Papa
678 2843 905 2883 acceperant
921 2864 930 2881 ,
955 2849 1195 2885 nequaquam
1229 2851 1373 2887 praesu—

366 2903 466 2925 mere
486 2890 558 2927 hoc
574 2921 582 2937 ‚
604 2893 673 2929 nisi
694 2893 740 2929 ad
762 2895 961 2931 consilium
989 2895 1252 2945 religiosorum
1274 2898 1373 2934 viro-

366 2963 462 2986 rum.
486 2952 597 2998 Quod
624 2952 714 2989 dum
742 2967 811 3003 per
841 2969 899 2991 me
929 2964 1114 3004 cuperent
1135 2964 1172 2992 et
1199 2966 1374 3006 peterent

364 3009 539 3046 obtinere
561 3027 568 3048 z
591 3011 720 3057 Absit,
750 3014 904 3063 inquam
919 3044 928 3061 ,
955 3015 1024 3051 nisi
1047 3016 1160 3051 sciam
1191 3025 1227 3052 et
1249 3026 1373 3054 certus

367 3069 435 3105 sim
454 3071 557 3120 quod
579 3071 718 3109 bonam
742 3073 997 3124 idoneamque
1019 3089 1222 3125 personam
1252 3077 1376 3113 inten-

370 3129 466 3167 datis
486 3131 636 3180 eligere.
665 3134 979 3183 Responderunt,
1007 3136 1247 3185 propositum
1265 3151 1374 3173 suum

412 3281 422 3293 Π
439 3279 556 3321 Scripta
576 3291 657 3310 auno
679 3280 792 3311 Christi
819 3285 827 3312 1
843 3285 917 3312 13⁴2.

1443 2720 1707 2769 religiosorum
1730 2721 2013 2771 acquiescentes
2026 2751 2036 2768 ‚
2052 2721 2285 2772 Lugdunum
2304 2721 2376 2758 iter
2390 2721 2450 2758 di-

1442 2780 1630 2826 reximus,
1652 2789 1688 2817 et
1712 2782 2004 2830 pervenientes,
2028 2782 2186 2820 omnino
2218 2781 2316 2818 sicut
2345 2780 2452 2818 audi-

1442 2840 1566 2877 vimus
1581 2870 1590 2885 ,
1613 2841 1663 2877 sic
1682 2841 1860 2879 vidimus.
1881 2841 2121 2879 Parabantur
2139 2842 2225 2887 illa,
2244 2855 2321 2878 non
2339 2841 2450 2887 festa,

1441 2900 1506 2937 scd
1528 2901 1690 2937 infausta
1710 2902 1906 2940 solemnia.
1936 2905 2112 2940 Decanus
2138 2910 2286 2948 tamen,
2315 2909 2353 2938 et
2373 2914 2451 2937 ma-

1442 2960 1566 3006 xima,
1589 2961 1626 2997 ni
1647 2961 1776 3007 fallor,
1807 2976 1894 3013 pars
1910 2963 2224 3012 Lugdunensium
2246 2962 2450 2998 canonico-

1443 3033 1526 3056 rum
1554 3029 1777 3059 constantcr
1797 3032 2005 3072 aperteque
2026 3021 2350 3059 contradicebant.
2378 3019 2448 3060 Sed

1444 3088 1481 3115 et
1501 3094 1637 3117 rumor
1662 3082 1867 3131 pudendus
1898 3083 2163 3132 dolendusque
2197 3083 2337 3133 passim
2366 3095 2448 3119 cre-

1443 3139 1622 3178 brescens
1641 3150 1678 3178 et
1696 3143 1932 3180 invalescens
1958 3143 2148 3180 civitatem
2171 3143 2396 3194 repleverat.

1006 3283 1020 3303 ¹¹
1042 3283 1136 3313 'l‘ituli
1161 3287 1192 3315 S.
1212 3285 1422 3327 Chrysogoni,
1449 3288 1501 3328 qui
1520 3291 1658 3319 joannes
1688 3289 1854 3320 Meurieum
1874 3289 2121 3328 Yirduiwnsem,
2142 3291 2180 3321 ad
2204 3301 2300 3335 quem
2322 3290 2448 3334 epistola

368 3336 430 3365 «112.
451 3332 490 3362 ab
507 3334 829 3365 exemmnuuieatione
847 3335 977 3366 absolxit
995 3360 1001 3370 ,
1023 3342 1098 3367 teste
1119 3338 1284 3368 Laurentio
1300 3339 1482 3377 Leodiensi,
1501 3341 1531 3372 iu
1552 3342 1705 3384 spicilegii
1725 3348 1808 3373 {omo
1829 3347 1866 3373 111,
1879 3367 1885 3375 .
1904 3353 1974 3384 pag.
1993 3346 2070 3374 307.

410 3390 423 3403 Γ
441 3385 561 3427 Scripta
580 3397 662 3417 anno
683 3386 796 3419 Christi
819 3392 827 3420 1
843 3392 921 3420 138.
