2517 3920
993 207 1059 254 IN
1097 206 1327 254 TOMUM
1364 204 1708 253 SECUNDUM

704 392 1338 487 OPERUMJS.

1418 390 2013 482 BERNARDI

462 633 894 691 LECTIONES
947 630 1376 687 VARIANTES
1426 630 1520 685 ET
1568 628 1800 685 NOTAE
1857 628 2250 687 FUSIORES.

348 1031 425 1059 Pio.
445 1030 528 1059 1007
544 1030 578 1058 B.
592 1026 737 1057 Raclielis
748 1024 1167 1067 amplexibus.—-Usitatum
1180 1022 1326 1055 Patribus

307 1088 337 1113 et
365 1080 527 1123 theologiae
556 1080 691 1123 mysticae
718 1078 940 1121 scriptoribus,
969 1078 1097 1109 nomine
1123 1077 1270 1109 Raclielis
1295 1083 1325 1108 et

306 1135 387 1173 Life,
410 1134 686 1176 contemplativam
702 1140 731 1164 et
753 1133 886 1164 activam
907 1131 1002 1162 vitam
1020 1132 1193 1173 designare.
1213 1129 1326 1162 Ambae

308 1189 434 1231 quidem
458 1199 571 1219 uxores
595 1187 716 1223 Jacob,
739 1186 793 1217 sed
819 1186 948 1216 alteram
974 1185 1167 1223 fecunditas,
1196 1185 1325 1216 alteram

305 1249 451 1273 venustas
467 1241 707 1273 commendabat
725 1251 732 1271 ;
747 1251 816 1281 quae
832 1240 901 1270 duae
917 1239 1006 1270 dotes
1019 1239 1196 1281 disparibus
1211 1238 1326 1269 utrius-

307 1307 367 1338 que
384 1296 452 1327 xitae
469 1295 579 1326 ot'liciis
596 1294 745 1337 applicari
763 1294 874 1325 solent.
895 1293 1014 1324 Eodem
1039 1304 1130 1323 sensu
1146 1291 1281 1323 Martha·
1297 1297 1327 1322 et

306 1350 416 1381 Marias
433 1349 562 1380 nomina
583 1360 647 1379 non
665 1359 735 1378 raro
756 1347 901 1389 usurpari
920 1346 1037 1377 videas.
1060 1350 1170 1387 Itaque
1190 1346 1327 1376 insmuat

308 1404 482 1445 Eugenium
500 1402 651 1433 hactenus
675 1403 744 1432 vitae
765 1401 1015 1443 contemplativa*
1035 1400 1143 1431 studiis
1163 1400 1324 1437 deditum,

309 1468 388 1499 tegre
405 1457 444 1487 ad
462 1456 569 1487 aeth-m
586 1456 657 1486 x'ita‘·
674 1455 797 1497 negotia
811 1453 1000 1485 descendere
1011 1479 1017 1491 ,
1033 1460 1141 1496 utpote
1158 1465 1228 1495 quae
1242 1454 1327 1486 varie

308 1509 480 1541 distrahant
503 1516 660 1545 mentem,
686 1514 715 1539 et
742 1518 822 1549 pene
839 1507 992 1543 obruant,
1013 1513 1046 1538 ut
1065 1508 1115 1537 vix
1133 1507 1266 1538 subinde
1286 1507 1326 1538 ad

307 1573 441 1605 superna
459 1573 494 1593 ac
512 1562 616 1592 divina
634 1562 734 1592 valeat
751 1571 922 1602 assurgere.

360 1619 443 1647 1007
475 1619 508 1647 Β,
534 1622 562 1646 et
589 1626 653 1645 non
673 1615 767 1657 paris.
786 1632 825 1636 —-
844 1614 1007 1649 Horsiins,
1036 1613 1181 1649 eniteris,
1212 1620 1241 1643 ee
1262 1626 1324 1645 ηοη

307 1668 448 1706 oblines;
464 1670 626 1714 portaris,
657 1676 685 1698 et
711 1680 774 1698 mm
799 1668 900 1711 pas-is.
926 1667 1007 1698 Editi
1032 1674 1151 1699 veteres
1171 1674 1200 1698 et
1219 1668 1326 1710 scripti

306 1724 448 1766 plerique
476 1723 645 1766 praeferunt
670 1722 836 1753 lectionem
863 1728 1014 1752 nostram.
1044 1724 1081 1752 In
1102 1721 1260 1751 nonnullis
1280 1728 1325 1752 ta-

307 1789 379 1808 men
391 1803 398 1816 ,
419 1777 546 1807 eniteris
563 1783 593 1807 et
610 1788 674 1806 non
699 1776 853 1819 parturis.
879 1775 939 1806 Sed
960 1774 1052 1818 paris
1069 1774 1182 1805 rectius
1199 1774 1239 1805 ad
1255 1786 1325 1805 sen-

308 1842 387 1862 sum.
993 1820 997 1824 ⁴

363 1889 419 1916 101
436 1888 444 1916 1
467 1887 501 1917 C.
520 1895 582 1915 11011
605 1883 743 1914 Domini.
758 1901 801 1904 —-
816 1886 933 1923 Legum
950 1881 1066 1912 abusus
1089 1881 1178 1918 fecit,
1201 1887 1234 1912 ut
1255 1892 1325 1912 san-

308 1940 348 1971 cti
368 1939 423 1969 xiri
440 1945 469 1969 et
486 1937 691 1979 zelojustitiae
709 1936 863 1967 ferventes
878 1935 1029 1965 acriorem
1044 1935 1177 1966 subinde
1197 1935 1227 1965 in
1245 1936 1327 1977 leges

309 2003 472 2024 censuram
495 1991 605 2022 ferant.
631 1993 749 2021 Verum
766 2000 831 2019 non
854 1995 917 2020 tam
934 1989 1016 2029 leges
1036 1989 1136 2030 ipsas,
1156 2000 1250 2029 quam
1270 1989 1325 2019 ab·

309 2057 419 2083 usum,
436 2052 466 2076 et
488 2046 571 2087 ipsos
586 2044 750 2075 abutentes
763 2042 888 2073 feriunt.
907 2044 1029 2072 Horum
1044 2052 1119 2072 sane
1133 2042 1208 2071 vitio
1223 2042 1254 2071 lit
1267 2066 1274 2079 ,
1294 2048 1327 2073 ut

309 2100 391 2141 leges
409 2110 490 2141 saepe
504 2098 627 2129 nonnisi
650 2097 719 2127 lites
735 2097 795 2127 sint
806 2120 813 2133 ,
831 2101 883 2126 aut
904 2101 1019 2126 serant.
1034 2098 1157 2137 Nempe
1173 2101 1204 2126 et
1218 2095 1326 2125 riuum

310 2153 373 2184 abit
403 2153 435 2183 111
466 2152 593 2186 vitium,
622 2162 687 2181 non
712 2160 786 2185 sua,
815 2148 869 2179 sed
895 2147 1091 2179 abutentium
1117 2149 1208 2190 culpa
1236 2159 1243 2180 :
1269 2160 1327 2180 nec

309 2212 478 2249 eapropter
493 2205 601 2235 vinum
621 2210 703 2235 recte
723 2202 908 2244 culpaxeris.
927 2201 1011 2243 Quid
1036 2202 1118 2232 euim
1141 2202 1241 2232 abusu
1263 2213 1327 2233 11011

310 2260 405 2302 possit
422 2258 647 2302 depravarier?
665 2261 782 2299 Legum
801 2267 896 2298 porro
918 2266 1007 2286 usum
1032 2255 1168 2286 maxime
1185 2266 1327 2287 corrum—

310 2320 386 2355 punt
405 2313 552 2347 ambitio,
577 2318 607 2343 et
623 2311 702 2342 lucri
728 2309 892 2352 cupiditas.
911 2309 993 2340 Hinc
1018 2309 1097 2340 nulli
1123 2309 1187 2340 fere
1209 2320 1324 2348 causae,

310 2368 543 2409 ‹pialiscumque
565 2377 602 2397 ea
625 2365 680 2403 sit,
700 2364 909 2407 patrocinium
926 2362 1011 2394 deest
1027 2373 1034 2394 z
1053 2362 1125 2393 hinc
1144 2363 1204 2393 illae
1226 2363 1328 2395 litium

310 2421 473 2463 ambages,
496 2426 664 2461 antequam
680 2419 720 2450 ad
740 2429 840 2449 causoe
860 2423 992 2454 metam,
1014 2416 1044 2447 id
1062 2423 1108 2448 est
1125 2417 1325 2455 senteutiam,

310 2475 485 2516 pervenias.
504 2473 565 2505 Sed
583 2472 643 2503 hac
662 2473 701 2503 de
717 2484 752 2503 re
767 2482 835 2513 cap.
858 2474 898 2502 10
913 2470 1030 2502 redibit
1045 2481 1159 2501 sermo.

366 2531 450 2559 1013
479 2530 520 2558 D.
548 2527 728 2569 primatum.
755 2543 796 2548 ——
819 2528 856 2556 In
880 2524 1018 2566 quodam
1043 2524 1151 2555 codice
1172 2525 1328 2556 Vaticano

311 2582 395 2625 apud
413 2581 559 2612 Vossium
573 2605 580 2619 ,
598 2586 822 2624 personatum,
843 2585 872 2610 et
890 2579 921 2609 in
935 2578 1198 2619 consequentibus
1213 2578 1329 2619 ubique

310 2647 368 2678 pro
393 2635 570 2680 [ri-imanis,
590 2633 707 2665 ibidem
732 2633 845 2675 legitur
862 2638 1073 2677 personatus,
1101 2637 1211 2662 contra
1232 2630 1328 2671 fidem

312 2695 495 2721 caeterorum
510 2688 795 2729 manuscriptorum
809 2692 839 2717 et
856 2686 1024 2717 editorum.

364 2746 450 2774 1018
475 2747 511 2775 B.
528 2753 591 2773 non
610 2742 651 2772 ita
668 2746 907 2771 consueverum.
924 2757 968 2761 ——
984 2738 1063 2769 Aliis
1089 2738 1148 2768 alia
1165 2744 1210 2769 est
1232 2738 1328 2769 inter-

313 2796 441 2839 punctio
467 2807 474 2827 :
506 2794 595 2837 Quid
618 2799 746 2824 lernen?
774 2794 809 2824 Si
838 2800 866 2823 te
891 2790 1105 2837 philosophiae
1130 2791 1202 2822 lzm'c
1230 2799 1328 2823 totum

314 2856 439 2893 repente
454 2848 618 2883 devoreris,
632 2846 880 2892 prcedecessores
892 2847 937 2876 tui
949 2857 1013 2876 non
1028 2846 1073 2875 ita
1087 2852 1326 2877 consueverunt.

316 2903 453 2943 Quidam
472 2902 589 2933 habent
601 2927 608 2939 ‚
634 2899 719 2942 Quid
735 2908 798 2931 tum
812 2905 828 2930 ί]

368 2958 453 2986 1018
484 2957 519 2987 C,
549 2966 663 2997 papam
693 2954 891 2996 Gregorium.
920 2972 963 2975 -—
987 2955 1017 2984 S.
1048 2951 1218 2994 Gregorius
1248 2952 1330 2984 inter

314 3008 398 3050 ipsos
413 3018 572 3038 armorum
586 3008 731 3049 strepitus
746 3008 840 3038 sacris
853 3006 962 3038 studiis
981 3007 1119 3038 intentus
1129 3030 1136 3043 ,
1155 3006 1238 3037 velut
1252 3007 1330 3037 alter

314 3061 531 3093 Archimedes.
551 3064 589 3092 Et
611 3061 737 3102 quidem
761 3060 882 3092 Praefat.
907 3061 962 3091 lib.
984 3064 1001 3091 2
1023 3060 1142 3091 Homil.
1158 3059 1189 3089 in
1211 3059 1326 3091 Ezech.

313 3122 444 3146 testatur
457 3114 580 3146 duobus
593 3125 625 3145 se
639 3114 846 3144 incommodis
861 3113 979 3144 turbari
994 3113 1025 3144 in
1039 3112 1215 3156 proposito,
1232 3112 1329 3143 nimia

313 3169 503 3199 obscuritate
525 3167 698 3204 visionum,
718 3172 748 3197 et
769 3172 887 3197 terrore
910 3167 1139 3197 imminentium
1159 3166 1326 3197 malorum.

313 3225 395 3253 Nam
413 3237 425 3249 «
444 3221 633 3264 Agilulfum,
656 3236 668 3248 n
688 3219 806 3262 inquit,
828 3234 839 3244 n
865 3219 1146 3261 Longobardorum
1168 3230 1271 3261 regem
1289 3219 1329 3250 ad

314 3292 326 3302 υ
345 3276 540 3307 obsidionem
574 3280 713 3305 nostram
746 3283 943 3314 summopere
977 3272 1176 3303 festinantem
1208 3272 1329 3304 Padum

313 3345 325 3356 »ι
344 3329 488 3359 transisse
510 3328 722 3370 cognovimus.
741 3326 833 3357 [nde
858 3331 1004 3368 pensate,
1024 3324 1151 3363 fratres,
1169 3325 1200 3356 in
1224 3326 1327 3367 caligi-

1391 1038 1403 1049 »
1424 1022 1509 1053 110515
1532 1032 1568 1054 ac
1590 1022 1726 1064 mysticis
1748 1021 1891 1054 sensibus
1912 1028 2080 1065 penetrare
2101 1022 2177 1065 quid
2199 1024 2301 1056 valeat
2322 1036 2412 1057 mens

1392 1092 1404 1102 »ι
1424 1076 1556 1113 misera,
1583 1076 1703 1107 timoris
1729 1076 1776 1107 sui
1799 1076 2089 1118 perturbationibus
2113 1083 2283 1120 occupata,
2311 1085 2409 1111 »·etc.

1391 1135 1495 1160 tamen
1519 1129 1771 1161 obscurissimam
1795 1136 1825 1161 et
1847 1135 2019 1160 extremam
2038 1136 2161 1172 partem
2186 1131 2357 1163 Ezechielis
2373 1142 2412 1163 eo

1390 1183 1540 1225 temporis
1568 1188 1631 1213 tam
1659 1182 1824 1225 diligenter
1858 1194 1954 1224 quam
1985 1184 2145 1226 eleganter
2171 1185 2334 1227 exposuit,
2366 1185 2411 1216 uti

1390 1235 1491 1278 inquit
1509 1239 1540 1268 S.
1555 1236 1746 1268 Bernardus.
1761 1236 1901 1268 Videant
1922 1248 2007 1268 nunc
2027 1237 2148 1279 praelati
2171 1237 2335 1277 Ecclesiae,
2351 1249 2412 1269 eae-

1390 1290 1510 1332 terique
1527 1290 1584 1321 viri
1598 1289 1796 1321 ecclesiastici
1809 1315 1818 1327 ‚
1833 1290 1993 1332 quomodo
2008 1290 2039 1321 in
2053 1301 2131 1333 pace
2143 1297 2174 1322 et
2185 1290 2411 1333 tranquillitate

1391 1345 1547 1382 viventes,
1567 1350 1696 1375 utantur
1712 1344 1778 1375 otio
1797 1355 1945 1375 concesso
1964 1355 1971 1375 z
1995 1355 2036 1375 an
2058 1344 2098 1375 ad
2120 1355 2208 1376 sacra
2231 1345 2353 1382 studia,
2371 1356 2414 1376 an

1391 1397 1430 1428 ad
1455 1408 1532 1428 vana
1561 1404 1591 1429 et
1608 1397 1769 1429 saecularia
1793 1398 1930 1439 negotia.
1952 1401 2057 1439 Quam
2079 1399 2196 1430 multos
2216 1397 2296 1430 heu!
2324 1398 2410 1430 vide-

1391 1461 1425 1481 re
1447 1457 1493 1482 est
1513 1451 1622 1482 alienis
1634 1476 1641 1490 ‚
1665 1451 1791 1490 otiosis,
1808 1458 1838 1483 et
1856 1451 1992 1494 indignis
2013 1452 2180 1494 occupari!
2196 1452 2283 1494 Quid
2307 1458 2412 1483 autem

1390 1504 1536 1543 interest,
1554 1515 1594 1535 an
1618 1505 1736 1536 otiosus
1758 1505 1817 1543 sis,
1843 1516 1883 1536 an
1906 1506 1987 1536 male
2010 1508 2205 1548 occupatus?
2225 1505 2310 1537 Olim
2327 1512 2413 1537 certe

1390 1558 1488 1588 sancti
1508 1559 1657 1600 praesules
1668 1583 1675 1596 ‚
1691 1558 1785 1589 etiam
1799 1558 1831 1589 in
1851 1558 2036 1601 gravissimis
2053 1558 2185 1601 negotiis
2197 1583 2206 1598 ,
2221 1559 2411 1591 invenerunt

1390 1613 1488 1643 otium
1510 1613 1640 1644 vacandi
1657 1616 1722 1645 Deo
1747 1625 1755 1645 :
1780 1621 1811 1646 et
1833 1625 1917 1645 nunc
1939 1614 2120 1652 invenient,
2145 1613 2262 1655 quibus
2283 1624 2356 1646 cura
2380 1619 2411 1644 et

1390 1667 1585 1708 parcimonia
1602 1667 1752 1709 temporis
1767 1667 1838 1698 erit.

1445 1724 1524 1751 1021
1548 1724 1589 1752 A.
1613 1721 1645 1751 in
1665 1727 1789 1762 tempus
1813 1731 1916 1762 grave.
1932 1739 1975 1743 —
1993 1720 2159 1762 Expeditio
2182 1720 2214 1751 in
2231 1721 2408 1759 Orientem,

1388 1772 1551 1805 hortatore
1580 1776 1610 1805 S.
1640 1774 1801 1805 Bernardo
1829 1780 1992 1815 suscepta,
2016 1773 2179 1805 infeliciter
2200 1774 2302 1805 cessit.
2327 1774 2412 1805 Hinc

1389 1834 1461 1858 nata
1487 1834 1597 1858 contra
1616 1828 1728 1858 Virum
1751 1834 1895 1858 sanctum
1920 1838 2081 1858 murmura
2103 1833 2133 1858 et
2155 1827 2329 1859 ealumniae.
2353 1827 2412 1859 His

1389 1880 1449 1911 hoc
1484 1882 1585 1923 capite
1609 1882 1774 1912 antidotou
1802 1881 1868 1912 sive
1893 1881 2109 1923 apologeticon
2141 1881 2287 1923 opponit.
2323 1881 2411 1912 Idem

1389 1946 1515 1976 quoque
1530 1934 1646 1966 sariunt
1668 1935 1720 1966 alii
1735 1935 1903 1977 scriptores
1913 1959 1920 1973 ,
1937 1945 1977 1965 ne
1990 1940 2080 1977 putes
2099 1933 2202 1976 ipsum
2216 1934 2411 1966 Bernardum

1389 1988 1491 2018 solum
1508 1999 1572 2019 sure
1594 2000 1695 2019 causae
1713 1995 1742 2019 et
1760 1988 1948 2019 innocentiae
1967 1993 2166 2019 assertorem.
2179 1987 2264 2019 Vide
2285 1987 2414 2020 Gaufri-

1390 2041 1463 2072 dum
1475 2066 1482 2079 ,
1505 2042 1587 2073 Vitae
1610 2042 1691 2073 libro
1717 2045 1735 2073 3
1748 2066 1756 2080 ,
1781 2052 1853 2084 cap.
1870 2043 1901 2073 4.
1916 2044 1993 2073 Otto
2016 2040 2238 2083 Frisingensis‚
2255 2041 2295 2072 de
2309 2042 2413 2074 Gestis

1394 2095 1543 2126 Friderici
1555 2120 1562 2133 ,
1581 2095 1663 2126 libro
1682 2099 1712 2133 l,
1730 2106 1799 2138 cap.
1816 2099 1873 2134 60,
1892 2094 1946 2126 ubi
1965 2095 2072 2125 multis
2085 2094 2145 2126 hac
2160 2094 2200 2125 de
2219 2105 2254 2126 re
2272 2094 2411 2137 philoso-

1392 2148 1506 2190 phatus
1521 2149 1647 2180 tandem
1661 2149 1819 2181 concludit
1835 2160 1842 2181 z
1858 2164 1870 2176 «
1886 2148 2128 2191 Expeditionem
2143 2147 2227 2179 illam
2239 2172 2248 2187 ,
2263 2148 2321 2180 etsi
2339 2160 2412 2180 cum

1396 2217 1408 2228 »
1426 2208 1514 2233 tanta
1530 2202 1771 2234 christianorum
1790 2209 1891 2245 strage
1913 2203 2128 2244 conjunctam,
2146 2201 2240 2233 fuisse
2252 2201 2368 2234 bonam
2381 2209 2413 2234 et

1396 2271 1408 2281 n
1429 2256 1614 2293 salutarem,
1633 2256 1657 2287 si
1678 2267 1742 2287 non
1759 2268 1817 2299 pro
1834 2256 2017 2288 dilatatione
2032 2255 2259 2295 terminorum,
2283 2257 2333 2288 vel
2354 2267 2414 2299 pro

1396 2323 1408 2335 υ
1429 2309 1652 2341 commoditate
1670 2320 1840 2352 corporum
1851 2334 1859 2347 ‚
1881 2316 2020 2341 attamen
2034 2309 2072 2340 ad
2089 2309 2259 2340 multarum
2281 2310 2414 2341 salutem

1396 2377 1409 2389 n
1430 2363 1616 2395 animarum.
1636 2378 1649 2390 υ
1668 2363 1829 2405 Additque
1845 2374 1853 2395 ε
1874 2378 1886 2390 «
1906 2362 2058 2405 Quamvis
2074 2361 2099 2393 si
2115 2362 2255 2394 dicamus
2270 2369 2413 2395 sanctum

1396 2430 1409 2442 »
1427 2416 1514 2447 11111111
1530 2416 1687 2448 Abbatem
1704 2416 1947 2459 (Bernardum)
1971 2416 2083 2459 spiritu
2100 2417 2158 2448 Dei
2174 2417 2214 2448 ad
2230 2417 2414 2449 excitandos

1397 2484 1409 2497 n
1429 2481 1488 2501 nos
1503 2470 1643 2501 afflatum
1658 2470 1752 2502 fuisse
1763 2495 1771 2509 ,
1791 2470 1845 2502 sed
1859 2481 1916 2501 nos
1937 2470 1979 2501 ob
1999 2470 2179 2513 superbiam
2191 2470 2414 2513 lasciviamque

1396 2538 1409 2550 n
1430 2529 1569 2555 nostram
1583 2524 1721 2556 salubria
1734 2524 1852 2555 monita
1864 2535 1929 2555 non
1945 2523 2148 2555 observantes
2158 2547 2166 2560 ‚
2182 2523 2294 2555 merito
2307 2534 2412 2556 rerum

1396 2592 1411 2603 »
1432 2588 1700 2619 personarumque
1716 2577 1915 2621 dispendium
1931 2577 2132 2619 deportasse,
2151 2587 2216 2608 non
2228 2577 2267 2608 sit
2283 2588 2301 2609 a
2316 2578 2412 2609 ratio-

1396 2646 1412 2656 »
1431 2631 1527 2662 nibus
1549 2631 1597 2662 vel
1617 2631 1751 2672 antiquis
1774 2631 1924 2673 exemplis
1947 2629 2118 2662 dissonum.
2135 2645 2148 2657 »a
2169 2633 2216 2662 Ita
2238 2633 2334 2671 Otto,
2359 2630 2413 2673 qui

1395 2696 1532 2727 przesens
1562 2684 1720 2722 interfuit,
1757 2690 1787 2715 et
1815 2695 1884 2726 quae
1915 2683 2013 2715 oculis
2046 2684 2109 2715 suis
2134 2683 2232 2722 vidit,
2263 2684 2414 2717 sincerius

1395 2749 1542 2769 enarrare
1568 2737 1679 2780 potuit.
1704 2737 1787 2768 Vide
1812 2737 1977 2780 epistolam
2003 2737 2137 2769 Joannis
2160 2737 2286 2769 abbatis
2311 2740 2412 2770 Casae-

1395 2791 1489 2822 Marii
1505 2791 1587 2822 inter
1600 2791 1746 2833 epistolas
1759 2790 1912 2822 Bernardi
1928 2794 2012 2826 386,
2026 2797 2055 2822 et
2069 2791 2266 2822 Willelmum
2281 2791 2414 2834 Tyrium

1395 2844 1479 2886 apud
1495 2844 1665 2875 Baronium
1685 2854 1770 2875 anno
1791 2848 1797 2874 1
1812 2846 1874 2876 148
1887 2868 1894 2881 ,
1912 2844 1966 2875 ubi
1982 2844 2021 2875 de
2034 2844 2134 2876 causis
2147 2844 2303 2876 frustratae
2317 2855 2412 2887 expe-

1395 2898 1532 2929 ditionis.
1552 2898 1613 2929 Sed
1629 2897 1706 2929 libet
1724 2909 1821 2929 unum
1838 2909 1903 2940 prae
1924 2898 2044 2930 caeteris
2060 2898 2148 2929 istius
2164 2898 2262 2929 aetatis
2278 2897 2388 2930 audire
2402 2923 2410 2937 ,

1396 2950 1487 2982 bonae
1502 2958 1586 2982 notoe
1607 2958 1637 2983 et
1660 2951 1732 2982 fidei
1749 2951 1932 2993 scriptorem
1945 2976 1953 2990 ,
1972 2962 2081 2983 causas
2098 2951 2230 2983 infelicis
2251 2950 2326 2983 belli
2342 2951 2412 2983 dili-

1395 3005 1516 3046 gentius
1536 3005 1770 3037 edisserentem.
1789 3009 1819 3037 Is
1842 3011 1889 3036 est
1913 3005 2101 3037 Guillelmus
2123 3005 2350 3048 Neubrigensis
2374 3005 2414 3037 de

1395 3058 1504 3090 Rebus
1522 3059 1617 3100 Angl.
1642 3058 1723 3090 libro
1750 3062 1780 3095 1,
1808 3069 1878 3101 cap.
1907 3062 1950 3090 20
1978 3069 1985 3090 :
2012 3074 2025 3086 u
2052 3059 2216 3101 Legimus,
2244 3073 2260 3085 >2
2286 3058 2409 3101 inquit,

1396 3127 1408 3139 u
1429 3113 1502 3143 olim
1520 3112 1808 3144 numerosissimum
1827 3112 1958 3144 Domini
1981 3112 2153 3144 exercitum
2171 3111 2263 3143 unius
2278 3111 2413 3143 hominis

1396 3180 1411 3191 ν
1431 3166 1524 3197 etiam
1539 3166 1659 3197 occulte
1675 3165 1832 3208 peccantis
1845 3167 1962 3197 scelere
1978 3165 2021 3197 ita
2042 3166 2241 3207 inquinatum
2251 3189 2259 3203 ‚
2275 3171 2307 3196 et
2327 3164 2413 3196 favo-

1396 3234 1408 3245 »
1430 3229 1463 3250 re
1480 3219 1588 3250 divino
1610 3219 1763 3250 nudatum
1776 3244 1783 3256 ‚
1809 3225 1841 3250 ut
1855 3230 1987 3251 enervus
2001 3225 2032 3250 et
2046 3218 2213 3261 languidus
2229 3225 2410 3261 appareret.

1396 3287 1411 3299 n
1430 3272 1598 3304 Consultus
1634 3271 1809 3311 Dominus,
1840 3272 2004 3315 respondit
2031 3273 2186 3315 populum
2214 3271 2412 3304 anathemate

1397 3341 1409 3352 n
1428 3326 1582 3367 pollutum
1599 3336 1683 3365 esse,
1704 3331 1733 3357 et
1750 3324 1863 3368 adjecit
1883 3336 1890 3358 :
1912 3325 2095 3357 Anaelzema
2111 3326 2144 3356 in
2165 3323 2266 3356 medio
2283 3326 2329 3356 eui
2344 3331 2407 3362 est,
