2533 3920
335 208 410 245 503
1103 205 1138 240 S.
1169 200 1423 238 BERNARDI
1452 200 1609 235 ABBAT
1612 200 1654 234 IS
2336 201 2407 240 504

326 294 539 335 paruerunt
565 286 604 321 in
634 293 732 321 terra
758 291 888 320 nostra
905 310 915 328 ,
944 290 1093 330 tempus
1119 278 1328 330 putationis
1340 277 1390 296 ²⁵³
1402 290 1517 313 manu
1545 276 1633 312 forti
1667 274 1819 324 sagittas
1847 273 1997 309 mittere
2028 281 2183 322 potest,
2212 275 2286 313 nisi
2314 278 2412 318 fitius

328 345 505 390 advenit,
523 345 561 381 in
579 358 657 395 quo
677 352 867 381 sarmenta
883 342 1025 379 sterilia
1043 341 1276 385 recidentur,
1294 347 1337 375 ut
1354 345 1385 378 A
1403 347 1651 373 excussorum
1670 335 1684 369 ?
1718 333 1791 381 Qui
1823 333 1951 369 locum
1985 333 2087 369 Petri
2122 341 2225 370 tenet
2247 363 2257 380 ‚
2288 345 2413 385 potest

332 418 376 441 ea
399 419 483 455 quae
506 406 733 456 praevalent,
772 403 927 440 uberius
964 403 1129 439 fructum
1169 402 1341 438 afferant.

391 469 425 505 7.
448 468 673 505 Confortare
697 466 824 514 igitur,
848 473 885 501 et
910 472 991 501 esto
1016 462 1196 500 robustus
1224 477 1231 498 :

337 540 410 564 nus
429 535 501 563 tuae
520 527 556 562 in
577 525 790 563 cervicibus
808 524 1051 561 inimicorum
1075 532 1240 559 tuorum.
1255 522 1343 558 Vin-

335 587 419 623 dica
455 586 521 623 tibi
552 585 909 622 animi'constantia
943 592 979 620 et
1018 583 1150 632 vigore
1190 581 1345 632 spiritus

337 655 484 696 partem
498 676 507 693 ‚
526 659 639 696 quam
662 645 766 682 dedit
784 653 890 681 extra
910 644 1044 680 fratres
1063 651 1148 678 tuos
1168 641 1236 677 tibi
1259 654 1344 677 om-

338 708 516 756 nipotens
542 710 672 751 Pater,
694 719 806 755 quam
831 713 867 741 et
889 704 973 740 tulit
994 703 1040 740 de
1062 715 1176 738 manu
1206 705 1346 737 Amor-

340 767 432 803 rhaei
456 767 494 802 in
516 766 641 815 gladio
669 774 706 802 et
733 774 826 802 arcu
843 778 924 801 suo.
950 767 993 800 In
1020 761 1199 799 omuibus
1220 770 1346 797 tamen

340 825 522 875 operibus
544 826 616 861 tuis
640 833 831 861 memento
859 832 894 859 10
917 822 1226 866 05501101111110111,
1242 828 1279 856 01
1299 819 1349 855 ti-

342 899 427 922 mor
447 885 528 934 ejus
558 886 622 935 qui
641 885 762 921 aufert
789 884 964 933 spiritum
987 882 1226 931 principum,
1248 892 1349 915 sem-

344 947 487 995 peiffisit
514 954 600 982 ante
630 946 762 981 oculos
790 952 886 980 tuos.
921 946 1161 990 Quantorum
1182 941 1221 976 in
1243 938 1351 975 brevi

343 1009 606 1042 Romanorum
650 1004 879 1041 Pontificum
924 1010 1067 1037 mortes
1115 1000 1188 1035 tuis
1231 998 1350 1034 oculis

1262 475 1344 497 ma-

1410 411 1489 433 uno
1512 397 1588 432 ictu
1612 395 1855 443 exstinguere
1876 393 2060 429 Ananiam
2080 421 2089 438 ‚
2116 406 2194 429 uno
2225 394 2414 436 Simonem

1410 461 1562 506 Magum
1590 464 1676 501 zet,
1700 463 1743 491 ut
1766 453 1917 503 planius
1959 452 2063 502 quod
2104 453 2301 503 loquimur
2328 457 2411 505 fiat,

1411 517 1711 568 peremptoriam
1730 514 1819 551 dare
1837 514 2062 550 sententiam
2080 513 2127 550 ad
2142 514 2418 564 depositionem

1411 578 1701 628 episcoporum,
1720 576 1837 613 solius
1858 574 2022 612 Romani
2039 575 2234 612 Pontificis
2253 577 2420 616 noscitur

1412 651 1492 675 esse
1509 667 1518 685 ‚
1542 651 1614 688 pro
1635 650 1680 673 eo
1703 636 1883 673 nimirum
1897 665 1906 682 ,
1931 634 2036 684 quod
2054 635 2123 671 etsi
2143 635 2206 671 alii
2223 636 2332 674 multi
2350 650 2425 700 vo-⁸
2475 632 2478 637 ’

1414 699 1486 736 cati
1516 707 1603 735 sunt
1634 698 1673 734 in
1706 706 1856 748 partem
1888 695 2154 733 sollicitudinis
2175 725 2184 742 ‚
2211 696 2314 734 solus
2341 697 2421 748 ipse

1415 759 1691 809 plenitudinem
1716 758 1853 795 habeat
1876 757 2088 807 potestatis.
2112 756 2223 794 Solus
2238 756 2421 807 proinde,

1417 819 1446 855 si
1468 818 1594 854 dicere
1622 817 1780 854 audeam
1798 848 1807 864 ‚
1836 818 1874 854 111
1905 817 2019 866 culpa
2047 824 2128 862 est,
2158 815 2190 852 si
2211 816 2323 866 culpa
2346 830 2424 856 non

1416 879 1552 914 feritur
1568 907 1577 923 ,
1600 891 1685 927 (11110
1714 877 1885 914 ferienda
1908 885 1964 913 est
1986 891 1993 912 :
2017 885 2053 913 et
2079 889 2124 913 eo
2158 876 2327 926 impetu,
2348 890 2425 927 quo

1419 938 1532 975 fuerit
1561 938 1741 974 ferienda.
1767 941 1852 985 Quo
1883 946 2010 974 autem
2040 937 2188 986 impetu
2206 965 2216 982 ‚
2240 949 2318 973 non
2343 937 2426 976 dico

1419 998 1610 1044 ferienda,
1639 997 1704 1034 sed
1735 997 1973 1034 fulminanda
1999 997 2112 1034 fuerit
2131 996 2305 1047 praedicti
2325 996 2425 1037 Ebo-

344 1067 551 1115 aspexisti*
569 1068 575 1101 l
594 1065 670 1114 Ipsi
694 1073 729 1100 te
752 1062 1051 1113 praedecessores
1081 1060 1134 1096 tui
1167 1068 1240 1095 tuae
1269 1071 1352 1094 cer·
1372 1059 1399 1092 B
1419 1059 1584 1095 racensis
1606 1059 1718 1108 culpa
1734 1086 1743 1103 ‚
1759 1066 1896 1095 vestrae
1923 1057 2164 1094 conscientiae
2193 1057 2426 1108 derelinquo.

344 1127 495 1162 tissimae
513 1134 549 1161 et
569 1124 758 1161 citissimae
781 1122 1011 1159 decessionis
1033 1120 1290 1164 admoneant3
1315 1125 1352 1154 et

343 1185 535 1222 modicum
561 1193 711 1234 tempus
732 1180 1005 1219 dominationis
1026 1192 1158 1216 eorum
1182 1177 1352 1228 paucita—

345 1254 418 1283 tem
440 1245 588 1282 dierum
611 1253 765 1280 tuorum
788 1242 937 1279 nuntiet
966 1240 1043 1277 tibi.
1074 1239 1159 1289 Jugi
1188 1237 1351 1289 proinde

345 1305 595 1341 meditatione
612 1304 710 1340 inter
724 1302 837 1352 hujus
856 1301 1084 1339 transeuntis
1100 1299 1229 1349 gloriae
1245 1298 1352 1334 blan-

343 1365 530 1411 dimenta,
546 1378 758 1401 memorare
778 1363 983 1400 novissima
1001 1370 1063 1398 tua
1083 1376 1090 1397 :
1111 1360 1200 1410 quia
1212 1358 1352 1409 quibus

345 1425 556 1462 successisti
580 1425 619 1461 in
642 1424 790 1470 sedem,
817 1424 919 1474 ipsos
941 1423 1021 1459 sine
1046 1420 1163 1458 dubio
1186 1419 1353 1469 sequeris

346 1485 393 1522 ad
417 1494 591 1522 mortem.

345 1617 1357 1633 =====================================================================

429 1745 801 1803 EPISTOLA
863 1737 1268 1801 CCXXXIX.a

731 1908 778 1930 AD
808 1906 980 1930 Erum-331.

351 2025 585 2067 Depositionem
611 2024 769 2056 Guillelmi
791 2023 996 2055 Eboraceusis
1019 2027 1107 2063 urget
1133 2020 1217 2064 apud
1235 2019 1363 2052 Pontifi-

543 2090 628 2118 cem,
651 2079 699 2110 cui
716 2079 773 2109 soli
793 2089 828 2109 ea
847 2083 984 2120 potestas
1003 2081 1172 2118 competat.

406 2205 656 2251 Importunus
677 2214 760 2237 sum
774 2229 783 2246 ‚
805 2199 870 2236 sed
893 2197 1018 2235 habeo
1047 2195 1330 2233 excusationem
1352 2209 1359 2230 :

354 2261 513 2309 Eugenii
534 2261 767 2310 apostolatus
788 2267 942 2296 excusat
961 2271 1033 2294 me.
1057 2257 1176 2293 Aiunt
1198 2268 1275 2291 non
1297 2267 1364 2290 vos

354 2335 435 2359 csse
461 2326 622 2372 Papam,
644 2321 709 2358 sed
734 2335 793 2358 me
817 2336 823 2357 :
847 2329 883 2357 01
910 2319 1079 2368 1111(11(1110
1111 2317 1157 2354 ad
1185 2330 1244 2353 me
1269 2329 1366 2352 con-

355 2383 501 2427 fluunt,
521 2383 586 2432 qui
606 2382 747 2419 habent
765 2382 928 2431 negotia.
950 2383 1026 2417 Nec
1049 2379 1186 2415 desunt
1203 2378 1242 2414 in
1263 2384 1368 2413 tanta

354 2442 597 2479 multitudine
617 2443 826 2479 amicorum
842 2471 850 2487 ‚
873 2440 1016 2490 quibus
1037 2440 1205 2476 officium
1229 2449 1368 2486 negare

356 2517 433 2539 nou
459 2517 634 2553 possum,
658 2516 735 2539 non
762 2503 885 2538 solum
910 2500 1053 2549 absque
1086 2498 1287 2543 scandalo,
1307 2496 1373 2533 sed

357 2564 466 2599 etiam
495 2563 637 2612 absque
667 2571 837 2613 peccato,
862 2565 909 2598 Et
932 2573 1041 2596 1111110
1072 2567 1128 2595 051
1158 2558 1271 2594 01111111
1302 2556 1375 2592 alia

359 2624 552 2660 excusatio
572 2636 649 2660 non
663 2623 788 2659 minus
802 2621 962 2665 idonea,
982 2619 1072 2668 quia
1095 2615 1235 2654 causab
1252 2616 1374 2652 hone-
1391 2623 1424 2656 D

360 2685 521 2721 stissima
551 2692 618 2720 est.
653 2686 793 2721 Contra
823 2681 970 2718 idolum
1002 2679 1097 2715 illud
1128 2676 1372 2714 Eboracense

361 2744 496 2780 iterato
523 2744 630 2780 stilus
654 2743 830 2791 dirigitur
853 2756 860 2778 :
887 2754 930 2777 ea
955 2740 1098 2776 scilicet
1126 2736 1369 2781 necessitate,

362 2803 465 2853 quod
488 2816 751 2852 saepenumero
770 2802 843 2838 hoc
865 2802 938 2837 telo
960 2798 1175 2849 impetitum
1199 2810 1218 2832 11
1239 2795 1371 2841 nobis,

362 2864 523 2901 necdum
551 2863 769 2899 confossum
791 2870 858 2898 est.
879 2864 955 2898 Cur
971 2860 1066 2895 boc?
1084 2857 1182 2905 Quia
1202 2856 1253 2892 nil
1277 2856 1372 2891 forte

362 2938 383 2961 a
412 2923 523 2960 nobis
552 2924 623 2959 tale
651 2922 836 2971 directum
863 2929 942 2965 051,
970 2919 1092 2968 qualis
1126 2917 1194 2954 suit
1224 2914 1370 2965 gladius

361 2983 555 3028 Jouathae,
581 2983 647 3031 qui
672 2994 868 3031 nunquam
902 2980 1013 3017 rediit
1039 2986 1262 3015 retrorsum.
1294 2979 1371 3013 Nec

363 3057 452 3081 sanc
482 3043 551 3081 suit
577 3042 690 3091 culpa
712 3040 847 3090 jaculi,
873 3040 937 3076 scd
964 3038 1162 3087 dirigentis
1187 3036 1370 3086 jaculum.

364 3108 470 3142 Patet
489 3103 590 3140 enim
609 3102 713 3151 quod
740 3115 817 3138 non
842 3101 878 3137 in
901 3114 943 3136 ca
959 3129 968 3145 ‚
988 3112 1062 3148 qua
1084 3097 1278 3148 oportuit,
1297 3096 1375 3132 sor-

367 3164 528 3201 titudinc
547 3163 703 3200 missum
726 3170 793 3198 est.
816 3165 892 3199 Nec
923 3161 1073 3196 mirum.
1097 3158 1188 3206 Quis
1216 3156 1316 3193 0111111
1339 3156 1376 3192 111

1419 1121 1607 1155 Caeterum
1625 1117 1730 1167 quod
1760 1118 1901 1154 factum
1918 1130 1997 1153 non
2015 1125 2073 1153 est
2085 1146 2094 1163 ‚
2111 1115 2221 1153 vobis
2242 1116 2428 1156 credimus

1421 1186 1656 1215 reservatum
1671 1207 1679 1223 ‚
1704 1186 1747 1215 ut
1767 1178 1805 1214 in
1832 1191 1878 1215 eo
1901 1177 2123 1228 experiatur
2150 1177 2317 1214 Ecclesia
2343 1178 2429 1228 Dei,

1418 1238 1478 1274 cui
1496 1238 1581 1287 ipso
1599 1246 1755 1274 auctore
1778 1238 1948 1287 praeestis
1962 1267 1972 1284 ‚
1993 1237 2182 1273 fervorem
2205 1237 2275 1274 zeli
2293 1237 2427 1286 vestri,

1418 1298 1630 1348 potentiam
1655 1297 1800 1334 brachii
1817 1299 1962 1342 vestri,
1986 1306 2024 1334 et
2043 1298 2160 1334 animi
2179 1297 2400 1348 sapientiam
2418 1313 2427 1336 t

1419 1367 1456 1395 et
1483 1359 1613 1395 timeat
1640 1358 1764 1395 omnis
1788 1358 1956 1408 populus
1982 1356 2221 1394 sacerdotem
2250 1357 2429 1406 Domini,
2482 1382 2497 1402 s

1419 1419 1578 1456 audiens
1591 1419 1815 1469 sapientiam
1832 1419 1903 1456 Dei
1917 1431 1997 1456 esse
2014 1418 2053 1454 in
2075 1418 2141 1455 illo
2157 1418 2206 1455 ad
2218 1417 2428 1455 faciendum

1417 1480 1619 1530 judicium.

1592 1749 1974 1808 EPISTOLA
2034 1746 2282 1807 CCXL.c

1536 1907 1580 1928 An
1611 1905 1798 1937 EL‘MDEM,
1827 1905 1875 1927 DE
1903 1904 2136 1928 EBORACENSI
2167 1903 2341 1928 INTRUSO.

1430 2021 1551 2055 Laudat
1569 2021 1669 2051 zelum
1685 2019 1826 2061 Eugenii.
1848 2023 1945 2054 Porro
1970 2029 2040 2050 eum
2059 2029 2145 2050 nunc
2168 2017 2290 2050 ostendi
2316 2017 2383 2050 vult
2409 2017 2442 2050 in

1481 2074 1668 2117 deponendo
1685 2073 1891 2112 Ehoracensi,
1905 2072 1991 2104 illam
2007 2072 2111 2104 sedem
2127 2072 2341 2103 fraudulenter
2357 2081 2442 2104 oecu-

1480 2136 1586 2173 paute.

1489 2253 1522 2288 1.
1544 2254 1666 2298 Quam
1689 2249 1802 2299 cupio
1823 2261 1975 2298 semper
1996 2247 2060 2285 illa
2080 2247 2128 2284 de
2155 2245 2264 2285 vobis
2293 2246 2440 2292 audire,

1433 2313 1471 2349 111
1492 2311 1632 2361 quibus
1652 2310 1889 2359 glorificetur
1904 2312 2008 2345 Deus
2020 2337 2030 2354 ,
2046 2308 2262 2344 honoretur
2277 2307 2444 2344 ministe-

1434 2373 1534 2410 rium
1564 2379 1733 2408 vestrum
1748 2399 1757 2415 ‚
1775 2377 1812 2405 ct
1832 2369 1957 2405 anima
1988 2381 2071 2405 mea
2099 2368 2333 2404 laetificetur!
2354 2365 2446 2404 Inde

1437 2441 1493 2469 est
1513 2431 1618 2481 quod
1638 2429 1767 2467 audita
1788 2428 2037 2478 responsione
2064 2436 2190 2465 'vestra
2216 2427 2263 2464 de
2287 2425 2447 2477 quibus-

1440 2492 1525 2528 dam
1540 2520 1548 2536 ‚
1569 2491 1633 2540 qui
1661 2489 1707 2526 ad
1729 2489 1898 2525 osticium
1928 2488 2129 2537 legationis
2157 2487 2318 2524 nimium
2342 2485 2447 2524 vide·

1439 2551 1581 2588 bantur
1613 2559 1651 2587 et
1687 2548 1888 2586 ambitiose
1924 2548 2114 2600 aspirare,
2139 2556 2177 2584 ct
2207 2546 2449 2598 impudenter

1442 2625 1616 2664 sperare,
1653 2624 1768 2661 supra
1803 2623 1916 2659 quam
1951 2609 2078 2646 dicere
2109 2621 2337 2659 possumus,
2367 2605 2450 2645 facti

1439 2686 1570 2711 sumus
1589 2672 1772 2708 laetantes.
1793 2674 1877 2708 Non
1902 2678 2028 2707 autem
2051 2683 2122 2707 nos
2144 2677 2291 2707 tantum
2305 2696 2314 2714 ,
2330 2667 2396 2706 sed
2414 2674 2451 2705 et

1439 2746 1572 2770 omncs
1618 2732 1683 2781 (1111
1719 2731 1882 2781 diligunt
1926 2744 2069 2767 nomen
2102 2737 2272 2767 vestrum
2286 2757 2295 2775 ,
2337 2726 2450 2778 gavisi

1439 2801 1528 2830 511111
1547 2791 1686 2841 gaudio
1706 2804 1860 2841 magno.
1882 2795 2004 2828 Porro
2024 2790 2114 2827 visis
2136 2789 2271 2827 litteris
2299 2787 2447 2835 vestris,
2492 2816 2493 2819 η

1439 2866 1534 2903 quas
1555 2866 1626 2902 pro
1644 2865 1755 2888 causa
1772 2851 1992 2889 Rutinensis
2008 2850 2175 2888 ecclesiae
2197 2844 2449 2894 destinastis&
2491 2863 2495 2872 ·

1441 2921 1531 2949 111110
1556 2925 1713 2962 prorsus
1727 2941 1736 2957 ,
1759 2920 1849 2948 tnnc
1872 2911 2063 2961 repletum
2080 2918 2138 2947 est
2158 2907 2297 2959 gaudio
2317 2920 2362 2945 os
2380 2918 2451 2945 no-

1440 2983 1561 3011 strum
1575 3002 1584 3019 ,
1601 2981 1638 3009 et
1655 2973 1787 3022 lingua
1807 2980 1938 3009 nostra
1952 2971 2221 3009 exsultatione.
2238 2972 2329 3007 Haec
2343 2976 2452 3018 atque
2491 2994 2494 3002 ⁴

1442 3032 1666 3082 hujusmodi
1691 3032 1804 3082 digna
1832 3040 1922 3069 sunt
1943 3039 2070 3068 vestro
2090 3029 2308 3081 apostolatu
2322 3057 2332 3074 ,
2353 3038 2453 3064 sum-

1444 3107 1542 3131 mam
1564 3093 1697 3131 Sedem
1720 3091 1946 3137 nobilitant,
1963 3090 2101 3128 decent
2118 3090 2232 3141 plane
2249 3087 2352 3126 orbis
2370 3084 2454 3136 Epi-

1446 3167 1619 3204 scopum.
1642 3153 1754 3191 {Inde
1781 3161 1817 3189 01
1844 3152 1956 3189 flecto
1986 3164 2110 3202 genua
2140 3148 2300 3187 mea-ad
2330 3148 2452 3198 ipsum

431 3308 443 3322 ³
464 3304 584 3345 Scripta
602 3313 684 3333 auno
700 3300 814 3332 Christi
839 3304 846 3331 1
862 3302 937 3331 145.
957 3318 974 3322 -
996 3319 999 3320 ν
1017 3292 1031 3314 ¹³
1053 3297 1139 3329 Alias
1154 3321 1160 3329 .
1179 3308 1266 3327 cmv.
1284 3315 1326 3318 ——
1346 3302 1358 3315 ς
1384 3295 1503 3337 Scripta
1518 3304 1600 3324 atino
1620 3293 1734 3324 Christi
1758 3296 1767 3323 1
1783 3295 1857 3323 llis).

429 3359 443 3377 ‘¹
467 3356 657 3399 Abjicirndo
678 3354 791 3386 511111·οι
806 3353 964 3385 111-1111111111
981 3351 1139 3392 iudignum
1153 3375 1159 3387 ‚
1181 3349 1218 3380 ad
1235 3350 1317 3380 illam
1339 3349 1441 3380 sedi-m
1458 3348 1588 3379 electum
1604 3347 1650 3377 rrl
1668 3352 1844 3388 promotum
1859 3370 1866 3382 ,
1886 3344 1924 3376 de
1943 3354 2005 3386 quo
2023 3342 2093 3374 ride
2115 3336 2260 3385 epistolas
2281 3342 2359 3377 328,
2379 3339 2454 3371 329.
