2533 3920
415 151 425 167 Ι

385 151 457 187 7-17
1159 147 1194 181 S.
1226 145 1481 181 BERNARDI
1512 144 1712 179 ABBATIS

385 244 464 276 rjus

385 303 471 327 cum
504 288 670 335 mundo,
701 296 740 324 tu
768 287 956 323 delectare
972 285 1010 321 in
1032 283 1199 322 Domino
1213 312 1222 329 ‚
1241 291 1279 320 et
1295 282 1402 320 dabit

386 351 454 388 tibi
480 351 684 402 petitiones
705 348 831 386 cordis
854 347 905 384 tui
922 363 931 393 3
951 345 1018 382 tibi
1039 345 1233 382 adhaerere
1254 344 1400 381 bonum

386 413 454 459 sit,
489 422 531 450 ut
567 421 605 449 et
645 419 685 447 tn
717 423 802 446 eum
838 407 1004 444 Jeremia
1040 406 1160 452 dieas,
1191 408 1320 441 Bonus
1349 414 1404 441 est

386 477 570 511 Dominus
590 475 776 522 quoereml
796 472 898 506 illum
916 474 928 489 ²
969 484 976 506 :
1010 467 1115 518 quod
1138 467 1168 504 si
1192 466 1400 517 qucerenti,

387 543 532 584 quanto
551 533 669 584 magis
690 530 928 569 invenienti?

385 651 1403 669 ιιιιιιιιιιιιιιιιιιιιιιιιιιιιιιιιιιιιιιιιιιιιιιιιιιιιιιιιιιιιιιιιιιιιιιι

549 752 932 825 EPISTOLA
992 751 1226 808 CDXL.

652 909 698 930 AD
727 907 897 930 Piuoizffli
924 906 1111 935 Quemnam
1128 899 1155 927 ³.

387 1021 485 1053 Mittit
499 1021 527 1052 ei
541 1020 788 1058 adolescentem,
808 1018 862 1060 qui
876 1028 908 1049 se
922 1018 954 1048 in
968 1016 1089 1048 Ordine
1104 1015 1200 1059 recipi
1215 1014 1404 1058 postulabat.
1426 1019 1452 1053 Β

693 1145 861 1179 Devotas
891 1139 1097 1177 orationes.

442 1269 554 1303 Hunc
571 1264 851 1302 adolescentem
869 1263 935 1313 qui
952 1260 1063 1299 vobis
1078 1261 1143 1297 has
1158 1259 1302 1296 litteras
1316 1271 1406 1308 por-

388 1327 500 1374 tavit,
518 1334 803 1377 exspectantem
826 1337 886 1361 me
906 1321 1124 1362 Catalaunis
1144 1319 1275 1358 inveni
1297 1335 1305 1356 ;
1325 1320 1406 1369 qui,

387 1397 429 1425 ut
442 1402 501 1426 me
516 1388 623 1433 vidit,
636 1386 859 1437 simpliciter
873 1385 961 1422 satis
974 1393 1011 1421 et
1027 1381 1244 1421 verecunde
1259 1380 1408 1430 rogavit

387 1463 426 1487 se
448 1450 485 1486 in
511 1457 644 1485 nostro
669 1447 813 1485 Ordine
831 1446 969 1496 recipi,
991 1454 1028 1481 et
1049 1443 1280 1481 monachum
1302 1440 1404 1487 lieri,

387 1523 547 1547 narrans
572 1509 663 1546 mihi
679 1537 688 1555 ,
707 1508 797 1558 quia
819 1521 907 1544 cum
932 1506 1097 1544 Thomas
1121 1504 1168 1541 de
1188 1503 1327 1550 Marla,
1345 1516 1408 1539 cu-

383 1571 446 1622 jus
475 1571 640 1621 armiger
664 1570 753 1616 suit,
771 1569 887 1606 vellet
903 1582 991 1606 eum
1009 1567 1169 1605 militem
1191 1566 1315 1603 facere
1341 1564 1409 1601 mi-

388 1634 476 1670 litiae
497 1632 650 1677 saeculi,
675 1631 847 1668 militiam
869 1630 1008 1669 Christi
1036 1628 1248 1680 praeposuit
1262 1657 1272 1674 ,
1294 1634 1332 1664 et
1358 1624 1408 1662 ob

389 1695 485 1732 bane.
506 1707 659 1731 cansam
681 1692 729 1729 ad
748 1705 818 1729 nos
838 1690 1021 1740 confugit.
1038 1693 1162 1739 Super
1182 1687 1240 1724 his
1261 1687 1409 1736 aliquos

388 1756 434 1792 de
461 1753 643 1792 fratribus
665 1752 854 1790 consulite
869 1781 878 1799 ‚
897 1760 934 1788 et
955 1751 984 1788 si
1004 1749 1266 1794 laudaverint,
1283 1746 1410 1784 vobis—

482 236 505 265 ¹.
529 228 701 266 Deleetet
724 239 791 263 eos
815 226 853 262 in
877 224 1044 269 mundo,
1063 236 1147 259 eum
1172 223 1246 259 sint
1262 222 1401 259 ruituri
1422 225 1450 258 A
1473 221 1710 257 voluntatem
1738 218 1942 264 habentes,
1973 218 2037 254 sed
2067 218 2211 255 viribus
2238 223 2405 271 eorporis
2427 228 2468 264 ad

2402 148 2472 208 748η

1469 290 1643 318 nostrum
1701 280 1884 318 Ordinem
1939 292 2183 328 nequaquam
2224 281 2444 323 sufficientes
2459 316 2467 332 ‚

1468 341 1612 378 idcirco
1642 339 1752 377 vobis
1783 339 2040 376 transmittere
2070 339 2286 376 curavimus
2310 355 2317 377 :
2344 344 2426 392 quia
2444 348 2473 384 εἰ1

1469 402 1562 438 tales
1586 408 1852 452 perseverant,
1877 400 2008 449 quales
2032 412 2098 435 eos
2119 398 2381 450 probavimus,
2399 393 2473 444 non1

1470 462 1624 499 inutiles
1645 461 1756 498 vobis
1771 460 2011 497 confidimus.
2031 459 2206 508 Denique
2224 461 2396 511 suscipite
2411 478 2473 515 eos³

1470 531 1509 559 et
1536 522 1699 573 probate
1727 535 1795 559 vos
1820 521 1915 572 ipsi,
1937 534 1985 557 an
2010 533 2145 557 verum
2171 519 2218 556 sit
2239 521 2342 570 quod
2367 531 2469 564 testa-

1472 597 1580 629 mur,
1605 597 1676 620 nee
1706 596 1840 619 eorum
1864 581 2099 618 acceleretur
2127 579 2365 630 suscipienda
2385 597 2474 635 pro-v

1472 644 1604 690 sessio,
1628 652 1670 680 ut
1688 643 1794 694 prius
1811 643 1984 694 ipsorum
2006 641 2149 678 utilitas
2166 640 2415 691 dignoscatur.

1473 800 2470 814 ===================================================================

1631 925 2003 984 EPISTOLA
2047 924 2336 983 CDXLII.

1756 1090 1802 1111 AD
1833 1088 2019 1118 QUEMDAM
2047 1087 2208 1111 AMICUM.

1474 1210 1520 1238 lit
1537 1206 1673 1249 quodam
1697 1205 1914 1243 adolescente,
1937 1205 2026 1247 cujus
2042 1214 2156 1247 pravos
2172 1213 2276 1234 mores
2294 1209 2412 1244 narrat,
2426 1206 2470 1248 qui

1683 1261 1837 1293 nobilium
1856 1260 2095 1293 matrimonium
2114 1258 2284 1292 ambiebat.

1529 1384 1615 1422 Feci
1635 1382 1739 1433 quod
1762 1382 1948 1430 voluistis,
1968 1381 2074 1432 quod
2089 1380 2136 1419 ad
2154 1394 2214 1418 me
2233 1380 2390 1418 omnino
2406 1380 2475 1419 non'

1476 1443 1708 1494 pertinebat,
1720 1443 1791 1480 nisi
1809 1443 1900 1492 quia
1917 1442 2105 1479 voluistis.
2120 1441 2221 1491 Quid
2242 1441 2342 1479 enim
2358 1441 2401 1479 ad
2413 1455 2472 1480 nos

1475 1505 1644 1556 pertinet
1663 1504 1709 1541 de
1728 1505 1862 1541 vestris
1885 1504 1997 1541 terris
2009 1533 2019 1550 ,
2038 1503 2086 1540 de
2101 1503 2238 1540 vestris
2258 1502 2420 1553 placitis,
2435 1503 2472 1541 de

1476 1566 1611 1603 vestris
1631 1564 1842 1616 conjugiis?
1859 1564 2007 1603 Deinde
2024 1564 2137 1601 etiam
2154 1563 2348 1601 hominem
2363 1563 2456 1602 illum
2465 1593 2477 1611 ,-

1477 1643 1547 1679 pro
1562 1628 1714 1678 quo'me
1729 1635 1929 1677 precantes
1947 1626 2146 1664 Ducissam
2164 1625 2313 1677 precari
2329 1638 2477 1683 compu7

1478 1689 1593 1735 listis,
1623 1690 1674 1725 ita
1699 1701 1852 1738 semper
1879 1687 2132 1738 cognovimus
2154 1700 2175 1724 a
2195 1685 2397 1736 juventute
2419 1699 2472 1724 sua
2494 1705 2495 1714 κ

1479 1744 1584 1786 malis
1614 1749 1728 1786 fuisse
1755 1749 1968 1794 intentum,
1993 1757 2031 1785 et
2052 1747 2099 1785 ab
2129 1747 2236 1784 omni
2261 1746 2365 1784 bono
2381 1743 2482 1795 elon-'tf

387 1829 462 1865 que
490 1815 542 1852 ita
572 1815 695 1852 visum
723 1813 859 1859 fuerit,
881 1811 1038 1862 recipite
1064 1824 1151 1847 eum
1176 1817 1213 1846 et
1233 1807 1405 1860 probate.
1429 1812 1456 1847 C
1478 1818 1623 1859 gatum,
1650 1818 1841 1859 quatenus
1862 1809 1943 1846 haec
1968 1809 2002 1845 ei
2023 1809 2122 1845 mala
2146 1821 2225 1845 non
2248 1816 2324 1844 tam
2347 1808 2408 1845 illa
2424 1809 2476 1846 vel‘

388 1881 531 1914 ‘Notum
549 1876 645 1913 facio
662 1874 772 1911 vobis
792 1873 995 1911 extorsisse
1013 1886 1094 1919 me,
1111 1885 1190 1908 non
1210 1870 1303 1907 meis
1317 1898 1325 1914 ,
1342 1868 1409 1905 sed

391 1937 556 1974 dominae
574 1935 753 1973 Beatrieis
774 1934 953 1985 precibus
967 1932 984 1956 b
997 1964 1006 1981 ,
1022 1933 1069 1970 ab
1087 1932 1271 1982 episeopo
1289 1930 1409 1967 licen-

392 1998 482 2035 tiam
504 1996 697 2034 hiemandi
715 1994 826 2045 juxta
850 2008 918 2032 vos
933 2024 942 2041 ,
962 2008 1042 2031 non
1065 2002 1192 2030 tamen
1217 1991 1256 2027 in
1280 1990 1409 2028 Clara—

393 2059 517 2104 Valle,
536 2057 602 2094 sed
619 2057 657 2093 in
670 2055 893 2094 Dementini
914 2063 1038 2106 prato.
1056 2053 1213 2091 Interim
1232 2051 1385 2101 vigilate
1398 2079 1408 2097 ‚

391 2120 520 2170 pigros
545 2118 725 2163 excitate,
744 2117 882 2154 nimios
908 2115 1125 2167 reprimite,
1147 2112 1410 2164 pusillanimes

390 2178 662 2225 consolamini,
680 2177 859 2215 omnibus
877 2178 1005 2215 omnia
1023 2176 1131 2223 faeti,
1146 2174 1319 2212 omnium
1338 2173 1412 2210 vir-

392 2249 491 2277 tutes
507 2248 653 2277 vestras
670 2239 793 2276 facite.
1006 2231 1010 2235 i

394 2369 1409 2384 ======================================================================

533 2497 909 2555 EPISTOLA
980 2496 1240 2555 CDXLI.

447 2664 491 2685 AD
513 2664 696 2693 QUEMDAM
721 2662 880 2685 ORDINIS
901 2662 929 2685 S.
955 2661 1160 2684 BENEDICTI
1179 2659 1355 2681 ABRATEM.

393 2782 491 2813 Mittit
519 2782 545 2811 ei
575 2781 653 2812 ‹luos
683 2781 895 2811 adolescentes
921 2779 960 2810 ad
995 2779 1146 2809 Ordinem
1175 2776 1410 2809 Cistereiensem

515 2836 633 2867 viribus
650 2836 802 2877 impares,
826 2834 880 2865 sed
898 2834 956 2865 sibi
976 2845 1039 2864 non
1060 2832 1139 2863 sorte
1156 2832 1291 2863 inutiles.

587 2961 719 2994 Pacem
737 2966 773 2993 et
795 2957 1016 2994 charitatem
1040 2955 1208 3005 diligere.

447 3094 543 3127 Istos
591 3088 688 3124 duos

735 3085 1019 3137 adolescentes,
1059 3085 1201 3122 bonam
1251 3084 1411 3135 quidem

443 3234 450 3247 ¹
473 3226 554 3257 Psal.
574 3236 701 3261 cxxiiii,
734 3227 787 3261 11,
812 3226 863 3253 15.
883 3241 924 3245 —
944 3229 956 3244 2
973 3222 1091 3253 Tmen.
1118 3233 1178 3255 ιιι,
1210 3225 1264 3252 25.

1477 1870 1686 1921 eupiditate
1708 1870 1897 1918 Dueissae,
1913 1883 2026 1919 quam
2044 1869 2151 1919 justo
2167 1869 2238 1907 Dei
2254 1867 2398 1918 judicio
2409 1874 2476 1907 cre?

1477 1930 1498 1968 d
1505 1945 1612 1968 unus
1641 1931 1886 1980 contingere,
1914 1944 2113 1981 nunquam
2140 1929 2223 1980 ejus
2251 1929 2298 1967 ad
2329 1929 2472 1980 aliquem

1477 2000 1698 2029 sanctorum
1722 1960 2097 2042 peregrinationem,
2121 2005 2208 2028 cum
2229 1998 2404 2041 peccator
2419 1989 2476 2038 sit,

1476 2070 1496 2092 x
1505 2055 1662 2102 idimus;
1690 2068 1889 2104 nunquam
1911 2052 1995 2104 ejus
2015 2054 2302 2120 eleemosynas,
2326 2065 2408 2090 cum
2426 2042 2476 2090 di-

1478 2130 1543 2153 xes
1564 2116 1633 2163 sit,
1652 2085 1893 2161 ²audivimus;
1916 2127 2114 2165 nunqnam
2136 2113 2219 2164 ejus
2238 2111 2477 2165 patrocinium

1479 2176 1583 2227 quod
1599 2146 1748 2227 piipillo
1762 2176 1820 2213 vel
1834 2174 1956 2214 viduae
1974 2176 2105 2221 ferr,et
2125 2188 2212 2212 eum
2228 2173 2293 2211 diu
2307 2157 2476 2243 praeposi-'l

1480 2247 1540 2275 tus
1565 2237 1773 2290 exstiteiit,
1795 2251 1825 2273 a
1819 2237 2034 2286 ἶςηονίηιι15.
2055 2240 2101 2274 Et
2118 2249 2220 2273 nunc
2240 2235 2394 2286 insuper
2411 2245 2471 2272 non

1479 2312 1567 2336 cess
1562 2307 1600 2335 at
1616 2311 1654 2335 se
1675 2311 1780 2348 supr
1770 2311 1791 2334 a
1811 2310 1849 2334 se
1869 2297 2078 2333 extendere
2094 2296 2195 2333 ultra
2212 2295 2326 2333 etiam
2341 2305 2471 2331 mensu-

1479 2374 1559 2397 ram
1578 2373 1697 2397 suam.
1715 2358 1877 2403 Scitote,
1889 2371 1959 2395 vos
1974 2357 2041 2407 qui
2055 2356 2168 2394 amici
2181 2355 2265 2406 ejus
2285 2355 2384 2401 estis,
2403 2353 2471 2405 quia

1479 2429 1544 2458 aut
1560 2421 1624 2457 vix
1644 2428 1709 2457 aut
1730 2432 1930 2468 nunquam
1949 2418 2094 2469 poterit
2113 2418 2148 2455 ei
2167 2417 2216 2454 ad
2233 2415 2387 2467 aliquod
2404 2426 2471 2466 pro‘

1482 2484 1622 2519 lienum
1643 2480 1803 2517 societas
1824 2478 2013 2515 nobilium
2032 2478 2184 2524 venire,
2209 2476 2346 2528 quibus
2359 2476 2396 2513 in
2413 2487 2475 2526 mas

1483 2542 1705 2580 trimonium
1720 2571 1729 2588 ,
1746 2554 1852 2578 suam
1868 2553 1946 2577 non
1965 2539 2168 2577 attendens
2179 2537 2475 2579 mediocritatem

1435 2610 1466 2644 D
1487 2612 1591 2641 tanto
1620 2602 1766 2652 appetit
1794 2601 1923 2638 studio
1942 2601 2039 2638 filios
2057 2609 2096 2638 et
2112 2600 2205 2637 filias
2226 2612 2311 2637 suas
2331 2595 2480 2647 conjun··¹

1479 2677 1567 2715 gere
1589 2679 1596 2700 ε
1620 2663 1710 2699 volo
1733 2670 1859 2699 tamen
1880 2670 1918 2698 et
1937 2662 2102 2699 multum
2127 2659 2323 2706 desidero,
2342 2666 2383 2696 ut
2397 2657 2469 2695 illu(

1478 2725 1583 2775 quod
1617 2732 1776 2775 propter
1807 2736 1876 2759 vos
1907 2722 2067 2760 faciliter
2097 2734 2232 2771 rogare
2262 2717 2424 2770 suscepi,
2446 2716 2468 2754 ii

1479 2786 1625 2823 bonnm
1647 2785 1680 2822 ei
1702 2783 1917 2835 proveniat.

442 3293 454 3308 θ
474 3290 617 3318 Fortasse
630 3310 637 3323 ,
662 3291 694 3315 ut
719 3283 819 3315 eredit
848 3286 1010 3319 Marione,
1040 3282 1079 3313 ad
1102 3281 1243 3313 Priorem
1260 3281 1489 3314 Clarae-Vallis.
1509 3300 1552 3304 —
1572 3274 1587 3296 ¹³
1614 3283 1721 3312 Exstat
1741 3280 1879 3322 ejusdem
1898 3283 1929 3311 S.
1950 3279 2101 3311 Bernardi
2121 3278 2250 3322 epistola
2277 3279 2336 3308 118
2356 3272 2394 3306 ad
2412 3274 2466 3304 Bea

391 3342 499 3372 tricem
512 3365 519 3378 ,
540 3339 679 3372 nobilem
699 3344 727 3369 et
744 3338 919 3380 religiosam
946 3343 1140 3373 matronam,
1168 3334 1200 3367 in
1223 3345 1285 3377 qua
1305 3334 1476 3367 ol'liciosam
1503 3336 1567 3377 ejus
1588 3335 1773 3366 charitatem
1792 3341 1820 3365 et
1839 3333 2080 3366 sollicitudinem
2096 3331 2303 3364 commendat.
2375 3326 2387 3331 χ’
