2517 3936
86 213 182 250 1213

598 216 745 250 LIBER
776 215 840 249 DE
870 215 1138 253 PRAECEPTO
1167 219 1226 252 ET
1257 220 1650 258 DISPENSATIONE.

133 291 196 327 Gl.
228 292 271 326 In
299 289 373 325 linc
403 288 580 326 secundae
614 290 786 339 epistolae
818 292 1061 342 interrogatis
1079 292 1141 339 ,³²²⁵
1158 300 1360 342 sapientae
1376 295 1410 342 ⁸,
1431 297 1540 346 cujus
1560 299 1639 335 sinc
1660 300 1776 337 dubio
1798 303 1857 339 illa
1879 317 1953 341 vox
1974 316 2028 342 cst
2047 336 2055 352 ‚
2084 310 2164 343 Ca·-

2069 233 2160 270 1211

81 348 173 400 quid
194 348 436 386 sentiendum
459 347 621 387 arbitrer
637 349 683 385 dc
702 364 768 395 co,
784 352 887 400 quod
909 353 945 388 in
969 356 1092 389 Evan-
1112 359 1143 391 Α
1163 356 1237 389 lum
1267 357 1360 390 miln'
1386 359 1491 391 sedes
1513 367 1566 392 eve
1581 365 1595 388 9
1618 374 1625 394 :
1652 359 1680 394 si
1702 360 1779 396 llffic
1797 390 1806 402 ‚
1830 363 1980 411 inquam
1998 394 2007 410 >
2031 366 2163 416 liis-quc

81 409 178 460 gelio
199 407 310 445 nobis
330 407 590 458 promittitur,
625 411 723 444 Ecce
743 415 841 446 enim
864 425 1004 447 merces
1026 425 1095 447 ve-

83 478 160 506 stra
196 471 316 505 multa
349 477 403 504 est
435 472 473 504 in
505 471 608 504 coelis
630 475 639 489 ¹
673 483 681 504 ς
716 469 897 506 mirantes
932 470 1094 506 maxime

83 537 254 568 sanctum
282 528 539 579 Augustinum
570 528 709 566 dixisse
741 543 857 579 super
888 530 985 576 hoc,
1017 543 1095 567 non

83 589 199 627 coelos
232 588 322 626 istos
347 587 515 625 visibiles
540 597 577 625 et
606 602 816 640 corporeos
836 599 1017 640 oportere
1036 590 1096 626 in—

45 691 55 699 ·
84 648 227 699 telligi,
260 662 308 686 ne
344 661 489 686 merces
521 657 650 685 nostra
676 649 714 685 in
746 649 860 686 rebus
889 649 1097 686 mobilibus

82 706 396 758 volubilibusque
415 707 593 745 videatur
612 709 792 745 collocari
809 725 818 754 3
837 708 1002 758 ideoque
1023 709 1096 759 spi-

84 768 234 806 ritualia
253 768 429 818 quaedam
457 769 699 805 firmamenta
718 782 799 805 esse
819 768 1067 822 intelligenda
1086 797 1096 815 ‚

85 827 132 866 de
155 827 296 878 quibus
315 828 487 873 nescitis,
517 837 559 865 ut
591 828 715 865 dicitis
730 858 739 875 ,
775 827 869 878 quid
888 828 949 864 vel
970 828 1098 877 suspi-

85 888 162 926 cari
195 887 376 926 debeatis.
416 888 489 927 Sed
517 889 548 926 si
567 889 762 926 attenditis
791 887 895 938 quod
929 888 1097 938 legistis,

84 950 254 998 Regnum
280 950 353 985 Dec·
373 953 473 986 Intra
493 963 559 985 vos
580 959 634 985 est
648 955 660 970 ²
677 965 687 996 3
709 957 766 996 et,
791 947 975 984 Habitare
999 948 1102 983 Chri-

85 1019 177 1048 stum
196 1024 274 1060 per
283 1011 407 1059 fidem
435 1015 473 1047 in
499 1010 668 1047 cordibus
688 1008 852 1047 vesu-1¹53
871 1038 880 1055 ‚
918 1017 1099 1059 tanquan]

1161 412 1296 449 similia
1321 428 1397 450 non
1419 428 1538 464 pauca
1559 416 1596 452 in
1619 418 1821 467 scripturis
1845 422 2056 470 advertitis,
2075 440 2165 475 pro—

1162 472 1261 508 sccto
1281 474 1482 512 studebitis
1503 476 1549 512 ad
1571 478 1841 526 requirendum
1866 494 2020 528 regnum
2043 487 2109 521 Dei
2128 495 2165 522 et

1159 530 1345 580 justitiam
1364 533 1466 582 ejus,
1489 535 1630 571 intrare
1652 537 1778 585 potius
1798 538 1844 574 ad
1865 528 1953 585 vos,
1975 555 2084 590 quam
2109 546 2166 581 vcl

1163 599 1270 628 extra
1299 593 1403 630 exire
1422 624 1431 640 ‚
1464 596 1522 631 vel
1553 596 1756 633 ascendere
1788 611 1916 647 supra.
1955 601 2026 636 Scd
2056 615 2168 651 supra

1163 665 1254 689 sane
1276 682 1285 699 ,
1312 655 1372 690 vel
1401 664 1509 692 extra
1541 656 1700 693 dixerim
1731 658 1804 694 loci
1833 660 2042 708 positione,
2076 663 2172 701 sicut

1163 712 1301 748 coelum
1336 727 1357 750 a
1390 723 1490 752 terra
1518 716 1642 752 locum
1673 725 1774 753 tenet
1801 719 2051 766 exteriorcm;
2087 723 2170 768 sol,

1163 771 1274 819 luna,
1297 781 1334 809 ct
1366 774 1490 811 sidera
1518 777 1767 826 superiorem.
1798 781 1890 814 Nam
1912 779 2042 816 cadem
2066 781 2172 831 ipsa,

1164 845 1250 880 quae
1269 832 1371 869 intra
1394 847 1464 871 uos
1492 844 1580 872 sunt
1600 836 1788 874 subtiliori
1812 851 1888 875 suae
1911 849 2055 877 naturae
2076 841 2173 879 invi-

1166 890 1342 929 sibilitate
1360 922 1370 940 ‚
1403 895 1514 931 etiam
1537 909 1651 945 supra
1675 910 1744 933 nos
1765 906 1853 934 sunt
1873 898 2083 937 sublimiori
2105 916 2174 938 ex—

1169 952 1355 989 cellentiae
1383 954 1565 1003 dignitate
1581 985 1590 1002 ‚
1612 965 1648 993 ct
1673 966 1778 993 extra
1799 972 1952 1008 quoque
1981 960 2175 998 immensi-

1170 1018 1245 1047 tate
1267 1012 1482 1061 majestatis.
1508 1015 1587 1056 Sed,
1607 1017 1784 1053 altissima
1804 1028 1893 1054 sunt
1913 1019 2008 1066 haec,
2026 1023 2174 1070 egentia

28 1107 33 1109 ,
85 1071 218 1121 utique
239 1084 366 1121 regem
386 1071 427 1108 in
448 1084 568 1122 regno
589 1085 678 1118 suo;
708 1080 764 1118 et,
786 1072 871 1106 Non
903 1079 991 1106 sunt
1015 1083 1099 1105 con·
1118 1071 1146 1105 Β
1167 1071 1298 1121 utique
1319 1082 1355 1109 et
1375 1074 1604 1125 diligentiori
1625 1076 1882 1126 disputatione
1901 1109 1910 1124 ,
1945 1088 1982 1115 ct
2011 1079 2172 1119 doctiori

87 1133 219 1182 dignoe
249 1136 450 1181 passiones
496 1133 603 1179 liujus
636 1137 814 1182 temporis
850 1133 904 1167 acl
927 1129 1100 1179 ficturum

83 1195 246 1242 gloriam
270 1206 360 1241 quoe
385 1192 609 1230 revelabitur
630 1197 669 1229 in
703 1192 810 1229 nobis
828 1192 866 1238 4',
894 1204 972 1228 non
1011 1191 1101 1240 qui-

88 1251 175 1289 dem
195 1264 281 1301 quae
307 1251 542 1289 revelabitur
565 1252 700 1299 nobis,
733 1253 840 1289 velut
859 1250 1004 1301 aliquid
1031 1263 1101 1287 ex-

51 1332 54 1334 *
88 1311 231 1358 terius;
253 1312 319 1349 sed
340 1312 379 1349 in
400 1312 537 1360 nobis,
559 1314 667 1364 quasi
689 1314 794 1350 intus
810 1311 891 1362 jam
922 1324 1102 1359 manens,

89 1371 155 1409 sed
175 1371 349 1409 nondum
377 1385 568 1423 apparens
588 1388 596 1410 ε
618 1381 656 1410 et
682 1373 771 1410 item
789 1401 801 1420 ,
828 1373 962 1408 Omnis
982 1374 1104 1422 gloria

89 1437 168 1480 ejas
181 1433 286 1480 filc'oe
313 1437 410 1483 regis
433 1433 482 1470 ab
513 1438 614 1470 intus
630 1432 669 1481 53
690 1441 749 1480 et,
782 1433 971 1469 Ascendet
995 1433 1104 1468 homo

90 1494 146 1529 ad
162 1506 226 1529 cor
243 1496 361 1530 altam
382 1491 421 1541 ⁶3
439 1494 506 1531 sed
526 1503 564 1532 et
586 1499 822 1531 ascensiones
845 1498 883 1529 ln
911 1495 1021 1530 corde
1041 1507 1106 1530 suo

91 1554 318 1602 clisposac't73
345 1567 577 1605 rursumque
594 1584 604 1601 ,
642 1557 786 1591 Anima
800 1557 895 1601 justi
916 1555 1022 1590 sedes
1056 1563 1111 1590 est

1169 1131 1427 1181 disputatore,
1449 1144 1486 1171 ct
1507 1149 1624 1186 opere
1648 1138 1858 1187 prolixiori.
1886 1142 1964 1189 Ego
1986 1141 2086 1177 enim
2107 1154 2175 1190 pu-

1170 1199 1338 1229 taveram
1362 1195 1519 1232 modum
1546 1197 1585 1232 in
1614 1197 1671 1234 his
1703 1199 1907 1236 tractandis
1927 1200 2173 1249 epistolarum

1169 1264 1411 1303 nequaquam
1431 1269 1627 1294 excessum
1646 1258 1693 1294 iri
1715 1272 1722 1294 :
1745 1258 1810 1294 sed
1830 1272 1973 1306 sermo,
1991 1268 2033 1297 ut
2050 1260 2174 1308 video,

1172 1315 1359 1363 processit
1378 1316 1416 1352 in
1439 1317 1589 1367 longius
1610 1332 1723 1368 quam
1746 1320 1906 1369 speravi.
1928 1321 2092 1357 Proinde
2111 1335 2180 1358 vos

1172 1373 1203 1410 si
1222 1374 1368 1424 placet,
1388 1375 1570 1425 Librum3
1597 1379 1627 1415 si
1647 1379 1792 1428 placet,
1821 1380 2028 1429 Epistolam
2050 1381 2176 1417 nomi·

1172 1442 1259 1470 nate
1281 1450 1289 1471 :
1312 1448 1400 1472 nam
1420 1450 1489 1487 ego
1509 1437 1588 1475 sive
1608 1439 1646 1475 in
1666 1439 1795 1488 paucis
1808 1469 1817 1485 ,
1851 1439 1928 1476 sive
1956 1440 1994 1476 in
2029 1440 2177 1486 inultis,

1172 1503 1310 1533 vestrae
1331 1496 1447 1535 debui
1467 1497 1480 1549 ζ
1498 1499 1603 1549 quod
1624 1507 1661 1536 et
1681 1499 1809 1537 studui
1832 1499 1844 1551 )
1872 1500 2083 1537 satisfacere
2109 1514 2176 1537 vo-

1174 1555 1328 1593 luntati.

141 1687 152 1703 ¹
170 1685 246 1714 Luc.
261 1694 315 1721 Vi,
339 1687 359 1714 2
375 1685 407 1714 3.
422 1702 468 1706 —
483 1690 496 1706 ²
512 1684 560 1716 Id.
580 1696 666 1724 nvn,
686 1688 740 1717 21.
759 1702 804 1706 --
829 1679 843 1703 3
863 1682 979 1725 Ephes.
998 1694 1053 1722 111,
1074 1685 1127 1715 17.
1143 1703 1187 1707 —
1202 1684 1216 1711 4'
1231 1689 1324 1718 Rom.
1343 1699 1421 1726 vm,
1444 1690 1492 1719 18.
1509 1706 1551 1710 -
1569 1685 1581 1709 5
1600 1688 1678 1719 Psal.
1701 1700 1792 1725 xmv,
1814 1691 1864 1720 14.
1879 1707 1918 1711 ——
1941 1687 1955 1710 s>
1971 1688 2052 1720 l‘sal.
2076 1698 2156 1719 Lxxxx
2171 1714 2181 1727 ,

95 1738 125 1768 8.
140 1754 186 1758 —
200 1743 214 1768 7
232 1737 314 1769 Psal.
331 1747 462 1768 nxxxin
474 1763 482 1777 ,
500 1743 532 1771 6.
549 1758 591 1763 -
608 1739 622 1763 8
642 1742 716 1782 Sap.
736 1749 801 1776 vu,
819 1747 882 1768 sec,
900 1740 1003 1769 LXX.
1023 1755 1063 1759 —
1082 1743 1098 1767 9
1116 1738 1188 1770 isai.
1204 1750 1280 1771 wa
1292 1765 1301 1779 ,
1325 1744 1352 1772 1.

549 2360 675 2398 FIMS
704 2362 839 2410 LIBRI
868 2362 934 2397 DE
962 2361 1230 2398 PRAECEPTO
1260 2361 1321 2395 ET
1351 2358 1748 2396 DISPENSATIONE.
