2533 3920
332 222 402 259 123
1098 219 1132 253 S.
1169 217 1422 253 RERNARDI
1452 214 1654 251 ABBATIS
2342 212 2411 249 124

1356 300 1385 318 ¹⁴
1404 305 1490 329 cuni
1510 290 1724 342 proposito,
1748 288 1853 326 suavi
1868 286 1961 337 jugo
1983 287 2119 325 Christi
2137 286 2216 338 jam
2240 288 2416 338 pluribus

326 372 351 380 u
354 364 1335 381 ιιιιιιιιιιιιιιιιιιιιιιιιιιιιιιιιιιιιιιιιιιιιιιιιιιιιιιιιιιιιιιιιιιι
1353 367 1385 400 A
1403 353 1511 390 annis
1529 352 1699 388 attritum]
1718 358 1786 386 est.
1802 349 1949 387 Florem
1967 361 2136 398 quoque,
2146 356 2334 397 quantum
2352 362 2415 386 va-

563 488 937 547 EPISTOLA
988 484 1109 545 IV.a

453 649 499 670 AD
526 630 754 669 ARNOLDUM*
779 643 946 666 ABBATEM
974 641 1208 664 MORIML‘NDI.

331 762 506 794 Amoldum
532 760 677 792 abbatem
691 783 698 797 ,
721 765 835 789 temere
858 757 967 788 relicto
989 756 1177 788 monasterio
1202 756 1338 798 peregri-

376 823 523 852 nantem,
546 814 585 846 ad
602 813 781 844 monasterii
805 822 912 842 curam
936 817 1078 847 revocat,
1102 811 1232 841 fratrum
1251 820 1338 841 scan-

376 870 446 901 dala
462 876 492 901 et
508 869 606 911 gregis
622 867 760 910 pericula
775 877 944 909 exponens.

330 1001 482 1033 Domno
511 993 639 1031 abbati
665 996 869 1036 Ana-omo,
900 991 1014 1027 frater
1041 994 1264 1027 Bi-:m'mmrs
1291 988 1338 1025 de

1403 414 1538 458 lerem,
1572 423 1743 460 rogarem
1777 418 1813 445 et
1844 407 2085 444 obsecrarem
2113 420 2185 457 per
2203 408 2413 445 Dominum

1403 476 1531 510 Jesum
1548 487 1557 517 ;
1579 479 1766 520 quatenus
1786 480 1962 519 parceres
1975 497 1983 513 ,
2005 467 2132 517 primo
2152 467 2308 517 quidem
2331 468 2414 519 ejus

1403 532 1528 577 cruci,
1553 544 1628 581 qua
1659 530 1790 579 utique
1820 528 1980 566 redemit
2009 540 2109 577 quos
2133 535 2199 572 tu,
2222 535 2415 576 quantum

1409 591 1447 627 in
1477 600 1512 627 te
1543 599 1619 636 est,
1641 590 1818 640 perimis,
1851 588 2004 637 collegit
2027 599 2122 637 quos
2145 594 2186 623 tu
2219 586 2414 637 dispergis.

1404 651 1561 688 Perimis
1574 679 1583 695 ,
1603 650 1780 699 inquam,
1802 657 1839 685 et
1853 648 2057 698 dispergis,
2079 647 2161 683 sive
2175 659 2272 695 quos
2291 654 2415 684 tecum

1404 710 1530 756 ducis,
1553 710 1630 746 sive
1650 722 1747 759 quos
1766 709 1827 745 hic
1852 708 1993 744 deseris
2013 720 2020 742 :
2039 705 2179 756 quibus
2195 706 2328 756 utique
2347 707 2418 744 etsi

1406 769 1621 814 diversum,
1647 781 1724 804 non
1757 768 1886 817 dispar
1921 776 2046 804 tamen
2078 766 2250 815 utrisque
2275 766 2418 802 metui-

1406 842 1490 865 mus
1510 828 1735 878 periculum.
1757 826 1905 864 Deinde
1919 827 2033 865 etiam
2052 838 2228 876 parceres
2248 834 2286 862 et
2306 825 2418 864 nobis

1403 889 1533 925 amicis
1559 888 1631 924 tuis
1667 902 1674 924 :
1706 886 1846 936 quibus
1875 887 1963 923 licet
2005 885 2226 931 immeritis,
2261 885 2417 922 nonnisi

1404 948 1537 983 fletum
1576 955 1613 983 et
1646 947 1832 995 lacrymas
1869 945 2069 995 reliquisti.
2101 948 2133 983 Ο
2162 946 2190 982 si
2224 945 2298 982 hoc
2326 945 2418 982 mihi

1404 1006 1588 1050 licuisset,
1626 1006 1814 1042 flexissem
1847 1006 2004 1042 forsitan
2046 1005 2268 1052 affectione,
2302 1018 2417 1054 quem

383 1053 639 1098 Clam-Valle>
659 1060 834 1102 5ΡῙΓῙΠΠΠ
856 1058 1163 1100 compuncuoms
1184 1057 1221 1085 et
1239 1061 1338 1084 ⁰0¹¹*
1356 1062 1384 1096 Β
1404 1067 1551 1103 ratione
1568 1078 1647 1101 non
1669 1078 1825 1115 possum
1850 1080 1858 1102 :
1888 1073 2099 1114 pectusque
2117 1064 2212 1101 illud
2230 1065 2394 1102 ferreum
2407 1094 2416 1111 ,

383 1114 466 1150 silii.

389 1246 421 1281 1.
449 1244 577 1281 Primo
599 1243 693 1280 scire
718 1250 753 1278 te
771 1242 884 1288 volo,
906 1241 1090 1278 domnum
1116 1240 1341 1277 Cistercien-

335 1318 412 1342 sem
435 1333 444 1350 ,
481 1303 644 1340 necdum
682 1302 837 1351 quando
872 1310 959 1338 tuus
994 1301 1152 1337 nuntius
1189 1301 1236 1337 ad
1270 1313 1340 1337 nos

334 1365 452 1410 venit,
469 1363 515 1400 de
526 1363 718 1409 Flandria,
733 1376 810 1412 quo
827 1363 943 1412 paulo
960 1370 1047 1398 ante
1058 1374 1127 1410 per
1141 1374 1209 1397 nos
1222 1369 1341 1397 trans-

334 1425 448 1470 ierat,
472 1436 680 1468 remeasse3
713 1431 750 1458 et
776 1421 825 1458 ob
851 1422 924 1458 hoc
954 1435 1024 1458 nec
1060 1421 1204 1457 litteras
1237 1433 1341 1456 acce-

336 1484 435 1534 pisse
448 1512 458 1530 ,
479 1496 573 1532 quas
593 1483 627 1519 ei
643 1481 788 1531 jussisti
805 1481 1027 1532 praesentari
1041 1510 1050 1527 ,
1072 1489 1109 1517 et
1125 1480 1247 1517 adhuc
1263 1493 1342 1517 esse

335 1551 448 1580 tantae
469 1556 489 1579 a
513 1551 548 1579 te
567 1551 809 1592 praesumptae
831 1541 1010 1578 novitatis
1033 1541 1219 1590 ignarum.
1239 1540 1345 1577 Felix

333 1603 506 1649 interim,
529 1602 590 1639 cui
607 1610 682 1638 tam
699 1602 822 1639 tristes
842 1614 1035 1647 rumores,
1056 1601 1116 1637 vel
1131 1600 1177 1637 ad
1195 1609 1343 1650 tenipus

331 1664 442 1700 liceat
475 1663 661 1712 ignorare.
698 1662 844 1700 Deinde
881 1662 985 1711 quod
1024 1661 1070 1697 de
1105 1660 1158 1698 tui
1176 1690 1185 1706 ,
1207 1660 1342 1710 despe-

333 1722 454 1760 rando
491 1736 586 1769 nos,
616 1723 862 1759 revocatione
895 1722 1114 1768 interdicis,
1157 1735 1205 1757 ne
1237 1720 1342 1770 quod

333 1783 439 1833 quasi
456 1783 681 1819 inconcusse
698 1783 801 1833 apud
824 1791 858 1819 te
878 1784 996 1819 lixum
1012 1791 1089 1829 est,
1117 1782 1256 1818 frustra
1275 1780 1343 1817 tibi

1406 1125 1511 1175 quod
1528 1139 1597 1163 nec
1617 1125 1756 1163 Christi
1778 1125 1915 1161 timore
1935 1125 1973 1161 in
1990 1125 2060 1161 hac
2081 1137 2121 1161 re
2139 1123 2324 1162 duntaxat
2357 1139 2420 1162 ce·

1408 1185 1497 1222 dere
1513 1185 1737 1235 acquiescit,
1760 1184 1927 1220 fraterna
1943 1184 2040 1220 forte
2056 1184 2177 1233 pietas
2195 1184 2415 1222 emollisset.

1408 1246 1481 1284 Sed
1501 1246 1593 1282 heu!
1614 1255 1651 1282 et
1669 1246 1767 1282 hanc
1787 1244 1900 1281 nobis
1921 1244 2070 1294 copiam
2091 1242 2328 1281 subtraxisti.

1463 1307 1497 1343 2.
1517 1309 1548 1344 Ο
1569 1319 1706 1355 magna
1727 1305 1848 1342 nostri
1870 1305 2025 1342 Ordinis
2051 1305 2247 1341 columna!
2268 1305 2421 1342 Patien-

1409 1375 1478 1413 ter‚
1499 1379 1642 1415 quaeso,
1658 1365 1745 1402 audi
1767 1365 1929 1402 amicum
1947 1365 2007 1401 vel
2026 1363 2242 1412 absentem,
2261 1373 2335 1401 tuae
2351 1378 2420 1415 pe—

1409 1427 1510 1462 nitus
1531 1425 1768 1462 discessionis
1798 1425 2080 1475 impatientem,
2109 1433 2176 1461 tuo
2201 1424 2421 1462 medullitus

1410 1495 1448 1523 et
1483 1485 1624 1531 labori,
1660 1495 1697 1522 et
1734 1486 1907 1536 periculo
1942 1485 2253 1534 compatientem.
2276 1488 2308 1523 Ο
2329 1514 2338 1532 ,
2360 1485 2422 1521 111-

1411 1560 1548 1596 quam,
1582 1559 1718 1595 magna
1756 1545 1877 1582 nostri
1908 1544 2062 1582 Ordinis
2091 1545 2297 1582 columna!
2338 1558 2416 1581 non

1414 1607 1550 1643 metuis
1578 1614 1612 1643 te
1642 1614 1778 1643 ruente
1799 1618 1975 1655 magnam
2010 1618 2098 1642 mox
2134 1606 2270 1655 procul
2299 1605 2420 1642 dubio

1409 1667 1558 1703 ruinam
1579 1668 1818 1702 secuturam?
1842 1671 1892 1703 At
1911 1678 2002 1714 ego,
2024 1665 2195 1714 inquies,
2216 1678 2295 1702 non
2318 1679 2388 1702 ruo
2411 1681 2419 1702 :

1408 1727 1486 1763 scio
1522 1726 1627 1776 quod
1660 1726 1782 1773 facio3
1810 1725 1953 1762 bonam
1979 1725 2251 1762 conscientiam
2281 1724 2417 1762 habeo.

1409 1790 1501 1823 Esto
1537 1800 1545 1822 ε
1580 1786 1770 1823 credimus
1803 1785 1872 1822 tibi
1893 1785 1939 1822 de
1960 1793 2009 1821 te.
2044 1784 2117 1822 Sed
2151 1784 2339 1834 numquid
2372 1785 2419 1822 de

333 1844 477 1879 litteras
505 1842 703 1892 dirigendo
737 1843 955 1880 dissuadere
991 1855 1178 1879 conarer:
1209 1842 1245 1878 in
1268 1842 1340 1878 1100
1359 1845 1386 1880 C
1407 1847 1539 1893 nobis,
1560 1847 1625 1897 qui
1652 1846 1732 1896 jam
1763 1854 1801 1883 et
1832 1846 1958 1896 gravia
1988 1854 2055 1882 tuo
2086 1858 2132 1881 ex
2154 1845 2321 1882 discessu
2351 1858 2419 1895 ge-

336 1902 404 1939 tibi
435 1902 592 1939 obedire
619 1903 776 1939 fortasse
807 1902 960 1952 quidem
982 1916 1053 1952 pro
1083 1902 1229 1939 ratione
1262 1915 1340 1939 non

335 1962 476 2009 debui;
500 1975 632 1998 revera
668 1971 795 1999 autem
818 1975 897 2012 prae
919 1962 1075 2009 dolore,
1100 1963 1239 2008 fateor,
1262 1975 1342 1998 non

334 2022 446 2072 potui
470 2036 477 2058 ε
499 2035 584 2057 011111
607 2022 676 2057 0151
699 2035 771 2071 pro
801 2030 906 2058 certo
927 2022 1061 2058 scirem
1078 2050 1087 2067 ‚
1120 2021 1186 2057 ubi
1213 2030 1247 2057 te
1270 2034 1343 2070 op-

335 2090 503 2133 portune
541 2081 771 2118 invenissem
794 2110 803 2127 ,
840 2081 920 2131 ipse
955 2081 1084 2130 potius
1127 2081 1316 2117 venissem
1333 2109 1343 2126 ,

335 2155 449 2191 quam
470 2141 536 2177 has
556 2141 738 2177 misissem
755 2169 764 2185 ,
786 2140 989 2178 effecturus
1011 2141 1169 2178 fortasse
1189 2155 1258 2190 per
1284 2154 1344 2177 nie

335 2201 482 2250 ipsum,
507 2200 611 2249 quod
628 2200 740 2236 nullis
754 2200 889 2236 litteris
906 2213 1075 2250 possum.
1098 2200 1214 2237 Rides
1235 2201 1346 2237 forsi-

337 2268 399 2296 tan
416 2273 538 2296 meam
556 2258 778 2308 hujusmodi
796 2269 974 2309 tanquam
993 2273 1136 2297 cassam
1154 2260 1344 2307 fiduciam,

335 2328 471 2370 utpote
494 2320 661 2369 propriae
681 2320 900 2369 pertinaciae
922 2320 1095 2357 conscius
1124 2335 1132 2357 :
1163 2320 1209 2357 ad
1232 2333 1346 2370 quam

335 2380 470 2429 utique
487 2379 733 2427 flectendam,
750 2381 891 2417 nullam
907 2381 1004 2427 vini,
1021 2381 1163 2417 nullam
1181 2394 1346 2432 precem,

335 2440 478 2477 nullam
495 2453 624 2489 speras
639 2441 845 2489 praevalere
859 2440 1093 2477 industriam.
1111 2444 1158 2476 At
1170 2454 1263 2477 vero
1278 2453 1348 2490 ego

337 2498 383 2535 de
400 2499 498 2535 illius
513 2499 684 2548 potentia
701 2511 779 2534 11011
795 2498 971 2535 diffidens
990 2500 1055 2548 qui
1075 2499 1184 2546 dixit,
1209 2503 1348 2536 Omnia

335 2568 422 2594 sunt
446 2557 644 2607 possibilia
677 2560 841 2594 credenti
860 2564 869 2579 ¹
890 2574 899 2603 3
923 2559 1084 2596 tidenter
1102 2572 1292 2609 usurpans
1312 2567 1350 2595 et

1408 1916 1554 1943 mentes
1586 1907 1817 1943 sustinemus
1851 1905 2052 1951 scandala,
2082 1913 2121 1942 et
2151 1905 2327 1955 graviora
2353 1919 2421 1956 pa-

1409 1975 1541 2003 ventes
1564 1974 1829 2015 exspectamus
1849 1965 2041 2015 pericula?
2067 1969 2127 2002 An
2149 1973 2186 2001 et
2208 1974 2248 2002 tu
2266 1979 2420 2015 quoque

1410 2039 1489 2063 non
1515 2026 1669 2075 ignoras
1689 2026 1780 2071 ista,
1813 2024 1879 2062 sed
1904 2024 2141 2062 dissimulas?
2165 2028 2249 2073 Qua
2271 2025 2419 2062 ratione

1410 2099 1501 2135 ergo
1522 2086 1731 2122 multorum
1761 2084 1935 2121 faciendo
1958 2084 2109 2121 ruinam
2122 2114 2132 2131 ,
2153 2093 2190 2121 te
2209 2098 2322 2122 ruere
2342 2098 2421 2122 non

1410 2146 1609 2194 praesumis
1631 2159 1638 2181 :
1663 2145 1729 2194 qui
1744 2145 1784 2181 in
1804 2144 1878 2181 1100
1896 2144 2074 2181 videlicet
2092 2145 2240 2194 positus
2256 2158 2339 2182 eras
2351 2174 2360 2191 ,
2379 2153 2422 2181 ut

1412 2218 1489 2241 non
1509 2204 1614 2254 quod
1642 2204 1711 2241 tibi
1731 2213 1788 2241 est
1812 2204 1905 2241 utile
1919 2233 1928 2250 ‚
1963 2205 2029 2241 sed
2050 2205 2168 2254 magis
2191 2204 2296 2255 quod
2317 2205 2420 2250 aliis3

1415 2279 1484 2302 nec
1513 2279 1598 2315 quae
1616 2273 1699 2312 tua,
1721 2264 1786 2301 sed
1808 2277 1893 2314 quae
1910 2267 1999 2301 Jesu
2023 2265 2162 2302 Christi
2181 2272 2290 2310 sunt,
2315 2278 2423 2314 quae-

1413 2339 1497 2362 rere
1515 2325 1676 2362 debeas?
1697 2324 1902 2373 Quomodo
1915 2353 1925 2370 ,
1947 2325 2122 2373 inquam,
2144 2337 2299 2361 securus
2316 2324 2396 2361 abis
2410 2353 2420 2369 ‚

1414 2385 1480 2435 qui
1507 2385 1610 2434 gregi
1631 2383 1700 2420 tibi
1717 2384 1920 2420 commisso
1938 2397 2092 2420 omnem
2118 2383 2165 2420 de
2181 2397 2220 2420 se
2238 2384 2422 2421 securita-

1415 2454 1492 2482 tem
1520 2445 1559 2481 in
1580 2453 1810 2494 perpetuum
1831 2444 1985 2481 aufers?
2018 2445 2111 2492 Quis
2131 2452 2307 2481 occurret
2323 2444 2423 2494 lupis

1414 2504 1721 2542 incursantibus?
1749 2504 1834 2554 quis
1862 2503 2123 2541 consolabitur
2140 2504 2178 2541 in
2207 2503 2424 2541 tribulatio-

1416 2565 1551 2602 nibus?
1575 2566 1659 2614 quis
1691 2563 1910 2615 providebit
1940 2564 1979 2600 in
2012 2564 2314 2602 tentationibus?
2338 2566 2424 2615 quis

338 2618 429 2654 mihi
462 2618 565 2654 illan]
599 2618 850 2663 senientiam,
893 2619 1033 2654 Omnitz
1064 2632 1216 2667 POSSIHII
1246 2623 1284 2654 in
1305 2625 1580 2674 eODdessquC
1618 2625 1720 2661 leoni
1754 2624 1902 2660 resistet
1935 2624 2124 2673 rugienti,
2159 2633 2196 2661 et
2237 2626 2424 2674 quaerenti

339 2681 405 2725 (sni
426 2691 485 2713 me
519 2677 731 2725 conforeat²
751 2692 758 2714 :
781 2678 954 2727 quamvis
990 2678 1028 2714 in
1067 2690 1203 2726 magna
1238 2686 1346 2727 parte

339 2736 478 2786 lapidei
515 2736 641 2773 cordis
678 2736 732 2773 tui
763 2736 1057 2773 obstinationem
1088 2745 1126 2773 et
1156 2737 1236 2786 ipse
1268 2749 1345 2773 non

337 2796 530 2844 ignorem,
567 2796 711 2831 utinam
733 2809 836 2832 nunc
858 2804 1002 2842 tamen,
1035 2796 1114 2832 sive
1134 2796 1345 2843 fructuose,

337 2857 416 2892 sive
436 2855 575 2891 frustra
588 2883 597 2901 ,
620 2863 686 2891 tuo
706 2856 813 2892 lateri
833 2855 1079 2892 adhaerereni.
1098 2859 1247 2903 Quanta
1261 2869 1346 2906 quae

338 2928 398 2952 nie
419 2922 576 2950 movent
592 2914 793 2951 adversum
814 2923 867 2961 te,
891 2915 1028 2952 frustra
1046 2916 1173 2952 nescio
1196 2929 1241 2952 an
1263 2917 1348 2952 fru—

339 2984 490 3019 ctuose,
507 2973 674 3023 jacerem
692 2974 759 3010 tibi
783 2975 821 3010 in
841 2975 996 3021 faciem3
1020 2988 1096 3012 non
1119 2976 1242 3012 solum
1263 2989 1348 3012 ver-

339 3035 417 3079 bis,
452 3033 517 3069 sed
544 3041 582 3069 et
616 3034 722 3070 vultu
753 3042 790 3070 et
812 3034 943 3071 oculis.
971 3035 1060 3072 Tuis
1092 3035 1228 3072 deinde
1257 3049 1349 3085 pro-

338 3094 493 3130 volutus
518 3093 705 3142 vestigiis,
734 3102 902 3131 tenerem
927 3095 1044 3144 pedes
1065 3110 1073 3141 ;
1098 3096 1349 3145 amplecterer

338 3166 473 3203 genua,
494 3160 672 3202 totusque
687 3168 707 3190 a
725 3154 824 3191 collo
839 3155 1024 3204 pendens,
1044 3155 1136 3191 illud
1159 3156 1249 3192 mihi
1269 3156 1350 3193 dul-

338 3212 530 3249 cissimum
549 3221 664 3262 caput
679 3212 932 3259 deoscularer,
953 3214 1057 3264 quod
1079 3214 1148 3251 sub
1172 3229 1247 3252 uno
1270 3229 1350 3252 1110-

391 3337 400 3352 ¹
417 3334 518 3363 Marc.
537 3343 590 3369 ix,
608 3336 661 3363 22.
680 3352 722 3356 —
743 3339 755 3355 ²
774 3333 910 3376 Philipp.
931 3345 962 3364 xv
975 3359 982 3372 ,
1012 3337 1060 3367 13.

1414 2698 1527 2735 quem
1550 2685 1738 2721 devoret?
1762 2684 1952 2722 Patebunt
1981 2685 2062 2721 sine
2090 2683 2211 2721 dubio
2233 2684 2423 2722 morsibus

1414 2745 1702 2794 malignantium
1725 2774 1735 2791 ,
1772 2746 1836 2795 qui
1869 2745 2057 2782 devorant
2095 2743 2248 2794 plebem
2285 2745 2424 2783 Christi

1414 2807 1509 2842 sicut
1542 2818 1664 2842 escam
1692 2806 1812 2855 panis.
1841 2807 1944 2842 Heu!
1972 2805 2064 2854 quid
2095 2804 2233 2841 sacient
2262 2805 2424 2842 novellae

1413 2865 1668 2915 plantationes
1688 2865 1851 2911 Christi,
1875 2878 1960 2914 quae
1981 2878 2050 2915 per
2069 2878 2205 2902 manus
2223 2873 2305 2902 tuas
2326 2878 2424 2901 con—

1415 2925 1494 2961 sitae
1512 2924 1663 2960 fuerant
1683 2924 1840 2961 diversis
1861 2925 1899 2961 in
1918 2925 2030 2970 locis,
2053 2932 2091 2961 et
2112 2923 2206 2961 locis
2221 2923 2393 2961 horroris
2411 2952 2421 2970 ‚

1415 2992 1452 3020 et
1487 2991 1602 3019 vastae
1629 2983 1868 3021 solitudinis?
1893 2984 1986 3032 Quis
2017 2983 2309 3020 circumfodiet?
2339 2983 2425 3033 quis

1414 3042 1667 3092 impinguabit
1703 3044 1826 3079 tinio?
1867 3044 1952 3093 quis
1981 3056 2110 3093 sepem
2141 3042 2425 3080 circumdabit?

1415 3102 1499 3151 quis
1514 3111 1792 3139 succrescentes
1810 3103 1993 3140 sollicitus
2017 3103 2089 3139 erit
2109 3102 2324 3140 rescindere
2343 3115 2425 3140 sur-

1416 3162 1550 3198 culos?
1568 3166 1642 3199 Aut
1675 3163 1790 3199 flante
1815 3163 1988 3213 profecto
2014 3163 2267 3200 tentationum
2283 3171 2421 3209 vento,

1418 3222 1631 3257 teneri-imre
1665 3223 1811 3268 adhuc,
1842 3223 1934 3260 heu!
1968 3223 2076 3260 facile
2095 3222 2422 3260 eradicabuntur:

1383 3342 1394 3356 '²
1416 3341 1536 3383 Scripta
1553 3341 1632 3373 circ-'1
1651 3352 1767 3373 annum
1789 3345 1887 3374 1127.
