2517 3936
103 214 198 251 1265

700 218 1022 256 EXHORTATIO
1053 221 1122 256 AD
1154 223 1348 259 MILITES
1378 226 1569 263 TEMPLI.

2070 238 2165 276 1266

97 296 255 328 minus¹.
280 290 506 328 Vestimenti
533 290 777 340 fragrantiam
803 295 941 342 sensit,
961 296 1378 346 scdvc-³³⁰peccatmis
1415 316 1488 338 mm
1527 314 1669 340 moveat
1698 309 1795 344 mess.
1828 309 1942 358 Cujus
1969 321 2005 348 et
2034 317 2167 363 praeci-

97 351 174 388 stiti
196 350 439 401 praesentiam
467 363 546 386 non
577 353 733 400 agnovit
754 368 761 389 ε
786 355 945 404 soloque
968 356 1106 402 vestis,
1127 360 1154 391 A
1176 357 1312 406 pitium
1340 372 1377 395 sc
1404 361 1564 397 omnino
1594 364 1879 411 perhorrescere
1905 371 2061 418 fatetur,
2084 388 2167 410 eum

97 420 275 461 tanquam
312 410 417 446 floris
446 409 592 456 odore,
625 412 835 450 forinsecus
872 415 1104 463 delectatus,

95 471 203 521 quasi
229 471 374 507 fructus
395 469 587 506 interioris
610 470 851 509 dulcedinem
876 487 953 510 non
973 484 1103 524 gusta—

96 531 172 577 vit,
190 530 280 568 dum
297 538 335 567 et
351 530 462 567 electi
481 530 547 566 filii
568 531 678 567 simul
700 540 737 568 et
757 535 982 571 sacramenti
1003 536 1105 573 frau-

96 591 207 629 datus
235 591 455 641 cognitione
484 591 676 627 remansit.
708 594 793 639 Quo
825 602 970 642 spectat
995 594 1103 632 hoc?

94 653 372 690 Vestimentum
403 651 579 702 profecto
605 651 786 702 spiritus,
820 653 947 691 littera
980 663 1037 692 est
1067 664 1104 692 et

97 725 187 750 caro
213 711 342 751 Verbi.
375 711 447 749 Sed
479 725 527 748 ne
561 725 665 749 nunc
696 712 851 762 quidem
883 713 1038 751 Judaeus
1066 716 1104 752 in

96 787 210 811 carne
236 772 428 820 Verbum,
449 773 488 809 in
518 772 675 809 homine
706 773 776 810 scit
808 773 1010 822 deitate1n;
1035 789 1105 818 nec

93 833 164 871 sub
189 833 353 884 tegmine
375 833 509 870 litterae
539 846 692 870 sensum
724 833 899 883 pervidet
925 834 1106 884 spiritua-

72 895 75 898 ’
93 895 169 932 lem
192 909 200 931 :
224 895 392 944 forisque
416 894 578 944 palpans
600 893 698 931 haedi
715 894 854 944 pellem
871 924 880 941 ‚
898 908 982 945 quae
1004 896 1104 932 simi—

91 954 291 992 litudinem
335 953 514 1003 majoris,
549 954 623 991 hoc
655 962 711 992 est
739 955 855 1005 primi
888 964 925 993 et
955 956 1103 1005 antiqui

91 1015 322 1065 peccatoris,
341 1023 603 1066 expresserat,
629 1015 676 1052 ad
698 1015 839 1052 nudam
862 1029 940 1052 non
964 1030 1103 1066 perve-

1172 416 1210 452 in
1241 417 1314 453 alio
1348 419 1493 467 psalmo
1532 420 1582 456 ita
1618 422 1806 471 loquitur,
1839 440 1949 464 orans
1979 445 1985 465 :
2023 434 2171 480 (Jmtszge

1172 481 1303 513 timore
1330 488 1389 513 luo
1411 494 1538 515 carnes
1568 495 1683 527 meas,
1714 498 1737 518 a
1771 488 1929 529 judiciis
1964 496 2060 526 cuim
2100 499 2170 528 tuis

1172 541 1279 571 titmci
1299 536 1325 573 ⁵.
1359 538 1557 588 Superbus
1577 540 1614 575 in
1643 540 1738 578 lianc
1772 544 1906 580 vallem
1938 549 2099 594 corruit,
2134 560 2170 586 ct

1171 606 1445 645 conquassatur
1462 613 1468 635 :
1489 598 1639 635 humilis
1653 600 1863 648 descendit,
1888 613 1923 640 et
1941 606 2091 643 minime
2108 622 2169 657 pe-

1171 657 1366 694 riclitatur.
1402 658 1594 708 Superbus
1622 670 1775 697 excusat
1803 672 1996 711 peceatum
2025 679 2132 703 suum
2161 683 2168 704 :

1172 715 1323 753 humilis
1352 727 1524 765 accusat,
1549 720 1669 756 sciens
1695 722 1783 770 quia
1808 725 1909 759 Deus
1930 736 2006 760 non
2033 724 2088 761 bis
2106 725 2170 774 ju-

1172 775 1272 812 dicat
1292 777 1329 814 in
1355 777 1541 828 idipsum3
1567 788 1602 815 et
1625 780 1729 829 quod
1750 782 1777 817 si
1801 783 2051 834 nosmetipsos
2064 784 2169 834 judi-

1172 836 1406 883 caverimus,
1427 851 1504 874 non
1525 839 1655 888 utique
1672 839 1930 888 judicabimur
1943 840 1970 879 ⁶.

1229 896 1285 932 15.
1303 900 1421 933 Porro
1439 897 1626 947 superbus
1641 913 1717 935 non
1734 901 1933 939 attendens
1953 916 2064 952 quam
2086 905 2171 941 lior-

1170 955 1331 992 rendum
1358 957 1404 993 sit
1422 958 1588 994 incidere
1607 959 1643 995 in
1666 973 1798 997 manus
1815 962 1883 998 Dei
1906 963 2084 1010 viventis,
2113 966 2167 1001 fa—

1169 1017 1238 1053 cile
1263 1018 1484 1067 prorumpit
1504 1019 1540 1054 in
1566 1018 1682 1060 verba
1702 1022 1852 1058 malitiae
1873 1022 1918 1059 ad
1940 1024 2171 1062 excusandas

91 1076 149 1112 nit
175 1076 388 1113 veritatem.
417 1079 503 1113 Non
526 1089 614 1113 sane
636 1077 673 1113 in
701 1090 815 1114 carne
841 1077 987 1127 peccati
1007 1106 1016 1124 ,
1038 1077 1103 1114 sed
1122 1081 1149 1115 B
1170 1079 1431 1115 excusationes
1450 1080 1488 1115 in
1509 1082 1685 1130 peccatis.
1708 1085 1841 1131 Magna
1862 1098 1992 1121 revera
2010 1086 2169 1133 malitia,

89 1135 130 1173 in
147 1136 395 1173 similitudine
409 1136 533 1174 carnis
546 1137 691 1187 peccati
702 1166 711 1184 ,
727 1137 793 1187 qui
809 1146 1009 1187 peccatum
1024 1151 1101 1175 non

90 1197 232 1244 facere,
254 1197 320 1235 sed
339 1197 472 1234 tollere
489 1197 689 1245 veniebat,
711 1199 914 1249 apparuit,
938 1212 982 1235 ea
1000 1199 1102 1236 scili-—

90 1266 150 1296 cet
172 1258 218 1295 de
243 1271 373 1305 causa,
387 1272 503 1308 quam
524 1258 605 1309 ipse
630 1272 709 1295 non
733 1259 869 1305 tacuit,
889 1268 929 1295 at
945 1264 1010 1308 qui
1027 1274 1102 1296 non

89 1320 224 1355 vident
241 1320 418 1364 videant,
441 1328 478 1354 et
501 1323 563 1368 qui
589 1321 720 1355 vident
745 1323 838 1355 coeci
853 1320 958 1367 fiant
971 1326 995 1356 ².
1020 1323 1101 1357 Hac

89 1391 180 1428 ergo
218 1378 465 1416 similitudine
503 1378 686 1429 deceptus
722 1379 914 1430 Propheta
933 1409 942 1427 ,
979 1393 1101 1417 caecus

88 1438 304 1489 hodieque,
325 1452 439 1489 quem
469 1439 589 1476 nescit
619 1439 837 1486 benedicit,
864 1440 956 1477 dum
985 1454 1100 1490 quem

88 1500 230 1537 lectitat
257 1501 296 1537 in
327 1500 456 1547 libris,
480 1500 633 1550 ignorat
663 1510 700 1538 et
732 1501 771 1537 in
804 1501 999 1539 miraculis
1027 1516 1034 1538 :
1064 1510 1101 1538 et

88 1572 203 1609 quem
226 1560 394 1610 propriis
413 1567 588 1597 attrectat
609 1559 809 1607 manibus,
832 1559 984 1610 ligando
1000 1589 1009 1606 ,
1031 1560 1101 1597 fla-

87 1620 264 1670 gellando
284 1650 295 1668 ,
330 1620 607 1671 colaphizando
630 1649 639 1666 ,
676 1621 832 1658 minime
871 1630 998 1658 tamen
1039 1622 1099 1658 vel

87 1690 350 1732 resurgentem
379 1682 594 1732 intelligita.
616 1683 653 1719 Si
682 1683 784 1720 enim
806 1683 1100 1733 cognovissent,

87 1755 285 1792 nunquam
302 1743 513 1780 Dominum
535 1743 665 1793 gloriae
681 1744 958 1781 crucifixissent
971 1742 997 1780 3.
1014 1747 1101 1780 Per-

87 1816 286 1840 curramus
323 1803 518 1841 succincto
560 1817 738 1841 sermone
772 1813 812 1841 et
841 1812 980 1842 caetera
1018 1804 1102 1840 loca

1170 1139 1223 1175 tui
1255 1148 1288 1175 te
1317 1153 1394 1176 non
1425 1141 1615 1187 misereri,
1638 1151 1674 1178 et
1702 1144 1823 1180 solum
1855 1153 1940 1193 post
1971 1155 2167 1194 peccatum

1169 1199 1380 1237 remedium
1420 1202 1666 1239 confessionis
1707 1218 1727 1240 a
1764 1213 1798 1240 tc
1841 1205 1923 1255 ipso
1960 1207 2141 1256 repellere
2157 1236 2165 1252 ‚

1169 1259 1372 1309 ignemque
1399 1260 1437 1297 in
1468 1262 1552 1298 sinu
1579 1270 1644 1299 tuo
1672 1263 1868 1300 involvere
1892 1266 2034 1314 potius,
2054 1280 2165 1315 quani

1170 1329 1348 1357 excutere
1364 1349 1373 1366 ,
1394 1334 1463 1357 nec
1484 1320 1656 1372 praebere
1677 1336 1806 1359 aurem
1829 1325 1985 1361 consilio
2008 1327 2167 1375 Sapien—

1169 1380 1215 1416 tis
1236 1380 1300 1430 qui
1317 1381 1367 1417 ait
1384 1395 1391 1417 :
1412 1382 1592 1417 ssliserere
1612 1387 1750 1418 αηίηια2
1777 1392 1849 1418 tuce
1867 1387 2021 1431 placens
2043 1388 2121 1420 Deo
2140 1393 2166 1421 7.

1168 1440 1335 1477 Proinde
1358 1441 1424 1490 qui
1442 1440 1513 1478 sibi
1534 1455 1714 1492 nequam,
1735 1443 1794 1479 cui
1810 1442 1959 1480 bonus?
1976 1447 2084 1481 Nunc
2101 1444 2168 1493 ju-

1168 1501 1308 1539 dicium
1333 1511 1388 1539 est
1411 1503 1544 1539 mundi
1558 1533 1567 1549 ,
1587 1517 1688 1540 nunc
1709 1505 1888 1555 princeps
1908 1504 2019 1554 hujus
2039 1506 2170 1542 mundi

1168 1561 1340 1611 ejicietur
1370 1563 1469 1599 foras
1488 1562 1526 1610 8,
1553 1564 1626 1600 hoc
1658 1573 1713 1601 est
1739 1564 1784 1601 (le
1812 1565 1925 1601 corde
1958 1573 2046 1610 tuo,
2074 1566 2104 1603 si
2135 1575 2169 1602 te

1167 1631 1290 1660 tamen
1313 1623 1550 1660 humiliando
1572 1624 1652 1674 ipse
1670 1623 1867 1673 dijudicas.
1887 1625 1966 1661 Erit
1980 1624 2168 1674 judicium

1167 1683 1272 1728 coeli,
1306 1682 1460 1732 quando
1493 1683 1618 1733 ipsum
1650 1683 1849 1720 vocabitur
1881 1685 2017 1721 coelum
2038 1684 2170 1721 (lesur-

1168 1756 1250 1780 sum
1265 1771 1274 1788 ,
1298 1752 1335 1780 et
1366 1752 1464 1780 terra
1486 1743 1701 1780 discernere
1721 1745 1910 1794 populum
1935 1758 2044 1781 suum
2060 1752 2074 1775 9
2099 1761 2107 1783 :
2128 1745 2167 1782 in

1168 1818 1248 1855 quo
1269 1818 1360 1841 sane
1379 1804 1608 1851 timendum,
1627 1818 1673 1842 ne
1690 1805 1904 1855 projiciaris
1925 1814 1964 1842 tu
1986 1820 2070 1842 cum
2087 1807 2169 1857 ipso

86 1871 217 1900 sancta
240 1893 250 1910 ,
286 1872 325 1901 et
363 1864 395 1901 si
428 1877 507 1901 non
548 1865 678 1901 omnia
700 1893 709 1910 ,
752 1865 884 1902 saltem
928 1865 1056 1915 aliqua
1089 1880 1097 1902 :
1121 1866 1148 1902 C
1168 1873 1205 1901 ct
1222 1866 1366 1915 angelis
1387 1864 1490 1914 ejus,
1510 1865 1539 1901 si
1561 1873 1684 1901 tamen
1702 1865 1881 1902 inventus
1901 1866 2014 1903 fueris
2032 1866 2172 1915 injudi-

85 1925 267 1974 quoniam
290 1939 376 1976 quae
392 1925 572 1962 admirari
590 1939 660 1976 per
680 1926 830 1977 singula
855 1940 934 1964 non
955 1927 1099 1964 suffici-

85 1997 195 2030 mus,
226 1984 321 2023 libet
360 1986 420 2023 vel
464 1985 675 2036 insigniora
697 2016 707 2032 ,
741 1996 778 2024 et
814 1987 897 2038 ipsa
928 1986 1100 2024 breviter

85 2045 290 2083 recordari.

427 2166 606 2206 CAPUT
636 2167 754 2206 VIII.

271 2292 319 2321 De
335 2296 443 2322 monte
460 2290 576 2323 Oliveti
593 2297 623 2322 et
636 2291 716 2322 valle
733 2290 899 2334 Josaphat.

138 2403 198 2442 14.
226 2404 458 2442 Ascenditur
483 2405 523 2442 in
546 2414 717 2443 montem
740 2400 879 2443 Oliveti
894 2435 904 2453 ‚
926 2405 1090 2443 descen-

79 2462 184 2501 ditur
202 2464 242 2501 in
263 2464 403 2501 vallem
418 2465 603 2516 Josaphat
624 2481 631 2503 ε
654 2474 696 2502 ut
715 2466 767 2502 sic
785 2465 935 2503 divitias
951 2465 1089 2502 divinae

79 2524 349 2562 misericordiae
371 2526 536 2576 cogites,
552 2535 740 2577 quatenus
760 2526 964 2564 horrorem
981 2525 1090 2575 judi-

78 2585 126 2622 cii
153 2599 394 2637 nequaquam
425 2587 660 2634 dissimules3
681 2587 772 2638 quia
796 2588 866 2625 etsi
891 2588 930 2624 in
959 2587 1088 2624 multis

77 2645 386 2684 miserationibus
403 2647 479 2685 suis
497 2649 640 2685 multus
657 2657 714 2686 est
727 2648 774 2686 ad
792 2647 1084 2698 ignoscendum,

72 2704 220 2755 judicia
238 2715 364 2744 tamen
385 2705 468 2756 ejus
485 2707 736 2745 nihilominus
764 2707 923 2758 abyssus
946 2709 1084 2754 multa,

75 2766 214 2817 quibus
233 2767 454 2817 agnoscitur
472 2768 582 2805 valde
597 2769 757 2806 omnino
773 2768 953 2806 terribilis
970 2781 1087 2818 super

75 2828 174 2865 filios
188 2827 401 2865 hominum.
418 2829 543 2865 David
561 2829 727 2879 denique
745 2830 810 2879 qui
824 2838 994 2867 montem
1011 2829 1087 2867 Oli-

74 2889 165 2926 veti·
184 2888 423 2926 demonstrat
437 2919 447 2936 ,
480 2890 610 2928 dicens
623 2919 632 2936 ,
664 2893 845 2927 Homines
865 2895 1084 2937 etjumenta

73 2949 248 2997 salmbzk,
275 2951 455 2996 Domine,
485 2954 798 3001 quemadmodum
829 2954 1088 3000 nmltiplc'castl

74 3014 370 3049 misericordiam
386 3022 504 3060 taam,
522 3015 625 3050 Deus
637 3028 652 3058 ,·
669 3014 781 3050 etiam
795 3013 931 3063 judieii
949 3014 1086 3050 vallem

69 3071 113 3108 -in
142 3071 278 3109 eodem
307 3072 456 3122 psalmo
483 3082 782 3120 commemorat,
815 3073 945 3111 dicens
968 3089 976 3111 :
1001 3075 1088 3109 Non

72 3137 206 3169 veniat
224 3133 340 3179 mihi,
360 3132 558 3183 inquiens,
574 3149 647 3184 pes
673 3134 879 3184 superbiae,
901 3144 937 3170 et
959 3147 1091 3171 manus

1166 1935 1283 1963 catus.
1314 1925 1496 1975 Alioquin
1530 1925 1735 1974 spiritualis
1772 1925 1888 1961 homo
1903 1955 1912 1970 ‚
1946 1927 2010 1975 qui
2045 1928 2171 1963 omnia

1167 1986 1372 2036 dijudicat,
1394 1987 1474 2036 ipse
1489 1999 1510 2022 a
1527 1985 1679 2022 nemine
1696 1984 1932 2034 judicabitur
1949 1993 1990 2022 ¹⁰.
2012 1990 2172 2036 Propter

1163 2047 1236 2083 hoc
1258 2045 1545 2096 ergojudicium
1567 2046 1707 2096 incipit
1730 2060 1750 2083 a
1769 2046 1883 2083 domo
1897 2046 1990 2093 Dei,
2008 2055 2050 2083 ut
2065 2060 2172 2092 suos,

1163 2121 1259 2157 quos
1275 2108 1383 2144 novit
1395 2106 1536 2156 judex,
1559 2120 1643 2143 cum
1666 2107 1813 2144 venerit
1835 2108 2003 2144 inveniat
2018 2106 2167 2156 judica-

1164 2176 1222 2205 tos
1245 2183 1252 2204 :
1275 2167 1407 2217 etjam
1430 2168 1481 2204 nil
1508 2167 1554 2204 de
1576 2168 1629 2204 eis
1649 2167 1783 2204 habeat
1800 2166 1994 2216 judicare,
2011 2167 2165 2216 quando

1162 2228 1341 2266 videlicet
1355 2228 1552 2278 judicandi
1574 2237 1663 2265 sunt
1687 2229 1725 2265 hi
1745 2228 1864 2278 quiin
1893 2226 2021 2264 labore
2044 2227 2164 2263 homi-

1162 2302 1253 2325 num
1274 2302 1351 2325 non
1367 2297 1473 2335 sunt,
1489 2297 1525 2325 et
1542 2302 1626 2325 cum
1643 2287 1861 2325 hominibus
1875 2300 1949 2324 non
1967 2287 2158 2337 flagellan-

1161 2357 1223 2385 tur
1243 2356 1284 2385 ¹¹.

1524 2467 1698 2507 CAPUT
1728 2466 1802 2505 IX.

1553 2594 1599 2621 De
1613 2593 1633 2621 J
1635 2589 1760 2620 ordane.

1212 2708 1270 2743 16.
1302 2710 1422 2754 Quam
1452 2704 1537 2740 laeto
1568 2704 1651 2739 sinu
1675 2701 1851 2739 Jordanis
1881 2700 2019 2750 excipit
2045 2699 2150 2737 Chri*

1154 2768 1321 2812 stianos,
1355 2765 1420 2815 qui
1453 2778 1491 2801 se
1520 2763 1655 2801 Christi
1680 2762 1862 2812 gloriatur
1888 2768 2148 2797 consecratum

1153 2828 1400 2878 baptismate!
1431 2825 1609 2862 Mentitus
1640 2832 1694 2860 est
1725 2823 1835 2872 plane
1862 2825 1977 2871 Syrus
2003 2821 2064 2856 ille
2091 2820 2147 2856 le-

1152 2902 1312 2940 prosus,
1338 2887 1403 2936 qui
1432 2886 1557 2922 nescio
1585 2897 1677 2934 quas
1698 2882 1871 2920 Damasci
1902 2894 2016 2930 aquas
2041 2879 2147 2929 aquis

1152 2948 1321 3000 praetulit
1339 2947 1486 2984 Israelis
1501 2953 1543 2992 ¹2,
1561 2958 1646 2982 cum
1664 2943 1840 2981 Jordanis
1854 2942 1973 2979 nostri
1990 2941 2151 2977 devotus

1154 3014 1235 3048 Deo
1268 3007 1467 3044 famulatus
1502 3005 1609 3041 toties
1639 3003 1822 3054 probatus
1845 3001 2050 3047 exstiterit,
2072 3000 2148 3036 sive

1156 3068 1310 3120 quando
1328 3067 1417 3104 Eliae
1431 3095 1439 3111 ,
1459 3066 1536 3102 sive
1552 3064 1706 3114 quando
1726 3064 1862 3100 Elisaeo
1877 3061 1905 3084 ¹3
1917 3092 1926 3109 ,
1945 3062 2021 3098 sive
2037 3060 2149 3096 etiam

1158 3130 1226 3181 (ut
1256 3126 1447 3176 antiquius
1473 3125 1615 3174 aliquid
1641 3123 1833 3173 recolam)
1856 3121 2007 3172 quando
2034 3124 2149 3157 Josue

124 3280 133 3295 ¹
151 3277 232 3307 Gen.
252 3287 368 3315 xxvn,
390 3279 446 3308 27.
462 3294 507 3299 --
524 3283 537 3298 ²
553 3279 722 3315 Joan.1x,
744 3280 799 3308 39.
825 3295 870 3298 —v
894 3275 907 3299 3
926 3279 941 3307 I
955 3277 1029 3308 Cor.
1058 3286 1102 3311 11,
1122 3276 1154 3305 8.
1171 3290 1214 3294 —
1231 3271 1244 3297 4
1262 3270 1343 3303 Psal.
1372 3281 1474 3307 XXXV,
1501 3272 1531 3306 7,
1567 3271 1617 3299 12.
1641 3285 1686 3290 —
1710 3265 1722 3287 ὅ
1751 3266 1830 3296 Psal.
1858 3275 1959 3295 cxv111
1975 3286 1982 3299 ‚
2017 3263 2088 3291 120.
2105 3276 2149 3280 ——

73 3325 89 3348 ⁶
113 3330 214 3361 ICor.
236 3340 286 3367 χῖ,
313 3332 453 3362 31.-7
473 3331 568 3368 Eccli,
591 3343 678 3368 xxx,
702 3333 755 3362 24.
782 3349 826 3353 ——
856 3330 869 3353 S
889 3333 982 3361 Joan.
1012 3339 1079 3364 xu,
1102 3331 1156 3359 31,
1185 3346 1228 3348 -
1250 3331 1265 3354 9
1284 3324 1363 3355 Psal.
1383 3335 1481 3360 xmx,
1504 3325 1535 3353 4.
1560 3341 1605 3344 Ἦ
1631 3328 1660 3342 ¹⁰
1682 3324 1693 3351 1
1712 3323 1782 3352 Cor.
1803 3330 1847 3355 ιι,
1873 3322 1921 3348 15.
1947 3334 1989 3337 -
2019 3320 2044 3335 ¹¹
2065 3312 2143 3343 PSssl·

74 3393 182 3421 Lxxix,
208 3386 237 3414 5.
260 3402 303 3405 —
331 3390 359 3406 '²
381 3387 425 3415 IV
445 3388 521 3426 Reg.
543 3397 572 3415 v.
599 3389 650 3416 12.
671 3403 709 3406 ψ
730 3383 820 3414 ¹31V
842 3388 916 3424 Reg.
937 3394 970 3413 ιι.

1205 3382 1217 3395 ³
1237 3378 1339 3415 Alias,
1364 3376 1412 3407 rc(
1428 3374 1622 3418 resutgctzdo
1640 3372 1796 3415 inlelligit.
