2565 3952
64 271 138 308 ‘233

63 349 219 388 cutienti
246 347 403 384 festinus
435 344 624 390 occurrit,
646 352 682 380 et
714 344 751 380 in
780 357 819 380 se
847 344 974 395 potius
1002 345 1074 382 do-
1094 345 1106 363 ⁷

989 266 1251 302 EPISTOIF.

2088 275 2160 312 2:³5

1112 346 1124 363 ⁸
1146 347 1380 397 psalmorum
1412 347 1724 398 hymnorumque
1752 349 1955 388 dulcedine
1985 353 2161 391 relevan—

62 422 241 459 mumquc
268 407 386 458 patris
419 406 477 443 sui
507 405 675 442 divinam
711 405 906 441 transferri
929 405 1074 456 flagitat
1093 409 1121 441 A
1141 414 1213 444 tur.
1246 407 1376 445 Pudor
1407 408 1453 444 de
1483 409 1687 458 praeteritis
1715 423 1825 446 novae
1859 413 2160 450 conversationis

60 470 244 508 ultionem
256 475 280 505 ¹.

115 532 150 569 3.
170 530 262 579 Quis
285 529 382 565 hanc
407 526 474 564 tibi
496 526 773 578 perfectionem
802 525 1076 576 proponebat?

61 595 140 641 Ego
159 598 262 628 tanta
280 590 401 626 fateor
416 587 548 624 audire
567 587 613 624 de
631 596 686 633 te,
705 587 773 624 etsi
791 587 1074 635 desiderabam,

61 665 140 690 non
161 659 287 688 tamen
311 647 526 700 sperabam.
556 648 648 696 Quis
670 660 810 698 nempe
838 656 872 684 te
901 648 1076 685 crederet

60 713 155 751 saltu
168 740 177 757 ,
197 719 239 748 ut
258 711 311 747 ita
330 709 472 755 dicam,
490 708 693 759 repentino
714 722 864 745 summa
883 722 1074 759 occupare

59 773 261 818 virtutum,
292 769 468 807 sublimia
499 769 726 806 meritorum
757 769 972 819 attingere?
1000 770 1075 808 Sed

59 831 156 870 absit
166 840 207 869 ut
218 845 290 882 pro
306 839 447 868 nostrae
463 830 551 867 fidei
562 829 693 880 speive
708 830 892 880 augustiis
912 830 1073 867 immen-

59 907 98 931 sa
117 893 187 931 Dei
206 893 327 944 pietas
355 892 577 936 aestimetur,
601 891 667 941 qui
684 890 908 941 quodvult,
933 892 969 928 in
995 906 1074 942 quo

58 953 141 991 vult
153 961 350 1005 operatur,
367 952 584 988 accelerans
598 964 696 1001 opus
707 981 716 998 ,
731 959 767 988 et
777 951 945 989 allevans
961 966 1072 990 onus.

59 1013 159 1063 Quid
181 1014 309 1051 enim?
332 1022 397 1050 tua
426 1021 529 1050 certe
544 1042 553 1059 ,
576 1026 653 1049 non
682 1021 720 1050 et
752 1021 907 1050 tuorum
929 1022 1072 1060 errata,

56 1083 276 1113 sanctorum
307 1073 488 1125 carpebat
518 1074 621 1110 zelus
641 1089 648 1110 :
668 1073 761 1119 tuis,
793 1087 873 1110 non
901 1074 1075 1124 ipsorum

1144 474 1333 517 temperat
1363 468 1635 505 austeritatem.
1666 472 1702 506 Is
1734 478 1860 507 autem
1895 472 1962 521 qui
1992 472 2030 508 in
2061 486 2160 523 prae-

1144 529 1240 564 senti
1263 541 1333 579 per
1355 528 1579 579 patientiam
1606 529 1757 580 capitur
1784 529 1896 567 bonae
1918 532 2162 570 conscientiae

1143 587 1288 625 fructus
1302 618 1311 635 ,
1334 590 1552 628 futurorum
1578 604 1735 640 quoque
1754 589 1949 629 bonorum
1979 601 2163 643 operatur

1143 649 1396 696 desiderium,
1420 650 1526 700 quod
1559 664 1638 687 non
1673 651 1938 698 frustrabitur,
1963 661 2000 690 et
2034 667 2161 703 spem,

1142 724 1228 760 quae
1261 724 1340 748 non
1370 711 1583 749 confundit.
1605 713 1766 749 Venturi
1795 713 1911 750 timor
1931 713 2067 764 judicii
2096 715 2162 764 pio

1142 771 1243 808 cedit
1281 772 1459 809 fraternae
1500 772 1694 810 charitatis
1731 773 1913 810 exercitio
1951 789 1959 811 :
2001 774 2162 811 charitas

1141 832 1286 883 quippe
1320 833 1419 870 foras
1450 833 1566 870 mittit
1590 833 1804 872 timorem2.
1826 835 1997 872 Taedium
2019 844 2056 872 et
2078 849 2163 872 ace-

1143 892 1243 930 diam
1264 895 1401 945 procul
1422 894 1529 945 pellit
1550 903 1765 932 sanctarum
1790 896 1956 934 varietas
1977 895 2162 934 observa—

1142 954 1303 992 tionum.
1324 958 1371 992 Et
1390 955 1471 992 haec
1489 956 1696 993 reteximus
1714 956 1762 993 ad
1779 957 1932 994 laudem
1949 966 1986 995 ct
2001 958 2162 1008 gloriam

1141 1016 1232 1062 Dei,
1249 1024 1433 1066 tanquam
1451 1017 1625 1054 omnium
1640 1018 1826 1066 auctoris,
1842 1031 1921 1056 non
1939 1028 2065 1056 tamen
2082 1020 2162 1056 sine

1142 1083 1290 1122 vestra,
1310 1084 1491 1126 tanquam
1514 1076 1632 1127 ipsius
1653 1077 1890 1128 coadjutoris
1906 1079 1945 1116 in
1969 1080 2160 1117 omnibus.

56 1135 273 1174 excessibus
305 1133 612 1172 succensebant:
639 1134 836 1184 solamque
865 1134 903 1170 in
937 1147 1074 1184 perso-
1096 1139 1123 1173 B
1142 1137 1273 1173 Potuit
1301 1136 1457 1186 quidem
1483 1151 1527 1174 ea
1559 1138 1640 1188 ipse
1673 1152 1785 1189 agere
1817 1140 1898 1178 sine
1932 1141 2064 1189 vobis,
2097 1142 2163 1179 sed

56 1210 142 1234 nam
178 1205 302 1243 tuam,
328 1210 407 1233 non
438 1195 552 1232 etiam
580 1195 619 1231 in
641 1194 834 1232 abbatiam
862 1195 1073 1232 fraternum

54 1258 270 1295 susurrium
290 1256 620 1294 immurmurabat.
640 1256 771 1293 Solum
793 1255 959 1306 denique
981 1265 1016 1293 te
1034 1257 1073 1293 in

54 1332 208 1357 causam
246 1326 490 1355 vocaverant.
522 1321 578 1354 Tu
615 1325 651 1353 te
684 1316 916 1366 corrigeres,
946 1325 984 1353 et
1020 1317 1071 1353 nil

55 1379 250 1417 residuum
269 1377 374 1428 quod
395 1385 545 1427 pateret
563 1376 775 1413 calumniae.
798 1379 871 1422 Te,
892 1377 1071 1426 inquam,

56 1448 202 1478 mutato
215 1467 225 1485 ,
248 1452 340 1476 mox
357 1438 481 1475 omnis
500 1437 687 1474 tumultus
701 1436 940 1483 concideret,
961 1437 1074 1487 quie-

55 1508 177 1538 sceret
192 1499 386 1550 strepitus.
405 1499 618 1547 Solumque
638 1510 682 1534 ac
704 1505 827 1533 totum
859 1505 941 1534 erat
967 1497 1074 1547 quod

56 1575 124 1599 nos
145 1559 343 1607 movebat,
359 1568 448 1596 tuus
468 1559 532 1595 ille
552 1558 696 1595 scilicet
711 1556 864 1594 habitus
890 1566 928 1594 et
953 1572 1074 1609 appa-

56 1630 158 1660 ratus
183 1635 270 1658 cum
295 1619 546 1672 procederes,
566 1618 673 1669 quod
692 1618 809 1668 paulo
841 1618 1075 1656 insolentior

55 1682 295 1734 appareret*.
319 1680 496 1731 Denique
527 1680 743 1730 deponeres
772 1679 930 1726 fastum,
961 1678 1074 1716 habi-

54 1753 213 1794 tumque
247 1751 432 1789 mutares,
461 1750 501 1779 et
533 1742 642 1778 facile
671 1740 847 1778 omnium
873 1741 1072 1791 quiescere

55 1811 204 1856 poterat
229 1802 456 1853 indignatio.
476 1802 666 1838 Caeterum
695 1809 734 1837 tu
761 1808 799 1837 et
828 1800 949 1837 fecisti
982 1800 1072 1838 satis

55 1864 314 1912 causantibus,
332 1872 373 1901 et
389 1862 563 1912 adjecisti
584 1862 690 1913 quod
711 1861 851 1899 merito
873 1862 1071 1899 eollaude*

1142 1198 1275 1235 maluit
1303 1212 1372 1235 vos
1404 1212 1568 1249 operum
1597 1199 1738 1238 habere
1765 1211 2005 1249 consortem,
2036 1213 2077 1240 ut
2099 1203 2164 1241 ha-

1142 1257 1251 1294 beret
1273 1267 1311 1295 et
1335 1259 1479 1308 gloriae.
1501 1260 1733 1310 Increpabat
1753 1263 1928 1301 Salvator
1949 1264 2160 1314 quosdam,

1142 1318 1246 1368 quod
1283 1320 1470 1356 orationis
1510 1320 1669 1358 domum
1708 1324 1932 1373 speluncam
1967 1325 2164 1362 latronum

1143 1379 1352 1417 facerent3.
1372 1380 1539 1418 Habebit
1561 1396 1653 1432 ergo
1678 1383 1760 1421 sine
1781 1383 1900 1421 dubio
1917 1386 2164 1423 commenda-

1142 1449 1221 1477 tum
1237 1470 1246 1487 ,
1283 1441 1350 1492 qui
1385 1454 1405 1478 e
1440 1442 1596 1491 regione
1632 1457 1792 1494 operam
1823 1445 1929 1483 dedit
1965 1448 2164 1488 vindicare

1141 1510 1313 1539 sanctum
1337 1516 1359 1539 a
1379 1502 1539 1540 canibus
1553 1532 1562 1549 ,
1583 1518 1603 1541 a
1624 1505 1753 1554 porcis
1771 1508 2036 1559 margaritam3
2055 1513 2164 1563 cujus

1141 1561 1269 1599 studio
1287 1572 1323 1599 et
1342 1562 1531 1600 industria
1552 1565 1711 1602 Vulcani
1728 1566 1881 1604 officina
1901 1569 2036 1608 studiis
2056 1573 2164 1610 vide-

1142 1628 1205 1657 tur
1235 1622 1452 1672 mancipata
1480 1623 1723 1671 coelestibus,
1746 1625 1823 1663 imo
1846 1641 1913 1665 sua
1939 1633 2023 1667 Deo
2053 1631 2166 1670 habi-

1143 1682 1234 1719 tatio
1254 1682 1422 1730 reddita,
1444 1692 1483 1720 et
1504 1683 1541 1720 in
1560 1684 1598 1721 id
1622 1686 1750 1735 potius
1768 1688 1874 1737 quod
1891 1698 1979 1727 ante
2003 1692 2073 1729 fuit
2087 1723 2096 1739 ,
2117 1709 2163 1731 ex

1139 1755 1334 1794 synagoga
1358 1752 1501 1782 satanae
1531 1747 1719 1784 restituta.

1195 1805 1230 1841 5.
1254 1808 1352 1843 Sane
1373 1819 1452 1843 non
1478 1806 1526 1843 ad
1554 1807 1821 1845 confusionem
1849 1809 2063 1862 cujuspiam
2085 1816 2163 1853 sive

1138 1865 1418 1917 improperium
1443 1868 1640 1918 praeterita
1662 1870 1761 1906 mala
1782 1873 2011 1922 reteximus,
2035 1877 2099 1914 sed
2122 1888 2162 1915 ut

55 1939 150 1964 mus,
171 1924 271 1974 Quid
294 1925 396 1962 enim
415 1922 496 1973 jam
516 1923 556 1960 in
578 1923 758 1960 humanis
785 1921 969 1972 operibus
981 1921 1070 1972 jure
1089 1928 1115 1964 C
1136 1940 1185 1964 ex
1199 1929 1489 1978 comparatione
1510 1938 1685 1967 veterum
1701 1959 1710 1977 ,
1736 1933 1918 1971 novitatis
1940 1934 2056 1975 decus
2078 1953 2162 1977 ‹rra--

54 1986 282 2034 laudabitur,
309 1986 339 2023 si
359 1985 434 2022 hoc
455 1997 605 2022 summa
625 1983 879 2021 admiratione
898 1992 936 2020 et
956 1984 1070 2021 laude

55 2047 313 2098 dignissimum
335 2059 415 2083 non
434 2044 621 2083 habetur?
639 2048 868 2095 Quanquam
895 2058 972 2081 non
996 2045 1071 2082 hu—

36 2121 226 2154 .manum,
250 2107 316 2146 sed
347 2107 522 2144 divinum
552 2106 728 2157 profecto
759 2106 806 2143 sit
831 2119 951 2156 opus,
983 2114 1071 2142 tan—

55 2178 179 2207 torum
210 2169 324 2206 simul
351 2176 391 2205 et
422 2176 499 2204 tam
531 2167 735 2217 repentina
764 2166 995 2203 immutatio.
1025 2169 1070 2203 In

55 2229 266 2268 coelestibus
283 2242 465 2279 magnum
484 2228 640 2265 suscitat
653 2226 835 2277 gaudium
854 2226 968 2263 unius
984 2240 1072 2276 pec-

55 2290 190 2327 catoris
214 2289 416 2327 conversio
439 2303 447 2326 :
471 2287 566 2338 quid
588 2288 706 2325 totius
736 2287 1070 2337 congregationis?

55 2351 144 2402 quid
162 2359 200 2388 et
218 2351 351 2389 istius?

101 2412 137 2449 4.
155 2416 281 2450 Locus
298 2412 443 2462 quippe
466 2410 514 2448 ab
535 2410 694 2461 antiquo
715 2408 856 2447 nobilis
869 2437 878 2455 ,
898 2418 937 2447 et
958 2409 1070 2460 regiae

54 2472 242 2524 dignitatis
275 2473 492 2520 exstiterat,
527 2472 659 2523 palatii
695 2472 817 2509 causis
856 2485 1068 2522 regumque

54 2533 278 2571 exercitibus
299 2534 494 2571 deservire
521 2532 681 2571 solebat.
711 2533 800 2570 Sine
822 2534 1067 2571 cunctatione

54 2601 91 2631 et
115 2594 268 2642 fraude,
290 2608 357 2632 sua
389 2594 529 2633 Caesari
559 2593 823 2631 reddebantur
850 2609 858 2630 :
891 2594 956 2631 sed
987 2608 1067 2632 non

54 2653 163 2692 etiam
179 2659 262 2693 Deo
282 2668 368 2705 quae
393 2655 466 2692 Dei
492 2663 599 2701 sunt,
617 2653 942 2704 persolvebantur
960 2669 1068 2706 aeque

2077 1968 2097 1989 0

1138 1989 1222 2026 vius
1243 1991 1521 2041 venustiusque
1540 2001 1725 2042 appareat
1743 2008 1751 2030 :
1771 1995 1861 2044 quia
1883 2005 1974 2035 tunc
1995 2003 2164 2039 recentia

1132 2049 1346 2100 jucundius
1373 2051 1477 2089 bona
1498 2053 1732 2100 clarescunt,
1756 2069 1844 2092 cum
1881 2058 2025 2097 suerint
2052 2063 2160 2100 malis

1139 2120 1361 2161 comparata
1378 2112 1588 2163 prioribus.
1612 2115 1755 2153 Similia
1777 2131 1824 2154 ex
1842 2118 2029 2158 similibus
2051 2123 2162 2161 inno-

1139 2180 1309 2209 tescunt:
1326 2173 1392 2210 sed
1413 2187 1458 2210 ex
1481 2175 1685 2213 contrariis
1707 2179 1900 2216 contraria
1921 2190 1986 2217 aut
2008 2183 2163 2232 placent

1138 2233 1302 2283 amplius
1318 2263 1327 2279 ,
1352 2243 1418 2271 aut
1438 2234 1654 2285 displicent.
1678 2240 1802 2288 Junge
1830 2240 1937 2289 nigra
1965 2244 2160 2292 candidis;

1138 2301 1177 2330 et
1196 2302 1331 2331 mutua
1357 2295 1563 2332 collatione
1587 2296 1625 2333 in
1648 2299 1810 2348 proprio
1839 2314 2003 2352 quaeque
2032 2306 2161 2343 colore

1139 2353 1356 2391 distinctius
1384 2355 1612 2394 enitescunt.
1652 2358 1712 2395 Sic
1745 2360 1844 2397 foeda
1884 2362 2039 2401 admota
2068 2368 2159 2416 pul—

1138 2415 1238 2451 chris
1252 2444 1261 2461 ,
1280 2416 1504 2465 pulchriora
1520 2417 1705 2465 reddunt,
1727 2421 1845 2470 magis
1864 2422 1964 2460 foeda
1987 2425 2158 2463 reddum<

1138 2484 1211 2513 tur.
1238 2479 1293 2513 Ne
1319 2490 1395 2526 qua
1424 2485 1550 2515 tamen
1577 2479 1802 2518 offensionis
1834 2483 1892 2519 vel
1919 2487 2157 2526 confusionis

1136 2535 1319 2587 subrepat
1340 2537 1509 2584 occasio,
1529 2539 1762 2589 replicamus
1783 2550 1821 2578 et
1845 2556 1916 2581 nos
1936 2545 2045 2584 vobis
2059 2549 2156 2586 illud

1135 2597 1313 2647 Apostoli
1339 2613 1347 2634 :
1379 2600 1430 2634 Et
1460 2599 1528 2634 hoc
1568 2602 1720 2647 quidem
1748 2601 1899 2650 fici-scis,
1937 2610 2005 2642 sed
2032 2608 2155 2646 ablati

1135 2663 1244 2704 estis,
1265 2660 1333 2694 secl
1348 2662 1578 2708 sanctificali
1596 2666 1680 2698 estis
1693 2663 1719 2698 4.
1742 2667 1762 2701 J
1767 2677 1826 2700 am
1849 2667 1977 2704 nullus
1997 2671 2156 2707 saecula-

55 2714 246 2754 fideliter*.
270 2716 385 2765 Quod
404 2715 639 2762 audivimus,
658 2729 738 2752 non
760 2715 866 2766 quod
882 2716 1067 2765 vidimus,
1084 2723 1118 2758 D
1135 2718 1241 2756 ribus
1270 2719 1310 2755 in
1347 2719 1506 2757 domum
1538 2722 1610 2758 Dei
1639 2731 1744 2773 patet
1775 2724 1920 2773 aditus,
1954 2730 2080 2767 nullus
2107 2732 2155 2769 ad

53 2775 266 2826 loquimur:
282 2779 490 2814 claustrum
508 2777 633 2827 ipsum
652 2776 873 2813 monasterii
890 2777 1069 2828 frequen-

25 2883 27 2885 ·
55 2845 122 2884 ter,
142 2846 185 2875 ut
204 2838 331 2885 aiunt,
351 2837 487 2888 stipari
508 2836 711 2884 militibus,
730 2837 859 2886 urgeri
880 2839 1064 2887 negotiis,

48 2895 177 2948 jurgiis
202 2911 430 2949 personare,
452 2906 585 2948 patere
611 2896 809 2934 interdum
836 2906 874 2934 et
900 2898 1063 2937 feminis.

53 2959 149 3006 Quid
179 2959 279 2996 inter
305 2959 387 2996 haec
420 2958 593 3005 coeleste,
624 2957 719 3007 quid
750 2956 949 3006 divinum,
972 2959 1066 3009 quid

53 3018 242 3069 spirituale
265 3027 419 3071 poterat
445 3019 760 3069 cogita1·i?Nunc
785 3032 879 3056 vero
906 3029 1065 3057 vacatur

53 3077 141 3116 inibi
162 3083 262 3127 Deo,
284 3080 461 3118 studetur
481 3079 748 3126 continentiae,
771 3079 982 3129 disciplinae
1002 3080 1063 3117 in-

52 3138 236 3189 vigilatur,
267 3140 498 3178 lectionibus
533 3141 673 3178 sanctis
708 3140 934 3178 intenditur.
966 3144 1063 3191 Juge

53 3200 192 3251 quippe
212 3201 404 3238 silentium
419 3231 429 3248 ,
445 3210 484 3238 et
509 3200 557 3238 ab
581 3201 688 3238 omni
713 3201 876 3250 strepitu
904 3202 1066 3238 saecula-

53 3259 149 3297 rium
179 3269 366 3311 perpetua
398 3262 507 3313 quies
539 3261 640 3311 cogit
671 3261 839 3298 coelestia
873 3261 1062 3299 meditari.

35 3321 170 3358 Porro
200 3322 446 3359 continentiae
476 3321 600 3369 labor,
629 3330 666 3359 et
696 3322 800 3372 rigor
832 3321 1065 3372 disciplinae,

1135 2789 1266 2817 sancta
1286 2781 1446 2818 curiosis
1469 2795 1653 2821 accessus.
1679 2786 1791 2822 Nulla
1807 2785 1887 2835 jam
1910 2802 1997 2826 cum
2021 2792 2154 2832 otiosis

1134 2841 1394 2878 confabulatio
1412 2844 1680 2893 permiscetur,
1702 2847 1837 2885 solitus
1855 2861 2067 2898 puerorum
2088 2864 2154 2892 aut

1132 2902 1350 2952 puellarum
1379 2904 1560 2953 strepitus
1588 2919 1666 2942 non
1700 2907 1868 2945 auditur.
1899 2911 1996 2949 Solis
2024 2916 2155 2964 pueris

1133 2962 1290 3010 Christi,
1321 2963 1368 3000 de
1399 2964 1540 3014 quibus
1573 2965 1725 3014 dicitur,
1759 2971 1855 3005 Ecce
1881 2985 1949 3020 ego
1983 2983 2019 3009 et
2040 2981 2154 3023 pueri

1133 3027 1207 3059 mei
1236 3024 1426 3071 meczcm5,
1447 3026 1555 3064 locus
1583 3036 1738 3065 sanctus
1767 3031 1922 3079 pervius
1946 3041 1983 3069 et
2002 3037 2153 3084 exposi-

1133 3091 1214 3131 tus,
1239 3083 1379 3122 divinis
1400 3094 1548 3123 tantum
1566 3087 1745 3126 laudibus
1760 3103 1803 3127 ae
1823 3093 1938 3129 sacris
1956 3094 2150 3133 solvendis

1130 3145 1254 3191 votis,
1272 3144 1402 3183 debita
1427 3147 1685 3186 sollicitudine
1714 3158 1752 3186 et
1779 3154 1993 3190 reverentia
2019 3159 2150 3191 custoss

1132 3203 1245 3242 ditur.
1266 3209 1389 3254 Quam
1413 3207 1498 3244 laeta
1519 3217 1707 3258 martyres
1733 3223 1843 3257 aure,
1869 3226 2034 3261 quorum
2061 3228 2150 3264 per-

1132 3265 1300 3303 maxima
1329 3267 1457 3309 locum
1485 3268 1609 3320 ipsum
1639 3269 1752 3307 turba
1782 3271 1979 3319 nobilitat,
2012 3274 2149 3310 horum

1133 3326 1320 3363 clamores
1358 3341 1570 3378 puerorum
1608 3331 1866 3380 strepitusque
1908 3333 2149 3382 percipiunt!

101 3451 112 3467 ¹
129 3449 158 3478 11
173 3450 250 3490 Reg.
271 3459 369 3486 xxm,
390 3451 443 3480 17.
461 3455 534 3472 -2
553 3452 567 3479 I
585 3451 748 3487 Joan.1v‚
767 3451 822 3480 18.
843 3467 885 3471 —
906 3446 1150 3489 3Mauh.xx1‚
1176 3455 1228 3484 13.
1251 3470 1294 3474 —
1316 3451 1359 3483 41
1377 3454 1520 3491 Cor.v1,
1546 3458 1596 3485 11.
1622 3453 1891 3495 --5Isai.v111,
1921 3460 1971 3488 18.
