2533 3920
336 224 384 259 {33
1083 216 1287 252 PRAEFAT
1290 215 1340 250 10
1379 212 1668 250 GENERALIS.
2366 204 2415 242 64

329 314 503 355 tentiam
539 311 753 353 Gilbertus
774 311 1014 350 reverenter
1044 307 1281 360 exceperit,
1315 309 1441 358 atque
1474 301 1779 344 archidiaconis
1812 299 1901 341 suis
1927 299 1972 339 in
2003 298 2182 352 gratiam
2207 297 2413 352 receptis,

337 412 352 426 ιι
380 404 478 433 cum
501 389 662 432 ordinis
682 387 921 441 integritate
951 390 991 427 et
1025 385 1198 426 honoris
1221 381 1484 438 plenitudiue
1515 401 1532 417 »
1556 380 1609 422 ad
1628 379 1846 434 propriam
1871 376 2084 418 dioecesim
2111 377 2361 418 remeaverit
2387 374 2415 417 ¹.

392 469 538 510 LXVI.
569 469 620 508 In
651 466 715 506 his
739 463 936 506 omnibus
965 466 1167 516 apparet,
1201 462 1399 502 Ottonem
1433 459 1623 501 Gilberto
1657 455 1887 497 admodum
1919 453 2101 506 favisse3
2137 465 2214 494 nec
2238 452 2417 507 proinde

333 545 595 597 mirandum,
616 543 734 598 quod
753 544 796 583 in
813 539 1169 595 consequentibus
1184 539 1427 590 addubitet,
1450 557 1466 573 «
1491 543 1636 579 utrum
1657 534 1885 590 praedictus
1902 531 2045 573 Abbas
2063 531 2417 574 Clara-Vallensis

339 643 354 658 »
384 625 430 664 in
455 623 535 664 hoc
557 621 725 674 negotio
754 632 805 660 ex
828 618 1022 658 humanae
1054 616 1313 657 infirmitatis
1336 615 1586 669 fragilitate,
1619 619 1824 667 tanquam
1842 612 1969 652 homo
1985 643 1995 662 ,
2015 610 2215 665 deceptus
2247 610 2378 652 fuerit
2401 625 2410 651 ε

339 720 354 735 »
386 700 454 741 vel
490 701 738 753 episcopus,
773 701 977 749 tanquam
1013 707 1079 735 vir
1118 694 1472 745 litteratissimus,
1505 694 1772 748 propositum
1805 695 1941 731 astute
1979 689 2154 731 celando
2173 721 2184 742 ,
2224 689 2417 731 Ecclesiae

341 800 355 814 ›-
383 779 593 833 judicium
611 778 802 818 evaserit.
828 795 843 810 »
863 777 1022 815 Verum
1041 775 1139 815 Otto
1159 772 1286 812 morti
1304 772 1541 825 proximus,
1562 776 1665 812 teste
1686 769 1910 822 Radevieo,
1931 768 2092 810 librum
2109 781 2256 821 suum,
2272 769 2317 809 in
2330 781 2418 823 quo

335 857 423 898 haec
445 858 688 911 scripserat,
711 854 791 895 sibi
811 853 955 894 afferri
977 851 1177 905 praecepit
1192 880 1202 900 ,
1230 853 1271 890 et
1290 849 1496 903 religiosis
1514 850 1618 890 viris
1650 847 1827 889 tradidit
1848 862 1857 888 z
1893 865 1909 882 «
1933 852 1983 888 ut
2009 848 2046 888 si
2074 846 2180 901 quid
2203 859 2283 901 pro
2319 859 2417 888 sen-

340 955 354 969 »
383 936 513 976 tentia
543 934 731 987 magistri
765 930 982 973 Gilleberti
1011 929 1169 970 dixisse
1194 928 1310 967 visus
1341 932 1470 978 esset,
1498 926 1616 980 quod
1639 925 1882 980 quempiam
1914 929 2054 979 posset
2081 924 2299 966 offendere
2317 956 2328 977 ,
2366 924 2420 966 ad

339 1032 354 1047 υ
383 1014 575 1066 ipsorum
597 1011 820 1052 arbitrium
836 1009 1119 1061 corrigeretur
1139 1004 1168 1046 ².
1202 1025 1217 1039 »
1240 1006 1303 1046 De
1319 1009 1408 1046 tota
1427 1004 1506 1045 hac
1524 1004 1810 1058 disputatione
1827 1004 1978 1045 merito
1995 1003 2228 1045 Gaufridus
2243 1003 2420 1044 lec-tores

332 1090 384 1131 ad
410 1089 613 1131 Bernardi
648 1091 865 1130 Sermones
884 1087 929 1127 in
953 1085 1121 1127 Cantica
1148 1084 1351 1134 remittit,
1370 1094 1520 1136 nempe
1547 1081 1601 1122 ad
1629 1094 1865 1122 sermonem
1901 1074 2230 1135 octogesimum,
2251 1081 2296 1121 in
2329 1093 2417 1134 quo

332 1168 409 1208 ΥΠ·
426 1171 616 1218 sanctus,
638 1177 707 1206 eos
721 1196 731 1216 ,
749 1163 827 1218 qui
846 1162 1025 1204 Gilherti
1051 1161 1300 1203 seutentiam
1327 1172 1599 1215 propugnare
1614 1158 1870 1214 pergebant,
1896 1159 2115 1201 haereticos
2142 1159 2420 1213 pronuntiare

331 1257 417 1286 non
444 1243 611 1286 dubitat
631 1258 640 1284 z
662 1242 828 1284 tametsi
855 1240 1039 1282 auctoris
1063 1238 1225 1280 nomini
1245 1237 1300 1279 011
1316 1239 1648 1293 resipiscentiam
1676 1238 1827 1293 parcit.

477 1454 500 1503 5
533 1453 607 1493 VI.
640 1474 698 1480 —
729 1462 786 1491 DE
817 1459 1133 1499 Hes-mmmm,
1169 1457 1379 1496 ALnsQUE
1410 1456 1655 1487 HAERETICIS
1687 1456 1716 1485 A
1748 1455 1986 1485 BERNARDO
2019 1455 2261 1484 REPRESSIS.

386 1634 556 1674 LXVII.
581 1631 822 1673 Gilbertum
851 1634 891 1670 et
911 1627 1195 1670 Abaelardum
1213 1659 1223 1679 ,
1250 1627 1325 1681 qui
1351 1639 1402 1667 ex
1425 1639 1625 1680 perverso
1644 1625 1926 1681 philosophiae
1955 1639 2037 1667 usu
2067 1626 2322 1680 theologiam
2342 1626 2420 1668 de-

328 1710 590 1763 formabant,
627 1710 788 1751 ratione
806 1713 846 1750 et
874 1708 1121 1749 auctoritate
1154 1706 1304 1747 revicit
1331 1703 1572 1746 Bernardus
1593 1718 1602 1745 ε
1627 1709 1667 1745 at
1686 1704 1902 1745 haereticos
1921 1704 2042 1745 factis
2069 1705 2195 1745 ctiam
2212 1708 2253 1745 et
2281 1717 2422 1745 exem-

327 1788 408 1842 plis
443 1789 672 1842 superavit.
707 1789 844 1827 Variae
883 1785 927 1827 id
956 1798 1088 1839 genus
1110 1790 1247 1839 pestes
1287 1784 1423 1824 varias
1459 1783 1602 1824 Galliae
1631 1784 1869 1837 provincias
1905 1795 1995 1824 aevo
2032 1783 2106 1824 illo
2128 1781 2417 1823 infestabant:

326 1865 602 1907 Tanchelmus
645 1864 976 1917 Antvverpiensis
1012 1863 1056 1903 in
1099 1861 1320 1913 Flandria,
1368 1862 1518 1902 Petrus
1557 1862 1734 1903 Brusius
1760 1862 1805 1902 in
1841 1862 2066 1903 Provincia
2086 1893 2096 1913 ,
2133 1874 2156 1902 a
2186 1873 2273 1915 quo
2318 1860 2420 1902 dicti

325 1943 665 1995 Petrobrusiani3
700 1943 907 1983 Henricus
935 1942 979 1982 in
1008 1941 1251 1995 Aquitania,
1286 1939 1357 1980 alii
1387 1940 1476 1980 sine
1508 1944 1622 1981 certo
1659 1939 1766 1981 duce
1798 1940 1843 1980 in
1874 1939 2147 1993 Lotharingia
2173 1943 2214 1980 et
2243 1938 2289 1979 in
2317 1938 2420 1979 locis

326 2022 774 2075 Coloniae-Agrippinae
798 2020 968 2072 vicinis,
999 2031 1107 2073 quos
1133 2018 1187 2059 ob
1218 2018 1262 2060 id
1291 2018 1558 2059 Colonienses
1584 2017 1906 2072 appellabimus.
1930 2018 2007 2059 His
2041 2017 2240 2058 omnihus
2263 2017 2420 2059 Arnal-

327 2100 456 2142 distas
487 2100 714 2154 adjungere
744 2099 856 2139 licet.
2287 2090 2295 2095 ⁴

383 2179 573 2218 valli.
607 2176 930 2228 Tanchelmum,
955 2175 1129 2230 ejusque
1151 2187 1351 2229 sequaces
1374 2187 1596 2228 aggressus
1625 2178 1688 2216 est
1719 2174 1867 2216 beatus
1886 2174 2146 2227 Norbertus,
2171 2179 2219 2216 ut
2253 2188 2304 2216 ex
2329 2174 2420 2229 ejus

323 2255 421 2295 Vita
439 2258 627 2306 constat;
653 2258 779 2308 atque
799 2252 1043 2294 eorumdem
1069 2271 1084 2286 «
1109 2265 1283 2293 cursum
1313 2256 1354 2292 et
1373 2252 1580 2306 impetum
1601 2252 1832 2294 retardavit
1855 2272 1870 2288 »
1895 2253 1941 2293 in
1968 2252 2221 2307 Trajectensi
2250 2252 2421 2294 dioecesi

323 2330 561 2372 Fridericus
582 2331 841 2372 Coloniensis
861 2332 1033 2372 antistes
1055 2345 1063 2371 :
1087 2342 1174 2385 qua
1192 2329 1244 2371 de
1264 2342 1308 2371 re
1332 2334 1469 2370 exstat
1489 2330 1603 2384 apud
1622 2329 1938 2384 Tengnagelum
1952 2330 2129 2384 epistola
2145 2330 2420 2385 Trajectensis

322 2409 513 2451 Ecclesiae
533 2410 585 2450 ad
604 2409 797 2451 eumdem
823 2409 1085 2451 Fridericum
1112 2428 1126 2442 κ
1153 2407 1206 2450 (10
1217 2408 1472 2450 Tanchelmo
1487 2407 1709 2449 seductore
1727 2439 1738 2460 ,
1765 2427 1780 2442 „
1802 2407 1876 2449 11111
1899 2409 2019 2449 istius
2038 2408 2208 2449 haeresis
2235 2410 2356 2463 origo
2379 2413 2420 2450 et

324 2501 486 2529 summa
514 2487 780 2529 describitur.
809 2487 923 2540 Quid
948 2489 994 2528 in
1017 2486 1371 2529 Petrobrusianos
1389 2486 1522 2539 egerit
1553 2486 1705 2525 Petrus
1725 2485 2011 2537 Venerabilis,
2047 2490 2252 2527 tractatus
2273 2491 2420 2527 contra

323 2565 418 2606 illos
437 2565 489 2606 ab
506 2578 555 2606 eo
579 2565 717 2606 editus
734 2565 871 2606 docet.
898 2564 1105 2606 Bernardi
1130 2565 1173 2605 in
1191 2577 1279 2605 rem
1304 2563 1577 2604 christianam
1596 2562 1788 2604 studium
1807 2564 1997 2605 exercuit
2021 2564 2065 2605 in
2090 2564 2239 2618 primis
2259 2564 2416 2605 Henri-

324 2644 442 2685 ciana
468 2643 661 2695 haercsis,
692 2655 822 2697 quam
855 2642 976 2684 factis
1009 2647 1050 2683 ct
1077 2642 1246 2695 scriptis
1285 2645 1456 2682 strenue
1491 2642 1733 2694 exagitavit.
1768 2642 1963 2696 Legenda
1987 2642 2064 2684 hac
2094 2642 2147 2683 dc
2175 2655 2221 2684 re
2243 2642 2420 2697 epistola

325 2721 607 2762 ducentesima
630 2721 976 2775 quadragesima,
999 2725 1040 2762 et
1071 2720 1363 2774 subsequens,
1395 2732 1494 2761 cum
1523 2721 1658 2774 capite
1682 2725 1800 2761 sexto
1834 2720 1935 2761 libri
1969 2721 2084 2762 tertii
2106 2720 2160 2762 dc
2187 2722 2286 2762 vita
2317 2722 2420 2763 Ber-

327 2798 449 2839 nardi
467 2803 634 2839 auctore
658 2797 864 2839 Gaufrido
883 2829 894 2850 ,
920 2810 1016 2852 quae
1036 2798 1179 2839 omnia
1205 2809 1256 2838 ex
1280 2797 1373 2838 aliis
1397 2798 1685 2839 monumentis
1709 2798 1924 2840 illustrare
1939 2798 2075 2852 juvat.

387 2876 534 2916 Lxlx.
556 2875 785 2926 Henricus,
805 2887 935 2929 quein
959 2876 1032 2916 Vir
1049 2880 1219 2917 sanctus
1242 2893 1257 2909 «
1282 2875 1537 2916 monachum
1560 2880 1817 2929 apostatam,
1844 2895 1859 2910 »
1884 2881 1925 2917 ct
1944 2881 2041 2930 post
2068 2888 2165 2917 eum
2188 2875 2421 2917 Gaufridus

328 2953 534 3007 appellat,
576 2971 592 2987 «ι
629 2952 986 3006 pseudo-eremita
1023 2972 1038 2988 »
1068 2958 1244 2994 vocatur
1274 2954 1316 2993 in
1346 2953 1461 2994 Actis
1492 2954 1797 3007 Episcoporuin
1831 2953 2269 3005 Cenomannensium,
2304 2957 2420 2995 tomo

328 3032 452 3071 tertio
470 3030 768 3072 Analectoruin
782 3062 792 3082 ,
809 3031 883 3072 ubi
905 3031 995 3085 ejus
1017 3043 1154 3072 mores
1173 3036 1214 3072 et
1235 3032 1426 3085 perversi
1449 3036 1567 3072 actus
1592 3036 1784 3072 accurate
1801 3031 2116 3073 describuntur.
2141 3032 2235 3082 Quo
2257 3043 2308 3072 ex
2328 3031 2421 3072 loco

330 3114 448 3150 ortus
469 3109 548 3157 sit,
570 3121 655 3148 non
678 3108 777 3148 satis
808 3107 995 3150 iudicant
1018 3109 1104 3150 liaec
1134 3109 1262 3150 verba
1284 3124 1292 3149 :
1321 3128 1336 3143 «
1374 3110 1454 3150 Per
1479 3108 1591 3149 idem
1615 3109 1700 3150 scre
1722 3114 1915 3164 tempus,
1941 3129 1957 3144 »
1985 3121 2135 3163 nempe
2164 3108 2244 3150 sub
2269 3109 2419 3151 Hilde-

329 3187 450 3229 berto
475 3187 692 3241 episcopo,
726 3204 740 3219 «
778 3186 821 3226 in
851 3185 1130 3240 adjacentium
1155 3185 1313 3227 sinibus
1341 3187 1564 3240 regionum
1591 3189 1778 3229 surrexit
1808 3187 1984 3244 quidam
2016 3187 2264 3241 hypocrita,
2291 3199 2420 3242 quem

378 3347 384 3364 ¹
408 3346 572 3385 01t0,‹le
590 3346 678 3377 Frid.
700 3346 759 3377 lib.
782 3350 813 3385 1,
833 3355 932 3385 capp.
954 3350 991 3377 (m
1005 3369 1012 3383 ,
1032 3349 1079 3378 517.
1102 3364 1139 3368 -.⁴
1160 3347 1172 3365 ²
1194 3347 1405 3387 Rada-vicus,
1424 3347 1483 3378 lib.
1504 3352 1540 3386 2,
1560 3356 1634 3387 rap.
1660 3352 1706 3378 11.
