2517 3920
372 221 467 257 1337
1143 219 1177 251 S.
1210 214 1461 250 BERMRDI
1490 215 1691 250 ABBATIS
2350 219 2445 257 1348

363 298 527 334 suavior.
555 298 670 334 Dives
691 304 746 333 est
767 295 945 333 omnibus
962 295 1027 345 qui
1050 294 1230 331 invocant
1254 305 1340 329 eum
1362 289 1431 327 :²³⁰⁵
1442 295 1607 329 Frenum
1626 292 1693 328 tibi
1715 293 1975 342 temperantiae
1998 292 2233 343 imponitur,
2259 308 2283 331 o
2310 296 2444 344 homo,

367 371 437 394 nec
455 366 579 393 tamen
608 355 721 393 habet
741 355 949 406 quidquam
972 368 1010 391 se
1037 355 1122 404 ipso
1151 353 1297 389 melius.
1331 354 1376 389 Se
1394 354 1425 388 A
1443 364 1489 387 ex
1517 352 1598 401 lege
1626 352 1713 388 vitae
1739 360 1777 388 et
1804 351 2038 401 disciplinae,
2070 366 2119 390 ne
2146 363 2234 403 post
2262 359 2447 407 concupi-

369 417 476 454 dedit
504 418 542 454 in
568 417 743 454 meritum
760 446 769 463 ,
795 430 833 453 se
860 424 987 453 servat
1012 416 1049 451 in
1078 414 1277 464 praemium
1295 442 1304 459 ,
1335 425 1373 449 se

367 478 527 528 apponit
544 478 582 515 in
605 478 810 514 refectione
836 477 1048 514 animarum
1071 483 1308 519 sanctarum,
1336 486 1374 509 se

370 539 408 574 in
426 538 689 588 redemptione
710 537 883 574 distrahit
904 536 1152 586 captivarum.
1175 538 1303 571 Bonus
1320 545 1372 577 65,

372 598 558 644 Domine,
584 598 720 634 animae
746 597 932 647 quaerenti
961 603 1018 632 te¹
1045 610 1052 631 :
1074 595 1166 646 quid
1193 608 1283 644 crgo
1311 594 1374 630 in-

372 657 566 694 venienti?
583 658 654 695 Sed
673 659 773 694 enim
791 658 829 694 in
848 658 920 693 hoc
937 666 992 693 est
1013 657 1171 702 mirum,
1188 654 1294 705 quod
1313 666 1377 689 ne-

372 729 436 752 mo
460 725 495 753 te
523 730 693 766 quaererc
719 717 838 763 valet,
857 716 928 753 nisi
946 716 1010 765 qui
1040 716 1146 766 prius
1175 713 1376 751 invenerit.

370 777 435 812 Vis
460 776 576 825 igitur
606 776 768 813 inveniri
796 785 838 812 ut
866 776 1067 826 quaerai’iS,
1101 775 1220 824 quaeri
1248 782 1290 810 ut
1322 773 1377 809 in-

372 836 547 872 veniaris.
567 839 678 872 Potes
699 835 852 884 quidem
882 835 1000 885 (1111611
1028 843 1065 871 61
1093 834 1275 878 inveniri,
1299 846 1376 869 non

374 903 499 931 tamen
518 895 734 945 praeveniri.
751 899 844 932 Nam
863 895 932 932 etsi
952 894 1112 930 dicimus
1125 923 1134 940 ,
1155 895 1275 928 Illaue
1295 906 1378 927 ora-

372 960 422 990 cio
454 969 538 990 mea
565 959 778 1003 proeveniet
810 961 900 1000 16²3
939 968 1015 991 non
1049 953 1209 990 dubium
1250 961 1376 989 tamen

372 1014 476 1064 quod
496 1014 623 1064 tepida
648 1015 695 1051 sit
720 1015 845 1051 omnis
870 1015 1014 1061 oratio,
1033 1027 1146 1064 quam
1174 1026 1251 1049 non
1278 1026 1377 1063 prae-

372 1073 520 1109 venerit
540 1074 750 1123 inspiratio.
770 1074 981 1111 Dicendum
997 1073 1076 1123 jam
1095 1073 1195 1110 unde
1219 1073 1374 1110 inchoet
1396 1076 1421 1109 B

369 1146 477 1169 amor
503 1142 655 1180 noster,
676 1135 858 1185 quoniam
887 1134 951 1171 ubi
980 1142 1287 1179 consummetur,
1319 1133 1377 1169 di-

370 1202 472 1229 ctum
500 1203 568 1231 est.

716 1314 894 1353 CAPUT
925 1315 1043 1355 VIII.

370 1431 418 1460 De
439 1429 540 1472 primo
557 1430 656 1471 gradu
679 1431 798 1463 amoris⁴
807 1457 814 1470 ‚
834 1443 896 1474 quo
911 1431 1009 1473 diligit
1029 1431 1123 1462 homo
1138 1442 1170 1462 se
1192 1437 1321 1474 propter
1335 1441 1378 1462 56.

424 1552 484 1590 23.
507 1557 627 1590 Amor
654 1563 711 1591 est
728 1555 877 1592 affectio
895 1556 1077 1592 naturalis
1105 1569 1182 1592 una
1207 1554 1253 1592 de
1284 1568 1379 1605 qua-

371 1612 492 1649 tuor*.
510 1617 617 1651 Notae
633 1624 721 1652 sunt
737 1630 744 1652 :
760 1629 836 1653 non
851 1629 949 1666 opus
962 1625 1018 1652 est
1036 1617 1246 1653 nominare.
1266 1616 1379 1665 Quod

370 1685 460 1722 ergo
481 1675 653 1712 naturale
673 1684 747 1721 est,
766 1675 911 1725 justum
941 1676 1096 1725 quidem
1126 1677 1225 1713 foret
1251 1677 1378 1727 primo

372 1733 543 1770 omnium
586 1735 733 1771 auctori
769 1735 960 1772 deservire
999 1744 1156 1773 naturae.
1190 1737 1300 1774 Unde
1343 1745 1381 1773 et
1415 1742 1417 1745 ⁴

377 1791 521 1830 dictum
548 1803 604 1831 est
632 1795 799 1844 primum
821 1804 858 1831 et
887 1796 1092 1832 maximum
1126 1796 1347 1832 mandatum
1370 1811 1377 1832 ε

1444 412 1605 448 scentias
1623 420 1705 448 tuas
1722 424 1805 458 eas,
1823 420 1860 448 et
1875 425 2027 461 pereas,
2045 426 2093 449 ne
2108 413 2154 450 de
2171 412 2282 451 bonis
2302 424 2445 455 naturae

1442 471 1543 508 hosti
1581 472 1722 509 servias
1752 473 1886 509 animae
1904 501 1913 519 ,
1944 473 2017 509 1106
2045 482 2102 509 651
2129 472 2291 512 libidini.
2323 479 2444 524 Quam

1438 532 1577 581 justius
1608 542 1720 582 atque
1749 533 1945 570 honestius
1975 534 2234 571 communicas
2261 535 2326 572 illa
2354 550 2442 574 con-

1445 594 1555 640 sorti,
1578 594 1615 630 id
1643 603 1699 631 est
1722 594 1920 645 proximO,
1937 608 2051 644 quam
2076 594 2200 631 hosti?
2221 599 2269 632 Et
2294 597 2447 645 quidem

1445 654 1474 690 si
1507 668 1554 690 ex
1592 655 1780 705 Sapientis
1819 655 1979 691 consilio
2019 668 2040 691 a
2079 654 2341 705 voluptatibus
2377 658 2449 695 tuis

1446 716 1653 752 averteris?
1670 746 1679 763 ,
1709 724 1746 753 et
1768 715 1879 765 juxta
1907 715 2118 752 doctrinam
2145 717 2320 765 Apostoli
2347 717 2449 754 victu

1446 776 1662 826 vestituque
1695 775 1941 823 6011161111158,
1982 776 2178 826 paulisper
2218 777 2449 827 suspendere

1445 848 1521 871 non
1551 837 1718 885 gravaris
1740 850 1907 873 amorem
1936 845 2043 873 tuum
2068 850 2089 873 a
2115 836 2330 874 carnalibus
2356 838 2450 876 desi-

1446 895 1582 941 deriis,
1615 910 1699 945 quae
1726 896 1890 933 militant
1915 896 2098 933 adversus
2128 897 2292 933 animam
2310 904 2344 944 93
2363 911 2449 936 sane

1445 955 1549 1005 quod
1567 956 1760 993 subtrahis
1781 957 1879 993 hosti
1901 957 2037 993 animae
2067 965 2141 993 tuae
2156 986 2165 1002 ,
2189 960 2358 995 consorti
2378 972 2446 996 na-

1446 1024 1540 1053 turae
1555 1025 1650 1066 puto
1671 1031 1747 1053 non
1771 1016 1989 1067 gravaberis
2009 1017 2210 1067 impertiri.
2227 1021 2334 1055 Tunc
2346 1032 2451 1057 amor

1446 1085 1530 1114 tuus
1551 1086 1588 1114 et
1608 1086 1826 1128 temperans
1848 1078 1939 1123 erit,
1962 1077 2157 1127 etjustus,
2179 1078 2210 1114 si
2230 1078 2337 1128 quod
2357 1092 2449 1129 pro-

1446 1137 1538 1187 priis
1561 1137 1798 1174 subtrahitur
1824 1137 2106 1188 voluptatibus,
2136 1138 2262 1175 fratris
2288 1140 2448 1177 necessi-

1448 1197 1588 1235 tatibus
1608 1212 1686 1235 non
1710 1207 1883 1248 negetur.
1906 1198 1965 1235 Sic
1985 1211 2094 1235 amor
2114 1197 2275 1234 carnalis
2291 1198 2452 1236 efficitur

1447 1266 1484 1294 et
1502 1259 1650 1295 socialis
1665 1289 1675 1306 ,
1698 1273 1785 1295 cum
1810 1259 1847 1295 in
1872 1271 2074 1295 commune
2094 1257 2345 1307 protrahitur.

1503 1319 1564 1356 24.
1600 1319 1635 1357 Si
1669 1327 1796 1356 autem
1831 1318 1921 1355 dum
1954 1317 2215 1355 communicas
2244 1317 2420 1368 proximo
2441 1349 2451 1366 ‚

1449 1378 1546 1415 forte
1565 1378 1631 1415 tibi
1656 1379 1847 1416 defuerint
1870 1379 1983 1415 etiam
2007 1377 2241 1423 necessaria,
2274 1377 2365 1427 quid
2395 1378 2452 1415 fa-

1448 1438 1548 1475 cies?
1568 1439 1667 1487 Quid
1688 1439 1810 1484 enim,
1834 1438 1906 1475 nisi
1926 1446 1968 1474 ut
1988 1450 2073 1474 cum
2097 1437 2201 1473 omni
2223 1436 2359 1474 fiducia
2383 1451 2453 1488 po-

1448 1499 1563 1536 stules
1581 1498 1628 1536 ab
1648 1513 1694 1535 eo
1710 1499 1776 1549 qui
1795 1499 1859 1536 dat
1874 1497 2053 1535 omnibus
2074 1496 2279 1534 affluenter
2292 1526 2301 1544 ,
2323 1505 2360 1534 et
2375 1511 2452 1535 non

1446 1559 1750 1610 improperatm3
1773 1560 1839 1610 (1111
1859 1559 1983 1609 aperit
2003 1571 2157 1595 manum
2178 1570 2306 1605 suam,
2327 1566 2365 1594 et
2381 1558 2453 1594 im—

1446 1620 1525 1670 plet
1545 1634 1660 1657 omne
1679 1620 1817 1657 animal
1849 1619 2119 1656 benedictione
2134 1619 2191 1654 ¹¹?
2213 1617 2379 1655 Dubium
2401 1618 2453 1655 si—

1446 1680 1600 1728 quidem
1621 1694 1699 1717 non
1720 1689 1776 1717 est
1790 1710 1799 1727 ,
1827 1679 1933 1729 quod
1955 1679 2051 1716 adsit
2071 1678 2235 1715 libenter
2260 1679 2298 1714 in
2319 1691 2452 1715 neces-

1446 1739 1552 1776 sariis
1566 1768 1575 1785 ,
1599 1741 1664 1789 qui
1686 1741 1877 1790 plerisque
1895 1748 1932 1776 et
1953 1739 1989 1776 in
2012 1738 2216 1788 superfluis
2237 1751 2315 1775 non
2336 1737 2451 1775 deest.

1446 1800 1621 1849 Denique
1647 1801 1698 1837 ait
1721 1816 1728 1837 :
1751 1801 1917 1835 Primum
1948 1804 2106 1847 quoerite
2138 1812 2294 1847 regnum
2323 1800 2394 1834 Dee·
2411 1807 2456 1834 ret

370 1855 514 1902 Diliges
539 1857 741 1891 Dominum
758 1857 881 1892 Deum
899 1865 1000 1891 tuum
1020 1855 1051 1901 3,
1080 1864 1150 1892 etc.
1177 1856 1249 1893 Sed
1275 1870 1374 1906 (1110-
1393 1862 1419 1896 C
1431 1859 1620 1904 justitian]
1638 1865 1730 1906 ejus,
1751 1870 1787 1896 et
1805 1860 1888 1895 leoec
1905 1863 2035 1894 munia
2055 1857 2450 1905 adjicienturvobis12.

374 1913 476 1949 niam
502 1923 639 1951 natura
663 1915 830 1965 fragilior
851 1924 964 1965 atque
986 1915 1174 1953 infirmior
1200 1926 1277 1963 est,
1307 1918 1378 1968 ipsi

372 1973 539 2021 primum
562 1974 777 2024 imperante
799 1976 1019 2013 necessitate
1047 1978 1290 2027 compellitur
1310 1979 1379 2028 jin-

374 2032 527 2069 servire.
556 2036 602 2070 Et
622 2042 677 2071 est
697 2048 806 2071 amor
828 2037 1006 2083 carnalis,
1032 2049 1110 2085 quo
1138 2045 1226 2072 ante
1252 2037 1381 2073 onmia

375 2091 491 2128 homo
513 2093 633 2143 diligit
655 2108 693 2131 se
715 2095 840 2144 ipsum
865 2106 1026 2146 propter
1048 2110 1086 2133 se
1104 2098 1225 2147 ipsum
1242 2126 1251 2142 ,
1285 2097 1382 2134 516111

375 2153 556 2202 scriptum
575 2162 631 2190 est
649 2169 656 2190 :
676 2156 784 2191 Prius
800 2159 903 2204 quod
920 2161 1087 2194 animale
1099 2187 1108 2203 ‚
1133 2160 1268 2193 cleimle
1285 2159 1388 2206 quod

374 2215 572 2260 spirituale
584 2213 610 2250 4.
632 2218 708 2251 Nec
730 2224 924 2265 praecepto
944 2217 1137 2264 indicitur,
1155 2217 1220 2255 sed
1239 2226 1385 2254 naturae

377 2273 585 2311 inseritur:
613 2275 696 2325 quis
723 2289 860 2326 nempe
887 2291 1040 2314 carnem
1066 2292 1170 2315 suam
1198 2278 1288 2315 odio
1317 2277 1385 2314 ha-

377 2333 513 2372 0111159
532 2339 582 2373 Α1
605 2350 697 2374 vero
724 2337 754 2374 si
771 2339 930 2388 coeperit
950 2353 1058 2376 amor
1084 2340 1185 2377 idem
1200 2370 1209 2388 ,
1229 2349 1387 2377 11111550-

379 2397 447 2443 let,
473 2398 684 2446 proclivior
711 2412 790 2436 esse
807 2427 816 2445 ,
847 2399 925 2436 sive
952 2401 1170 2450 profusior,
1199 2410 1235 2438 et
1259 2415 1386 2438 116665-

379 2458 498 2495 sitatis
521 2460 630 2496 alveo
659 2460 813 2497 minime
835 2470 1062 2509 contentus,
1088 2476 1243 2513 campos
1271 2464 1384 2501 etiam

379 2519 586 2569 voluptatis
615 2520 812 2557 exundans
843 2522 955 2558 latius
989 2524 1091 2559 visus
1125 2523 1238 2560 fuerit
1268 2537 1385 2560 occu—

379 2590 470 2627 pare
492 2594 501 2625 3
538 2580 663 2616 statim
700 2581 945 2630 superfluitas
985 2582 1165 2620 obviante
1204 2584 1385 2620 mandato

381 2638 608 2686 cohibetur,
643 2654 728 2677 cum
767 2641 907 2679 dicitur

379 2706 479 2733 tuam
500 2703 593 2734 sicut
621 2709 655 2735 te
685 2705 807 2748 ipsum
831 2699 858 2737 ⁶.
885 2702 1096 2739 Justissime
1126 2703 1280 2752 quidem
1297 2732 1306 2749 ,
1344 2711 1387 2739 ut

381 2770 537 2795 consors
564 2768 709 2796 naturae
725 2774 801 2797 non
829 2762 875 2798 sit
898 2775 1029 2799 exsors
1052 2771 1089 2799 et
1115 2764 1263 2812 gratiae,
1285 2764 1386 2801 illius

379 2818 588 2864 praesertim
610 2821 755 2869 gratiae,
773 2835 858 2870 quae
881 2831 1026 2859 naturae
1043 2823 1154 2860 insita
1183 2832 1249 2860 est.
1271 2824 1384 2872 Quod

382 2875 411 2909 si
437 2886 616 2923 gravatur
641 2880 757 2917 homo
781 2882 974 2928 fraternis,
1006 2897 1084 2920 non
1110 2883 1195 2920 (1160
1220 2885 1384 2921 11666551-

384 2933 523 2971 tatibus
550 2937 773 2986 subvenire,
798 2941 863 2977 sed
886 2942 1147 2992 voluptatibus
1171 2943 1385 2992 deservire3

384 2994 538 3043 castiget
562 2996 642 3045 ipse
665 3012 767 3046 suas,
798 3002 828 3038 si
859 3016 937 3039 non
961 3004 1044 3039 vult
1072 3017 1151 3041 esse
1185 3013 1391 3054 transgres-

383 3065 458 3089 sor.
473 3057 665 3102 Quantum
683 3060 780 3105 vult,
797 3061 868 3097 sibi
886 3062 1099 3113 indulgeat3
1123 3063 1212 3101 dum
1229 3078 1337 3114 aeque
1353 3074 1391 3102 61

383 3114 561 3162 proximo
597 3119 832 3156 tantumdem
866 3124 1080 3161 meminerit
1113 3126 1383 3164 exhibendum.

1445 1923 1588 1970 Sponte
1608 1920 1785 1956 daturum
1801 1933 1840 1956 se
1857 1919 2061 1969 pollicetur
2076 1918 2306 1965 necessaria,
2325 1931 2454 1968 super-

1447 1981 1523 2016 flua
1552 1980 1816 2029 restringenti,
1850 1988 1888 2016 et
1913 1979 2133 2029 proximum
2160 1978 2342 2029 diligenti.
2371 1981 2453 2015 Hoc

1448 2042 1592 2091 quippe
1625 2049 1681 2077 est
1708 2041 1878 2091 primum
1908 2053 2080 2090 quaerere
2109 2052 2268 2090 regnum
2299 2040 2387 2085 Dei,
2415 2047 2453 2076 et

1451 2101 1633 2138 adversus
1661 2101 1808 2151 peccati
1829 2102 2036 2151 implonare
2058 2100 2319 2150 tyrannidem,
2341 2099 2454 2150 pudi-

1452 2162 1547 2199 citiae
1567 2163 1696 2213 potius
1719 2175 1761 2199 ac
1781 2161 1998 2199 sobrietatis
2018 2160 2146 2198 subire
2161 2161 2320 2211 jugum,
2340 2173 2451 2211 quam

1452 2237 1612 2273 regnare
1633 2231 1831 2274 peccatum
1862 2223 1901 2259 in
1931 2231 1997 2259 tuo
2020 2222 2172 2258 mortali
2194 2235 2355 2272 corpore
2383 2234 2452 2271 pa-

1454 2285 1567 2321 tiaris.
1594 2288 1715 2322 Porro
1743 2292 1869 2321 autem
1902 2292 1939 2320 et
1972 2283 2044 2320 hoc
2072 2282 2230 2332 justitiae
2261 2291 2336 2329 est,
2368 2294 2452 2319 cum

1454 2359 1531 2395 quo
1554 2344 1621 2382 tibi
1637 2353 1693 2382 est
1714 2353 1850 2381 natura
1871 2343 2086 2381 communis
2105 2373 2114 2387 ,
2136 2351 2282 2380 naturae
2303 2354 2453 2393 quoque

1454 2420 1538 2443 cum
1560 2419 1605 2442 eo
1627 2417 1766 2441 1111111115
1786 2417 1864 2441 11011
1886 2403 2027 2440 habere
2049 2403 2226 2440 divisum.

1507 2466 1569 2503 25.
1604 2468 1657 2502 Ut
1693 2473 1820 2501 tamen
1851 2463 2019 2514 perfecta
2047 2462 2195 2512 justitia
2225 2462 2272 2500 sit
2303 2461 2454 2512 diligere

1452 2529 1692 2578 proximum,
1718 2530 1843 2563 Deum
1873 2526 1912 2561 in
1935 2537 2045 2561 causa
2065 2522 2197 2561 haberi
2216 2535 2367 2560 necesse
2385 2529 2452 2559 est.

1452 2588 1635 2637 Alioquin
1680 2585 1899 2637 proximum
1938 2597 2035 2634 pure
2071 2583 2228 2633 diligere
2262 2581 2454 2633 quomodo

946 2658 953 2679 :
996 2646 1139 2692 Diliges
1164 2650 1385 2693 proximum
1405 2655 1438 2688 D
1455 2656 1601 2699 potest,
1626 2647 1691 2697 qui
1719 2647 1757 2683 in
1785 2650 1866 2683 Deo
1894 2657 1972 2681 non
1997 2643 2146 2694 diligit?
2176 2647 2296 2681 Porro
2316 2643 2355 2679 in
2375 2644 2454 2678 Deo

1454 2709 1610 2758 diligere
1645 2721 1723 2744 non
1758 2714 1885 2757 potest
1906 2734 1915 2753 ,
1957 2705 2023 2755 qui
2057 2709 2182 2742 Deum
2214 2717 2292 2741 non
2323 2701 2452 2752 diligit.

1452 2771 1615 2818 Oportet
1640 2781 1732 2817 ergo
1753 2771 1876 2804 Deum
1897 2765 2001 2815 diligi
2018 2765 2125 2816 prius
2140 2794 2149 2811 ,
2173 2773 2215 2802 ut
2234 2764 2274 2801 in
2293 2767 2374 2801 Deo
2398 2761 2454 2799 di-

1451 2826 1515 2875 ligi
1541 2826 1663 2876 possit
1693 2833 1730 2861 et
1764 2824 1977 2874 proximus.
2012 2823 2116 2862 Facit
2150 2836 2241 2873 ergo
2276 2822 2387 2860 etiarn
2415 2829 2453 2855 se

1455 2887 1558 2936 diligi
1583 2890 1706 2932 Deus,
1728 2885 1793 2934 qui
1814 2893 1853 2921 et
1874 2892 2008 2921 caetera
2026 2883 2129 2921 bona
2149 2883 2247 2920 facit.
2265 2880 2365 2918 Facit
2386 2891 2454 2916 au—

1459 2956 1533 2984 tem
1554 2947 1619 2984 sic.
1636 2946 1710 2994 Qui
1726 2954 1900 2982 naturam
1918 2943 2111 2989 condidit,
2128 2944 2209 2992 ipse
2227 2949 2264 2978 et
2279 2939 2452 2991 protegit.

1457 3010 1552 3044 Nam
1570 3016 1606 3044 et
1622 3007 1672 3043 ita
1689 3005 1843 3043 condita
1861 3005 1949 3051 fuit,
1972 3012 2014 3040 111
2031 3001 2317 3052 habeatjugiter
2332 3011 2456 3037 neces-

1458 3068 1599 3104 sarium
1622 3074 1905 3117 protectorem,
1930 3077 2044 3114 quem
2065 3061 2199 3100 habuit
2222 3071 2259 3099 et
2282 3060 2455 3098 condito-

1457 3140 1536 3164 rem
1556 3143 1563 3164 :
1583 3135 1625 3164 ut
1639 3140 1724 3177 quae
1741 3125 1811 3163 nisi
1828 3137 1897 3175 per
1909 3124 2035 3174 ipsum
2050 3136 2128 3160 non
2142 3122 2262 3160 valuit
2276 3134 2372 3168 esse,
2388 3131 2456 3157 nec

434 3255 444 3269 ¹
460 3248 646 3288 Thren.111‚
664 3254 717 3282 25.
731 3269 775 3274 ——
791 3258 804 3274 ²
819 3253 899 3284 Psal.
915 3266 1067 3294 LXXXVII,
1093 3259 1145 3288 14.
1162 3277 1204 3280 -
1221 3257 1235 3280 3
1250 3260 1366 3292 Mauh.
1383 3273 1470 3299 xxm,
1489 3264 1544 3293 37,
1558 3278 1600 3283 —
1616 3259 1630 3285 4
1646 3263 1661 3291 1
1675 3260 1747 3291 Cor.
1761 3270 1817 3296 xv,
1842 3259 1895 3289 46.
1914 3275 1954 3279 -—-
1970 3254 1983 3279 ⁵
1998 3256 2114 3299 Ephes.
2127 3268 2161 3295 v,
2182 3258 2235 3287 29.
2254 3250 2328 3277 —5
2340 3249 2455 3285 Matth-

382 3305 547 3339 xx11‚39.
562 3322 607 3326 »-
624 3309 637 3333 7
652 3303 746 3335 Eccli.
763 3316 867 3343 xvxii,
888 3309 941 3337 30.
958 3327 1001 3329 -—
1023 3306 1035 3328 ⁸
1051 3312 1065 3339 I
1080 3309 1210 3340 Tim.v1
1225 3336 1232 3348 ,
1253 3315 1284 3343 8.
1308 3332 1347 3336 —
1363 3320 1377 3344 9
1392 3318 1405 3345 Ι
1420 3317 1503 3345 l‘etr.
1519 3326 1565 3351 11,
1600 3315 1651 3345 11.
1669 3332 1710 3336 ——
1728 3318 1757 3333 ¹⁰
1771 3310 1882 3344 Jacobi
1898 3322 1927 3347 1,
1950 3315 1981 3342 5.
1999 3327 2044 3332 ——
2066 3316 2092 3332 ¹¹
2110 3309 2190 3341 Psal.
2217 3318 2327 3344 cxmv,
2348 3307 2399 3337 16.
2412 3320 2456 3327 —

386 3358 505 3386 ¹²Luc.
521 3366 589 3392 xri,
608 3358 662 3387 31.
