2517 3936
1 3457 9 3847 ·--——-..——-.-..........
2 3419 7 3444 -r
0 3199 6 3406 ..ῳ-Η*
2 3147 5 3176 -

71 188 145 227 937

74 284 90 296 2.
106 267 177 298 sita:
196 276 290 301 meae,
313 261 529 305 imperfectum
550 273 652 293 mcum
671 263 815 293 xiderunt
830 262 911 293 oculi
925 263 991 294 tui:
1011 266 1074 293 Do-

68 312 88 350 ἰ
104 320 198 356 mine,
227 318 290 348 11111
318 326 426 358 passus
451 326 539 352 sum,
565 315 719 356 responde
741 325 798 356 pro
823 326 894 346 me:
917 315 988 356 quia
1008 315 1073 346 sola

74 389 88 403 ι
103 371 282 405 obedientia
297 369 396 411 coegit
415 379 463 399 mc
475 393 482 406 ‚
499 369 565 399 sinc
590 379 650 409 qua
663 392 670 402 ,
684 370 771 409 juxta
793 368 890 398 xii-um
918 375 1070 406 sanctum,

74 443 88 457 ι
103 426 236 459 infidelis
260 423 398 466 quisquis
419 433 487 454 csse
511 421 725 458 convincitur,
743 421 863 452 etiamsi
889 421 987 452 fidelis
1009 432 1074 453 esse.

74 480 255 512 ‚videatuiu
283 481 320 510 Et
350 476 424 519 quia
450 486 543 507 uerno
563 475 674 517 majori
705 475 817 506 fiducia
847 475 953 512 utitur,
981 486 1073 517 quam

74 551 91 563 »
105 532 158 578 qui
187 544 225 565 ex
244 531 357 564 affectu
379 530 476 572 diligit
496 540 503 560 :
523 539 606 559 nunc
625 540 680 560 105
700 529 788 570 quasi
814 529 988 570 portionem
1007 530 1074 560 aui-

69 603 90 616 „
104 599 162 621 mae
181 597 257 618 meae
281 585 449 618 convenio,
466 583 627 625 deponens
651 583 733 624 apud
763 594 818 613 vos
842 583 1024 613 familiarem
1045 593 1075 614 et

73 657 88 672 ι
106 641 263 674 dolentem
287 639 456 682 querelam.
478 637 564 678 Quid
591 636 678 667 vobis
706 636 807 667 11511111
829 643 892 673 051,
912 643 944 667 111
966 637 1076 667 litteris

73 711 89 725 ι
104 695 225 733 vestris,
240 694 280 726 ad
293 693 456 725 dominum
470 691 615 722 abbatem
631 690 743 728 missis,
759 690 901 721 faceretis
915 690 1076 721 stultitiam

73 764 89 779 ι
102 759 205 782 meam
219 748 333 780 elevari
358 757 453 789 super
477 745 725 777 candelabrum?
744 744 911 776 Credidisti
935 745 1073 787 quidem,

73 819 88 833 -
100 804 240 841 domine,
254 808 384 846 propter
403 800 487 843 quod
506 800 628 830 locutus
653 810 685 830 es
700 810 707 830 :
725 809 783 830 nec
797 798 922 836 fallere,
939 810 994 830 nec
1013 798 1076 830 salli

73 873 88 887 ι
103 857 245 895 voluisti;
261 856 316 888 sed
334 866 400 887 non
418 853 543 886 evasisti
560 853 743 885 secundum.
758 856 983 884 Verumtamen
1000 846 1077 895 quo'-

72 926 88 942 n
102 922 165 955 quo
182 910 278 943 modo
290 909 407 942 factum
432 908 489 946 sit,
517 914 548 940 et
573 917 824 950 quaquaversum
841 913 941 938 vertat
959 907 1075 939 exitum

73 980 88 994 ι
101 965 147 998 nei
159 964 314 997 Dominus
326 966 412 995 Deus
425 968 551 994 noster:
566 973 623 1004 ego
636 967 737 992 vester
749 972 830 998 sum,
844 967 875 992 et
887 960 926 991 ad
941 967 1075 993 vestrum

73 1017 284 1056 -servitium,
311 1016 338 1048 si
357 1015 550 1058 dignamini,
579 1020 782 1058 praeparatus.
808 1017 863 1046 Me
888 1015 1018 1057 aecipite
1042 1015 1075 1047 in

72 1086 87 1101 ι
102 1083 238 1111 εει-ωσι,
254 1071 288 1103 111
312 1071 460 1107 amicum,
481 1069 515 1101 in
538 1069 656 1107 filium;
677 1075 706 1100 et
731 1068 775 1100 illi
801 1075 914 1099 sanctie
939 1069 1076 1100 multitu-

72 1141 87 1155 ·
104 1126 190 1165 dini,
207 1125 259 1158 cui
277 1128 346 1157 Deo
363 1130 492 1156 auctore
508 1123 649 1166 praeestis
660 1147 668 1161 ‚
687 1123 852 1165 specialem
872 1129 901 1154 et
920 1123 1076 1155 uterimun

71 1192 88 1208 ‘n
101 1179 311 1219 monachum,
333 1190 374 1211 ne
393 1178 496 1210 dicam
520 1178 702 1221 episcopum
714 1202 721 1215 ,
744 1176 935 1219 sempiterno
961 1176 1076 1208 foedere

75 1249 89 1263 .-
104 1234 232 1266 sociate.
250 1249 263 1261 ι

71 1288 223 1320 Existimo
240 1287 437 1330 superiorein
453 1287 620 1330 epistolam
636 1297 701 1318 non
714 1297 732 1317 a
745 1284 906 1317 Bernardo
927 1285 1075 1327 scriptam

69 1342 176 1380 fuisse,
192 1341 247 1373 sed
266 1341 372 1384 potius
393 1353 412 1373 a
429 1342 562 1374 Nicolao
580 1339 835 1374 Clarae-Vassensi
853 1339 917 1381 ejus
936 1340 1071 1377 notario,

69 1396 123 1439 qui
141 1396 217 1428 alias
240 1395 370 1427 Henrici
394 1395 522 1427 nomine
539 1395 679 1438 scripsit,
703 1403 817 1435 nempe
844 1392 968 1423 tertiam
993 1392 1075 1424 deci-

67 1460 151 1482 mam
166 1449 206 1480 ad
223 1449 328 1492 ipsum
345 1452 473 1481 Petrum
485 1449 709 1480 Venerabilem
720 1473 727 1487 ,
748 1447 929 1489 vigesimam
956 1453 1074 1478 sextam

69 1503 109 1535 ad
126 1506 294 1546 Hugonem
313 1502 352 1534 de
372 1503 580 1546 Compendio.
595 1506 703 1535 Exstat
721 1508 752 1534 et
767 1502 828 1532 alia
854 1501 993 1543 ejusdem
1017 1502 1074 1533 Ni-

68 1557 147 1590 eolai
164 1557 206 1590 ad
231 1557 376 1589 eumdem
405 1557 578 1589 Henricum
589 1582 596 1596 ,
619 1567 733 1600 nempe
752 1555 908 1598 trigesima
924 1566 1020 1593 nona,
1037 1567 1075 1587 ex

68 1622 130 1655 qua
142 1617 290 1655 apparet,
305 1619 423 1654 quanto
439 1623 511 1643 eum
527 1622 636 1643 amore
654 1611 692 1643 sit
705 1616 901 1654 prosecutus.

117 1669 182 1698 593
200 1669 235 1698 Β.
258 1669 369 1698 Petrus
385 1666 591 1699 Celsitudinis
618 1672 731 1698 vestrae
759 1664 866 1695 frater.
886 1681 931 1685 —-
945 1663 1006 1694 Hic
1032 1667 1074 1695 Pe

67 1725 134 1751 trus
147 1743 156 1758 ,
175 1718 300 1752 Alfonsi
322 1719 521 1762 Portugalliae
540 1719 619 1762 regis
639 1719 746 1756 frater,
767 1729 847 1749 unus
872 1717 928 1748 fuit
952 1728 990 1748 ex
1015 1717 1074 1748 illis

65 1772 251 1815 juvenibus,
277 1783 358 1815 quos
385 1773 609 1804 torneamentis
633 1772 773 1804 addictos
797 1771 910 1802 haustu
937 1771 1074 1802 ρει-115110

67 1824 239 1858 benedictae
268 1828 300 1858 S.
327 1826 505 1858 Bernardus
533 1826 573 1857 ad
601 1826 839 1858 conversionem
870 1825 1050 1866 provocaxit
1065 1850 1072 1863 ‚

67 1890 129 1922 qua
141 1879 181 1912 de
193 1891 228 1912 re
243 1880 276 1911 in
293 1880 374 1912 libro
387 1880 490 1923 primo
501 1880 586 1912 Vitae
599 1883 630 1912 S.
647 1879 799 1911 Bernardi
812 1889 881 1920 cap.
901 1883 912 1909 1
925 1881 935 1909 1
947 1902 954 1915 ,
970 1889 1001 1909 11.
1019 1883 1073 1910 55.

67 1936 164 1965 Porro
180 1933 257 1975 quid
277 1933 335 1965 iste
354 1944 371 1965 a
391 1933 487 1965 fratre
507 1933 641 1966 Alfonso
664 1933 704 1964 ad
720 1931 915 1964 Bel-nardum
938 1932 970 1962 in
991 1942 1077 1962 man-

67 1985 146 2018 datis
164 1986 327 2026 habuerit,
346 1993 468 2018 constat
492 1998 530 2018 ex
552 1987 650 2030 ipsius
670 1986 763 2027 Regis
785 1985 824 2016 ad
838 1988 987 2017 Sanctum
1012 1985 1076 2026 epi-

67 2039 148 2078 tola,
181 2051 276 2082 quam
306 2039 402 2072 refert
430 2040 610 2082 Henriquez
641 2040 674 2070 in
704 2038 888 2079 Menologio
925 2037 964 2068 ad
992 2037 1075 2068 diem

65 2102 182 2124 nonam
197 2093 271 2124 maii
285 2104 421 2136 :nempe
440 2093 604 2125 debellatis
613 2093 734 2125 Mauris
752 2092 870 2134 regium
884 2102 1000 2122 nomen
1017 2091 1075 2122 sibi

66 2156 86 2177 a
100 2146 232 2179 subditis
247 2147 387 2179 delatum
409 2153 640 2190 assumpserat,
663 2146 717 2178 sed
740 2156 813 2188 rege
833 2145 974 2177 Castellae
999 2155 1074 2175 con-

66 2199 255 2239 tradicente,
283 2200 343 2232 nisi
369 2207 489 2232 certum
521 2201 567 2232 illi
591 2201 745 2232 tributum
775 2199 938 2242 penderet.
966 2203 1074 2240 Itaque

68 2253 217 2285 Bemardi
235 2265 334 2296 opera
354 2254 448 2296 Regis
465 2254 524 2286 sibi
543 2265 561 2286 a
576 2254 727 2286 Pontifice
751 2253 876 2284 titulum
895 2252 1074 2283 confirmari

66 2312 171 2349 rogat,
191 2307 311 2338 malens
325 2307 437 2339 tributi
460 2307 659 2350 persolvendi
679 2318 752 2338 reus
771 2317 837 2338 esse
855 2309 889 2337 B.
908 2309 998 2337 Petro
1020 2317 1075 2336 seu

67 2359 138 2407 sedi
150 2361 328 2403 apostolicae
339 2385 347 2400 ,
362 2372 459 2403 quam
471 2361 573 2393 vicino
589 2367 620 2393 et
633 2360 747 2392 aemulo
767 2359 842 2402 regi.
857 2360 899 2390 Yi
909 2359 940 2391 le
961 2359 1074 2402 episto·

68 2412 130 2445 lam
147 2416 227 2447 419.

115 2470 181 2499 594
198 2470 234 2500 B.
249 2480 291 2499 an
314 2479 499 2500 nummum
522 2479 764 2500 cansortxsisn
785 2480 942 2499 ABBATEM
965 2480 1074 2499 805³?-

66 2531 180 2553 uuxs
215 2541 262 2545 —-
289 2522 463 2565 Scriptores
496 2523 684 2555 recentiores
698 2547 706 2561 ,
739 2522 887 2553 nimirum
915 2522 1070 2559 Horstius,

68 2575 197 2607 Carolus
221 2575 262 2607 de
282 2575 381 2608 Visch
397 2601 405 2615 ‚
433 2583 526 2618 atque
551 2583 660 2608 auctor
685 2577 768 2608 Vitae
796 2575 913 2618 gallicae
938 2577 972 2606 S.
1003 2578 1074 2606 Ber-

66 2627 156 2659 nai-di
169 2652 178 2668 ,
199 2635 307 2661 contra
320 2629 485 2661 Trithemii
498 2655 506 2668 ,
523 2629 704 2661 Bellarmini
715 2654 724 2667 ,
739 2630 933 2670 aliorumque
952 2635 1075 2660 senten-

67 2680 160 2720 tiam,
185 2683 363 2714 Arnoldum
375 2683 461 2715 hunc
482 2684 662 2715 distinctum
674 2684 785 2715 volunt
807 2682 847 2714 ab
864 2689 990 2713 auctore
1002 2681 1073 2713 libri

67 2736 195 2768 secundi
211 2737 294 2769 vitae
309 2740 342 2770 S.
358 2738 511 2769 Bernardi
523 2763 531 2777 ‚
548 2748 640 2780 quem
657 2744 797 2769 autorem
816 2742 927 2768 vocant
940 2739 1073 2767 Bernar-

73 2789 146 2821 dum
160 2814 168 2829 ,
192 2802 329 2834 eumque
353 2791 501 2823 abbatem
521 2792 756 2830 Bonae-Vallis,
781 2802 846 2822 non
871 2790 1074 2822 Pictaviensis

68 2848 122 2875 aut
137 2844 333 2884 Rutinensis,
354 2845 410 2877 sed
428 2845 618 2877 Viennensis
632 2845 760 2877 Ordinis
777 2843 998 2877 Cisterciensis.
1016 2844 1073 2875 Al-

67 2900 166 2928 terum
185 2908 258 2929 tero
279 2898 458 2930 Arnoldum
476 2899 654 2941 appellant,
673 2898 885 2929 Bonae-Vallis
900 2899 1072 2928 Carnoteu-

66 2948 109 2980 sis
129 2949 221 2992 (quae
233 2956 279 2982 est
301 2951 526 2983 monachorum
542 2951 842 2993 Benedictinorum)
860 2950 1017 2988 abbatem,
1034 2951 1074 2982 ad

68 3012 162 3044 quem
184 3003 252 3036 haec
272 3005 403 3048 epistola
427 3005 543 3048 scripta
560 3005 664 3037 fuerit.
685 3005 746 3038 Sed
763 3011 918 3036 tantorum
937 3005 1072 3035 virorum

68 3064 146 3097 pace
167 3056 318 3097 dixerim,
341 3069 440 3090 unum
458 3065 490 3090 et
514 3059 659 3091 eumdem
678 3070 755 3091 esse.
775 3061 858 3091 Nam
875 3058 958 3100 quod
978 3058 1074 3100 perti-

69 3109 174 3141 netad
196 3111 333 3142 nominis
357 3111 569 3143 diversitatem
582 3136 590 3151 ‚
610 3119 718 3144 auctor
743 3111 816 3142 libri
843 3111 971 3143 secundi
992 3112 1074 3142 Vitae

70 3163 103 3193 S.
117 3164 268 3196 Bernardi
280 3164 314 3195 in
329 3171 511 3207 pervetusto
532 3165 640 3197 codice
664 3165 876 3207 manuscripto
895 3164 1074 3196 Corbeiensi

69 3214 216 3248 scribitur
231 3217 406 3256 Ernaldus,
427 3229 490 3260 quo
513 3219 641 3250 nomine
659 3224 765 3249 noster
792 3217 951 3249 Arnoldus
978 3217 1077 3248 abbas

71 3268 270 3302 carnotensis
289 3271 329 3302 ab
346 3271 482 3303 Arnulfo
502 3272 649 3315 episcopo
670 3270 854 3303 Lexoviensi
876 3270 907 3300 in
924 3270 960 3301 iis
973 3294 981 3308 ,
999 3281 1075 3311 quas

73 3320 113 3352 ad
127 3332 198 3354 eum
213 3324 335 3367 scripsit
347 3349 354 3362 ‚
373 3325 513 3368 epistolis
531 3325 723 3367 indigitatur.
739 3324 800 3357 Sed
825 3324 917 3354 missa
942 3324 1076 3354 nominis

73 3376 299 3416 controversia,
321 3383 441 3410 certum
459 3385 505 3410 est
526 3378 643 3410 librum
669 3377 839 3409 secundum
854 3376 934 3407 vita-
950 3379 980 3408 S.
1004 3380 1077 3408 Ber-

549 185 816 222 LECTIONES
845 183 1119 220 VAR1.i.xTEs
1151 185 1207 218 ΕΤ
1237 185 1379 219 ΧΟΤᾸΞ
1410 186 1463 219 Η,
1475 186 1652 220 stottES.

2058 188 2133 223 935*

1144 261 1233 292 nardi
1247 261 1395 303 scriptum
1408 271 1472 292 esse.
1487 261 1656 292 Codesrido
1669 261 1768 292 adluu-
1781 264 1960 302 Lingonensi
1975 265 2117 306 epist-op«,
2131 285 2134 288 .

1141 317 1189 344 lta
1209 313 1290 344 enim
1311 313 1421 354 legitur
1443 324 1510 354 cap.
1534 317 1565 347 ι’),
1583 324 1611 344 n.
1631 317 1672 344 29
1691 325 1697 344 ;
1713 329 1724 339 a
1744 315 1929 345 (mucii-idus
1947 317 2032 346 Prior
2049 318 2128 357 ejus-

1143 382 1154 393 1·
1175 367 1245 398 dem
1273 368 1351 404 loci,
1378 367 1571 409 propinquus
1593 368 1658 408 cjus
1679 367 1707 396 iu
1732 378 1823 397 carne
1846 375 1875 398 et
1899 369 2060 409 spiritu....
2079 372 2132 410 11111

1143 436 1154 446 ν
1175 427 1281 462 postea
1302 421 1332 451 in
1347 420 1474 451 ccclesia
1491 419 1673 459 lingonensi
1690 419 1785 450 suctus
1807 420 2014 461 episcopus...
2039 432 2134 461 usque

1143 488 1157 499 ι»
1172 472 1264 504 bodie
1283 473 1456 515 ingrediens
1478 478 1506 502 et
1526 471 1683 513 egrediens
1708 471 1902 502 laudabiliter
1923 481 2104 513 persei-*ran
2125 491 2135 499 ··

1141 527 1278 568 Scriptus
1297 532 1343 557 est
1360 526 1452 567 igitur
1469 531 1539 555 31111·
1555 535 1670 555 annum
1694 529 1704 555 1
1719 528 1794 561 161,
1814 535 1874 565 (1110
1895 525 2081 555 ‹tout-tritius
2095 526 2137 555 ‹li-

1141 580 1233 610 1111550
1247 579 1426 621 episcopatu
1441 594 1452 604 α
1473 578 1730 610 Claram-Vallem
1747 588 1887 608 reiersus
1903 583 1946 607 cst
1969 577 2006 607 ad
2021 578 2131 617 (11111111-Α

1143 649 1157 659 »
1174 644 1247 664 xum
1269 644 1330 663 suae
1356 631 1499 663 Raclielis
1518 655 1525 668 ,
1549 646 1560 657 n
1587 636 1619 661 ut
1636 630 1728 661 rcl'ert
1753 630 1928 661 Cbronicon
1955 630 2136 661 Clarae-Vul-

1142 687 1244 724 leuse,
1274 686 1327 716 ubi
1360 690 1499 715 mortuus
1519 682 1698 725 perhibetur
1725 693 1806 713 anno
1838 684 1936 717 1104,
1960 687 2045 711 sexto
2070 681 2136 710 idus

1141 739 1333 771 novembris.
1363 738 1458 779 Atqui
1487 748 1503 767 a
1527 736 1706 767 fundatione
1726 736 1931 767 Bona-Nauis
1954 735 2138 764 Viennensis

1142 804 1226 825 anuo
1245 794 1345 829 1117,
1369 802 1465 832 usque
1482 790 1520 821 ad
1539 800 1653 820 annum
1679 793 1688 819 1
1705 792 1764 819 180
1778 813 1785 826 ,
1807 788 1909 818 nullus
1926 787 2021 818 abbas
2043 787 2073 816 in
2099 798 2134 816 ea

1142 846 1293 879 Bernardi
1306 856 1419 876 nomen
1432 844 1558 874 sortitus
1570 849 1625 874 cst.
1635 842 1754 874 Primus
1767 842 1847 872 enini
1863 841 1982 883 pra-suit
1997 842 2027 871 S.
2044 842 2138 870 ,10311-

1142 912 1198 932 nes
1212 900 1252 931 ab
1277 910 1360 930 anno
1392 900 1476 929 1118
1496 897 1533 927 ad
1553 906 1669 927 annum
1696 898 1780 926 1138
1794 919 1801 932 ,
1827 894 1879 935 qui
1908 894 1939 924 iu
1957 892 2138 935 episcoprum

1140 954 1343 985 Valentinum
1358 957 1552 993 assumptus,
1573 951 1675 981 locum
1703 949 1792 980 cessit
1817 948 1974 979 Gozevino
2000 945 2136 977 secundo

1141 1008 1259 1040 abbati.
1274 1007 1333 1038 Hic
1346 1004 1500 1037 Rainaldo
1515 1003 1651 1035 Cistercii
1669 1002 1775 1033 abbati
1791 1001 1937 1032 suffectus
1952 1011 2034 1030 anno
2049 1003 2058 1030 1
2072 1002 2128 1029 151

1142 1066 1268 1093 Petrum
1284 1059 1393 1091 habuit
1418 1058 1450 1088 in
1468 1057 1659 1093 Bona-Yallc
1678 1065 1882 1087 successorem
1907 1065 1913 1084 :
1938 1057 2045 1084 Petrus
2063 1063 2135 1082 1010

1142 1126 1223 1146 anno
1246 1118 1256 1145 l
1272 1117 1327 1145 171
1349 1112 1475 1143 beatum
1492 1114 1654 1152 Hugonem
1666 1134 1672 1146 ,
1697 1115 1788 1139 antea
1802 1106 1949 1138 Liuncelli
1966 1105 2107 1136 abbatem
2125 1129 2132 1141 ,

1142 1168 1194 1210 (1111
1211 1167 1249 1198 ad
1266 1177 1383 1197 annum
1402 1168 1412 1195 1
1428 1167 1489 1195 180
1502 1188 1508 1200 ,
1531 1174 1592 1204 quo
1610 1162 1774 1192 decessisse
1799 1159 1930 1191 traditur
1947 1159 1978 1189 in
1995 1159 2134 1190 111011010-

1142 1221 1191 1263 gio
1205 1218 1400 1253 Cisterciensi
1414 1242 1420 1255 ‚
1437 1216 1626 1247 Bonae-Yalli
1643 1214 1813 1246 Viennensi
1829 1212 1961 1256 111-(111111.
1980 1212 2042 1242 L'bi
2063 1222 2133 1251 ergo

1142 1273 1319 1306 Bernardus
1341 1270 1548 1303 Bonae-Yallis
1568 1268 1753 1300 Viennensis
1772 1267 1868 1298 abbas
1884 1291 1892 1303 ,
1918 1266 1970 1307 qui
1990 1272 2059 1296 ante
2084 1277 2135 1295 an-

1142 1340 1218 1359 1111111
1242 1329 1326 1359 116-’1
1349 1336 1410 1367 (1110
1433 1324 1562 1355 denatus
1584 1328 1629 1352 est
1653 1320 1841 1351 Godefridus
1861 1319 2076 1359 Lingoneusis,
2104 1318 2136 1348 li-

1141 1383 1234 1414 brum
1247 1380 1416 1412 secundum
1437 1378 1506 1408 vitae
1521 1379 1551 1408 S.
1574 1379 1625 1406 Rei
1634 1374 1723 1406 nardi
1742 1372 1918 1415 scripserit?
1937 1374 2011 1402 Haee
2035 1377 2136 1401 autem

1142 1436 1246 1468 omnia
1259 1446 1298 1466 ex
1319 1432 1492 1465 Annalibus
1508 1429 1641 1462 Maurici
1669 1427 1847 1459 inductione
1868 1431 2020 1457 constant.
2045 1428 2139 1456 Acce-

1143 1491 1187 1522 dit
1201 1516 1208 1529 ,
1227 1489 1311 1532 quod
1331 1488 1412 1518 Yitoe
1426 1484 1627 1518 Bernardiuze
1641 1483 1721 1514 liber
1737 1480 1889 1513 secundus
1905 1479 1944 1510 ab
1958 1479 2081 1509 homine
2094 1479 2136 1509 al-

1141 1546 1238 1577 terius
1256 1540 1500 1585 congregationis
1515 1564 1521 1577 ‚
1541 1549 1632 1580 quam
1651 1535 1860 1569 Cisterciensis
1872 1558 1881 1571 ,
1904 1532 2044 1563 conditus
2069 1538 2114 1563 est
2129 1556 2135 1567 ,

1143 1607 1177 1631 nt
1192 1600 1262 1642 ejus
1270 1596 1487 1629 Praefaticnem
1504 1598 1645 1624 accurate
1660 1589 1845 1632 expendenti
1862 1587 2056 1629 perspicuum
2073 1586 2135 1617 siet.

1143 1657 1232 1685 L'nus
1256 1652 1349 1693 igitur
1373 1655 1466 1690 atque
1489 1647 1571 1678 idem
1588 1652 1633 1676 est
1658 1650 1765 1675 auctor
1788 1641 1924 1684 praedicti
1945 1640 2038 1677 libri,
2060 1647 2094 1671 ct
2107 1644 2136 1671 S.

1143 1705 1293 1739 Bernardj
1308 1703 1423 1734 amicus
1439 1702 1489 1732 ille
1503 1724 1510 1737 ‚
1530 1699 1569 1730 ad
1588 1709 1680 1740 quem
1699 1695 1791 1727 morti
1804 1693 1961 1736 proximus
1978 1692 2058 1724 hanc
2076 1693 2138 1734 epi-

1142 1761 1252 1793 stolam
1271 1756 1413 1799 scripsit,
1440 1754 1586 1785 nimirum
1608 1758 1712 1782 noster
1733 1748 1890 1782 Arnoldus
1907 1758 1958 1778 seu
1986 1747 2139 1777 Ernaldus

1141 1812 1346 1847 Bonae-Vallis
1371 1807 1570 1841 Carnotcnsis
1592 1805 1708 1842 abbas,
1725 1803 1763 1834 de
1789 1812 1850 1843 (1110
1872 1800 1937 1831 baec
1953 1800 2071 1830 monuit
2091 1800 2138 1830 xii·

1143 1867 1339 1900 doctissimus
1356 1868 1395 1895 R.
1421 1865 1458 1893 P.
1478 1856 1819 1893 Boi-trandussl‘issier,
1839 1855 1943 1896 quiea
1963 1864 2022 1895 qua
2046 1854 2139 1895 pollet

1140 1920 1316 1953 sinceritate
1330 1923 1358 1948 et
1372 1914 1492 1958 judicio
1506 1938 1513 1951 ,
1533 1922 1603 1943 cum
1626 1909 1723 1941 nostri
1740 1906 1867 1940 Alnoldi
1884 1916 1978 1947 opera
1998 1916 2090 1946 penes
2106 1916 2138 1935 se

1140 1975 1293 2011 haberet,
1313 1971 1467 2011 sciretque
1493 1978 1556 1998 11011
1573 1976 1662 2008 posse
1678 1975 1713 1995 ea
1731 1961 1928 1994 Bibliothecae
1945 1963 2069 1990 Patrum
2093 1959 2139 1990 Ci-

1141 2027 1354 2061 sterciensium
1373 2022 1549 2059 accenseri,
1569 2020 1608 2051 ad
1630 2024 1771 2049 nostrum
1792 2014 1960 2046 Achcrium
1973 2013 2139 2043 transmisit

1140 2094 1235 2126 quam
1258 2078 1480 2112 humanissime
1505 2087 1511 2106 z
1532 2075 1597 2106 haec
1611 2098 1618 2109 ,
1641 2073 1766 2113 iuquam
1784 2094 1790 2105 ‚
1812 2069 1850 2100 de
1877 2073 1982 2098 nostro
2000 2066 2138 2097 Arnoldo

1140 2136 1262 2168 monuit
1281 2145 1288 2165 :
1306 2150 1321 2160 «
1343 2131 1470 2173 Scripsit
1485 2129 1536 2160 hic
1555 2132 1662 2158 auctor
1685 2124 1797 2156 librum
1819 2121 1988 2153 secundum
2006 2121 2085 2151 Yitae
2108 2123 2138 2152 S.

1142 2208 1156 2217 υ
1172 2188 1342 2225 Bernardi‚
1368 2186 1441 2217 item
1470 2187 1689 2214 Hexaemerou
1713 2171 1765 2209 seu
1790 2182 1952 2208 tractatum
1973 2174 2011 2205 de
2036 2178 2138 2216 Opere

1141 2262 1152 2273 »
1173 2256 1229 2277 sex
1244 2243 1364 2274 dierum
1376 2264 1384 2276 ,
1400 2238 1515 2270 librum
1535 2236 1573 2266 de
1594 2231 1815 2266 Cardinalibus
1829 2229 1941 2261 Christi
1961 2228 2114 2270 Operibus
2129 2253 2135 2264 ,

1142 2303 1335 2331 »tractatum
1358 2294 1396 2324 dc
1422 2290 1536 2322 'Verbis
1558 2287 1683 2320 Domini
1708 2287 1741 2317 iu
1761 2296 1861 2316 cruce.
1883 2286 1955 2313 Haec
1983 2282 2040 2313 tria
2065 2293 2139 2324 opu-

1141 2371 1153 2381 »
1174 2353 1259 2385 scula
1290 2344 1555 2382 Clarae-Yallensis
1583 2341 1672 2374 uobis
1704 2337 1895 2371 Bibliotheca
1921 2335 2136 2378 suppeditavit.

1141 2424 1155 2435 u
1168 2411 1277 2439 Postea
1290 2409 1393 2435 autem
1406 2400 1528 2432 tertium
1544 2398 1575 2428 iu
1592 2393 1782 2427 Bibliotheca
1802 2395 1926 2423 Patrum
1948 2389 2048 2431 reperi
2067 2400 2135 2420 eum

1140 2478 1153 2490 n
1169 2462 1228 2493 alio
1248 2458 1335 2490 brevi
1355 2456 1392 2486 de
1411 2458 1447 2486 Β.
1469 2451 1596 2493 Virgine
1613 2448 1714 2479 cidem
1732 2445 1906 2487 subjuncto.
1934 2446 2030 2473 Porro
2056 2441 2136 2472 liber

1140 2533 1155 2545 n
1168 2516 1205 2548 de
1225 2509 1443 2547 Cardinalibus
1467 2504 1581 2538 Christi
1601 2500 1755 2544 Operibus
1775 2497 1846 2528 huic
1864 2496 1896 2526 in
1920 2494 2065 2537 praedicta
2083 2494 2133 2524 Bi·

1138 2588 1152 2599 ιι
1173 2568 1328 2601 bliotheca
1344 2557 1594 2596 Clarae-Yallensi
1620 2553 1805 2587 adscribitur
1825 2551 1856 2581 in
1883 2548 2003 2580 duobus
2029 2558 2135 2578 manu-

1141 2642 1155 2653 »
1171 2622 1291 2665 scriptis
1311 2614 1540 2659 exemplaribus
1564 2621 1633 2642 cum
1654 2608 1713 2640 boc
1729 2605 1836 2642 tituto,
1861 2602 2007 2643 Prologus
2029 2601 2136 2631 domni

1142 2695 1154 2706 n
1172 2674 1299 2709 Ernaldi
1315 2663 1654 2704 abbatisBonae-Yallis
1674 2662 1706 2692 in
1727 2659 1840 2690 librum
1859 2656 1897 2687 de
1920 2653 2137 2687 Cardinalibus

1140 2747 1153 2759 ι·
1169 2729 1283 2764 Christi
1295 2724 1475 2769 Operibus,
1496 2730 1588 2762 quem
1611 2714 1731 2758 scripsit
1751 2712 1790 2743 ad
1814 2710 1986 2743 Adrianum
2003 2718 2114 2750 papam
2128 2730 2137 2745 ‚

1337 2784 1362 2811 I.
1381 2794 1394 2805 υ
1418 2780 1464 2808 113
1483 2774 1544 2805 ille.
1558 2771 1668 2803 Eidem
1683 2769 1714 2798 in
1732 2763 1924 2798 Cisterciensi
1948 2759 2137 2793 Bibliotheca

1467 2828 1634 2859 ribuuntur
1649 2833 1656 2854 ι
1679 2821 1796 2864 1)11111115
1810 2843 1818 2857 ,
1839 2817 1877 2847 dc
1898 2819 2023 2857 Septem
2040 2815 2137 2845 Donis

1829 2887 1841 2898 «ι
1869 2873 1968 2902 Nemo
1985 2879 2056 2900 cum
2074 2867 2139 2899 11κο

1141 2802 1156 2813 »
1170 2784 1285 2817 scilicet
1303 2785 1334 2812 II

1139 2840 1201 2871 duo
1215 2836 1266 2868 atii
1288 2838 1434 2866 tractatus
1453 2836 1463 2860 1

1140 2892 1272 2935 Spiritus
1287 2886 1403 2921 sancti,
1429 2883 1516 2924 cujus
1540 2880 1599 2911 hoc
1623 2875 1805 2910 exordium,
2090 2922 2095 2926 -

1141 2962 1156 2974 n
1170 2944 1305 2987 capitula
1323 2938 1445 2975 viderit,
1462 2952 1474 2963 u
1488 2941 1548 2966 etc.
1562 2930 1731 2965 secundus,
1747 2928 1784 2958 de
1798 2928 1936 2966 Corpore
1949 2929 1978 2953 et
1991 2933 2138 2963 sanguine

1140 2997 1288 3034 Domini,
1309 3000 1344 3025 ut
1358 2991 1466 3023 litteris
1488 2987 1563 3019 mihi
1583 2982 1766 3027 significavit
1782 2984 1821 3012 R.
1839 2982 1874 3010 P.
1895 2978 2027 3008 domnus
2045 2979 2139 3035 ⁸Jaco-

1140 3054 1198 3085 bus
1220 3054 1404 3090 Lannoyus‚
1429 3044 1482 3086 qui
1495 3042 1630 3085 priorem
1655 3048 1751 3069 manu
1776 3033 1901 3077 proptia
1925 3036 2138 3071 transcriptum

1140 3107 1180 3139 ad
1194 3115 1249 3136 nos
1265 3101 1389 3134 direxit.
1404 3102 1591 3139 Quanquam
1606 3104 1646 3124 an
1661 3102 1733 3123 vere
1747 3091 1812 3132 ejus
1831 3088 1867 3118 sit
1883 3086 1968 3128 prior
1980 3085 2035 3115 iste
2050 3083 2138 3118 liber,

1139 3171 1207 3193 non
1221 3157 1311 3189 facile
1337 3152 1467 3186 dixerim
1489 3161 1496 3182 ε
1515 3149 1554 3180 de
1575 3145 1739 3190 posteriori
1763 3142 1837 3184 quid
1861 3137 2054 3170 statuendum
2079 3135 2138 3171 sit,

1142 3224 1211 3245 cum
1231 3211 1319 3243 illum
1332 3218 1396 3240 non
1409 3204 1556 3237 viderim.
1575 3200 1660 3233 haud
1672 3200 1778 3240 liquet.
1798 3198 1872 3226 Haec
1889 3190 2009 3223 interim
2031 3188 2068 3218 de
2087 3198 2139 3217 no-

1141 3274 1207 3299 stro
1226 3262 1368 3297 Amotdo
1382 3285 1389 3298 ‚
1416 3259 1469 3301 qui
1496 3257 1609 3289 obiisse
1640 3252 1761 3284 videtur
1789 3248 1868 3279 circa
1890 3253 2001 3300 aunum
2034 3242 2115 3270 1154
2131 3262 2138 3275 ,

1277 3316 1398 3349 ufridus
1419 3318 1491 3356 post
1519 3320 1589 3342 eum
1609 3307 1714 3338 Vitam
1739 3306 1769 3334 S.
1787 3296 1934 3332 Bernard1
1956 3302 2140 3336 prosequen-

1143 3332 1205 3364 quo
1226 3321 1275 3350 Ga
1439 3378 1487 3398 am
1505 3366 1569 3408 ipsc
1598 3357 1764 3394 Gnusridus
1782 3354 1860 3385 libro
1881 3354 1987 3391 quarto
2005 3346 2084 3376 Vita:
2105 3346 2135 3374 S.

1145 3375 1215 3406 dam
1235 3370 1379 3413 suscepit.
1405 3369 1435 3399 N
