2565 3952
153 160 195 197 17
897 158 1157 194 PRAEFM'IO
1187 158 1481 195 GENERALIS.
2207 168 2250 204 18

152 273 167 288 »
192 252 342 293 merito
358 251 540 304 primam
557 250 688 291 fuisse
707 248 962 290 ordinatam.
993 268 1008 283 »
1033 249 1243 290 Caeterum
1264 249 1309 291 id
1328 265 1350 292 a
1377 264 1419 292 se
1437 251 1596 292 factum
1624 256 1830 294 memorat
1860 255 1994 295 tertiae
2014 257 2121 298 Vitae
2144 261 2251 300 scri-

144 337 242 387 ptor
258 344 281 372 a
301 330 424 372 nobis
444 329 598 380 editus,
620 341 749 383 quem
769 328 1028 370 Gaufridum
1048 328 1183 369 sancti
1200 329 1293 369 Viri
1314 329 1528 370 notarium
1546 342 1635 371 esse
1655 331 1961 374 existimamus.

202 411 338 451 XVII.
364 412 415 451 In
437 409 636 451 omnibus
660 412 803 449 tamen
825 408 1013 462 antiquis
1040 407 1162 448 libris
1193 420 1280 448 non
1303 408 1477 449 omuino
1502 413 1700 450 constans
1723 415 1786 452 est
1810 411 2100 464 Epistol-arum
2120 414 2226 456 ordo
2243 448 2252 466 ,

143 491 309 532 tametsi
328 491 372 530 in
395 490 611 544 plerisque
638 501 737 529 cum
763 487 936 542 vulgato
956 488 1166 529 consentit
1189 499 1325 541 usque
1346 486 1401 527 ad
1429 487 1653 541 epistolam
1671 490 1994 531 trecentesiman
2017 490 2223 533 decimam
2242 507 2251 545 3

142 569 219 624 qui
247 580 450 609 numerus
482 568 526 608 in
550 567 749 608 omnibus
770 567 870 608 item
900 566 1119 608 codicibus
1140 579 1227 608 non
1250 565 1446 607 habetur.
1476 567 1538 606 Ex
1564 578 1651 620 quo
1676 567 1930 620 intelligitur
1947 600 1957 620 ,
1988 582 2074 610 11011
2098 582 2250 622 unam,

141 648 214 691 sed
237 648 383 703 plures
413 647 544 688 factas
572 647 704 688 fuisse
732 647 1095 689 Bernardinarum
1122 646 1409 701 Epistolarum
1437 645 1772 699 compilationes.
1801 648 1852 688 In
1876 648 2015 689 tribus
2036 648 2255 691 codicibus

141 728 353 770 Vaticanis
382 726 595 768 habentur
623 727 704 767 illae
736 727 961 781 Epistolae,
992 731 1034 768 et
1056 728 1101 768 in
1132 727 1273 781 primo
1303 725 1479 780 quidem
1508 725 1843 779 elegantissimo,
1875 728 2040 780 signato
2064 740 2107 769 n.
2144 729 2251 780 662,

139 808 411 849 continentur
439 806 626 861 epistolae
651 806 844 848 ducentae
873 808 1104 861 nonaginta
1125 819 1198 847 sex
1221 805 1370 847 eodem
1396 805 1485 846 fere
1506 805 1656 846 ordine
1686 810 1813 860 atque
1832 806 1877 847 in
1896 806 2044 859 editis3
2067 820 2252 862 quarum

139 890 351 941 postrema
379 889 442 926 est
472 883 526 925 ad
549 885 876 937 Hibernienses,
897 885 949 927 de
978 887 1161 927 transitu
1188 885 1301 926 beati
1332 884 1561 925 Malachiae.
1586 885 1638 925 In
1660 884 1743 926 alio
1766 884 1910 926 codice
1930 898 1972 926 11.
1997 887 2081 926 [564
2100 918 2110 937 ,
2139 885 2251 927 idem

138 965 265 1006 etiam
289 962 395 1005 ordo
419 963 464 1004 in
495 963 686 1018 epistolis
710 963 904 1005 ducentis
924 965 1239 1019 quinquaginta
1270 963 1465 1016 duabus3
1492 977 1542 1005 ex
1563 964 1722 1019 quibus
1754 964 1904 1006 ultima
1933 970 1996 1007 est
2023 965 2077 1007 ad
2101 967 2251 1020 Hugo—

136 1055 234 1085 nem
259 1042 438 1084 militem
458 1043 637 1098 Templi.
659 1045 820 1084 Verum
848 1044 893 1085 in
912 1045 1060 1097 tertio,
1088 1045 1165 1099 qui
1196 1057 1239 1085 n.
1273 1045 1355 1085 663
1388 1043 1592 1097 praeditus
1622 1050 1705 1097 est,
1737 1050 1903 1087 exstant
1931 1045 2118 1100 epistolae
2164 1045 2248 1087 du-

134 1126 266 1163 centae
301 1121 585 1176 quadraginta
605 1154 615 1172 ,
641 1134 825 1176 quarum
855 1122 961 1163 ordo
991 1122 1044 1163 ab
1064 1123 1190 1165 editis
1211 1123 1382 1177 penitus
1412 1122 1607 1164 diversus
1639 1128 1701 1165 est
1724 1139 1733 1164 ε
1756 1125 1814 1165 ita
1844 1129 1891 1166 ut
1916 1125 2053 1179 prima
2076 1126 2131 1166 sit
2149 1124 2221 1166 illa
2238 1157 2248 1177 ,

134 1214 234 1256 quae
255 1202 301 1242 in
323 1201 500 1242 antehac
527 1200 652 1242 editis
680 1202 975 1242 trecentesima
998 1201 1159 1243 decima
1181 1204 1326 1254 tertia,
1349 1201 1402 1242 ad
1430 1203 1718 1243 Haimericum
1742 1203 2028 1256 cardinalem3
2063 1208 2270 1269 extrema·

136 1278 427 1321 ducentesima
445 1279 755 1333 septuagesima
774 1280 926 1333 quinta
942 1311 952 1331 ,
975 1279 1029 1320 ad
1056 1282 1296 1335 Eugenium
1320 1283 1480 1335 Papam
1500 1281 1551 1323 de
1572 1282 1776 1323 electione
1796 1282 2176 1324 Autissiodorensi.
2199 1285 2250 1325 In

135 1357 228 1399 aliis
263 1355 482 1398 codicibus
506 1355 619 1397 idem
651 1355 740 1397 fere
760 1355 866 1397 ordo
889 1362 1082 1398 servatur
1110 1362 1238 1412 atque
1259 1360 1303 1399 in
1324 1359 1450 1401 editis
1464 1392 1474 1412 ,
1494 1360 1578 1401 nisi
1606 1359 1725 1414 quod
1751 1361 1796 1400 in
1817 1360 2085 1402 Gandavensi
2102 1373 2252 1402 mona-

135 1436 252 1478 sterii
284 1435 570 1478 Sancti-Petri
592 1434 679 1476 haec
703 1434 991 1489 Epistolarum
1017 1436 1261 1491 compilatio
1292 1438 1504 1480 dividitur
1520 1440 1563 1480 in
1583 1444 1668 1480 tres
1700 1444 1842 1493 partes
1872 1454 1880 1480 :
1907 1452 2092 1494 quarum
2112 1442 2249 1495 prima

133 1516 322 1558 continet
341 1515 541 1570 epistolas
562 1519 755 1567 centum3
778 1514 931 1567 altera,
953 1516 1152 1569 epistolas
1172 1519 1390 1572 sexaginta
1408 1523 1595 1573 quatuor
1612 1532 1741 1573 supra
1761 1524 1956 1572 centum3
1977 1521 2101 1562 tertia
2120 1553 2130 1573 ,
2154 1522 2247 1575 epi-

132 1593 260 1635 stolas
291 1593 558 1648 septuaginta
589 1605 660 1634 sex
678 1607 688 1645 3
708 1606 893 1648 quarum
911 1594 1147 1648 penultima
1166 1599 1229 1636 est
1254 1596 1461 1637 Bernardi
1489 1596 1543 1638 ad
1569 1598 1812 1650 Rorgonem
1837 1597 1890 1638 de
1912 1597 2248 1651 Abbatis-Yilla3

124 1674 274 1716 ultima
289 1707 300 1728 ,
329 1676 507 1717 Joannjs
533 1676 794 1717 Casae-Marii
819 1675 873 1717 ad
897 1674 1245 1716 Ber11ardum.Et
1265 1674 1443 1716 fortasse
1464 1676 1508 1716 in
1534 1675 1653 1717 nullo
1678 1675 1761 1717 alio
1782 1675 1925 1718 codice
1949 1676 2094 1731 plures
2119 1678 2246 1720 simul

128 1753 341 1795 habentur
363 1754 571 1795 Bernardi
593 1754 804 1809 epistolae,
827 1767 958 1809 quam
975 1755 1021 1794 in
1041 1753 1120 1794 isto
1143 1751 1434 1805 Gandavensi3
1457 1766 1544 1808 quo
1565 1753 1729 1806 codice,
1751 1754 1821 1795 vel
1838 1759 1950 1796 certe
1970 1755 2120 1808 simili,
2143 1769 2245 1798 usus

127 1836 191 1875 est
211 1831 459 1874 Willermus
479 1834 754 1874 Tornacensis
785 1832 1018 1874 monachus
1039 1833 1083 1872 in
1103 1838 1180 1873 suo
1200 1831 1466 1873 Bernardino
1497 1834 1694 1887 superius
1717 1832 1910 1887 laudatO,
1936 1833 2012 1875 ubi
2036 1836 2245 1889 Epistolas

127 1923 179 1952 ex
201 1911 360 1965 prima,
390 1911 597 1964 secunda,
623 1916 664 1953 et
684 1912 809 1953 tertia
836 1915 956 1965 parte
977 1909 1167 1952 adducit.
1194 1912 1405 1953 Caeterum
1430 1912 1473 1953 in
1498 1911 1642 1954 codice
1664 1913 1947 1955 Vallis-Clara:
1974 1914 2149 1956 Ordinis
2170 1916 2242 1956 Ci-

124 1990 363 2032 sterciensis
381 1995 547 2032 exstant
567 1991 753 2045 epistolae
780 1995 977 2032 trecentae
1009 1995 1194 2045 septem3
1219 1992 1262 2032 in
1284 1993 1434 2032 Aureae
1444 1991 1668 2044 -Vallensi,
1691 1996 1889 2033 trecentae
1916 2005 1989 2033 sex
2012 1992 2243 2048 utrobique

122 2072 336 2123 postrema
355 2067 410 2109 ad
437 2068 678 2110 Arnoldum
701 2068 918 2122 abbatem,
943 2082 1038 2123 quw.
1070 2074 1182 2110 certe
1218 2069 1426 2110 Bernardi
1445 2075 1633 2112 extrema
1666 2075 1743 2112 est.
1766 2071 1954 2111 Primam
1980 2071 2096 2112 illam
2126 2072 2241 2114 haud

119 2147 250 2189 dubie
290 2147 582 2190 collectionem
601 2147 656 2190 ad
679 2161 721 2189 se
754 2149 867 2189 mitti
899 2148 1071 2203 petebat
1103 2150 1286 2190 Joannes
1327 2149 1655 2191 Saresberiensis
1684 2151 1728 2191 in
1761 2150 1940 2205 epistola
1968 2153 2239 2205 nonagesima

119 2231 262 2280 sexta,
293 2227 348 2269 ad
381 2229 557 2270 Petrum
582 2228 816 2269 Cellensem
839 2243 848 2268 :
870 2229 940 2269 cui
964 2229 1009 2269 in
1039 2228 1217 2283 epistola
1251 2229 1447 2284 sequenti
1478 2249 1493 2263 «
1518 2243 1598 2285 pro
1626 2230 1816 2285 epistolis
1844 2229 1958 2272 beati
1983 2230 2189 2272 Bernardi
2217 2252 2231 2265 »

119 2307 275 2360 gratias
299 2308 400 2362 agit.

176 2386 336 2428 XVIII.
375 2388 470 2428 Jam
493 2399 596 2428 vero
623 2391 672 2428 ut
690 2386 743 2428 de
768 2386 1045 2441 epistolarum
1064 2387 1299 2428 accessione
1320 2386 1365 2426 in
1394 2385 1472 2427 hac
1500 2385 1686 2427 editione
1711 2386 1819 2428 facta
1846 2385 1993 2441 (quod
2021 2391 2234 2441 postremo

115 2464 208 2506 loco
225 2465 493 2510 tractandum
513 2464 631 2521 erat)
650 2478 848 2519 agamus,
866 2464 1213 2520 praemittendum
1233 2469 1320 2516 est,
1340 2465 1385 2505 111
1403 2465 1542 2520 prima
1561 2464 1925 2507 Bernardinarum
1946 2466 2233 2520 Epistolarum

115 2543 300 2586 editione
318 2545 585 2586 Bruxellensi
603 2546 702 2586 anni
729 2546 855 2597 1481,
877 2550 1005 2599 atque
1024 2545 1069 2586 in
1092 2545 1322 2586 Parisiensi
1341 2545 1441 2585 anni
1471 2545 1605 2596 1494,
1634 2543 1826 2584 exhiberi
1852 2548 2060 2585 trecentas
2087 2544 2229 2586 decem

115 2623 336 2677 epistolas,
363 2637 549 2679 quarum
569 2624 904 2678 antepenultima
932 2629 994 2666 est
1014 2625 1066 2666 ad
1085 2624 1327 2666 Arnoldum
1351 2625 1656 2665 Carnutensem
1675 2622 1892 2675 abbatem,
1920 2623 2155 2677 penultima
2177 2623 2231 2664 ad

114 2703 280 2745 Fratres
303 2703 627 2757 Hibernienses,
659 2705 704 2745 in
732 2703 854 2745 obitu
873 2705 1007 2745 sancti
1034 2704 1249 2745 Malachiae
1280 2703 1491 2757 episcopi,
1517 2701 1667 2743 ultima
1696 2701 1749 2743 ad
1770 2701 2009 2743 Guidonem
2033 2701 2229 2743 abbatem

116 2784 473 2824 Arremarensem.
506 2785 559 2824 In
587 2783 773 2825 editione
800 2795 903 2824 vero
941 2784 1041 2824 anni
1083 2785 1193 2825 1520
1228 2795 1305 2837 per
1339 2781 1448 2823 duos
1474 2780 1849 2823 Clarae-Vallenses
1883 2781 2137 2833 monachos,
2179 2788 2228 2823 ut

114 2859 319 2914 diximus,
352 2861 578 2914 adornata,
612 2866 780 2903 exstant
813 2861 1003 2916 epistolae
1035 2862 1210 2902 omnino
1248 2864 1446 2902 trecentae
1476 2860 1792 2914 quinquaginta
1820 2863 1861 2901 et
1896 2872 2006 2912 una,
2042 2872 2225 2914 quarum

114 2945 301 2982 extrema
319 2945 384 2983 est
404 2940 459 2983 ad
479 2942 706 2995 Hugonem
726 2941 958 2991 novitium,
981 2945 1126 2995 postea
1145 2939 1434 2982 'Bonae-Vallis
1456 2938 1669 2980 abbatem.
1696 2940 1752 2980 At
1775 2938 1953 2993 epistola
1984 2938 2036 2979 ad
2064 2939 2222 2980 Arnol-

114 3019 218 3061 dum
236 3021 529 3062 trecentesima
547 3019 712 3061 decima
731 3024 815 3072 est3
835 3019 1012 3074 epistola
1032 3031 1134 3060 vero
1156 3018 1210 3060 ad
1225 3018 1528 3060 Hibernienses
1546 3018 1842 3059 trecentesima
1860 3017 2098 3058 undecima.
2126 3019 2220 3058 Hu-

109 3095 179 3150 jus
197 3097 454 3140 discriminis
472 3099 581 3140 ratio
600 3103 686 3151 est,
706 3097 825 3153 quod
845 3099 891 3138 in
906 3098 1043 3152 priori
1060 3096 1133 3138 illa
1152 3096 1337 3138 editione
1359 3098 1517 3138 desunt
1535 3095 1721 3150 epistolae
1740 3096 1855 3149 duae,
1877 3109 2027 3150 nempe
2045 3097 2220 3151 epistola

112 3177 365 3231 octogesima
381 3182 533 3232 quarta
546 3210 558 3231 ,
579 3191 674 3232 quae
694 3183 757 3219 est
773 3176 956 3219 secunda
977 3176 1031 3218 ad
1049 3178 1261 3219 Simonem
1278 3176 1475 3217 abbatem
1494 3174 1822 3217 Sancti-Nicolai
1839 3189 1849 3227 3
1872 3179 1913 3216 et
1935 3175 2109 3229 epistola
2130 3188 2218 3215 cen-

111 3255 258 3296 tesima
276 3255 600 3310 quadragesima
620 3257 820 3311 septima,
845 3255 899 3297 ad
918 3257 1094 3297 Petrum
1123 3255 1320 3297 abbatem
1346 3253 1679 3295 Cluniacensem.
1702 3252 1888 3294 Jodocus
1920 3253 2156 3294 Clictoveus
2173 3252 2215 3292 in

113 3344 188 3375 sua
214 3333 399 3376 editione
430 3335 530 3376 anni
557 3337 665 3377 1515
691 3340 733 3376 et
758 3337 802 3376 in
820 3334 1180 3389 consequentibus
1207 3333 1335 3375 habet
1361 3333 1559 3387 epistolas
1585 3336 1750 3373 tantum
1772 3335 1976 3373 trecentas
1994 3331 2211 3385 quinqua-
