2517 3920
265 211 361 248 1575

211 299 216 303 -
259 288 328 320 Cap.

265 516 298 538 u

266 626 315 647 VII

265 682 327 703 VIII

267 956 299 977 XI

266 1065 313 1086 XII

267 1285 326 1306 XIII

267 1340 320 1361 XIV

266 1450 284 1471 X
289 1449 305 1469 V

266 1556 319 1577 XVI

266 1667 334 1688 XVII

270 1777 349 1798 XVIII

268 1886 323 1908 XIX

266 1996 308 2017 XX

266 2106 319 2127 XXI

1539 70 1549 76 ,,
1561 21 1645 73 s‘*
1679 24 1681 26 .

748 207 783 241 S.
809 205 1062 240 BERNARDI
1084 203 1287 240 ABBATIS
1315 188 1654 238 TRAETATUUM
1682 200 1853 236 INDEX.

484 336 550 370 dus
563 335 729 370 adhaeret.

431 391 551 426 Sorori
569 390 746 425 defunctae
762 388 925 424 sacrificii
943 388 1126 423 oblatione

485 445 670 481 succurrit.

432 501 688 537 Monasterium
716 500 963 535 Benchorense
990 498 1124 533 desola-

483 563 558 592 tum
576 557 757 591 instaurat.

440 612 648 659 Dysenteria
672 610 889 646 laborantem
910 615 1021 644 curat.

441 669 693 715 Episcopatum
711 670 1005 701 Conneretensem
1021 691 1030 704 ‚
1052 664 1133 698 licet

483 723 630 762 invitus,
650 722 806 767 suscipit.

437 778 692 812 Monasterium
723 776 906 810 Ibracense
939 774 1124 810 construit.

443 834 499 868 Fit
520 833 802 878 archiepiscopus
823 842 882 866 seu
905 832 1036 877 primas
1053 832 1107 865 Hi·

483 888 628 922 berniae.
1053 894 1055 896 ’

438 942 583 977 Insidias
602 941 716 975 evadit
741 942 952 981 incolumis,
976 942 1129 976 auctori-

486 997 552 1032 bus
571 998 664 1032 male
680 997 838 1043 perditis.

436 1055 560 1087 Hostes
586 1064 645 1087 seu
677 1054 825 1087 aemulos
842 1080 850 1093 ,
882 1053 918 1087 in
946 1054 1061 1099 ipsum
1081 1064 1129 1087 ar-

484 1114 596 1143 matos
607 1135 616 1148 ‚
638 1110 766 1142 virtute
781 1109 889 1142 animi
907 1114 941 1142 et
957 1109 1131 1143 constanti

482 1164 519 1197 in
537 1166 651 1198 Deum
677 1164 746 1198 side
763 1164 866 1204 lenit,
888 1164 1026 1210 sibique
1045 1175 1130 1198 con-

487 1218 594 1251 ciliat.

438 1275 531 1307 Deus
564 1274 746 1308 Malachiae
767 1274 983 1309 detractores
1012 1274 1126 1321 punit.

437 1329 565 1363 sedem
585 1330 894 1376 metropolitanam
913 1330 991 1377 paci
1018 1329 1130 1364 reddi-

487 1390 558 1419 tam
585 1386 746 1430 resignat.

432 1441 580 1474 Romam
593 1440 769 1486 proficisci
783 1438 963 1479 deliberat,
983 1441 1130 1484 pallium

488 1504 506 1524 a
519 1494 688 1525 Pontificc
703 1494 889 1537 petiturus.

440 1547 586 1593 Romani
617 1545 783 1586 tendens,
806 1552 838 1579 et
869 1547 952 1581 inde
978 1548 1130 1587 rediens,

484 1601 778 1635 Claram-Vallem
794 1602 920 1636 visitat.

435 1656 577 1690 Diversa
619 1656 793 1691 beneficia
835 1659 1025 1693 sanitatum
1068 1669 1132 1704 per

484 1722 566 1746 eum
585 1713 722 1746 collata.

430 1768 598 1800 Reversus
614 1767 651 1800 in
669 1769 835 1813 patriam,
857 1774 947 1803 totus
965 1779 1058 1803 curae
1076 1779 1131 1815 pa-

462 1823 580 1856 storali
599 1828 632 1857 et
649 1824 892 1858 reformationi
913 1824 1102 1859 incumbit.

441 1877 617 1910 Virtutum
648 1880 724 1923 ejus
754 1879 922 1925 insignia,
950 1885 983 1914 et
1015 1890 1130 1914 mores

486 1941 566 1965 vero
583 1934 732 1979 praesule
751 1933 860 1979 digni.

441 1987 710 2032 Energumenos
739 1995 876 2025 vexatos
908 2001 926 2024 a
945 1990 1129 2025 daemoniis

490 2041 625 2076 liberat.
989 2035 992 2037 Δ

434 2096 612 2131 Beneficia
632 2098 856 2133 moribundis
873 2105 907 2134 et
932 2101 1130 2147 parturien-

485 2150 576 2185 tibus
595 2154 758 2198 praestita.

1205 278 1270 311 Pag.

1176 337 1266 367 1³73

1178 446 1269 479 4176

1179 558 1270 589 1177

1181 613 1272 644 1179

1182 723 1273 757 1479

1181 779 1273 813 1481

1184 890 1272 920 1Δ82

1182 1001 1273 1032 1185

1182 1220 1274 1255 1186

1182 1277 1272 1310 1189

1184 1387 1274 1420 1390

1182 1497 1273 1530 4301

1185 1608 1274 1640 1³93

1185 1719 1275 1750 1495

1183 1829 1275 1862 1496

1182 1940 1274 1972 1Δ97

1184 2049 1274 2082 1499

1183 2161 1273 2183 ,15οΛ

1339 278 1405 310 Cap.

1338 346 1405 368 XXII

1339 457 1420 479 XXIII

1341 567 1380 588 XX
1386 566 1415 587 IV

1341 677 1402 699 XXV

1343 795 1417 816 XXVI

1343 907 1433 929 XXVII

1345 1019 1444 1040 XXVIII

1341 1185 1418 1208 XXIX

1342 1297 1403 1319 XXX

1342 1464 1418 1485 XXXI

1506 333 1774 368 Concubinario
1826 332 2009 367 obstinato
2059 332 2202 367 exitium

1555 389 1598 423 de
1615 389 1766 423 nuntiat.

1506 444 1609 478 Varia
1647 444 1838 478 sanitatum
1885 442 2058 478 beneficia
2099 443 2202 478 variis

1555 499 1721 546 praestita.

1507 555 1689 589 Feminam
1705 555 1779 587 sine
1794 558 2014 587 sacramento
2031 554 2204 587 Extremae

1558 609 1742 644 Unctionis
1760 609 1965 644 defunctam
1983 608 2175 643 resuscitat.

1513 665 1591 700 Alia
1624 665 1761 699 diversa
1788 663 1961 698 beneficia
1991 663 2025 698 in
2052 663 2205 699 diversos

1560 721 1695 755 collata.

1511 783 1698 818 Veritatem
1729 782 1887 829 corporis
1915 782 2044 817 Christi
2062 783 2098 818 in
2126 785 2199 819 Eu·-

1558 839 1719 873 charistia
1744 843 1958 884 propugnat.

1510 897 1638 929 Pacem
1667 900 1700 927 et
1731 893 1959 928 concordiam
1988 895 2080 929 inter
2109 895 2202 929 dissi-

1560 949 1682 984 dentes
1702 948 1910 983 mirabiliter
1925 950 2103 985 conciliat.

1508 1007 1657 1040 Sacrum
1676 1004 1865 1039 aedilicium
1893 1006 2059 1046 moliens,
2084 1006 2202 1041 adver-

1561 1060 1691 1094 sarium
1719 1060 1861 1106 patitur,
1883 1060 1943 1095 sed
1962 1071 2044 1095 mox
2070 1062 2205 1096 ultione

1562 1116 1613 1150 dix
1622 1116 1682 1150 ina
1694 1121 1909 1162 correptum.

1507 1172 1621 1206 Claret
1648 1171 1843 1217 prophetiae
1873 1171 2016 1217 spiritu,
2042 1177 2075 1206 et
2105 1172 2207 1207 omni

1558 1228 1815 1262 miraculorum
1831 1228 1952 1273 gratia.

1511 1285 1645 1317 Locum
1665 1288 1699 1317 et
1724 1283 1818 1318 diem
1837 1283 1961 1318 mortis
1980 1295 2050 1318 suae
2071 1283 2199 1330 praedi-

1559 1339 1606 1372 cit
1619 1365 1628 1378 ‚
1650 1343 1682 1372 et
1700 1349 1802 1372 causa
1819 1338 1915 1385 pallii
1933 1339 2051 1373 denuo
2069 1339 2135 1373 iter
2164 1339 2209 1374 ad

1547 1392 1688 1440 ‘papam
1707 1395 1907 1439 Eugenium
1926 1394 2082 1440 suscipit.

1509 1452 1638 1484 Rursus
1656 1450 1944 1484 Claram-Vallem
1964 1450 2078 1490 venit,
2098 1450 2209 1484 mori-

1562 1511 1660 1540 turus
1686 1506 1766 1540 loco
1786 1510 1819 1540 et
1843 1510 2002 1551 tempore
2027 1516 2100 1550 quo
2120 1505 2208 1540 desi-

1560 1561 1751 1595 deraverat.

1513 1617 1672 1662 Hymnus
1689 1615 1727 1649 in
1750 1615 1893 1649 laudem
1912 1617 1946 1649 S.
1969 1614 2164 1650 Malachiae.

1652 1738 1737 1765 XIII
1769 1714 2037 1766 TRACTATfiS.

1546 1834 1617 1870 DE
1648 1832 1891 1870 RATIONE
1920 1832 2146 1872 CANTUS.

1512 1938 1731 1972 Admonitio.

1514 1993 1662 2027 Joannis
1678 1995 1787 2028 Bonoe
1805 1993 1963 2039 epistola.

1512 2050 1545 2081 S.
1568 2048 1739 2082 Bet-nardi
1758 2049 1901 2094 epistola
1923 2049 2102 2083 Tractatui
2119 2059 2205 2096 prae-

1559 2102 1673 2136 missa.
1719 2105 1722 2108 ’

1514 2158 1708 2188 Tractatus.

2248 200 2348 237 1576

2286 277 2349 311 mg.

2256 393 2346 423 1501

2254 478 2345 533 1562

2254 613 2346 644 1505

2256 724 2349 756 15θό

2255 844 2346 875 1508

2256 956 2346 987 1509

2255 1122 2346 1153 1512

2258 1234 2348 1263 1515

2261 1399 2351 1430 1517

2260 1563 2353 1595 1519

2259 1619 2350 1649 1523

2259 1944 2349 1974 1525

2259 2000 2351 2029 1527

2258 2109 2348 2139 1529

2260 2164 2350 2194 1530
