2517 3920
335 236 432 272 1435

335 332 350 347 ι)
368 314 468 364 plius
482 313 664 350 adversus
684 312 879 350 hominem
902 313 1011 350 irasci
1028 312 1178 359 debuit,
1195 320 1340 362 quanto
1354 311 1367 327 ⁰

333 391 348 407 v>
365 373 527 423 amplius
547 373 586 410 in
603 373 862 423 crucifigendo
880 374 1015 412 Filium
1037 387 1148 410 suum
1171 372 1339 422 delique-
1358 370 1389 403 A

333 451 348 465 »
366 434 432 480 rit,
451 446 564 483 quam
587 433 626 470 in
653 433 968 483 transgrediendo
998 434 1164 483 primum
1192 446 1338 482 praece-

335 510 349 525 1)
368 502 476 543 ptum
491 507 601 530 suum
621 494 730 530 unius
747 494 851 543 pomi
867 502 977 543 gustu
997 508 1003 530 ε
1023 493 1219 542 quomodo
1238 493 1337 528 enim

335 569 350 584 »
371 553 533 603 amplius
550 553 697 603 justum
726 554 874 590 fuerat?
893 552 1004 600 Quod
1029 553 1058 589 si
1080 561 1225 589 tantum
1255 551 1338 588 fue-

334 629 349 643 »
370 621 427 649 rat
445 613 540 649 illud
557 613 648 651 Adae
670 622 864 663 peccatum
880 642 889 658 ,
912 621 954 649 ut
976 613 1120 663 expiari
1138 626 1215 649 non
1245 626 1338 662 pos—

335 688 350 704 »
368 681 423 709 set
444 673 515 709 nisi
544 686 591 709 ex
613 682 735 709 mort(¹
759 672 895 710 Christi
918 687 925 709 :
948 686 1060 722 quam
1082 673 1338 722 expiationem

338 731 524 769 »habebit
544 734 667 783 ipsum
702 732 975 777 homicidium,
999 733 1102 781 quod
1130 733 1166 769 in
1190 732 1340 769 Christo

336 810 350 825 ι·
367 794 610 830 commissum
633 801 709 838 est,
729 801 785 829 tot
805 802 842 829 et
868 801 968 829 tanta
990 794 1132 829 scelera
1154 793 1192 828 in
1216 793 1339 842 ipsum

335 870 349 885 »
370 854 428 889 vel
449 867 537 890 suos
550 853 776 889 commissa?
796 852 989 901 Numquid
1006 865 1108 888 mors
1126 851 1341 888 innocentis

336 931 350 945 υ
367 913 450 950 Filii
473 922 618 949 tantum
637 917 718 949 Deo
739 912 899 962 placuit,
919 920 960 947 ut
981 925 1051 961 per
1068 912 1187 961 ipsam
1206 925 1342 948 recon—

335 991 349 1004 »
368 973 558 1009 eiliaretur
589 971 720 1017 nobis,
744 972 810 1021 qui
832 972 903 1008 hoc
927 971 1123 1021 peccando
1145 971 1341 1007 commisi—

336 1050 349 1063 »
369 1045 451 1068 mus
464 1061 474 1078 ,
489 1040 651 1082 propter
668 1030 772 1081 quod
794 1031 979 1067 innocens
996 1031 1183 1068 Dominus
1205 1040 1260 1067 est
1278 1045 1342 1067 oc—

336 1108 350 1121 ))
373 1091 492 1137 cisus3
511 1104 580 1127 nec
596 1091 667 1127 nisi
682 1091 754 1127 hoc
769 1090 978 1126 maximum
996 1091 1102 1127 fieret
1120 1099 1317 1140 peccatum
1332 1120 1341 1137 ,

335 1167 349 1180 ,.
371 1150 481 1186 etiam
504 1150 623 1186 levius
647 1150 773 1199 potuit
792 1150 990 1199 ignoscere
1010 1150 1156 1186 multo?
1178 1163 1248 1187 nec
1271 1151 1342 1187 nisi

335 1210 626 1260 »multiplicatis
650 1210 756 1246 malis
780 1218 855 1246 tam
872 1209 1017 1246 bonum
1041 1210 1182 1257 facere,
1200 1210 1238 1247 in
1262 1225 1340 1260 quo

334 1289 347 1302 ›x
368 1279 404 1307 et
416 1270 596 1320 justiores
619 1271 707 1307 facti
728 1284 858 1307 sumus
875 1284 944 1321 per
960 1279 1121 1307 mortem
1140 1271 1224 1309 Filii
1246 1272 1339 1319 Dei,

335 1350 348 1362 ν
367 1344 481 1380 quam
500 1340 586 1368 ante
609 1345 778 1378 eramus,
800 1340 843 1368 ut
867 1345 887 1368 a
907 1332 1070 1383 peccatis
1084 1331 1164 1381 jam
1189 1332 1341 1369 liberari

335 1410 348 1421 »ι
366 1390 599 1429 debeamus?
617 1409 630 1424 n
650 1395 745 1429 Item
768 1407 775 1429 z
798 1409 812 1425 α
829 1393 896 1429 Cui
915 1406 1007 1429 vero
1028 1406 1105 1429 non
1134 1392 1288 1430 crudele
1305 1401 1342 1429 et

336 1469 349 1482 ‚-
367 1452 541 1502 iniquum
561 1453 726 1497 videtur,
744 1461 786 1489 ut
807 1454 1029 1503 sanguinem
1051 1454 1289 1499 innocentis,
1306 1463 1343 1490 et

337 1530 350 1543 υ
368 1513 531 1562 Ῑ)1·θῖ111111
547 1513 701 1563 aliquod
719 1513 803 1562 quis
820 1514 1055 1563 requisierit,
1079 1522 1142 1550 aut
1162 1515 1240 1550 ullo
1258 1507 1343 1550 mo-

330 1591 343 1605 »
367 1573 417 1610 (10
442 1574 475 1610 ei
496 1574 680 1624 placuerit
708 1574 950 1611 innocentem
982 1574 1174 1611 interfici?
1201 1574 1342 1610 nedum

336 1650 349 1663 »
366 1636 468 1670 Deus
484 1642 558 1670 tam
573 1641 767 1683 acceptam
784 1642 945 1670 mortem
959 1633 1041 1671 Filii
1053 1632 1200 1679 habuit,
1219 1641 1261 1669 ut
1274 1647 1344 1684 per

337 1710 351 1724 ι»
368 1693 488 1743 ipsam
513 1693 692 1730 universo
716 1693 983 1729 reconciliatus
1005 1693 1051 1729 sit
1072 1692 1228 1729 mundo.
1253 1696 1342 1729 Haec

338 1770 351 1784 ν
369 1761 406 1790 et
420 1753 477 1790 his
493 1754 628 1790 similia
650 1767 727 1790 non
749 1750 980 1790 mediocrem
997 1754 1344 1802 nioventquaestio-

336 1831 350 1845 n
366 1826 475 1858 nem,
498 1827 576 1850 non
606 1814 727 1849 solum
756 1813 803 1849 de
827 1813 1094 1863 redemptione
1110 1842 1119 1859 ‚
1140 1813 1205 1850 sed
1231 1814 1342 1863 etiam

1107 236 1351 271 CAPITULA
1383 234 1635 269 HAERESUM

1374 311 1422 344 41»
1439 310 1543 360 quod
1567 310 1710 347 locutio
1732 309 1778 346 sit
1803 310 2011 358 figurativa.
2032 310 2068 346 Si
2092 310 2193 347 enim
2215 313 2409 361 propriam

2314 234 2411 271 1436

1408 387 1422 402 »
1442 369 1652 405 diceremus
1668 381 1761 414 esse,
1777 380 1862 404 cum
1881 367 1953 404 hoe
1969 381 2109 405 nomen
2125 369 2294 407 Christus
2308 370 2405 407 idem

1409 447 1422 463 »
1440 437 1550 466 sonet
1567 428 1671 478 quod
1687 431 1789 465 Deus
1804 436 1842 465 et
1857 428 1972 465 homo
1984 457 1993 474 ,
2014 437 2105 465 tunc
2121 430 2203 466 talis
2217 438 2315 466 esset
2330 443 2409 468 sen-

1407 507 1421 523 »
1439 503 1501 526 sus
1524 504 1531 526 ε
1556 493 1657 526 Deus
1674 497 1712 525 et
1726 489 1841 525 1101110
1859 497 1915 525 θεῖ
1933 489 2041 525 tertia
2056 502 2220 538 persona
2235 489 2271 526 in
2292 491 2413 527 Trini-

1407 567 1422 582 υ
1440 557 1525 586 tate.
1543 545 1655 596 Quod
1670 548 1822 598 penitus
1836 557 1892 584 est
1908 548 2057 585 falsum.
2072 567 2086 580 ι)
2105 551 2150 584 Εῖ
2166 557 2253 598 post
2270 562 2410 598 pauca:

1407 628 1420 642 a
1440 614 1490 647 Et
1506 618 1563 646 est
1584 608 1799 655 sciendum,
1820 608 1925 658 quod
1945 609 2119 658 quamvis
2135 608 2409 656 concedamus,

1408 688 1422 702 »
1439 669 1543 720 quod
1563 669 1731 706 Christus
1756 677 1812 705 est
1830 669 1937 706 tertia
1960 681 2124 719 persona
2144 668 2183 705 in
2206 669 2410 716 Trinitate‚

1407 748 1421 763 »
1438 743 1514 766 11011
1545 737 1670 765 tamen
1705 728 1951 765 concedimus
1977 728 2083 778 quod
2112 727 2192 764 haec
2226 741 2388 778 persona
2400 758 2410 775 ,

1408 808 1423 823 »
1444 803 1528 840 quae
1551 790 1722 828 Christus
1744 798 1814 835 est,
1843 790 1890 826 sit
1910 790 2016 826 tertia
2041 802 2206 839 persona
2226 789 2265 826 in
2285 789 2412 827 Trini-

1410 868 1424 883 »
1441 859 1527 886 tate.
1545 868 1559 882 υ

1408 974 1465 1002 ῩΙ.
1494 970 1587 1013 Quod
1602 974 1687 1002 Deus
1705 981 1768 1002 11011
1782 971 1852 1013 plus
1868 970 1961 1002 faciat
1982 971 2008 1002 ei
2024 971 2078 1013 qui
2094 972 2232 1003 salvatur
2247 977 2413 1014 antequam

1517 1024 1672 1057 cohaereat
1689 1026 1795 1067 gratiae
1809 1049 1817 1063 ,
1839 1035 1932 1067 quam
1948 1025 1976 1056 ei
1999 1026 2054 1067 qui
2072 1037 2138 1057 non
2157 1026 2306 1058 salvatur.

1467 1166 1481 1180 τι
1498 1148 1557 1185 Sic
1573 1148 1710 1184 iterum
1732 1148 1829 1184 solet
1849 1147 1968 1197 quaeri
1989 1146 2082 1184 illud
2100 1146 2205 1198 quod
2223 1160 2244 1184 a
2263 1146 2416 1197 quibus-

1409 1226 1424 1241 »
1438 1206 1522 1245 dam
1543 1208 1696 1255 dicitur,
1718 1208 1860 1244 scilicet
1876 1216 2005 1244 utrum
2023 1221 2157 1245 omnes
2174 1208 2350 1245 hom-ines
2365 1208 2417 1245 ita

1410 1286 1424 1301 υ
1439 1269 1518 1305 sola
1542 1267 1803 1305 misericordia
1829 1268 2035 1314 salventur,
2057 1276 2099 1305 ut
2123 1268 2252 1305 nullus
2277 1268 2325 1305 sit
2350 1269 2415 1318 qui

1411 1346 1424 1361 »
1439 1328 1580 1365 bonam
1609 1329 1847 1365 voluntatem
1873 1327 2014 1365 habere
2041 1329 2184 1379 possit,
2209 1328 2280 1365 nisi
2298 1328 2416 1378 gratia

1411 1406 1424 1421 υ
1440 1389 1510 1426 Dei
1526 1389 1806 1438 praeveniente,
1830 1402 1915 1438 quae
1938 1402 2005 1425 cor
2025 1396 2196 1436 moveat,
2219 1397 2256 1426 et
2275 1388 2415 1426 bonam

1411 1466 1425 1481 »
1439 1449 1675 1485 voluntatem
1693 1448 1867 1498 inspiret,
1881 1457 1918 1485 et
1931 1449 2152 1499 inspiratam
2173 1449 2416 1499 multiplicet,

1410 1518 1477 1546 »et
1505 1509 1794 1558 multiplicatam
1827 1517 2041 1546 conservet.
2075 1509 2188 1558 Quod
2218 1510 2248 1547 si
2276 1509 2328 1546 ita
2362 1517 2418 1545 est

1412 1587 1426 1601 υ
1444 1568 1548 1619 quod
1564 1569 1680 1606 homo
1696 1583 1742 1606 ex
1759 1583 1798 1606 se
1811 1569 1903 1606 nihil
1920 1568 2010 1606 boni
2026 1570 2178 1620 operari
2194 1569 2336 1620 possit,
2353 1577 2418 1606 aut

1412 1648 1426 1663 »
1443 1631 1570 1680 aliquo
1586 1630 1702 1667 modo
1718 1630 1765 1666 ad
1779 1630 1947 1666 divinam
1963 1631 2119 1679 gratiam
2137 1629 2415 1680 suscipiendam

1412 1708 1426 1722 »
1441 1704 1510 1740 per
1530 1690 1692 1726 liberum
1721 1689 1920 1726 arbitrium
1949 1690 2030 1726 sine
2057 1688 2199 1727 auxilio
2227 1690 2356 1740 gratiae
2378 1703 2417 1726 se

1409 1766 1424 1782 >³
1442 1749 1602 1798 erigere,
1628 1751 1753 1798 ‘prout
1774 1748 1917 1785 dictum
1945 1757 2024 1795 est,
2055 1762 2133 1786 non
2160 1750 2305 1800 possit3
2337 1763 2417 1786 non

1411 1809 1594 1846 »videtur
1625 1810 1721 1846 ratio
1748 1822 1889 1858 quare,
1911 1809 1939 1845 si
1967 1818 2122 1859 peccat,
2154 1810 2349 1860 puniatur.
2381 1809 2418 1848 Si

336 1890 350 1905 »
368 1872 414 1910 de
440 1872 712 1922 justificatione
742 1881 873 1909 nostra
900 1886 968 1922 per
997 1881 1159 1909 mortem
1186 1873 1340 1909 Domini
1362 1872 1388 1908 C
1416 1886 1430 1901 »
1447 1870 1549 1906 enim
1571 1882 1648 1905 non
1672 1877 1798 1918 potest
1818 1882 1866 1905 ex
1886 1881 1924 1905 se
1945 1869 2089 1919 aliquid
2109 1869 2203 1907 boni
2222 1870 2365 1917 facere,
2381 1878 2419 1906 et

336 1951 350 1966 ι)
367 1934 488 1970 nostri
502 1937 591 1970 Jesu
612 1933 761 1971 Christi.
779 1933 896 1970 Nobis
914 1942 1040 1970 autem
1057 1933 1222 1980 videtur,
1239 1934 1342 1983 quod

336 2011 350 2027 »
368 1993 486 2030 nihilo
502 1993 627 2030 minus
639 1993 975 2042 sumusjustilicati
990 1994 1028 2029 in
1045 1994 1226 2043 sanguine
1239 1994 1342 2031 Chri-

337 2071 351 2086 »
369 2054 437 2100 sti3
462 2062 498 2090 et
519 2056 599 2089 Deo
630 2054 863 2089 reconciliati
885 2067 953 2103 per
979 2054 1076 2089 lianc
1112 2054 1341 2102 singularem

339 2112 525 2162 »gratiam
544 2111 655 2148 nobis
669 2111 875 2149 exhibitam
888 2141 897 2158 ,
914 2112 1017 2161 quod
1035 2112 1150 2150 Filius
1165 2126 1254 2149 suus
1272 2126 1342 2150 no-

336 2181 479 2210 »stram
509 2173 676 2223 suscepit
705 2181 904 2219 naturam,
934 2182 971 2209 et
995 2174 1033 2209 in
1063 2173 1144 2223 ipsa
1174 2187 1244 2211 nos
1266 2183 1341 2211 tam

336 2251 350 2265 υ
369 2233 511 2279 verbo,
540 2247 652 2283 quam
680 2234 858 2283 exemplo
886 2234 1121 2271 instituendo
1148 2248 1269 2285 usque
1295 2235 1342 2272 ad

337 2311 349 2324 ν
365 2301 526 2329 mortem
539 2294 728 2343 praestitit,
742 2307 810 2330 nos
822 2293 892 2330 sibi
907 2294 1071 2344 amplius
1088 2308 1157 2345 per
1172 2309 1341 2333 amorem

337 2371 350 2384 »v
367 2353 541 2390 astrinxit
563 2368 570 2390 :
590 2362 632 2390 ut
662 2362 766 2390 tanto
790 2354 928 2391 divinae
956 2355 1085 2404 gratiae
1106 2357 1252 2393 accensi
1274 2356 1343 2393 be-

337 2431 351 2445 »
369 2413 506 2449 neficio
522 2441 531 2458 ,
557 2413 659 2449 nulla
688 2414 850 2451 tolerare
876 2423 1037 2464 propter
1064 2415 1188 2465 ipsum
1217 2426 1343 2454 vestra

336 2490 350 2504 ›=
367 2473 587 2509 reformidet
607 2473 768 2510 charitas
789 2489 795 2510 :
815 2475 917 2523 quod
939 2474 1093 2524 quidem
1113 2474 1340 2514 beneficium

338 2550 352 2565 »
369 2533 545 2581 antiquos
563 2533 674 2569 etiam
693 2542 819 2583 patres
833 2563 842 2580 ,
865 2535 937 2570 hoc
967 2548 1037 2584 per
1062 2535 1175 2572 fidem
1204 2549 1342 2587 exspe-

338 2600 535 2638 »ctantes,
566 2592 604 2628 in
629 2605 821 2629 summum
856 2607 1024 2630 amorem
1057 2595 1129 2632 Dei
1163 2604 1342 2646 tanquam

1410 1948 1424 1963 »
1444 1931 1526 1967 talis
1542 1931 1661 1966 factus
1678 1938 1735 1966 est
1749 1930 1814 1979 qui
1831 1930 1878 1966 sit
1894 1930 2054 1980 pronior
2069 1930 2116 1967 ad
2131 1931 2288 1977 malum,
2303 1944 2417 1981 quam

1412 2008 1425 2023 »
1440 1991 1487 2027 ad
1501 1990 1646 2027 bonum
1663 2005 1672 2037 3
1696 2003 1824 2026 nonne
1845 1990 1874 2026 si
1892 1998 2024 2040 peccat
2038 1990 2219 2028 immunis
2237 1999 2293 2028 est
2308 2004 2329 2027 a
2343 1991 2419 2027 cul-

1409 2069 1424 2084 »
1446 2064 1516 2101 pa3
1534 2059 1571 2086 et
1588 2049 1774 2100 numquid
1793 2053 1912 2096 Deus,
1935 2050 2003 2100 qui
2017 2050 2067 2087 ita
2083 2051 2278 2088 infirmum
2293 2059 2331 2088 et
2347 2051 2418 2087 fra-

1409 2129 1423 2143 »
1443 2111 1526 2161 gilis
1549 2120 1695 2148 naturae
1719 2124 1807 2148 eum
1839 2111 1945 2158 fecit,
1968 2120 2024 2148 est
2050 2111 2264 2149 laudandus
2285 2111 2332 2148 de
2354 2111 2418 2148 tali

1410 2190 1424 2205 »
1443 2171 1634 2208 creatione
1650 2170 1665 2207 Ρ
1682 2174 1766 2208 11110
1786 2171 1817 2208 si
1831 2171 1881 2208 ita
1902 2180 2022 2218 esset,
2039 2185 2168 2209 nonne
2189 2171 2319 2222 potius
2337 2171 2418 2208 cul-

1410 2250 1424 2265 »
1442 2231 1593 2282 pandus
1612 2231 1835 2268 videretur?
1852 2250 1866 2265 »
1885 2234 1930 2268 Et
1949 2241 2037 2282 post
2056 2245 2178 2283 pauca
2196 2247 2204 2269 :
2221 2248 2236 2264 α
2259 2231 2372 2281 Quod
2389 2231 2418 2268 si

1410 2310 1424 2325 »
1442 2292 1492 2329 ita
1508 2300 1606 2328 esset
1625 2291 1731 2341 quod
1752 2292 1868 2328 homo
1892 2291 1940 2328 ad
1963 2291 2130 2329 divinam
2148 2292 2306 2342 gratiam
2327 2305 2418 2342 per-

1410 2370 1425 2384 »
1443 2351 1657 2402 cipiendam
1682 2365 1721 2388 se
1746 2352 1892 2402 erigere
1917 2352 1998 2389 sine
2018 2353 2175 2390 alterius
2197 2352 2317 2403 gratia
2340 2365 2417 2389 non

1413 2430 1426 2446 υ
1443 2420 1593 2462 posset3
1614 2425 1693 2449 non
1704 2412 1858 2449 videtur
1876 2413 1971 2450 ratio
1990 2426 2084 2459 esse,
2098 2427 2217 2464 quare
2230 2414 2346 2451 homo
2361 2414 2419 2451 in-

1410 2490 1425 2505 »
1444 2473 1683 2522 culparetur3
1700 2481 1737 2509 et
1760 2473 1829 2510 Dei
1851 2473 2008 2523 gratiam
2025 2487 2102 2510 non
2123 2473 2418 2524 habere‚potius

1411 2549 1425 2564 »
1444 2533 1482 2568 in
1515 2541 1712 2570 auctorem
1746 2533 1862 2583 ipsius
1894 2533 2176 2571 refundendum
2210 2534 2416 2572 videretur.

1412 2609 1427 2625 »
1444 2593 1555 2641 Quod
1581 2593 1632 2630 ita
1652 2607 1729 2630 non
1746 2602 1815 2638 est,
1834 2593 1899 2630 sed
1920 2595 2033 2644 longe
2058 2595 2168 2632 aliter
2188 2595 2391 2632 dicendum
2406 2625 2416 2642 ,

338 2651 542 2689 »homines
557 2653 740 2703 temporis
756 2667 832 2690 non
849 2654 1068 2691 dubitamus
1084 2656 1311 2694 accendisse.
1331 2675 1345 2690 n
1364 2661 1397 2694 D
1416 2671 1430 2686 »
1447 2662 1564 2704 prout
1578 2654 1633 2690 1·θί
1647 2654 1786 2691 veritas
1805 2667 1844 2691 se
1865 2653 1991 2691 habet·
2008 2654 2220 2692 Dicendum
2237 2663 2295 2692 est
2313 2668 2416 2704 ergo,

340 2714 385 2747 Et
406 2712 527 2748 infra:
545 2716 671 2749 «Puto
700 2728 791 2764 ergo
826 2715 931 2765 quod
948 2716 1148 2753 consilium
1172 2725 1210 2753 et
1233 2717 1345 2755 causa

341 2771 643 2810 »incarnationis
670 2775 763 2820 fuit,
792 2784 834 2812 ut
860 2775 1046 2812 mundum
1073 2777 1157 2813 luce
1184 2790 1260 2814 suae
1286 2792 1345 2815 sa-

341 2848 354 2862 »
375 2831 527 2880 pientiae
549 2833 801 2881 illuminaret,
822 2844 859 2872 et
881 2835 926 2872 ad
951 2849 1119 2873 amorem
1147 2850 1257 2874 suum
1280 2851 1345 2874 ac-

342 2905 357 2920 »
374 2891 565 2928 cenderet.
585 2910 599 2924 ›‚

341 3012 382 3040 V.
411 3010 505 3051 Quod
526 3022 628 3053 neque
652 3017 737 3045 Deus
760 3022 789 3046 et
810 3016 924 3053 1101110,
944 3029 1046 3061 neque
1067 3018 1163 3050 homo
1188 3030 1323 3062 persona
1336 3045 1344 3058 ,

413 3074 483 3105 quae
501 3064 640 3096 Christus
656 3073 701 3097 est
714 3091 721 3104 ,
737 3068 775 3099 sit
788 3071 878 3101 tertia
901 3082 1032 3113 persona
1050 3073 1082 3103 in
1105 3073 1273 3105 Trinitate.

394 3201 408 3216 «
422 3185 584 3233 Quando
603 3186 688 3223 dico
701 3216 710 3233 ,
727 3188 895 3225 Christus
915 3200 970 3226 est
992 3190 1100 3230 tertia
1121 3207 1283 3243 persona
1305 3195 1343 3231 in

343 3262 356 3277 n
373 3245 580 3292 Trinitate3
612 3245 684 3283 hoc
712 3248 801 3283 volo
833 3248 981 3295 dicere,
1016 3252 1120 3300 quod
1150 3253 1341 3300 Verbum,

344 3322 358 3335 »ι
376 3305 479 3354 quod
508 3305 556 3342 ab
583 3315 726 3343 aeterno
753 3309 863 3344 tertia
890 3322 1053 3358 persona
1086 3312 1124 3347 in
1159 3314 1342 3349 Trinitate

344 3381 358 3395 »
376 3364 444 3400 fuit
456 3393 466 3410 ,
487 3365 595 3402 tertia
613 3378 777 3414 persona
794 3367 840 3402 sit
855 3367 890 3403 in
909 3369 1091 3405 Trinitatc
1107 3384 1114 3405 :
1131 3371 1233 3407 etita
1250 3380 1343 3421 puto

1411 2732 1426 2746 »
1442 2714 1546 2764 quod
1569 2714 1684 2751 homo
1710 2728 1780 2764 per
1800 2715 2008 2762 rationem,
2030 2729 2051 2752 a
2070 2719 2152 2753 Deo
2173 2715 2327 2766 quidem
2352 2715 2418 2752 da-

1413 2792 1428 2808 »
1450 2783 1523 2811 tam
1538 2804 1548 2820 ,
1575 2775 1704 2824 gratiae
1732 2776 1916 2825 appositae
1947 2776 2140 2813 cohaerere
2169 2784 2297 2826 potest
2318 2791 2326 2813 :
2347 2789 2416 2813 nec

1413 2852 1428 2867 >2
1443 2839 1546 2872 Deus
1566 2836 1653 2885 plus
1675 2836 1762 2872 facit
1783 2837 1835 2872 illi
1853 2837 1919 2886 qui
1940 2837 2106 2874 salvatur
2121 2845 2325 2887 antequam
2349 2849 2416 2872 co-

1411 2913 1425 2928 »
1441 2895 1582 2932 haereat
1600 2897 1727 2945 gratiae
1742 2926 1751 2942 ,
1772 2910 1884 2946 quam
1906 2897 1959 2933 illi
1979 2897 2046 2946 qui
2064 2910 2141 2933 non
2163 2897 2344 2933 salvatur.
2360 2899 2416 2933 Ita

1413 2972 1427 2987 ³>
1445 2955 1546 2991 enim
1562 2968 1600 2992 se
1617 2956 1713 3005 gerit
1729 2960 1830 2993 Deus
1853 2969 1942 3006 erga
1960 2956 2150 3001 homines,
2167 2955 2416 3006 quemadmo-

1416 3032 1430 3046 »
1447 3013 1537 3051 dum
1561 3023 1751 3051 mercator
1768 3015 1833 3064 qui
1848 3014 1962 3052 habet
1976 3015 2165 3065 pretiosos
2186 3015 2331 3066 lapides
2347 3027 2415 3051 ve-

1413 3091 1427 3106 »
1443 3075 1559 3121 nales,
1569 3074 1635 3124 qui
1650 3075 1827 3112 videlicet
1839 3075 1999 3125 exponit
2013 3088 2078 3112 eos
2090 3075 2130 3111 in
2148 3075 2245 3121 foro,
2257 3083 2295 3112 et
2311 3087 2424 3124 aeque=

1414 3151 1428 3166 υ
1445 3134 1624 3171 omnibus
1638 3135 1751 3171 offert
1763 3164 1772 3181 ,
1793 3144 1830 3171 et
1847 3148 1917 3186 per
1936 3143 2110 3172 ostensos
2131 3134 2359 3172 desiderium
2378 3133 2415 3169 in

1413 3213 1426 3228 »-
1443 3195 1496 3231 eis
1508 3195 1555 3231 ad
1568 3195 1770 3232 emendum
1785 3195 1935 3232 excitat.
1949 3196 2022 3244 Qui
2034 3195 2203 3245 prudens
2216 3202 2284 3241 est,
2297 3193 2416 3231 sciens

1413 3273 1426 3287 υ
1445 3267 1484 3291 se
1515 3255 1568 3291 eis
1590 3255 1778 3304 indigere,
1809 3254 1958 3292 laborat
1989 3264 2030 3292 ut
2058 3254 2195 3292 habeat
2215 3269 2225 3301 ;
2257 3252 2416 3303 acquirit

1413 3332 1426 3345 »ι
1447 3328 1625 3351 nummos
1644 3323 1708 3360 ,et
1728 3315 1819 3351 emit
1839 3328 1904 3351 eos
1926 3330 1934 3351 :
1956 3316 2022 3365 qui
2043 3315 2150 3352 deses
2167 3322 2224 3350 est
2238 3322 2276 3349 et
2292 3313 2411 3362 piger,

1411 3391 1425 3406 ν
1445 3374 1512 3409 etsi
1534 3374 1765 3411 desiderium
1788 3373 1946 3422 habeat,
1967 3374 2057 3424 quia
2073 3382 2198 3411 tamen
2216 3373 2324 3423 piger
2339 3378 2413 3416 est,
