2517 3920
373 194 467 231 1127

1136 195 1172 231 S.
1202 194 1454 230 BERNARDI
1483 191 1684 227 ABBATIS

2342 196 2438 232 1128

365 280 403 307 et
423 285 587 310 renuens
613 271 770 310 obedire
782 301 792 319 ,
818 285 894 311 non
923 272 1124 309 minimum
1137 300 1146 317 ‚
1167 272 1233 308 sed
1255 268 1426 308 maxi-⁴⁷⁵
1440 280 1478 304 se
1495 266 1764 317 experiebatur
1778 265 1882 315 quod
1895 274 1983 316 post
1997 279 2067 317 per
2078 269 2284 317 Apostolos
2301 271 2436 310 clama-

366 344 471 369 mum
492 332 629 370 Christi
658 332 879 370 mandatum
907 341 943 369 et
971 332 1109 369 docere
1126 361 1135 378 ,
1158 340 1196 369 et
1223 332 1371 369 solvere
1388 333 1419 367 A
1437 328 1491 364 vit
1508 329 1547 364 in
1569 326 1760 373 Ecclesiis,
1777 328 1862 362 Non
1877 336 1929 362 est
1945 336 2111 374 potestas
2132 333 2205 364 tissi
2221 343 2245 364 α
2263 331 2343 366 Deo
2361 346 2372 366 :
2388 341 2437 379 et,

366 393 617 430 convinceris.
634 397 766 443 Itaque
793 392 930 430 doctor
953 401 990 429 et
1010 393 1158 429 solutor
1179 391 1370 436 mandati,

369 452 549 490 minimus
567 462 607 490 tu
628 453 823 490 vocandus
849 466 888 489 es
915 453 954 488 in
979 465 1097 501 regno
1122 452 1315 487 coelorum.
1334 450 1370 486 Si

366 524 458 561 ergo
500 513 553 549 tui
585 521 696 563 putas
727 512 905 562 injuriam
940 513 1153 561 prioratus,
1183 511 1370 547 minorem

366 574 524 611 summis
555 573 676 610 videri
705 572 993 618 sacerdotibus;
1022 584 1100 607 non
1128 571 1246 619 magis
1269 570 1371 607 indi-

367 645 484 681 gnum
505 633 769 670 aestimandum
793 641 861 679 est,
882 632 1082 668 minimum
1101 630 1230 667 vocari
1250 630 1288 666 in
1309 642 1370 666 re—

366 704 442 740 gno
465 694 682 729 coelorum?
706 693 741 730 Si
768 693 929 729 multum
964 690 1151 741 superbus
1183 703 1222 727 es
1239 719 1248 736 ,
1281 690 1367 740 plus

365 752 558 798 minimus,
571 766 684 802 quam
700 753 826 789 minor
839 752 967 788 vocari
981 750 1229 787 confundere.
1239 751 1366 788 Minor

364 812 508 862 quippe
528 813 654 850 vilitas
677 821 732 849 est
749 813 935 849 minorem
957 811 1100 857 videri,
1119 824 1232 860 quam
1251 811 1366 848 mini—-

363 884 467 908 mum
491 887 499 909 :
523 874 635 922 longe
672 881 799 909 autem
833 872 1098 922 praestantius,
1130 871 1221 909 solis
1252 871 1365 909 subdi

361 932 571 982 episcopis,
595 946 707 982 quam
737 932 988 969 universitati.

412 991 474 1026 35.
496 991 569 1027 Sed
598 1004 675 1027 non
702 1000 861 1041 propter
887 1005 964 1038 me,
990 991 1134 1041 inquit,
1159 989 1276 1038 facid,
1296 992 1362 1029 Sed

357 1061 487 1098 quaero
514 1051 680 1087 ecclesiae
700 1051 927 1088 libertatem.
950 1055 981 1089 Ο
996 1051 1150 1089 libertas
1175 1053 1302 1099 omni,
1319 1060 1362 1089 ut

1444 390 1518 435 Qui
1543 392 1679 424 resistit
1699 392 1899 436 potestati,
1917 390 1988 423 Dei
2005 389 2238 424 ordllmtioni
2261 394 2396 428 resistit
2409 393 2436 429 ⁴.

1492 449 1554 485 36.
1577 451 1632 484 Ite
1656 460 1759 484 nunc
1786 460 1896 496 crg0,
1923 447 2084 483 resistite
2104 447 2241 485 Christi
2266 450 2412 488 Vicario
2426 481 2437 498 ,

1437 522 1523 545 cum
1542 522 1611 546 nec
1630 522 1699 545 suo
1714 508 1932 545 adversario
1954 509 2126 546 Christus
2150 509 2330 547 restiterit
2347 525 2355 548 :
2374 521 2438 550 aut

1437 569 1548 607 dicite
1563 599 1572 617 ,
1596 571 1625 607 si
1645 570 1812 615 audetis,
1834 570 1891 606 sui
1912 570 2086 606 Praesulis
2099 573 2221 607 Deum
2236 570 2438 610 ordinatio—

1438 643 1524 666 nem
1548 631 1715 676 nescire,
1733 643 1819 666 cum
1837 630 2001 667 Romani
2018 630 2192 667 Praesidis
2210 639 2434 680 potestatem

1436 690 1606 728 Christus
1619 703 1735 740 super
1752 704 1790 727 se
1804 703 1959 740 quoque
1981 690 2142 727 fateatur
2158 691 2272 728 fuisse
2292 693 2435 731 coelitus

1432 751 1659 788 ordinatam.
1678 755 1820 788 Verum
1838 759 1968 800 aperte
1997 750 2168 787 indicant
2193 751 2346 800 quidam
2366 752 2436 790 ho-

1433 825 1516 849 rum
1538 812 1630 862 quid
1652 811 1837 861 cogitent,
1856 811 1946 847 dum
1962 811 2084 848 multo
2105 810 2236 847 labore
2251 824 2294 847 ac
2312 813 2434 861 pretio

1433 872 1653 922 apostolicis
1673 871 1820 921 adeptis
1835 871 2042 922 privilegiis
2058 899 2067 916 ,
2086 884 2156 921 per
2168 871 2251 921 ipsa
2264 870 2335 908 sibi
2351 873 2434 910 vin-

1431 933 1557 970 dicant
1581 932 1738 982 insignia
1756 932 2002 982 pontificalia,
2019 940 2171 969 utentes
2187 940 2225 968 et
2238 931 2311 982 ipsi
2328 945 2434 971 more

1429 994 1655 1044 pontificum
1674 1022 1683 1038 ,
1716 993 1846 1038 mitra,
1875 993 2017 1028 annulo
2035 1021 2044 1039 ,
2074 1001 2187 1042 atque
2218 992 2394 1031 sandaliis
2403 994 2431 1032 *.

1429 1059 1525 1093 Sane
1542 1054 1572 1090 si
1591 1052 1801 1090 attenditur
1822 1065 1951 1089 rerum
1969 1052 2134 1102 dignitas
2152 1082 2163 1100 ‚
2182 1053 2281 1090 hanc
2301 1067 2433 1092 mona-

355 1108 406 1145 ita
427 1109 574 1159 loquar,
593 1112 775 1148 servitute
795 1112 991 1148 servilior!
1011 1113 1203 1149 Patienter
1219 1112 1266 1149 ab
1286 1113 1360 1149 hu-
1379 1113 1407 1146 B
1428 1113 1488 1149 chi
1517 1112 1699 1149 abhorret
1728 1112 1916 1161 professio
1943 1126 1952 1148 ε
1976 1112 2007 1149 51
2036 1113 2290 1150 ministerium
2305 1142 2316 1160 ,
2345 1115 2432 1153 solis

350 1168 522 1217 jusmodi
543 1171 716 1209 libertate
738 1172 946 1210 abstineam
965 1203 974 1220 ,
996 1187 1081 1223 quae
1107 1188 1166 1210 nie
1187 1174 1360 1224 pessimae

354 1229 504 1267 addicat
531 1231 719 1282 superbiae
747 1234 930 1271 servituti.
961 1234 1049 1270 Plus
1082 1234 1197 1270 timeo
1227 1234 1359 1271 dentes

353 1291 455 1341 lupi,
476 1305 590 1341 quam
611 1293 755 1343 virgam
784 1296 959 1344 pastoris.
986 1298 1119 1332 Certus
1144 1309 1227 1332 sum
1256 1296 1357 1332 enim

353 1364 423 1400 ego
445 1353 653 1390 monachus
671 1383 680 1400 ‚
706 1363 744 1391 et
771 1356 1049 1393 monachorum
1067 1356 1358 1406 qualiscumque

351 1411 492 1458 abbas,
519 1413 549 1449 si
569 1414 642 1450 mei
671 1415 902 1465 quandoque
932 1415 1124 1466 pontificis
1149 1429 1169 1452 a
1190 1416 1357 1466 propriis

350 1471 560 1509 cervicibus
605 1483 783 1511 excutere
816 1474 950 1525 jugum
993 1484 1213 1521 tentavero,
1251 1475 1355 1525 quod

349 1540 488 1569 satanae
509 1546 597 1570 mox
623 1534 816 1582 tyrannidi
839 1549 898 1572 me
918 1536 1042 1586 ipsum
1070 1535 1243 1585 subjicio.
1275 1536 1355 1573 Ad-

346 1600 498 1628 vertens
519 1593 698 1630 nimirum
724 1605 881 1633 cruenta
905 1597 967 1633 illa
1000 1596 1119 1633 bestia
1139 1626 1147 1643 ,
1169 1610 1254 1646 quae
1280 1597 1354 1634 cir-

348 1651 426 1688 cuit
445 1665 620 1701 quaerens
650 1667 763 1703 quem
785 1655 966 1703 devoret,
988 1657 1203 1706 elongatam
1229 1665 1354 1694 custo-

347 1711 475 1758 diam3
506 1712 605 1749 heu!
634 1714 758 1750 statim
792 1715 909 1752 insilit
944 1717 982 1753 in
1019 1726 1350 1768 praesumptorem.

343 1774 480 1809 Merito
500 1773 599 1809 enim
622 1787 700 1810 non
719 1784 922 1813 cunctatur
937 1778 1141 1827 praesidere
1156 1778 1323 1828 superbo
1337 1808 1346 1826 ‚

344 1833 409 1882 qui
428 1846 466 1869 se
481 1832 568 1882 jure
590 1848 715 1884 regem
742 1837 930 1885 gloriatur
958 1851 1073 1889 super
1090 1852 1225 1876 omncs
1250 1839 1348 1876 filios

1426 1174 1546 1224 liquet
1563 1186 1773 1223 congruere
1790 1172 2050 1223 pontificibus.
2068 1174 2244 1211 Profecto
2260 1187 2340 1212 esse
2361 1175 2430 1213 de-

1426 1234 1616 1283 siderant,
1646 1233 1750 1283 quod
1770 1233 1893 1269 videri
1921 1233 2088 1282 gestiunt
2107 1249 2116 1280 3
2135 1235 2349 1284 meritoque
2363 1249 2430 1273 ne-

1425 1304 1571 1345 queunt
1588 1308 1668 1332 esse
1698 1293 1881 1343 subjecti,
1899 1293 2038 1343 quibus
2051 1292 2130 1343 jam
2157 1295 2241 1344 ipso
2262 1308 2301 1332 se
2327 1309 2430 1333 com-

1425 1364 1562 1406 parant
1582 1354 1783 1392 desiderio.
1804 1353 1905 1402 Quid
1924 1354 1954 1390 si
1972 1362 2008 1390 et
2023 1367 2165 1391 nomen
2185 1355 2238 1391 eis
2258 1356 2430 1394 conferre

1423 1416 1714 1466 privilegiorum
1746 1422 1876 1464 posset
1894 1415 2101 1451 auctoritas
2119 1416 2134 1451 ‚³
2151 1423 2295 1465 quanto
2322 1425 2430 1466 putas

1423 1491 1517 1514 auro
1547 1477 1781 1514 redimerent
1795 1505 1804 1522 ,
1826 1483 1868 1512 ut
1890 1476 2180 1526 appellarentur
2196 1477 2394 1526 pontifices
2414 1480 2429 1515 Ξ)

1421 1542 1506 1587 Quo
1538 1539 1627 1584 ista,
1659 1551 1682 1574 0
1710 1537 1914 1573 monachi?
1936 1536 2013 1575 Ubi
2035 1537 2151 1574 timor
2179 1537 2342 1575 mentis?
2364 1537 2427 1576 ubi

1420 1598 1539 1636 rubor
1560 1598 1727 1635 frontis?
1747 1598 1839 1645 Quis
1868 1610 2038 1647 unquam
2068 1597 2321 1648 probatorum
2343 1611 2427 1635 mo-

1420 1659 1629 1696 nachorum
1649 1658 1719 1694 tale
1739 1657 1881 1707 aliquid
1902 1666 1966 1694 aut
1981 1657 2102 1694 verbo
2121 1657 2264 1705 docuit,
2279 1666 2345 1695 aut
2364 1672 2426 1695 re-

1418 1719 1528 1768 liquit
1557 1718 1763 1767 exemplo?
1783 1716 1995 1754 Duodecim
2032 1717 2259 1754 humilitatis
2290 1717 2427 1767 gradus

1415 1780 1592 1828 Magister
1628 1787 1753 1815 vester
1783 1778 1980 1822 edisserit,
2013 1778 2259 1828 propriisque
2293 1778 2428 1815 distin-

1414 1838 1495 1887 guit
1515 1836 1836 1887 descriptionibus
1853 1834 1866 1857 5
1888 1850 1896 1872 :
1919 1836 1957 1872 in
1979 1850 2077 1885 quo,
2099 1850 2249 1886 quaeso,
2268 1837 2421 1874 illorum

343 1893 544 1943 superbiae.
562 1895 653 1942 Quis
669 1895 772 1932 dabit
790 1898 880 1934 mihi
897 1908 1049 1935 centum
1067 1900 1106 1936 in
1128 1900 1201 1936 mei
1219 1909 1347 1937 custo-
1368 1898 1394 1934 C
1416 1897 1577 1934 docetur
1608 1906 1673 1934 aut
1703 1897 1937 1942 continetur,
1960 1904 2004 1932 ut
2023 1896 2097 1933 hoc
2121 1897 2219 1933 fastu
2246 1896 2423 1935 delectari

344 1952 443 1990 diam
467 1952 642 2003 deputari
675 1959 875 2005 pastores?
893 1961 1045 2006 Quanto
1067 1960 1195 2009 plures
1225 1961 1347 1997 sentio

343 2026 417 2049 mel
444 2026 572 2050 curam
601 2027 755 2063 gerere,
777 2024 882 2053 tanto
911 2019 1082 2055 securior
1105 2033 1199 2056 exeo
1219 2020 1257 2056 in
1285 2034 1349 2070 pa-

342 2086 442 2111 seua.
465 2075 660 2125 Stupenda
686 2077 858 2114 insania!
889 2080 1113 2116 Animarum
1142 2094 1220 2117 non
1249 2094 1347 2117 cun-

341 2142 425 2171 ctor
459 2134 588 2172 turbas
622 2136 712 2173 mihi
755 2138 1024 2176 custodiendas
1067 2141 1243 2190 colligere
1266 2170 1276 2186 ,
1308 2150 1346 2178 et

342 2208 460 2232 unum
493 2209 608 2246 super
642 2199 837 2248 propriam
874 2213 1014 2249 gravor
1044 2201 1184 2238 habere
1218 2211 1346 2239 custo-

341 2254 427 2292 dem
445 2258 453 2291 !
476 2258 521 2292 Et
541 2256 694 2305 quidem
715 2258 875 2307 subjecti
903 2274 962 2297 me
991 2261 1037 2298 de
1064 2261 1257 2299 reddenda
1273 2276 1346 2312 pro

342 2328 380 2351 se
400 2316 547 2353 ratione
564 2318 769 2355 sollicitant
788 2334 796 2356 :
818 2321 883 2369 qui
901 2330 1028 2358 autem
1044 2331 1214 2372 praesunt
1228 2323 1342 2369 mihi,

340 2380 412 2422 ipsi
423 2381 559 2424 potius,
582 2378 699 2413 Paulo
720 2378 869 2416 dicente
885 2409 894 2425 ,
911 2385 1150 2431 pervigilant,
1166 2392 1344 2431 tanquam

339 2440 607 2484 rationempro
628 2450 687 2473 me
710 2441 892 2475 reddituri
906 2447 928 2477 ¹.
952 2442 1010 2477 Illi
1028 2443 1098 2478 etsi
1118 2442 1313 2479 honorant
1332 2471 1342 2488 ‚

338 2504 499 2532 onerant
521 2511 528 2532 :
551 2497 589 2532 hi
618 2510 694 2533 non
729 2506 802 2534 tam
837 2510 1018 2549 premunt
1035 2531 1044 2547 ,
1073 2516 1187 2551 quam
1211 2511 1345 2552 prote-

338 2565 443 2604 gunt.
467 2557 551 2594 Scio
567 2571 625 2594 me
646 2558 778 2607 legisse
800 2574 808 2596 ε
827 2561 1017 2597 Jacle'ciam
1032 2564 1267 2598 durissimum
1289 2564 1344 2599 ln's

338 2621 401 2663 qui
415 2627 594 2665 prcesztnt
607 2633 621 2662 ,·
643 2624 778 2668 exiguo
805 2630 927 2657 autem
954 2625 1168 2659 conceditur
1193 2628 1344 2660 fulseri-

1415 1958 1645 2004 monachus,
1667 1957 1733 1994 has
1753 1969 1925 2006 quaerere
1949 1955 2087 1993 debeat
2110 1956 2339 2007 dignitates?

1468 2018 1531 2055 37.
1553 2016 1694 2061 Labor,
1715 2024 1752 2053 et
1772 2015 1949 2062 latebrae,
1966 2024 2004 2053 et
2020 2016 2236 2054 voluntaria
2259 2030 2422 2068 pauper-

1415 2086 1490 2124 tas,
1518 2077 1598 2114 haec
1623 2085 1711 2113 sunt
1734 2075 2011 2113 monachorum
2039 2076 2229 2126 insignia3
2255 2077 2336 2114 haec
2362 2079 2422 2114 vi·-

1414 2148 1489 2176 tam
1511 2139 1636 2176 solent
1651 2137 1856 2174 nobilitare
1876 2138 2138 2175 monasticam.
2155 2139 2280 2176 Vestri
2295 2147 2420 2176 autem

1413 2201 1514 2237 oculi
1534 2213 1648 2237 omne
1674 2198 1835 2236 sublime
1856 2198 2012 2242 vident,
2034 2199 2150 2236 vestri
2171 2199 2289 2249 pedes
2309 2213 2420 2237 omne

1414 2261 1538 2297 forum
1562 2260 1820 2305 circumeunt,
1839 2267 1976 2296 vestrae
2007 2259 2146 2308 linguae
2173 2259 2211 2295 in
2244 2258 2420 2297 omnibus

1413 2321 1621 2358 audiuntur
1642 2320 1836 2367 conciliis,
1859 2328 1996 2357 vestrae
2026 2333 2162 2357 manus
2190 2333 2305 2357 omne
2328 2321 2419 2358 alie-

1412 2395 1504 2418 num
1522 2381 1708 2431 diripiunt
1727 2380 2013 2430 patrimonium.
2034 2384 2176 2417 Tamen
2191 2381 2222 2418 si
2238 2381 2292 2417 ita
2307 2394 2419 2431 opor-

1413 2452 1482 2490 tet,
1511 2451 1554 2480 ut
1582 2442 1812 2492 emancipati
1843 2455 1864 2478 a
1896 2441 2136 2490 subjectione
2169 2442 2416 2492 pontificum,
2463 2471 2476 2483 ,

1411 2504 1493 2554 pari
1526 2517 1612 2540 cum
1648 2501 1932 2539 successoribus
1963 2503 2239 2553 Apostolorum
2269 2503 2413 2552 gloria,

1410 2565 1492 2614 pari
1513 2563 1691 2600 cathedra
1705 2592 1714 2608 ,
1733 2562 1944 2612 iisdemque
1967 2562 2194 2599 solemnium
2213 2562 2415 2600 indumen-

1411 2633 1537 2661 torum
1552 2623 1765 2673 insignibus
1781 2623 2009 2659 attollamini
2028 2638 2035 2660 :
2056 2636 2125 2660 cur
2142 2636 2221 2660 non
2239 2632 2277 2660 et
2292 2635 2415 2660 sacros

338 2679 467 2712 cordia
481 2683 506 2714 ².
524 2678 623 2726 Quid
644 2679 758 2728 igitur
784 2694 853 2718 vos
869 2710 878 2726 ,
898 2696 920 2718 0
939 2683 1139 2729 monachi,
1169 2683 1346 2720 sacerdo·
1363 2687 1395 2720 D
1413 2685 1575 2721 Ordines
1611 2683 1810 2720 celebratis
1824 2713 1833 2729 ,
1865 2692 1902 2720 et
1935 2682 2220 2720 benedictiones
2251 2683 2346 2720 datis
2376 2683 2414 2719 in

339 2744 415 2772 tum
439 2746 569 2786 gravat
586 2740 820 2776 auctoritas?
839 2742 1004 2779 Metuitis
1025 2743 1306 2780 infestationem
1324 2746 1339 2780 Ρ

338 2797 410 2833 Sed
427 2798 456 2833 si
477 2798 567 2846 quid
597 2800 769 2848 patimini
802 2811 962 2852 propter
985 2802 1172 2851 justitiam
1190 2833 1199 2850 ,
1224 2803 1336 2840 beati.

338 2856 629 2893 Saecularitatem
651 2861 892 2898 contemnitis
910 2863 924 2897 Ρ
944 2862 1014 2899 Sed
1036 2863 1256 2900 saecularior
1274 2877 1339 2900 ne-

337 2926 399 2949 mo
413 2914 547 2960 Pilato,
566 2916 624 2951 cui
650 2919 835 2956 Dominus
867 2921 1235 2971 astititjudicandus.
1254 2925 1339 2959 Non

334 2972 500 3019 haberes,
520 2974 663 3023 inquit,
689 2981 725 3012 in
745 2991 802 3014 me
813 2978 1053 3027 potestatem,
1074 2987 1146 3018 m'si
1165 2983 1233 3019 tihi
1248 2985 1339 3019 data

335 3043 431 3069 esset
445 3033 639 3082 descheiss.
656 3039 740 3073 Jam
756 3046 847 3075 tunc
866 3053 935 3089 per
950 3054 988 3078 se
1002 3042 1232 3092 loquebatur
1249 3052 1285 3080 et
1299 3044 1337 3080 in

1406 2746 1606 2795 populis³?
1623 2748 1743 2792 Quam
1767 2745 1886 2781 multa
1907 2757 2067 2780 moveor
2087 2743 2216 2780 dicere
2233 2743 2413 2780 adversus

1405 2805 1773 2855 impudentissimam
1805 2804 2179 2855 praesumptionem?
2199 2803 2264 2840 5οἀ
2293 2803 2414 2840 frenat

1406 2867 1612 2915 impetum,
1635 2865 1740 2915 quod
1759 2864 1916 2902 auribus
1945 2864 2141 2915 occupatis
2165 2863 2330 2901 scribere
2354 2876 2411 2900 me

1408 2927 1599 2972 recolens,
1631 2926 1794 2976 longiori
1818 2926 1981 2962 lectione
2001 2938 2138 2961 vereor
2163 2925 2245 2961 fieri
2270 2936 2410 2960 onero-

1406 2999 1469 3022 sus
1499 2986 1788 3036 archiepiscopo
1810 3000 1818 3022 :
1841 2993 1878 3022 et
1896 2985 1987 3035 quia
2019 2997 2079 3021 res
2113 2992 2186 3021 tam
2217 2983 2411 3021 manifesta

1406 3053 1491 3090 est,
1528 3053 1571 3081 ut
1600 3045 1808 3082 multitudo
1840 3044 2205 3095 reprehendentium
2239 3043 2411 3080 videatur

358 3181 389 3200 ·⁴
419 3174 519 3206 ΗΘΜ·
547 3186 631 3214 xm,
664 3179 716 3207 17-
732 3196 775 3199 —
792 3183 804 3199 ²
820 3182 892 3222 Sap.
910 3192 943 3211 V1
957 3206 964 3219 ‚
995 3187 1026 3220 6,
1046 3186 1075 3215 7.
1091 3203 1135 3208 —
1151 3183 1165 3206 ³
1179 3188 1272 3217 Joan.
1294 3197 1349 3217 mx
1363 3212 1370 3224 ,
1396 3191 1448 3219 ll.
1473 3205 1515 3210 —
1533 3187 1546 3214 4
1562 3190 1656 3218 Rom.
1682 3197 1766 3224 xttt,
1800 3189 1829 3225 1,
1861 3190 1891 3217 2.
1908 3204 1953 3208 —
1969 3183 1981 3207 ⁵
2004 3188 2036 3218 S.
2061 3184 2264 3221 Benedictus,
2285 3181 2408 3224 Regulae

333 3238 401 3270 cap.
420 3230 453 3259 7.

373 3289 386 3303 ²
407 3289 445 3318 Et
468 3286 500 3318 id
518 3293 683 3328 utrumque
702 3294 810 3330 postea
823 3290 855 3321 iu
872 3301 962 3322 usum
976 3293 1061 3324 venit
1078 3295 1181 3336 quoad
1199 3296 1430 3329 benedictiones
1445 3305 1473 3330 et
1495 3299 1693 3330 collationem
1712 3298 1868 3329 minorum
1888 3297 2057 3329 Ordiuum.
2076 3300 2144 3329 Imo
2163 3295 2255 3328 etiam
2279 3292 2405 3326 subdia-

323 3347 470 3371 conatum
496 3339 665 3381 aliquando
683 3341 847 3375 conferunt
862 3345 1001 3387 quinque
1015 3347 1105 3389 primi
1119 3349 1254 3383 ,abbatos
1273 3351 1401 3381 Ordinis
1420 3346 1645 3383 cisterciensis.
