<?xml version="1.0" encoding="UTF-8"?>
<!DOCTYPE html PUBLIC "-//W3C//DTD XHTML 1.0 Transitional//EN"
    "http://www.w3.org/TR/xhtml1/DTD/xhtml1-transitional.dtd">
<html xmlns="http://www.w3.org/1999/xhtml" xml:lang="en" lang="en">
 <head>
  <title>
</title>
<meta http-equiv="Content-Type" content="text/html;charset=utf-8" />
  <meta name='ocr-system' content='tesseract 3.04.00' />
  <meta name='ocr-capabilities' content='ocr_page ocr_carea ocr_par ocr_line ocrx_word'/>
</head>
<body>
  <div class='ocr_page' id='page_1' title='image "./operaomniapostho01bernuoft/operaomniapostho01bernuoft_0546.png"; bbox 0 0 2517 3920; ppageno 0'>
   <div class='ocr_carea' id='block_1_1' title="bbox 320 219 418 257">
    <p class='ocr_par' dir='ltr' id='par_1_1' title="bbox 320 219 418 257">
     <span class='ocr_line' id='line_1_1' title="bbox 320 219 418 257; baseline -0.02 0"><span class='ocrx_word' id='word_1_1' title='bbox 320 219 418 257; x_wconf 71' lang='lat'>1075</span> 
     </span>
    </p>
   </div>
   <div class='ocr_carea' id='block_1_2' title="bbox 1083 213 1632 250">
    <p class='ocr_par' dir='ltr' id='par_1_2' title="bbox 1083 213 1632 250">
     <span class='ocr_line' id='line_1_2' title="bbox 1083 213 1632 250; baseline -0.004 -1"><span class='ocrx_word' id='word_1_2' title='bbox 1083 215 1118 250; x_wconf 91' lang='lat' dir='ltr'>S.</span> <span class='ocrx_word' id='word_1_3' title='bbox 1149 213 1401 249; x_wconf 74' lang='lat' dir='ltr'>BERNARDI</span> <span class='ocrx_word' id='word_1_4' title='bbox 1432 213 1632 248; x_wconf 67' lang='lat' dir='ltr'>ABBA&#39;I&#39;IS</span> 
     </span>
    </p>
   </div>
   <div class='ocr_carea' id='block_1_3' title="bbox 315 287 1355 346">
    <p class='ocr_par' dir='ltr' id='par_1_3' title="bbox 315 287 1355 346">
     <span class='ocr_line' id='line_1_3' title="bbox 315 287 1355 346; baseline -0.007 -13"><span class='ocrx_word' id='word_1_5' title='bbox 315 296 380 346; x_wconf 90' lang='lat' dir='ltr'>qui</span> <span class='ocrx_word' id='word_1_6' title='bbox 407 307 493 332; x_wconf 88' lang='lat' dir='ltr'>cum</span> <span class='ocrx_word' id='word_1_7' title='bbox 519 306 565 330; x_wconf 93' lang='lat' dir='ltr'>eo</span> <span class='ocrx_word' id='word_1_8' title='bbox 586 299 673 329; x_wconf 91' lang='lat' dir='ltr'>sunt</span> <span class='ocrx_word' id='word_1_9' title='bbox 693 290 794 328; x_wconf 89' lang='lat' dir='ltr'>beati</span> <span class='ocrx_word' id='word_1_10' title='bbox 823 289 979 341; x_wconf 88' lang='lat' dir='ltr'>spiritus</span> <span class='ocrx_word' id='word_1_11' title='bbox 994 318 1004 336; x_wconf 90' lang='lat'>,</span> <span class='ocrx_word' id='word_1_12' title='bbox 1032 288 1153 326; x_wconf 89' lang='lat' dir='ltr'>tribus</span> <span class='ocrx_word' id='word_1_13' title='bbox 1175 287 1355 334; x_wconf 79' lang='lat' dir='ltr'>modis‚⁴⁴</span> 
     </span>
    </p>
   </div>
   <div class='ocr_carea' id='block_1_4' title="bbox 2295 213 2390 251">
    <p class='ocr_par' dir='ltr' id='par_1_4' title="bbox 2295 213 2390 251">
     <span class='ocr_line' id='line_1_4' title="bbox 2295 213 2390 251; baseline 0.021 -2"><span class='ocrx_word' id='word_1_14' title='bbox 2295 213 2390 251; x_wconf 81' lang='lat'>1076</span> 
     </span>
    </p>
   </div>
   <div class='ocr_carea' id='block_1_5' title="bbox 1360 287 2391 338">
    <p class='ocr_par' dir='ltr' id='par_1_5' title="bbox 1360 287 2391 338">
     <span class='ocr_line' id='line_1_5' title="bbox 1360 287 2391 338; baseline 0.004 -14"><span class='ocrx_word' id='word_1_15' title='bbox 1360 287 1373 304; x_wconf 72' lang='lat'>‘³</span> <span class='ocrx_word' id='word_1_16' title='bbox 1387 301 1458 325; x_wconf 88' lang='lat' dir='ltr'>nus</span> <span class='ocrx_word' id='word_1_17' title='bbox 1479 297 1605 325; x_wconf 85' lang='lat' dir='ltr'>tamen</span> <span class='ocrx_word' id='word_1_18' title='bbox 1625 288 1713 325; x_wconf 88' lang='lat' dir='ltr'>licet</span> <span class='ocrx_word' id='word_1_19' title='bbox 1726 316 1735 333; x_wconf 89' lang='lat'>,</span> <span class='ocrx_word' id='word_1_20' title='bbox 1763 287 1823 324; x_wconf 83' lang='lat' dir='ltr'>vel</span> <span class='ocrx_word' id='word_1_21' title='bbox 1841 287 1959 337; x_wconf 83' lang='lat' dir='ltr'>magis</span> <span class='ocrx_word' id='word_1_22' title='bbox 1985 297 2172 338; x_wconf 88' lang='lat' dir='ltr'>quatenus</span> <span class='ocrx_word' id='word_1_23' title='bbox 2192 289 2304 327; x_wconf 88' lang='lat' dir='ltr'>nobis</span> <span class='ocrx_word' id='word_1_24' title='bbox 2323 291 2391 328; x_wconf 92' lang='lat' dir='ltr'>do-</span> 
     </span>
    </p>
   </div>
   <div class='ocr_carea' id='block_1_6' title="bbox 316 348 2392 399">
    <p class='ocr_par' dir='ltr' id='par_1_6' title="bbox 316 348 2392 399">
     <span class='ocr_line' id='line_1_6' title="bbox 316 348 2392 399; baseline -0.002 -7"><span class='ocrx_word' id='word_1_25' title='bbox 316 355 434 394; x_wconf 78' lang='lat' dir='ltr'>veluti</span> <span class='ocrx_word' id='word_1_26' title='bbox 451 354 520 390; x_wconf 88' lang='lat' dir='ltr'>viis</span> <span class='ocrx_word' id='word_1_27' title='bbox 546 352 722 396; x_wconf 90' lang='lat' dir='ltr'>totidem,</span> <span class='ocrx_word' id='word_1_28' title='bbox 751 359 882 388; x_wconf 90' lang='lat' dir='ltr'>nostra</span> <span class='ocrx_word' id='word_1_29' title='bbox 908 358 997 387; x_wconf 90' lang='lat' dir='ltr'>sunt</span> <span class='ocrx_word' id='word_1_30' title='bbox 1018 349 1322 386; x_wconf 77' lang='lat' dir='ltr'>consideratione</span> <span class='ocrx_word' id='word_1_31' title='bbox 1343 353 1369 385; x_wconf 92' lang='lat' dir='ltr'><strong>A</strong></span> <span class='ocrx_word' id='word_1_32' title='bbox 1390 348 1554 385; x_wconf 87' lang='lat' dir='ltr'>nabitur.</span> <span class='ocrx_word' id='word_1_33' title='bbox 1589 352 1636 385; x_wconf 87' lang='lat' dir='ltr'>Et</span> <span class='ocrx_word' id='word_1_34' title='bbox 1659 348 1786 397; x_wconf 88' lang='lat' dir='ltr'>primo</span> <span class='ocrx_word' id='word_1_35' title='bbox 1820 348 1974 397; x_wconf 88' lang='lat' dir='ltr'>quidem</span> <span class='ocrx_word' id='word_1_36' title='bbox 2005 349 2105 386; x_wconf 81' lang='lat' dir='ltr'>cives</span> <span class='ocrx_word' id='word_1_37' title='bbox 2131 350 2284 399; x_wconf 90' lang='lat' dir='ltr'>spiritus</span> <span class='ocrx_word' id='word_1_38' title='bbox 2314 363 2392 388; x_wconf 86' lang='lat' dir='ltr'>esse</span> 
     </span>
    </p>
   </div>
   <div class='ocr_carea' id='block_1_7' title="bbox 306 410 1329 1057">
    <p class='ocr_par' dir='ltr' id='par_1_7' title="bbox 306 410 1329 1057">
     <span class='ocr_line' id='line_1_7' title="bbox 316 410 1325 465; baseline -0.01 -12"><span class='ocrx_word' id='word_1_39' title='bbox 316 413 548 465; x_wconf 85' lang='lat' dir='ltr'>vestigandi,</span> <span class='ocrx_word' id='word_1_40' title='bbox 571 412 773 462; x_wconf 88' lang='lat' dir='ltr'>opinione,</span> <span class='ocrx_word' id='word_1_41' title='bbox 795 410 890 456; x_wconf 88' lang='lat' dir='ltr'>fide,</span> <span class='ocrx_word' id='word_1_42' title='bbox 918 410 1124 446; x_wconf 90' lang='lat' dir='ltr'>intellectu.</span> <span class='ocrx_word' id='word_1_43' title='bbox 1153 413 1325 456; x_wconf 89' lang='lat' dir='ltr'>Quorum</span> 
     </span>
     <span class='ocr_line' id='line_1_8' title="bbox 306 467 1325 520; baseline -0.011 -7"><span class='ocrx_word' id='word_1_44' title='bbox 306 476 532 520; x_wconf 60' lang='lat' dir='ltr'>‚intellectus</span> <span class='ocrx_word' id='word_1_45' title='bbox 560 472 700 509; x_wconf 89' lang='lat' dir='ltr'>rationi</span> <span class='ocrx_word' id='word_1_46' title='bbox 734 471 930 515; x_wconf 89' lang='lat' dir='ltr'>innititur,</span> <span class='ocrx_word' id='word_1_47' title='bbox 965 469 1057 506; x_wconf 89' lang='lat' dir='ltr'>lides</span> <span class='ocrx_word' id='word_1_48' title='bbox 1093 467 1325 512; x_wconf 75' lang='lat' dir='ltr'>auctoritati,</span> 
     </span>
     <span class='ocr_line' id='line_1_9' title="bbox 320 526 1327 586; baseline -0.012 -13"><span class='ocrx_word' id='word_1_49' title='bbox 320 536 453 586; x_wconf 90' lang='lat' dir='ltr'>opinio</span> <span class='ocrx_word' id='word_1_50' title='bbox 482 534 562 571; x_wconf 90' lang='lat' dir='ltr'>sola</span> <span class='ocrx_word' id='word_1_51' title='bbox 578 533 659 569; x_wconf 90' lang='lat' dir='ltr'>veri</span> <span class='ocrx_word' id='word_1_52' title='bbox 678 530 924 568; x_wconf 85' lang='lat' dir='ltr'>similitudine</span> <span class='ocrx_word' id='word_1_53' title='bbox 945 542 983 565; x_wconf 89' lang='lat' dir='ltr'>se</span> <span class='ocrx_word' id='word_1_54' title='bbox 1015 536 1152 565; x_wconf 88' lang='lat' dir='ltr'>tuetur.</span> <span class='ocrx_word' id='word_1_55' title='bbox 1175 526 1327 563; x_wconf 85' lang='lat' dir='ltr'>Habent</span> 
     </span>
     <span class='ocr_line' id='line_1_10' title="bbox 319 588 1327 633; baseline -0.012 0"><span class='ocrx_word' id='word_1_56' title='bbox 319 597 384 633; x_wconf 85' lang='lat' dir='ltr'>illa</span> <span class='ocrx_word' id='word_1_57' title='bbox 399 595 475 632; x_wconf 90' lang='lat' dir='ltr'>duo</span> <span class='ocrx_word' id='word_1_58' title='bbox 495 602 636 630; x_wconf 86' lang='lat' dir='ltr'>certam</span> <span class='ocrx_word' id='word_1_59' title='bbox 654 591 853 628; x_wconf 86' lang='lat' dir='ltr'>veritatem</span> <span class='ocrx_word' id='word_1_60' title='bbox 877 604 884 626; x_wconf 90' lang='lat'>:</span> <span class='ocrx_word' id='word_1_61' title='bbox 906 588 972 626; x_wconf 90' lang='lat' dir='ltr'>sed</span> <span class='ocrx_word' id='word_1_62' title='bbox 990 588 1082 624; x_wconf 88' lang='lat' dir='ltr'>fides</span> <span class='ocrx_word' id='word_1_63' title='bbox 1103 588 1269 623; x_wconf 88' lang='lat' dir='ltr'>clausam</span> <span class='ocrx_word' id='word_1_64' title='bbox 1289 594 1327 621; x_wconf 91' lang='lat' dir='ltr'>et</span> 
     </span>
     <span class='ocr_line' id='line_1_11' title="bbox 318 646 1323 700; baseline -0.014 -6"><span class='ocrx_word' id='word_1_65' title='bbox 318 657 530 694; x_wconf 80' lang='lat' dir='ltr'>involutam</span> <span class='ocrx_word' id='word_1_66' title='bbox 545 683 554 700; x_wconf 86' lang='lat'>‚</span> <span class='ocrx_word' id='word_1_67' title='bbox 570 650 818 700; x_wconf 76' lang='lat' dir='ltr'>intelligentia</span> <span class='ocrx_word' id='word_1_68' title='bbox 838 649 978 685; x_wconf 88' lang='lat' dir='ltr'>nudam</span> <span class='ocrx_word' id='word_1_69' title='bbox 999 655 1037 683; x_wconf 90' lang='lat' dir='ltr'>et</span> <span class='ocrx_word' id='word_1_70' title='bbox 1057 646 1293 683; x_wconf 82' lang='lat' dir='ltr'>manifestam</span> <span class='ocrx_word' id='word_1_71' title='bbox 1316 658 1323 679; x_wconf 90' lang='lat'>:</span> 
     </span>
     <span class='ocr_line' id='line_1_12' title="bbox 321 707 1327 763; baseline -0.013 -9"><span class='ocrx_word' id='word_1_72' title='bbox 321 725 499 754; x_wconf 86' lang='lat' dir='ltr'>caeterum</span> <span class='ocrx_word' id='word_1_73' title='bbox 523 712 653 763; x_wconf 87' lang='lat' dir='ltr'>opinio</span> <span class='ocrx_word' id='word_1_74' title='bbox 682 710 774 747; x_wconf 89' lang='lat' dir='ltr'>certi</span> <span class='ocrx_word' id='word_1_75' title='bbox 803 709 893 745; x_wconf 90' lang='lat' dir='ltr'>nihil</span> <span class='ocrx_word' id='word_1_76' title='bbox 914 707 1075 752; x_wconf 87' lang='lat' dir='ltr'>habens,</span> <span class='ocrx_word' id='word_1_77' title='bbox 1094 718 1226 742; x_wconf 79' lang='lat' dir='ltr'>verum</span> <span class='ocrx_word' id='word_1_78' title='bbox 1257 718 1327 754; x_wconf 91' lang='lat' dir='ltr'>per</span> 
     </span>
     <span class='ocr_line' id='line_1_13' title="bbox 320 765 1282 823; baseline -0.015 -8"><span class='ocrx_word' id='word_1_79' title='bbox 320 775 538 814; x_wconf 82' lang='lat' dir='ltr'>verisimilia</span> <span class='ocrx_word' id='word_1_80' title='bbox 557 773 691 823; x_wconf 59' lang='lat' dir='ltr'>quaerit</span> <span class='ocrx_word' id='word_1_81' title='bbox 707 770 834 821; x_wconf 89' lang='lat' dir='ltr'>potius</span> <span class='ocrx_word' id='word_1_82' title='bbox 849 798 858 813; x_wconf 90' lang='lat'>,</span> <span class='ocrx_word' id='word_1_83' title='bbox 881 782 993 818; x_wconf 88' lang='lat' dir='ltr'>quam</span> <span class='ocrx_word' id='word_1_84' title='bbox 1017 765 1282 817; x_wconf 83' lang='lat' dir='ltr'>apprehendit.</span> 
     </span>
     <span class='ocr_line' id='line_1_14' title="bbox 376 826 1327 873; baseline -0.014 0"><span class='ocrx_word' id='word_1_85' title='bbox 376 838 412 873; x_wconf 91' lang='grc'>6.</span> <span class='ocrx_word' id='word_1_86' title='bbox 435 834 601 873; x_wconf 87' lang='lat' dir='ltr'>Omnino</span> <span class='ocrx_word' id='word_1_87' title='bbox 633 832 672 867; x_wconf 91' lang='lat' dir='ltr'>in</span> <span class='ocrx_word' id='word_1_88' title='bbox 697 831 754 866; x_wconf 89' lang='lat' dir='ltr'>his</span> <span class='ocrx_word' id='word_1_89' title='bbox 772 828 939 866; x_wconf 86' lang='lat' dir='ltr'>cavenda</span> <span class='ocrx_word' id='word_1_90' title='bbox 965 826 1162 871; x_wconf 88' lang='lat' dir='ltr'>confusio,</span> <span class='ocrx_word' id='word_1_91' title='bbox 1187 838 1235 862; x_wconf 90' lang='lat' dir='ltr'>ne</span> <span class='ocrx_word' id='word_1_92' title='bbox 1262 834 1327 861; x_wconf 89' lang='lat' dir='ltr'>aut</span> 
     </span>
     <span class='ocr_line' id='line_1_15' title="bbox 322 885 1328 942; baseline -0.013 -9"><span class='ocrx_word' id='word_1_93' title='bbox 322 897 510 933; x_wconf 79' lang='lat' dir='ltr'>incertum</span> <span class='ocrx_word' id='word_1_94' title='bbox 527 890 718 942; x_wconf 86' lang='lat' dir='ltr'>opinionis</span> <span class='ocrx_word' id='word_1_95' title='bbox 736 889 827 925; x_wconf 88' lang='lat' dir='ltr'>fides</span> <span class='ocrx_word' id='word_1_96' title='bbox 843 889 953 937; x_wconf 84' lang='lat' dir='ltr'>figat,</span> <span class='ocrx_word' id='word_1_97' title='bbox 975 894 1039 923; x_wconf 91' lang='lat' dir='ltr'>aut</span> <span class='ocrx_word' id='word_1_98' title='bbox 1054 885 1158 935; x_wconf 92' lang='lat' dir='ltr'>quod</span> <span class='ocrx_word' id='word_1_99' title='bbox 1175 886 1328 921; x_wconf 89' lang='lat' dir='ltr'>firmum</span> 
     </span>
     <span class='ocr_line' id='line_1_16' title="bbox 322 946 1329 1004; baseline -0.012 -11"><span class='ocrx_word' id='word_1_100' title='bbox 322 958 516 1004; x_wconf 81' lang='lat' dir='ltr'>fixumque</span> <span class='ocrx_word' id='word_1_101' title='bbox 541 959 597 988; x_wconf 88' lang='lat' dir='ltr'>est</span> <span class='ocrx_word' id='word_1_102' title='bbox 617 950 722 995; x_wconf 88' lang='lat' dir='ltr'>fidei,</span> <span class='ocrx_word' id='word_1_103' title='bbox 754 948 886 998; x_wconf 88' lang='lat' dir='ltr'>opinio</span> <span class='ocrx_word' id='word_1_104' title='bbox 905 954 1060 984; x_wconf 82' lang='lat' dir='ltr'>revocet</span> <span class='ocrx_word' id='word_1_105' title='bbox 1079 946 1118 982; x_wconf 91' lang='lat' dir='ltr'>in</span> <span class='ocrx_word' id='word_1_106' title='bbox 1146 946 1329 995; x_wconf 66' lang='lat' dir='ltr'>quaestio-</span> 
     </span>
     <span class='ocr_line' id='line_1_17' title="bbox 322 1005 1329 1057; baseline -0.011 -5"><span class='ocrx_word' id='word_1_107' title='bbox 322 1029 422 1052; x_wconf 85' lang='lat' dir='ltr'>nem.</span> <span class='ocrx_word' id='word_1_108' title='bbox 445 1017 491 1050; x_wconf 84' lang='lat' dir='ltr'>Et</span> <span class='ocrx_word' id='word_1_109' title='bbox 514 1012 585 1048; x_wconf 90' lang='lat' dir='ltr'>hoc</span> <span class='ocrx_word' id='word_1_110' title='bbox 606 1009 826 1053; x_wconf 87' lang='lat' dir='ltr'>sciendum,</span> <span class='ocrx_word' id='word_1_111' title='bbox 856 1008 946 1057; x_wconf 88' lang='lat' dir='ltr'>quia</span> <span class='ocrx_word' id='word_1_112' title='bbox 973 1006 1107 1057; x_wconf 88' lang='lat' dir='ltr'>opinio</span> <span class='ocrx_word' id='word_1_113' title='bbox 1122 1035 1130 1051; x_wconf 91' lang='lat'>,</span> <span class='ocrx_word' id='word_1_114' title='bbox 1155 1006 1185 1043; x_wconf 93' lang='lat' dir='ltr'>si</span> <span class='ocrx_word' id='word_1_115' title='bbox 1214 1005 1329 1042; x_wconf 91' lang='lat' dir='ltr'>habet</span> 
     </span>
    </p>
   </div>
   <div class='ocr_carea' id='block_1_8' title="bbox 1392 407 2402 1058">
    <p class='ocr_par' dir='ltr' id='par_1_8' title="bbox 1392 407 2402 1058">
     <span class='ocr_line' id='line_1_18' title="bbox 1393 407 2393 456; baseline 0.005 -14"><span class='ocrx_word' id='word_1_116' title='bbox 1393 407 1468 442; x_wconf 90' lang='lat' dir='ltr'>illic</span> <span class='ocrx_word' id='word_1_117' title='bbox 1498 415 1695 456; x_wconf 86' lang='lat' dir='ltr'>potentes,</span> <span class='ocrx_word' id='word_1_118' title='bbox 1730 407 1939 456; x_wconf 86' lang='lat' dir='ltr'>gloriosos,</span> <span class='ocrx_word' id='word_1_119' title='bbox 1963 407 2116 454; x_wconf 89' lang='lat' dir='ltr'>beatos,</span> <span class='ocrx_word' id='word_1_120' title='bbox 2147 409 2341 446; x_wconf 89' lang='lat' dir='ltr'>distinctos</span> <span class='ocrx_word' id='word_1_121' title='bbox 2354 410 2393 447; x_wconf 90' lang='lat' dir='ltr'>in</span> 
     </span>
     <span class='ocr_line' id='line_1_19' title="bbox 1393 466 2395 518; baseline 0.005 -16"><span class='ocrx_word' id='word_1_122' title='bbox 1393 479 1601 515; x_wconf 82' lang='lat' dir='ltr'>personas,</span> <span class='ocrx_word' id='word_1_123' title='bbox 1638 466 1842 517; x_wconf 89' lang='lat' dir='ltr'>dispositos</span> <span class='ocrx_word' id='word_1_124' title='bbox 1874 468 1911 504; x_wconf 88' lang='lat' dir='ltr'>in</span> <span class='ocrx_word' id='word_1_125' title='bbox 1943 468 2174 518; x_wconf 79' lang='lat' dir='ltr'>dignitates,</span> <span class='ocrx_word' id='word_1_126' title='bbox 2207 469 2254 506; x_wconf 91' lang='lat' dir='ltr'>ab</span> <span class='ocrx_word' id='word_1_127' title='bbox 2286 469 2395 507; x_wconf 87' lang='lat' dir='ltr'>initio</span> 
     </span>
     <span class='ocr_line' id='line_1_20' title="bbox 1393 527 2396 579; baseline 0.005 -17"><span class='ocrx_word' id='word_1_128' title='bbox 1393 534 1534 563; x_wconf 87' lang='lat' dir='ltr'>stantes</span> <span class='ocrx_word' id='word_1_129' title='bbox 1553 527 1592 563; x_wconf 92' lang='lat' dir='ltr'>in</span> <span class='ocrx_word' id='word_1_130' title='bbox 1613 527 1748 565; x_wconf 91' lang='lat' dir='ltr'>ordine</span> <span class='ocrx_word' id='word_1_131' title='bbox 1765 542 1835 565; x_wconf 90' lang='lat' dir='ltr'>suo</span> <span class='ocrx_word' id='word_1_132' title='bbox 1848 558 1856 574; x_wconf 94' lang='lat'>,</span> <span class='ocrx_word' id='word_1_133' title='bbox 1878 529 2068 579; x_wconf 89' lang='lat' dir='ltr'>perfectos</span> <span class='ocrx_word' id='word_1_134' title='bbox 2088 529 2126 565; x_wconf 91' lang='lat' dir='ltr'>in</span> <span class='ocrx_word' id='word_1_135' title='bbox 2148 542 2287 579; x_wconf 84' lang='lat' dir='ltr'>genere</span> <span class='ocrx_word' id='word_1_136' title='bbox 2305 543 2396 577; x_wconf 90' lang='lat' dir='ltr'>suo,</span> 
     </span>
     <span class='ocr_line' id='line_1_21' title="bbox 1393 587 2396 639; baseline 0.004 -16"><span class='ocrx_word' id='word_1_137' title='bbox 1393 600 1558 636; x_wconf 87' lang='lat' dir='ltr'>corpore</span> <span class='ocrx_word' id='word_1_138' title='bbox 1587 587 1794 624; x_wconf 74' lang='lat' dir='ltr'>aethereosa</span> <span class='ocrx_word' id='word_1_139' title='bbox 1814 617 1822 633; x_wconf 96' lang='lat'>,</span> <span class='ocrx_word' id='word_1_140' title='bbox 1854 588 2140 626; x_wconf 78' lang='lat' dir='ltr'>immortalitate</span> <span class='ocrx_word' id='word_1_141' title='bbox 2169 597 2396 639; x_wconf 88' lang='lat' dir='ltr'>perpetuos,</span> 
     </span>
     <span class='ocr_line' id='line_1_22' title="bbox 1392 645 2398 696; baseline 0.004 -14"><span class='ocrx_word' id='word_1_142' title='bbox 1392 645 1643 696; x_wconf 88' lang='lat' dir='ltr'>impassibiles</span> <span class='ocrx_word' id='word_1_143' title='bbox 1672 660 1750 684; x_wconf 91' lang='lat' dir='ltr'>non</span> <span class='ocrx_word' id='word_1_144' title='bbox 1786 656 1955 693; x_wconf 82' lang='lat' dir='ltr'>creatos,</span> <span class='ocrx_word' id='word_1_145' title='bbox 1994 647 2060 685; x_wconf 91' lang='lat' dir='ltr'>sed</span> <span class='ocrx_word' id='word_1_146' title='bbox 2093 649 2237 695; x_wconf 83' lang='lat' dir='ltr'>factos,</span> <span class='ocrx_word' id='word_1_147' title='bbox 2270 648 2310 685; x_wconf 91' lang='lat' dir='ltr'>id</span> <span class='ocrx_word' id='word_1_148' title='bbox 2343 657 2398 687; x_wconf 89' lang='lat' dir='ltr'>est</span> 
     </span>
     <span class='ocr_line' id='line_1_23' title="bbox 1392 707 2399 758; baseline 0.004 -15"><span class='ocrx_word' id='word_1_149' title='bbox 1392 707 1530 756; x_wconf 86' lang='lat' dir='ltr'>gratia,</span> <span class='ocrx_word' id='word_1_150' title='bbox 1553 721 1632 744; x_wconf 87' lang='lat' dir='ltr'>non</span> <span class='ocrx_word' id='word_1_151' title='bbox 1661 716 1820 755; x_wconf 74' lang='lat' dir='ltr'>natura,</span> <span class='ocrx_word' id='word_1_152' title='bbox 1842 716 1970 744; x_wconf 85' lang='lat' dir='ltr'>mente</span> <span class='ocrx_word' id='word_1_153' title='bbox 1996 721 2136 758; x_wconf 89' lang='lat' dir='ltr'>puros,</span> <span class='ocrx_word' id='word_1_154' title='bbox 2165 709 2304 746; x_wconf 83' lang='lat' dir='ltr'>affectu</span> <span class='ocrx_word' id='word_1_155' title='bbox 2327 708 2399 747; x_wconf 89' lang='lat' dir='ltr'>be-</span> 
     </span>
     <span class='ocr_line' id='line_1_24' title="bbox 1392 766 2397 818; baseline 0.003 -16"><span class='ocrx_word' id='word_1_156' title='bbox 1392 766 1551 816; x_wconf 86' lang='lat' dir='ltr'>nignos,</span> <span class='ocrx_word' id='word_1_157' title='bbox 1591 767 1774 817; x_wconf 80' lang='lat' dir='ltr'>religione</span> <span class='ocrx_word' id='word_1_158' title='bbox 1807 768 1914 817; x_wconf 89' lang='lat' dir='ltr'>pios,</span> <span class='ocrx_word' id='word_1_159' title='bbox 1953 767 2177 805; x_wconf 85' lang='lat' dir='ltr'>castimonia</span> <span class='ocrx_word' id='word_1_160' title='bbox 2208 767 2397 818; x_wconf 86' lang='lat' dir='ltr'>integros,</span> 
     </span>
     <span class='ocr_line' id='line_1_25' title="bbox 1392 827 2400 878; baseline 0.002 -15"><span class='ocrx_word' id='word_1_161' title='bbox 1392 827 1643 864; x_wconf 85' lang='lat' dir='ltr'>unanimitate</span> <span class='ocrx_word' id='word_1_162' title='bbox 1670 827 1909 872; x_wconf 86' lang='lat' dir='ltr'>individuos,</span> <span class='ocrx_word' id='word_1_163' title='bbox 1943 840 2038 878; x_wconf 89' lang='lat' dir='ltr'>pace</span> <span class='ocrx_word' id='word_1_164' title='bbox 2073 840 2248 874; x_wconf 92' lang='lat' dir='ltr'>securos,</span> <span class='ocrx_word' id='word_1_165' title='bbox 2268 841 2290 864; x_wconf 88' lang='lat' dir='ltr'>a</span> <span class='ocrx_word' id='word_1_166' title='bbox 2317 831 2400 866; x_wconf 89' lang='lat' dir='ltr'>Deo</span> 
     </span>
     <span class='ocr_line' id='line_1_26' title="bbox 1396 887 2399 938; baseline 0.002 -15"><span class='ocrx_word' id='word_1_167' title='bbox 1396 887 1591 934; x_wconf 86' lang='lat' dir='ltr'>conditos,</span> <span class='ocrx_word' id='word_1_168' title='bbox 1612 887 1752 924; x_wconf 83' lang='lat' dir='ltr'>divinis</span> <span class='ocrx_word' id='word_1_169' title='bbox 1773 887 1949 924; x_wconf 82' lang='lat' dir='ltr'>laudibus</span> <span class='ocrx_word' id='word_1_170' title='bbox 1972 896 2009 924; x_wconf 91' lang='lat' dir='ltr'>et</span> <span class='ocrx_word' id='word_1_171' title='bbox 2030 887 2222 938; x_wconf 88' lang='lat' dir='ltr'>obsequiis</span> <span class='ocrx_word' id='word_1_172' title='bbox 2239 887 2399 926; x_wconf 85' lang='lat' dir='ltr'>deditos.</span> 
     </span>
     <span class='ocr_line' id='line_1_27' title="bbox 1394 947 2399 998; baseline 0.002 -14"><span class='ocrx_word' id='word_1_173' title='bbox 1394 951 1484 984; x_wconf 87' lang='lat' dir='ltr'>Haec</span> <span class='ocrx_word' id='word_1_174' title='bbox 1505 948 1632 984; x_wconf 85' lang='lat' dir='ltr'>omnia</span> <span class='ocrx_word' id='word_1_175' title='bbox 1647 947 1810 997; x_wconf 82' lang='lat' dir='ltr'>legendo</span> <span class='ocrx_word' id='word_1_176' title='bbox 1825 948 2084 998; x_wconf 86' lang='lat' dir='ltr'>comperimus</span> <span class='ocrx_word' id='word_1_177' title='bbox 2097 977 2106 995; x_wconf 86' lang='lat'>‚</span> <span class='ocrx_word' id='word_1_178' title='bbox 2125 948 2200 985; x_wconf 89' lang='lat' dir='ltr'>fide</span> <span class='ocrx_word' id='word_1_179' title='bbox 2216 956 2399 986; x_wconf 89' lang='lat' dir='ltr'>tenemus.</span> 
     </span>
     <span class='ocr_line' id='line_1_28' title="bbox 1395 1006 2402 1058; baseline 0.002 -15"><span class='ocrx_word' id='word_1_180' title='bbox 1395 1010 1621 1057; x_wconf 84' lang='lat' dir='ltr'>Quanquam</span> <span class='ocrx_word' id='word_1_181' title='bbox 1658 1007 1704 1044; x_wconf 91' lang='lat' dir='ltr'>de</span> <span class='ocrx_word' id='word_1_182' title='bbox 1739 1006 1968 1058; x_wconf 85' lang='lat' dir='ltr'>corporibus</span> <span class='ocrx_word' id='word_1_183' title='bbox 2001 1008 2138 1045; x_wconf 88' lang='lat' dir='ltr'>horum</span> <span class='ocrx_word' id='word_1_184' title='bbox 2175 1021 2254 1044; x_wconf 89' lang='lat' dir='ltr'>non</span> <span class='ocrx_word' id='word_1_185' title='bbox 2287 1008 2402 1046; x_wconf 91' lang='lat' dir='ltr'>modo</span> 
     </span>
    </p>
   </div>
   <div class='ocr_carea' id='block_1_9' title="bbox 322 1065 2404 1118">
    <p class='ocr_par' dir='ltr' id='par_1_9' title="bbox 322 1065 2404 1118">
     <span class='ocr_line' id='line_1_29' title="bbox 322 1065 2404 1118; baseline -0.003 -7"><span class='ocrx_word' id='word_1_186' title='bbox 322 1073 570 1110; x_wconf 82' lang='lat' dir='ltr'>assertionem</span> <span class='ocrx_word' id='word_1_187' title='bbox 583 1098 592 1115; x_wconf 91' lang='lat'>,</span> <span class='ocrx_word' id='word_1_188' title='bbox 616 1068 815 1105; x_wconf 85' lang='lat' dir='ltr'>temeraria</span> <span class='ocrx_word' id='word_1_189' title='bbox 831 1076 887 1104; x_wconf 91' lang='lat' dir='ltr'>est</span> <span class='ocrx_word' id='word_1_190' title='bbox 909 1081 916 1103; x_wconf 79' lang='lat' dir='ltr'>z</span> <span class='ocrx_word' id='word_1_191' title='bbox 939 1066 1032 1103; x_wconf 90' lang='lat' dir='ltr'>fides</span> <span class='ocrx_word' id='word_1_192' title='bbox 1045 1096 1054 1113; x_wconf 92' lang='lat'>,</span> <span class='ocrx_word' id='word_1_193' title='bbox 1073 1066 1103 1103; x_wconf 87' lang='lat' dir='ltr'>si</span> <span class='ocrx_word' id='word_1_194' title='bbox 1119 1065 1235 1102; x_wconf 87' lang='lat' dir='ltr'>habet</span> <span class='ocrx_word' id='word_1_195' title='bbox 1250 1066 1330 1102; x_wconf 89' lang='lat' dir='ltr'>hae—</span> <span class='ocrx_word' id='word_1_196' title='bbox 1349 1074 1377 1108; x_wconf 88' lang='grc' dir='ltr'><strong>Β</strong></span> <span class='ocrx_word' id='word_1_197' title='bbox 1397 1067 1501 1104; x_wconf 89' lang='lat' dir='ltr'>unde</span> <span class='ocrx_word' id='word_1_198' title='bbox 1524 1068 1616 1113; x_wconf 84' lang='lat' dir='ltr'>sint,</span> <span class='ocrx_word' id='word_1_199' title='bbox 1636 1068 1701 1105; x_wconf 91' lang='lat' dir='ltr'>sed</span> <span class='ocrx_word' id='word_1_200' title='bbox 1729 1081 1776 1104; x_wconf 92' lang='lat' dir='ltr'>an</span> <span class='ocrx_word' id='word_1_201' title='bbox 1797 1068 2036 1118; x_wconf 89' lang='lat' dir='ltr'>aliquatenus</span> <span class='ocrx_word' id='word_1_202' title='bbox 2059 1069 2156 1115; x_wconf 90' lang='lat' dir='ltr'>sint,</span> <span class='ocrx_word' id='word_1_203' title='bbox 2178 1068 2298 1105; x_wconf 88' lang='lat' dir='ltr'>haeret</span> <span class='ocrx_word' id='word_1_204' title='bbox 2318 1081 2404 1105; x_wconf 91' lang='lat' dir='ltr'>sen-</span> 
     </span>
    </p>
   </div>
   <div class='ocr_carea' id='block_1_10' title="bbox 322 1127 1335 1846">
    <p class='ocr_par' dir='ltr' id='par_1_10' title="bbox 322 1127 1335 1846">
     <span class='ocr_line' id='line_1_30' title="bbox 323 1127 1333 1177; baseline -0.008 -6"><span class='ocrx_word' id='word_1_205' title='bbox 323 1134 537 1171; x_wconf 90' lang='lat' dir='ltr'>sitationem</span> <span class='ocrx_word' id='word_1_206' title='bbox 551 1160 560 1177; x_wconf 88' lang='lat'>,</span> <span class='ocrx_word' id='word_1_207' title='bbox 585 1130 736 1166; x_wconf 88' lang='lat' dir='ltr'>infirma</span> <span class='ocrx_word' id='word_1_208' title='bbox 769 1137 825 1165; x_wconf 91' lang='lat' dir='ltr'>est</span> <span class='ocrx_word' id='word_1_209' title='bbox 858 1143 865 1165; x_wconf 90' lang='lat'><strong>:</strong></span> <span class='ocrx_word' id='word_1_210' title='bbox 900 1128 991 1164; x_wconf 90' lang='lat' dir='ltr'>item</span> <span class='ocrx_word' id='word_1_211' title='bbox 1023 1127 1240 1163; x_wconf 89' lang='lat' dir='ltr'>intellectus</span> <span class='ocrx_word' id='word_1_212' title='bbox 1256 1155 1265 1172; x_wconf 92' lang='lat'>,</span> <span class='ocrx_word' id='word_1_213' title='bbox 1302 1127 1333 1164; x_wconf 92' lang='lat' dir='ltr'>si</span> 
     </span>
     <span class='ocr_line' id='line_1_31' title="bbox 322 1187 1333 1243; baseline -0.009 -12"><span class='ocrx_word' id='word_1_214' title='bbox 322 1195 467 1243; x_wconf 86' lang='lat' dir='ltr'>signata</span> <span class='ocrx_word' id='word_1_215' title='bbox 483 1191 569 1228; x_wconf 85' lang='lat' dir='ltr'>fidei</span> <span class='ocrx_word' id='word_1_216' title='bbox 590 1197 710 1226; x_wconf 86' lang='lat' dir='ltr'>tentet</span> <span class='ocrx_word' id='word_1_217' title='bbox 730 1189 945 1238; x_wconf 86' lang='lat' dir='ltr'>irrumpere</span> <span class='ocrx_word' id='word_1_218' title='bbox 960 1217 969 1234; x_wconf 96' lang='lat'>,</span> <span class='ocrx_word' id='word_1_219' title='bbox 998 1195 1200 1237; x_wconf 87' lang='lat' dir='ltr'>reputatur</span> <span class='ocrx_word' id='word_1_220' title='bbox 1217 1187 1333 1223; x_wconf 87' lang='lat' dir='ltr'>effra-</span> 
     </span>
     <span class='ocr_line' id='line_1_32' title="bbox 323 1247 1334 1299; baseline -0.007 -9"><span class='ocrx_word' id='word_1_221' title='bbox 323 1262 420 1299; x_wconf 90' lang='lat' dir='ltr'>ctor,</span> <span class='ocrx_word' id='word_1_222' title='bbox 446 1259 636 1289; x_wconf 87' lang='lat' dir='ltr'>scrutator</span> <span class='ocrx_word' id='word_1_223' title='bbox 655 1248 872 1298; x_wconf 84' lang='lat' dir='ltr'>majestatis.</span> <span class='ocrx_word' id='word_1_224' title='bbox 903 1248 1012 1285; x_wconf 88' lang='lat' dir='ltr'>Multi</span> <span class='ocrx_word' id='word_1_225' title='bbox 1041 1260 1148 1284; x_wconf 90' lang='lat' dir='ltr'>suam</span> <span class='ocrx_word' id='word_1_226' title='bbox 1179 1247 1334 1297; x_wconf 90' lang='lat' dir='ltr'>opinio-</span> 
     </span>
     <span class='ocr_line' id='line_1_33' title="bbox 324 1310 1335 1360; baseline -0.007 -10"><span class='ocrx_word' id='word_1_227' title='bbox 324 1327 413 1350; x_wconf 89' lang='lat' dir='ltr'>nem</span> <span class='ocrx_word' id='word_1_228' title='bbox 432 1312 667 1349; x_wconf 90' lang='lat' dir='ltr'>intellectum</span> <span class='ocrx_word' id='word_1_229' title='bbox 688 1317 946 1360; x_wconf 75' lang='lat' dir='ltr'>putaverunt,</span> <span class='ocrx_word' id='word_1_230' title='bbox 966 1316 1003 1345; x_wconf 89' lang='lat' dir='ltr'>et</span> <span class='ocrx_word' id='word_1_231' title='bbox 1026 1316 1264 1345; x_wconf 75' lang='lat' dir='ltr'>erraverunt.</span> <span class='ocrx_word' id='word_1_232' title='bbox 1288 1310 1335 1344; x_wconf 91' lang='lat' dir='ltr'>Et</span> 
     </span>
     <span class='ocr_line' id='line_1_34' title="bbox 324 1369 1333 1424; baseline -0.006 -13"><span class='ocrx_word' id='word_1_233' title='bbox 324 1373 478 1424; x_wconf 89' lang='lat' dir='ltr'>quidem</span> <span class='ocrx_word' id='word_1_234' title='bbox 500 1370 632 1422; x_wconf 91' lang='lat' dir='ltr'>opinio</span> <span class='ocrx_word' id='word_1_235' title='bbox 650 1378 777 1420; x_wconf 89' lang='lat' dir='ltr'>potest</span> <span class='ocrx_word' id='word_1_236' title='bbox 803 1369 929 1419; x_wconf 89' lang='lat' dir='ltr'>putari</span> <span class='ocrx_word' id='word_1_237' title='bbox 950 1369 1191 1415; x_wconf 87' lang='lat' dir='ltr'>intellectus;</span> <span class='ocrx_word' id='word_1_238' title='bbox 1220 1369 1333 1405; x_wconf 88' lang='lat' dir='ltr'>intel-</span> 
     </span>
     <span class='ocr_line' id='line_1_35' title="bbox 324 1428 1334 1482; baseline -0.006 -11"><span class='ocrx_word' id='word_1_239' title='bbox 324 1435 444 1471; x_wconf 89' lang='lat' dir='ltr'>lectus</span> <span class='ocrx_word' id='word_1_240' title='bbox 478 1431 609 1482; x_wconf 90' lang='lat' dir='ltr'>opinio</span> <span class='ocrx_word' id='word_1_241' title='bbox 639 1443 717 1467; x_wconf 90' lang='lat' dir='ltr'>non</span> <span class='ocrx_word' id='word_1_242' title='bbox 750 1438 889 1479; x_wconf 87' lang='lat' dir='ltr'>potest.</span> <span class='ocrx_word' id='word_1_243' title='bbox 914 1429 1026 1467; x_wconf 91' lang='lat' dir='ltr'>Unde</span> <span class='ocrx_word' id='word_1_244' title='bbox 1061 1429 1136 1465; x_wconf 91' lang='lat' dir='ltr'>hoc</span> <span class='ocrx_word' id='word_1_245' title='bbox 1164 1428 1334 1466; x_wconf 80' lang='lat' dir='ltr'>accidit?</span> 
     </span>
     <span class='ocr_line' id='line_1_36' title="bbox 326 1490 1332 1541; baseline -0.005 -11"><span class='ocrx_word' id='word_1_246' title='bbox 326 1494 502 1531; x_wconf 79' lang='lat' dir='ltr'>Profecto</span> <span class='ocrx_word' id='word_1_247' title='bbox 520 1491 609 1541; x_wconf 89' lang='lat' dir='ltr'>quia</span> <span class='ocrx_word' id='word_1_248' title='bbox 628 1491 708 1527; x_wconf 78' lang='lat' dir='ltr'>haec</span> <span class='ocrx_word' id='word_1_249' title='bbox 724 1490 798 1526; x_wconf 90' lang='lat' dir='ltr'>falli</span> <span class='ocrx_word' id='word_1_250' title='bbox 821 1498 969 1540; x_wconf 88' lang='lat' dir='ltr'>potest,</span> <span class='ocrx_word' id='word_1_251' title='bbox 990 1490 1053 1526; x_wconf 91' lang='lat' dir='ltr'>ille</span> <span class='ocrx_word' id='word_1_252' title='bbox 1078 1502 1156 1526; x_wconf 93' lang='lat' dir='ltr'>non</span> <span class='ocrx_word' id='word_1_253' title='bbox 1183 1498 1332 1539; x_wconf 89' lang='lat' dir='ltr'>potest:</span> 
     </span>
     <span class='ocr_line' id='line_1_37' title="bbox 326 1549 1335 1602; baseline -0.005 -11"><span class='ocrx_word' id='word_1_254' title='bbox 326 1563 392 1591; x_wconf 89' lang='lat' dir='ltr'>aut</span> <span class='ocrx_word' id='word_1_255' title='bbox 409 1554 439 1590; x_wconf 90' lang='lat' dir='ltr'>si</span> <span class='ocrx_word' id='word_1_256' title='bbox 463 1552 540 1589; x_wconf 89' lang='lat' dir='ltr'>falli</span> <span class='ocrx_word' id='word_1_257' title='bbox 557 1551 701 1602; x_wconf 89' lang='lat' dir='ltr'>potuit,</span> <span class='ocrx_word' id='word_1_258' title='bbox 723 1551 938 1587; x_wconf 85' lang='lat' dir='ltr'>intellectus</span> <span class='ocrx_word' id='word_1_259' title='bbox 954 1563 1031 1587; x_wconf 90' lang='lat' dir='ltr'>non</span> <span class='ocrx_word' id='word_1_260' title='bbox 1050 1550 1120 1586; x_wconf 91' lang='lat' dir='ltr'>fuit</span> <span class='ocrx_word' id='word_1_261' title='bbox 1134 1579 1143 1596; x_wconf 95' lang='lat'>,</span> <span class='ocrx_word' id='word_1_262' title='bbox 1161 1549 1227 1587; x_wconf 89' lang='lat' dir='ltr'>sed</span> <span class='ocrx_word' id='word_1_263' title='bbox 1249 1550 1335 1600; x_wconf 87' lang='lat' dir='ltr'>opi-</span> 
     </span>
     <span class='ocr_line' id='line_1_38' title="bbox 326 1610 1334 1661; baseline -0.005 -9"><span class='ocrx_word' id='word_1_264' title='bbox 326 1615 403 1652; x_wconf 89' lang='lat' dir='ltr'>nio.</span> <span class='ocrx_word' id='word_1_265' title='bbox 422 1617 544 1651; x_wconf 84' lang='lat' dir='ltr'>Verus</span> <span class='ocrx_word' id='word_1_266' title='bbox 563 1624 701 1661; x_wconf 88' lang='lat' dir='ltr'>nempe</span> <span class='ocrx_word' id='word_1_267' title='bbox 718 1611 933 1647; x_wconf 87' lang='lat' dir='ltr'>intellectus</span> <span class='ocrx_word' id='word_1_268' title='bbox 962 1619 1103 1648; x_wconf 85' lang='lat' dir='ltr'>certam</span> <span class='ocrx_word' id='word_1_269' title='bbox 1122 1610 1237 1647; x_wconf 90' lang='lat' dir='ltr'>habet</span> <span class='ocrx_word' id='word_1_270' title='bbox 1257 1624 1334 1647; x_wconf 91' lang='lat' dir='ltr'>non</span> 
     </span>
     <span class='ocr_line' id='line_1_39' title="bbox 326 1671 1335 1718; baseline -0.004 -6"><span class='ocrx_word' id='word_1_271' title='bbox 326 1675 443 1712; x_wconf 88' lang='lat' dir='ltr'>modo</span> <span class='ocrx_word' id='word_1_272' title='bbox 460 1673 659 1710; x_wconf 65' lang='lat' dir='ltr'>veritatem</span> <span class='ocrx_word' id='word_1_273' title='bbox 672 1701 681 1718; x_wconf 94' lang='lat'>,</span> <span class='ocrx_word' id='word_1_274' title='bbox 703 1671 769 1708; x_wconf 89' lang='lat' dir='ltr'>sed</span> <span class='ocrx_word' id='word_1_275' title='bbox 791 1671 965 1708; x_wconf 87' lang='lat' dir='ltr'>notitiam</span> <span class='ocrx_word' id='word_1_276' title='bbox 989 1671 1173 1708; x_wconf 86' lang='lat' dir='ltr'>veritatis.</span> <span class='ocrx_word' id='word_1_277' title='bbox 1193 1675 1335 1709; x_wconf 85' lang='lat' dir='ltr'>Possu-</span> 
     </span>
     <span class='ocr_line' id='line_1_40' title="bbox 327 1730 1335 1783; baseline -0.005 -11"><span class='ocrx_word' id='word_1_278' title='bbox 327 1748 410 1772; x_wconf 89' lang='lat' dir='ltr'>mus</span> <span class='ocrx_word' id='word_1_279' title='bbox 427 1734 573 1783; x_wconf 81' lang='lat' dir='ltr'>singula</span> <span class='ocrx_word' id='word_1_280' title='bbox 584 1732 664 1768; x_wconf 81' lang='lat' dir='ltr'>haec</span> <span class='ocrx_word' id='word_1_281' title='bbox 680 1731 732 1767; x_wconf 91' lang='lat' dir='ltr'>ita</span> <span class='ocrx_word' id='word_1_282' title='bbox 746 1731 918 1767; x_wconf 90' lang='lat' dir='ltr'>definire.</span> <span class='ocrx_word' id='word_1_283' title='bbox 928 1730 1040 1769; x_wconf 84' lang='lat' dir='ltr'>Fides</span> <span class='ocrx_word' id='word_1_284' title='bbox 1054 1739 1111 1768; x_wconf 91' lang='lat' dir='ltr'>est</span> <span class='ocrx_word' id='word_1_285' title='bbox 1120 1731 1335 1767; x_wconf 70' lang='lat' dir='ltr'>voluntaria</span> 
     </span>
     <span class='ocr_line' id='line_1_41' title="bbox 328 1790 1335 1846; baseline -0.005 -13"><span class='ocrx_word' id='word_1_286' title='bbox 328 1795 504 1846; x_wconf 81' lang='lat' dir='ltr'>quaedam</span> <span class='ocrx_word' id='word_1_287' title='bbox 525 1802 562 1830; x_wconf 89' lang='lat' dir='ltr'>et</span> <span class='ocrx_word' id='word_1_288' title='bbox 585 1801 688 1829; x_wconf 87' lang='lat' dir='ltr'>certa</span> <span class='ocrx_word' id='word_1_289' title='bbox 709 1790 923 1841; x_wconf 73' lang='lat' dir='ltr'>praelibatio</span> <span class='ocrx_word' id='word_1_290' title='bbox 942 1791 1105 1828; x_wconf 88' lang='lat' dir='ltr'>necdum</span> <span class='ocrx_word' id='word_1_291' title='bbox 1124 1792 1335 1841; x_wconf 77' lang='lat' dir='ltr'>propalatae</span> 
     </span>
    </p>
   </div>
   <div class='ocr_carea' id='block_1_11' title="bbox 1399 1127 2410 1663">
    <p class='ocr_par' dir='ltr' id='par_1_11' title="bbox 1399 1127 2410 1663">
     <span class='ocr_line' id='line_1_42' title="bbox 1399 1127 2404 1178; baseline 0.002 -15"><span class='ocrx_word' id='word_1_292' title='bbox 1399 1127 1518 1164; x_wconf 89' lang='lat' dir='ltr'>tentia</span> <span class='ocrx_word' id='word_1_293' title='bbox 1537 1128 1767 1177; x_wconf 87' lang='lat' dir='ltr'>aliquorum.</span> <span class='ocrx_word' id='word_1_294' title='bbox 1789 1127 1903 1165; x_wconf 90' lang='lat' dir='ltr'>Unde</span> <span class='ocrx_word' id='word_1_295' title='bbox 1923 1128 1954 1164; x_wconf 92' lang='lat' dir='ltr'>si</span> <span class='ocrx_word' id='word_1_296' title='bbox 1974 1128 2059 1177; x_wconf 90' lang='lat' dir='ltr'>quis</span> <span class='ocrx_word' id='word_1_297' title='bbox 2077 1128 2179 1165; x_wconf 87' lang='lat' dir='ltr'>inter</span> <span class='ocrx_word' id='word_1_298' title='bbox 2199 1127 2404 1178; x_wconf 87' lang='lat' dir='ltr'>opinabilia</span> 
     </span>
     <span class='ocr_line' id='line_1_43' title="bbox 1399 1187 2402 1238; baseline 0.001 -14"><span class='ocrx_word' id='word_1_299' title='bbox 1399 1188 1518 1237; x_wconf 86' lang='lat' dir='ltr'>magis</span> <span class='ocrx_word' id='word_1_300' title='bbox 1537 1187 1575 1224; x_wconf 91' lang='lat' dir='ltr'>id</span> <span class='ocrx_word' id='word_1_301' title='bbox 1593 1187 1816 1238; x_wconf 88' lang='lat' dir='ltr'>ponendum</span> <span class='ocrx_word' id='word_1_302' title='bbox 1846 1188 2058 1234; x_wconf 87' lang='lat' dir='ltr'>censuerit,</span> <span class='ocrx_word' id='word_1_303' title='bbox 2088 1201 2166 1225; x_wconf 93' lang='lat' dir='ltr'>non</span> <span class='ocrx_word' id='word_1_304' title='bbox 2198 1187 2402 1226; x_wconf 87' lang='lat' dir='ltr'>contendo.</span> 
     </span>
     <span class='ocr_line' id='line_1_44' title="bbox 1400 1248 2406 1299; baseline 0 -14"><span class='ocrx_word' id='word_1_305' title='bbox 1400 1252 1521 1286; x_wconf 91' lang='lat' dir='ltr'>Porro</span> <span class='ocrx_word' id='word_1_306' title='bbox 1542 1249 1740 1286; x_wconf 90' lang='lat' dir='ltr'>intellectu</span> <span class='ocrx_word' id='word_1_307' title='bbox 1768 1248 1974 1299; x_wconf 69' lang='lat' dir='ltr'>praeditos,</span> <span class='ocrx_word' id='word_1_308' title='bbox 1995 1261 2074 1285; x_wconf 91' lang='lat' dir='ltr'>non</span> <span class='ocrx_word' id='word_1_309' title='bbox 2105 1248 2201 1295; x_wconf 90' lang='lat' dir='ltr'>fide,</span> <span class='ocrx_word' id='word_1_310' title='bbox 2226 1261 2302 1285; x_wconf 91' lang='lat' dir='ltr'>non</span> <span class='ocrx_word' id='word_1_311' title='bbox 2322 1248 2406 1299; x_wconf 90' lang='lat' dir='ltr'>opi-</span> 
     </span>
     <span class='ocr_line' id='line_1_45' title="bbox 1401 1309 2406 1360; baseline -0.001 -14"><span class='ocrx_word' id='word_1_312' title='bbox 1401 1310 1536 1355; x_wconf 92' lang='lat' dir='ltr'>nione,</span> <span class='ocrx_word' id='word_1_313' title='bbox 1560 1309 1626 1346; x_wconf 89' lang='lat' dir='ltr'>sed</span> <span class='ocrx_word' id='word_1_314' title='bbox 1652 1310 1849 1346; x_wconf 87' lang='lat' dir='ltr'>intellectu</span> <span class='ocrx_word' id='word_1_315' title='bbox 1878 1309 2047 1360; x_wconf 86' lang='lat' dir='ltr'>capimus</span> <span class='ocrx_word' id='word_1_316' title='bbox 2070 1324 2077 1346; x_wconf 91' lang='lat'>:</span> <span class='ocrx_word' id='word_1_317' title='bbox 2100 1309 2190 1359; x_wconf 89' lang='lat' dir='ltr'>quia</span> <span class='ocrx_word' id='word_1_318' title='bbox 2211 1321 2289 1345; x_wconf 90' lang='lat' dir='ltr'>non</span> <span class='ocrx_word' id='word_1_319' title='bbox 2310 1321 2406 1358; x_wconf 90' lang='lat' dir='ltr'>pos-</span> 
     </span>
     <span class='ocr_line' id='line_1_46' title="bbox 1402 1369 2406 1421; baseline 0 -15"><span class='ocrx_word' id='word_1_320' title='bbox 1402 1378 1491 1407; x_wconf 87' lang='lat' dir='ltr'>sunt</span> <span class='ocrx_word' id='word_1_321' title='bbox 1522 1369 1634 1420; x_wconf 88' lang='lat' dir='ltr'>hujus</span> <span class='ocrx_word' id='word_1_322' title='bbox 1669 1378 1869 1421; x_wconf 84' lang='lat' dir='ltr'>expertes,</span> <span class='ocrx_word' id='word_1_323' title='bbox 1899 1378 1937 1407; x_wconf 91' lang='lat' dir='ltr'>et</span> <span class='ocrx_word' id='word_1_324' title='bbox 1967 1369 2037 1408; x_wconf 90' lang='lat' dir='ltr'>Dei</span> <span class='ocrx_word' id='word_1_325' title='bbox 2062 1369 2174 1407; x_wconf 91' lang='lat' dir='ltr'>simul</span> <span class='ocrx_word' id='word_1_326' title='bbox 2202 1369 2406 1420; x_wconf 87' lang='lat' dir='ltr'>participes</span> 
     </span>
     <span class='ocr_line' id='line_1_47' title="bbox 1401 1429 2408 1481; baseline 0 -14"><span class='ocrx_word' id='word_1_327' title='bbox 1401 1444 1492 1467; x_wconf 90' lang='lat' dir='ltr'>esse.</span> <span class='ocrx_word' id='word_1_328' title='bbox 1515 1434 1609 1469; x_wconf 88' lang='lat' dir='ltr'>Sunt</span> <span class='ocrx_word' id='word_1_329' title='bbox 1627 1439 1665 1468; x_wconf 91' lang='lat' dir='ltr'>et</span> <span class='ocrx_word' id='word_1_330' title='bbox 1681 1431 1839 1467; x_wconf 89' lang='lat' dir='ltr'>nomina</span> <span class='ocrx_word' id='word_1_331' title='bbox 1851 1430 2026 1481; x_wconf 77' lang='lat' dir='ltr'>quaedam</span> <span class='ocrx_word' id='word_1_332' title='bbox 2045 1439 2135 1468; x_wconf 89' lang='lat' dir='ltr'>nota</span> <span class='ocrx_word' id='word_1_333' title='bbox 2151 1429 2262 1467; x_wconf 88' lang='lat' dir='ltr'>nobis</span> <span class='ocrx_word' id='word_1_334' title='bbox 2282 1430 2408 1467; x_wconf 86' lang='lat' dir='ltr'>simili—</span> 
     </span>
     <span class='ocr_line' id='line_1_48' title="bbox 1402 1491 2406 1542; baseline 0 -14"><span class='ocrx_word' id='word_1_335' title='bbox 1402 1500 1460 1528; x_wconf 90' lang='lat' dir='ltr'>ter</span> <span class='ocrx_word' id='word_1_336' title='bbox 1483 1505 1530 1528; x_wconf 78' lang='lat' dir='ltr'>ex</span> <span class='ocrx_word' id='word_1_337' title='bbox 1557 1491 1710 1537; x_wconf 89' lang='lat' dir='ltr'>auditu,</span> <span class='ocrx_word' id='word_1_338' title='bbox 1731 1505 1802 1542; x_wconf 90' lang='lat' dir='ltr'>per</span> <span class='ocrx_word' id='word_1_339' title='bbox 1831 1505 1917 1541; x_wconf 87' lang='lat' dir='ltr'>quae</span> <span class='ocrx_word' id='word_1_340' title='bbox 1943 1492 2079 1528; x_wconf 87' lang='lat' dir='ltr'>harum</span> <span class='ocrx_word' id='word_1_341' title='bbox 2100 1491 2380 1528; x_wconf 87' lang='lat' dir='ltr'>beatitudinum</span> <span class='ocrx_word' id='word_1_342' title='bbox 2396 1521 2406 1539; x_wconf 96' lang='lat'>,</span> 
     </span>
     <span class='ocr_line' id='line_1_49' title="bbox 1402 1553 2408 1603; baseline 0.001 -14"><span class='ocrx_word' id='word_1_343' title='bbox 1402 1553 1514 1589; x_wconf 88' lang='lat' dir='ltr'>etiam</span> <span class='ocrx_word' id='word_1_344' title='bbox 1537 1567 1622 1603; x_wconf 86' lang='lat' dir='ltr'>quae</span> <span class='ocrx_word' id='word_1_345' title='bbox 1643 1566 1720 1590; x_wconf 91' lang='lat' dir='ltr'>non</span> <span class='ocrx_word' id='word_1_346' title='bbox 1740 1553 1888 1602; x_wconf 91' lang='lat' dir='ltr'>liquido</span> <span class='ocrx_word' id='word_1_347' title='bbox 1908 1553 2128 1590; x_wconf 86' lang='lat' dir='ltr'>mortalium</span> <span class='ocrx_word' id='word_1_348' title='bbox 2148 1553 2323 1603; x_wconf 85' lang='lat' dir='ltr'>percepit</span> <span class='ocrx_word' id='word_1_349' title='bbox 2341 1566 2408 1590; x_wconf 88' lang='lat' dir='ltr'>au-</span> 
     </span>
     <span class='ocr_line' id='line_1_50' title="bbox 1403 1613 2410 1663; baseline 0.001 -13"><span class='ocrx_word' id='word_1_350' title='bbox 1403 1614 1504 1651; x_wconf 90' lang='lat' dir='ltr'>ditus</span> <span class='ocrx_word' id='word_1_351' title='bbox 1517 1643 1526 1659; x_wconf 94' lang='lat'>,</span> <span class='ocrx_word' id='word_1_352' title='bbox 1547 1614 1690 1660; x_wconf 85' lang='lat' dir='ltr'>officia,</span> <span class='ocrx_word' id='word_1_353' title='bbox 1711 1614 1847 1650; x_wconf 85' lang='lat' dir='ltr'>merita</span> <span class='ocrx_word' id='word_1_354' title='bbox 1863 1644 1871 1661; x_wconf 93' lang='lat'>,</span> <span class='ocrx_word' id='word_1_355' title='bbox 1890 1614 2049 1663; x_wconf 87' lang='lat' dir='ltr'>gradus,</span> <span class='ocrx_word' id='word_1_356' title='bbox 2069 1613 2225 1651; x_wconf 82' lang='lat' dir='ltr'>ordines</span> <span class='ocrx_word' id='word_1_357' title='bbox 2237 1643 2246 1661; x_wconf 93' lang='lat'>,</span> <span class='ocrx_word' id='word_1_358' title='bbox 2262 1622 2410 1651; x_wconf 85' lang='lat' dir='ltr'>utcum—</span> 
     </span>
    </p>
   </div>
   <div class='ocr_carea' id='block_1_12' title="bbox 1402 1673 2408 1784">
    <p class='ocr_par' dir='ltr' id='par_1_12' title="bbox 1402 1673 2408 1784">
     <span class='ocr_line' id='line_1_51' title="bbox 1402 1673 2408 1724; baseline -0.001 -13"><span class='ocrx_word' id='word_1_359' title='bbox 1402 1688 1476 1724; x_wconf 90' lang='lat' dir='ltr'>que</span> <span class='ocrx_word' id='word_1_360' title='bbox 1493 1688 1513 1711; x_wconf 94' lang='lat' dir='ltr'>a</span> <span class='ocrx_word' id='word_1_361' title='bbox 1533 1674 1644 1711; x_wconf 88' lang='lat' dir='ltr'>nobis</span> <span class='ocrx_word' id='word_1_362' title='bbox 1661 1673 1800 1723; x_wconf 88' lang='lat' dir='ltr'>conjici</span> <span class='ocrx_word' id='word_1_363' title='bbox 1815 1683 1853 1711; x_wconf 88' lang='lat' dir='ltr'>et</span> <span class='ocrx_word' id='word_1_364' title='bbox 1866 1674 2028 1711; x_wconf 89' lang='lat' dir='ltr'>discerni</span> <span class='ocrx_word' id='word_1_365' title='bbox 2043 1682 2202 1724; x_wconf 88' lang='lat' dir='ltr'>queunt.</span> <span class='ocrx_word' id='word_1_366' title='bbox 2220 1673 2293 1712; x_wconf 90' lang='lat' dir='ltr'>Sed</span> <span class='ocrx_word' id='word_1_367' title='bbox 2308 1674 2408 1710; x_wconf 92' lang='lat' dir='ltr'>enim</span> 
     </span>
     <span class='ocr_line' id='line_1_52' title="bbox 1402 1731 2408 1784; baseline -0.001 -14"><span class='ocrx_word' id='word_1_368' title='bbox 1402 1733 1506 1784; x_wconf 89' lang='lat' dir='ltr'>quod</span> <span class='ocrx_word' id='word_1_369' title='bbox 1528 1747 1572 1770; x_wconf 80' lang='lat' dir='ltr'>ex</span> <span class='ocrx_word' id='word_1_370' title='bbox 1595 1733 1728 1769; x_wconf 90' lang='lat' dir='ltr'>auditu</span> <span class='ocrx_word' id='word_1_371' title='bbox 1748 1746 1826 1769; x_wconf 92' lang='lat' dir='ltr'>non</span> <span class='ocrx_word' id='word_1_372' title='bbox 1847 1741 1921 1779; x_wconf 90' lang='lat' dir='ltr'>est,</span> <span class='ocrx_word' id='word_1_373' title='bbox 1942 1731 2021 1782; x_wconf 88' lang='lat' dir='ltr'>jam</span> <span class='ocrx_word' id='word_1_374' title='bbox 2043 1745 2121 1769; x_wconf 89' lang='lat' dir='ltr'>non</span> <span class='ocrx_word' id='word_1_375' title='bbox 2139 1746 2185 1769; x_wconf 86' lang='lat' dir='ltr'>ex</span> <span class='ocrx_word' id='word_1_376' title='bbox 2207 1731 2301 1780; x_wconf 85' lang='lat' dir='ltr'>fide;</span> <span class='ocrx_word' id='word_1_377' title='bbox 2323 1745 2408 1769; x_wconf 90' lang='lat' dir='ltr'>nam</span> 
     </span>
    </p>
   </div>
   <div class='ocr_carea' id='block_1_13' title="bbox 1403 1792 2407 1842">
    <p class='ocr_par' dir='ltr' id='par_1_13' title="bbox 1403 1792 2407 1842">
     <span class='ocr_line' id='line_1_53' title="bbox 1403 1792 2407 1842; baseline -0.001 -12"><span class='ocrx_word' id='word_1_378' title='bbox 1403 1793 1496 1830; x_wconf 84' lang='lat' dir='ltr'>fides</span> <span class='ocrx_word' id='word_1_379' title='bbox 1517 1807 1564 1830; x_wconf 70' lang='lat' dir='ltr'>ex</span> <span class='ocrx_word' id='word_1_380' title='bbox 1593 1793 1763 1830; x_wconf 87' lang='lat' dir='ltr'>auditu¹.</span> <span class='ocrx_word' id='word_1_381' title='bbox 1790 1796 1923 1842; x_wconf 88' lang='lat' dir='ltr'>Itaque</span> <span class='ocrx_word' id='word_1_382' title='bbox 1948 1792 2145 1842; x_wconf 90' lang='lat' dir='ltr'>opinando</span> <span class='ocrx_word' id='word_1_383' title='bbox 2170 1792 2240 1829; x_wconf 89' lang='lat' dir='ltr'>ista</span> <span class='ocrx_word' id='word_1_384' title='bbox 2267 1792 2407 1829; x_wconf 65' lang='lat' dir='ltr'>dixeri«-</span> 
     </span>
    </p>
   </div>
   <div class='ocr_carea' id='block_1_14' title="bbox 328 1850 2420 1903">
    <p class='ocr_par' dir='ltr' id='par_1_14' title="bbox 328 1850 2420 1903">
     <span class='ocr_line' id='line_1_54' title="bbox 328 1850 2420 1903; baseline -0.004 -11"><span class='ocrx_word' id='word_1_385' title='bbox 328 1854 511 1892; x_wconf 71' lang='lat' dir='ltr'>veritatis.</span> <span class='ocrx_word' id='word_1_386' title='bbox 532 1852 754 1890; x_wconf 84' lang='lat' dir='ltr'>Intellectus</span> <span class='ocrx_word' id='word_1_387' title='bbox 768 1859 824 1887; x_wconf 90' lang='lat' dir='ltr'>est</span> <span class='ocrx_word' id='word_1_388' title='bbox 844 1851 897 1887; x_wconf 87' lang='lat' dir='ltr'>rei</span> <span class='ocrx_word' id='word_1_389' title='bbox 914 1850 1189 1901; x_wconf 82' lang='lat' dir='ltr'>cujuscumque</span> <span class='ocrx_word' id='word_1_390' title='bbox 1205 1852 1336 1888; x_wconf 66' lang='lat' dir='ltr'>invisi-</span> <span class='ocrx_word' id='word_1_391' title='bbox 1357 1861 1384 1897; x_wconf 87' lang='lat' dir='ltr'>C</span> <span class='ocrx_word' id='word_1_392' title='bbox 1404 1867 1500 1891; x_wconf 88' lang='lat' dir='ltr'>mus.</span> <span class='ocrx_word' id='word_1_393' title='bbox 1520 1853 1578 1891; x_wconf 88' lang='lat' dir='ltr'>Ad</span> <span class='ocrx_word' id='word_1_394' title='bbox 1598 1853 1691 1903; x_wconf 88' lang='lat' dir='ltr'>quid</span> <span class='ocrx_word' id='word_1_395' title='bbox 1711 1854 1813 1890; x_wconf 85' lang='lat' dir='ltr'>enim</span> <span class='ocrx_word' id='word_1_396' title='bbox 1835 1853 2046 1889; x_wconf 81' lang='lat' dir='ltr'>coelestium</span> <span class='ocrx_word' id='word_1_397' title='bbox 2063 1852 2222 1889; x_wconf 82' lang='lat' dir='ltr'>nomina</span> <span class='ocrx_word' id='word_1_398' title='bbox 2236 1851 2420 1890; x_wconf 56' lang='lat' dir='ltr'>innotueq,</span> 
     </span>
    </p>
   </div>
   <div class='ocr_carea' id='block_1_15' title="bbox 328 1911 1339 2672">
    <p class='ocr_par' dir='ltr' id='par_1_15' title="bbox 328 1911 1339 2672">
     <span class='ocr_line' id='line_1_55' title="bbox 329 1911 1339 1962; baseline -0.003 -11"><span class='ocrx_word' id='word_1_399' title='bbox 329 1914 415 1951; x_wconf 90' lang='lat' dir='ltr'>bilis</span> <span class='ocrx_word' id='word_1_400' title='bbox 435 1921 536 1950; x_wconf 85' lang='lat' dir='ltr'>certa</span> <span class='ocrx_word' id='word_1_401' title='bbox 553 1920 590 1948; x_wconf 89' lang='lat' dir='ltr'>et</span> <span class='ocrx_word' id='word_1_402' title='bbox 608 1911 806 1948; x_wconf 88' lang='lat' dir='ltr'>manifesta</span> <span class='ocrx_word' id='word_1_403' title='bbox 824 1911 972 1947; x_wconf 89' lang='lat' dir='ltr'>notitia.</span> <span class='ocrx_word' id='word_1_404' title='bbox 991 1911 1132 1962; x_wconf 88' lang='lat' dir='ltr'>Opinio</span> <span class='ocrx_word' id='word_1_405' title='bbox 1150 1920 1206 1948; x_wconf 88' lang='lat' dir='ltr'>est</span> <span class='ocrx_word' id='word_1_406' title='bbox 1230 1912 1339 1961; x_wconf 92' lang='lat' dir='ltr'>quasi</span> 
     </span>
     <span class='ocr_line' id='line_1_56' title="bbox 329 1970 1338 2024; baseline -0.004 -13"><span class='ocrx_word' id='word_1_407' title='bbox 329 1988 402 2024; x_wconf 90' lang='lat' dir='ltr'>pro</span> <span class='ocrx_word' id='word_1_408' title='bbox 421 1986 514 2010; x_wconf 68' lang='lat' dir='ltr'>vero</span> <span class='ocrx_word' id='word_1_409' title='bbox 529 1971 672 2009; x_wconf 89' lang='lat' dir='ltr'>habere</span> <span class='ocrx_word' id='word_1_410' title='bbox 694 1970 859 2020; x_wconf 87' lang='lat' dir='ltr'>aliquid,</span> <span class='ocrx_word' id='word_1_411' title='bbox 881 1971 985 2020; x_wconf 85' lang='lat' dir='ltr'>quod</span> <span class='ocrx_word' id='word_1_412' title='bbox 1014 1971 1147 2007; x_wconf 89' lang='lat' dir='ltr'>falsum</span> <span class='ocrx_word' id='word_1_413' title='bbox 1169 1984 1249 2008; x_wconf 85' lang='lat' dir='ltr'>esse</span> <span class='ocrx_word' id='word_1_414' title='bbox 1268 1984 1338 2007; x_wconf 91' lang='lat' dir='ltr'>ne—</span> 
     </span>
     <span class='ocr_line' id='line_1_57' title="bbox 330 2030 1337 2082; baseline -0.003 -11"><span class='ocrx_word' id='word_1_415' title='bbox 330 2035 437 2071; x_wconf 85' lang='lat' dir='ltr'>scias.</span> <span class='ocrx_word' id='word_1_416' title='bbox 468 2037 588 2082; x_wconf 85' lang='lat' dir='ltr'>Ergo,</span> <span class='ocrx_word' id='word_1_417' title='bbox 606 2040 649 2068; x_wconf 91' lang='lat' dir='ltr'>ut</span> <span class='ocrx_word' id='word_1_418' title='bbox 669 2031 768 2077; x_wconf 80' lang='lat' dir='ltr'>dixi,</span> <span class='ocrx_word' id='word_1_419' title='bbox 796 2030 889 2067; x_wconf 89' lang='lat' dir='ltr'>fides</span> <span class='ocrx_word' id='word_1_420' title='bbox 918 2030 1138 2080; x_wconf 88' lang='lat' dir='ltr'>ambiguum</span> <span class='ocrx_word' id='word_1_421' title='bbox 1163 2045 1240 2080; x_wconf 86' lang='lat' dir='ltr'>non</span> <span class='ocrx_word' id='word_1_422' title='bbox 1267 2032 1337 2068; x_wconf 87' lang='lat' dir='ltr'>ha·</span> 
     </span>
     <span class='ocr_line' id='line_1_58' title="bbox 330 2091 1337 2142; baseline -0.003 -10"><span class='ocrx_word' id='word_1_423' title='bbox 330 2094 418 2138; x_wconf 86' lang='lat' dir='ltr'>bet;</span> <span class='ocrx_word' id='word_1_424' title='bbox 452 2102 516 2131; x_wconf 90' lang='lat' dir='ltr'>aut</span> <span class='ocrx_word' id='word_1_425' title='bbox 536 2093 565 2129; x_wconf 89' lang='lat' dir='ltr'>si</span> <span class='ocrx_word' id='word_1_426' title='bbox 589 2091 722 2136; x_wconf 90' lang='lat' dir='ltr'>habet,</span> <span class='ocrx_word' id='word_1_427' title='bbox 761 2091 854 2128; x_wconf 84' lang='lat' dir='ltr'>fides</span> <span class='ocrx_word' id='word_1_428' title='bbox 882 2105 959 2128; x_wconf 90' lang='lat' dir='ltr'>non</span> <span class='ocrx_word' id='word_1_429' title='bbox 986 2100 1063 2138; x_wconf 90' lang='lat' dir='ltr'>est,</span> <span class='ocrx_word' id='word_1_430' title='bbox 1097 2092 1163 2128; x_wconf 89' lang='lat' dir='ltr'>sed</span> <span class='ocrx_word' id='word_1_431' title='bbox 1192 2092 1337 2142; x_wconf 89' lang='lat' dir='ltr'>opinio.</span> 
     </span>
     <span class='ocr_line' id='line_1_59' title="bbox 330 2151 1338 2204; baseline -0.002 -13"><span class='ocrx_word' id='word_1_432' title='bbox 330 2155 431 2204; x_wconf 89' lang='lat' dir='ltr'>Quid</span> <span class='ocrx_word' id='word_1_433' title='bbox 454 2155 568 2204; x_wconf 86' lang='lat' dir='ltr'>igitur</span> <span class='ocrx_word' id='word_1_434' title='bbox 599 2153 710 2189; x_wconf 86' lang='lat' dir='ltr'>distat</span> <span class='ocrx_word' id='word_1_435' title='bbox 740 2151 786 2188; x_wconf 89' lang='lat' dir='ltr'>ab</span> <span class='ocrx_word' id='word_1_436' title='bbox 814 2152 1033 2189; x_wconf 80' lang='lat' dir='ltr'>intellectu?</span> <span class='ocrx_word' id='word_1_437' title='bbox 1060 2156 1205 2202; x_wconf 76' lang='lat' dir='ltr'>Nempe</span> <span class='ocrx_word' id='word_1_438' title='bbox 1234 2153 1338 2203; x_wconf 90' lang='lat' dir='ltr'>quod</span> 
     </span>
     <span class='ocr_line' id='line_1_60' title="bbox 330 2211 1338 2261; baseline -0.003 -9"><span class='ocrx_word' id='word_1_439' title='bbox 330 2215 400 2252; x_wconf 88' lang='lat' dir='ltr'>etsi</span> <span class='ocrx_word' id='word_1_440' title='bbox 422 2227 498 2251; x_wconf 91' lang='lat' dir='ltr'>non</span> <span class='ocrx_word' id='word_1_441' title='bbox 519 2212 632 2249; x_wconf 86' lang='lat' dir='ltr'>habet</span> <span class='ocrx_word' id='word_1_442' title='bbox 649 2212 837 2248; x_wconf 90' lang='lat' dir='ltr'>incertum</span> <span class='ocrx_word' id='word_1_443' title='bbox 860 2225 937 2248; x_wconf 90' lang='lat' dir='ltr'>non</span> <span class='ocrx_word' id='word_1_444' title='bbox 957 2211 1074 2261; x_wconf 85' lang='lat' dir='ltr'>magis</span> <span class='ocrx_word' id='word_1_445' title='bbox 1091 2225 1206 2261; x_wconf 89' lang='lat' dir='ltr'>quam</span> <span class='ocrx_word' id='word_1_446' title='bbox 1223 2212 1338 2249; x_wconf 91' lang='lat' dir='ltr'>intel-</span> 
     </span>
     <span class='ocr_line' id='line_1_61' title="bbox 331 2270 1337 2320; baseline -0.003 -10"><span class='ocrx_word' id='word_1_447' title='bbox 331 2274 451 2310; x_wconf 90' lang='lat' dir='ltr'>lectus</span> <span class='ocrx_word' id='word_1_448' title='bbox 465 2302 474 2318; x_wconf 90' lang='lat'>,</span> <span class='ocrx_word' id='word_1_449' title='bbox 508 2271 623 2309; x_wconf 88' lang='lat' dir='ltr'>habet</span> <span class='ocrx_word' id='word_1_450' title='bbox 662 2278 788 2306; x_wconf 89' lang='lat' dir='ltr'>tamen</span> <span class='ocrx_word' id='word_1_451' title='bbox 824 2270 1066 2306; x_wconf 76' lang='lat' dir='ltr'>involucrum</span> <span class='ocrx_word' id='word_1_452' title='bbox 1081 2298 1090 2314; x_wconf 97' lang='lat'>,</span> <span class='ocrx_word' id='word_1_453' title='bbox 1124 2270 1229 2320; x_wconf 88' lang='lat' dir='ltr'>quod</span> <span class='ocrx_word' id='word_1_454' title='bbox 1259 2284 1337 2307; x_wconf 91' lang='lat' dir='ltr'>non</span> 
     </span>
     <span class='ocr_line' id='line_1_62' title="bbox 328 2330 1339 2380; baseline -0.004 -9"><span class='ocrx_word' id='word_1_455' title='bbox 328 2334 559 2372; x_wconf 88' lang='lat' dir='ltr'>intellectus.</span> <span class='ocrx_word' id='word_1_456' title='bbox 579 2331 752 2380; x_wconf 86' lang='lat' dir='ltr'>Denique</span> <span class='ocrx_word' id='word_1_457' title='bbox 778 2330 882 2379; x_wconf 90' lang='lat' dir='ltr'>quod</span> <span class='ocrx_word' id='word_1_458' title='bbox 907 2330 1154 2376; x_wconf 77' lang='lat' dir='ltr'>intellexisti,</span> <span class='ocrx_word' id='word_1_459' title='bbox 1187 2344 1264 2367; x_wconf 92' lang='lat' dir='ltr'>non</span> <span class='ocrx_word' id='word_1_460' title='bbox 1283 2339 1339 2367; x_wconf 92' lang='lat' dir='ltr'>est</span> 
     </span>
     <span class='ocr_line' id='line_1_63' title="bbox 331 2390 1339 2442; baseline -0.004 -11"><span class='ocrx_word' id='word_1_461' title='bbox 331 2395 379 2431; x_wconf 89' lang='lat' dir='ltr'>de</span> <span class='ocrx_word' id='word_1_462' title='bbox 402 2407 447 2430; x_wconf 87' lang='lat' dir='ltr'>eo</span> <span class='ocrx_word' id='word_1_463' title='bbox 468 2392 571 2442; x_wconf 90' lang='lat' dir='ltr'>quod</span> <span class='ocrx_word' id='word_1_464' title='bbox 591 2392 686 2428; x_wconf 90' lang='lat' dir='ltr'>ultra</span> <span class='ocrx_word' id='word_1_465' title='bbox 702 2404 850 2440; x_wconf 85' lang='lat' dir='ltr'>quaeras</span> <span class='ocrx_word' id='word_1_466' title='bbox 870 2405 877 2427; x_wconf 74' lang='grc' dir='ltr'><strong><em>ε</em></strong></span> <span class='ocrx_word' id='word_1_467' title='bbox 901 2399 966 2427; x_wconf 87' lang='lat' dir='ltr'>aut</span> <span class='ocrx_word' id='word_1_468' title='bbox 984 2390 1014 2427; x_wconf 91' lang='lat' dir='ltr'>si</span> <span class='ocrx_word' id='word_1_469' title='bbox 1031 2399 1107 2437; x_wconf 89' lang='lat' dir='ltr'>est,</span> <span class='ocrx_word' id='word_1_470' title='bbox 1126 2403 1204 2427; x_wconf 91' lang='lat' dir='ltr'>non</span> <span class='ocrx_word' id='word_1_471' title='bbox 1227 2391 1339 2428; x_wconf 89' lang='lat' dir='ltr'>intel-</span> 
     </span>
     <span class='ocr_line' id='line_1_64' title="bbox 329 2451 1338 2501; baseline -0.002 -10"><span class='ocrx_word' id='word_1_472' title='bbox 329 2453 466 2492; x_wconf 81' lang='lat' dir='ltr'>lexisti.</span> <span class='ocrx_word' id='word_1_473' title='bbox 502 2452 561 2490; x_wconf 87' lang='lat' dir='ltr'>Nil</span> <span class='ocrx_word' id='word_1_474' title='bbox 595 2459 721 2488; x_wconf 89' lang='lat' dir='ltr'>autem</span> <span class='ocrx_word' id='word_1_475' title='bbox 751 2451 941 2487; x_wconf 86' lang='lat' dir='ltr'>malumus</span> <span class='ocrx_word' id='word_1_476' title='bbox 965 2451 1082 2497; x_wconf 90' lang='lat' dir='ltr'>scire,</span> <span class='ocrx_word' id='word_1_477' title='bbox 1113 2465 1228 2501; x_wconf 88' lang='lat' dir='ltr'>quam</span> <span class='ocrx_word' id='word_1_478' title='bbox 1253 2465 1338 2501; x_wconf 87' lang='lat' dir='ltr'>quae</span> 
     </span>
     <span class='ocr_line' id='line_1_65' title="bbox 331 2510 1338 2563; baseline 0 -13"><span class='ocrx_word' id='word_1_479' title='bbox 331 2514 404 2552; x_wconf 88' lang='lat' dir='ltr'>fide</span> <span class='ocrx_word' id='word_1_480' title='bbox 418 2513 495 2563; x_wconf 86' lang='lat' dir='ltr'>jam</span> <span class='ocrx_word' id='word_1_481' title='bbox 520 2512 670 2549; x_wconf 88' lang='lat' dir='ltr'>scimus.</span> <span class='ocrx_word' id='word_1_482' title='bbox 691 2511 751 2548; x_wconf 67' lang='lat' dir='ltr'>Nil</span> <span class='ocrx_word' id='word_1_483' title='bbox 771 2511 962 2562; x_wconf 90' lang='lat' dir='ltr'>supererit</span> <span class='ocrx_word' id='word_1_484' title='bbox 980 2511 1027 2548; x_wconf 84' lang='lat' dir='ltr'>ad</span> <span class='ocrx_word' id='word_1_485' title='bbox 1041 2510 1338 2559; x_wconf 86' lang='lat' dir='ltr'>beatitudinem,</span> 
     </span>
     <span class='ocr_line' id='line_1_66' title="bbox 331 2571 1339 2623; baseline 0 -13"><span class='ocrx_word' id='word_1_486' title='bbox 331 2587 417 2610; x_wconf 89' lang='lat' dir='ltr'>cum</span> <span class='ocrx_word' id='word_1_487' title='bbox 439 2587 523 2623; x_wconf 87' lang='lat' dir='ltr'>quae</span> <span class='ocrx_word' id='word_1_488' title='bbox 538 2572 616 2622; x_wconf 86' lang='lat' dir='ltr'>jam</span> <span class='ocrx_word' id='word_1_489' title='bbox 633 2580 735 2609; x_wconf 88' lang='lat' dir='ltr'>certa</span> <span class='ocrx_word' id='word_1_490' title='bbox 755 2580 845 2609; x_wconf 86' lang='lat' dir='ltr'>sunt</span> <span class='ocrx_word' id='word_1_491' title='bbox 862 2571 974 2608; x_wconf 88' lang='lat' dir='ltr'>nobis</span> <span class='ocrx_word' id='word_1_492' title='bbox 991 2571 1086 2619; x_wconf 88' lang='lat' dir='ltr'>fide,</span> <span class='ocrx_word' id='word_1_493' title='bbox 1104 2581 1218 2610; x_wconf 87' lang='lat' dir='ltr'>erunt</span> <span class='ocrx_word' id='word_1_494' title='bbox 1232 2586 1339 2623; x_wconf 86' lang='lat' dir='ltr'>aeque</span> 
     </span>
     <span class='ocr_line' id='line_1_67' title="bbox 332 2634 504 2672; baseline -0.012 0"><span class='ocrx_word' id='word_1_495' title='bbox 332 2642 369 2672; x_wconf 89' lang='lat' dir='ltr'>et</span> <span class='ocrx_word' id='word_1_496' title='bbox 391 2634 504 2671; x_wconf 87' lang='lat' dir='ltr'>nuda.</span> 
     </span>
    </p>
   </div>
   <div class='ocr_carea' id='block_1_16' title="bbox 338 2868 1342 3101">
    <p class='ocr_par' dir='ltr' id='par_1_16' title="bbox 338 2868 1342 3101">
     <span class='ocr_line' id='line_1_68' title="bbox 557 2868 1110 2923; baseline 0.007 -12"><span class='ocrx_word' id='word_1_497' title='bbox 557 2881 667 2923; x_wconf 82' lang='lat' dir='ltr'>Angeli</span> <span class='ocrx_word' id='word_1_498' title='bbox 692 2882 849 2923; x_wconf 88' lang='lat' dir='ltr'>quomodo</span> <span class='ocrx_word' id='word_1_499' title='bbox 882 2868 1110 2916; x_wconf 77' lang='lat' dir='ltr'>considerandi.</span> 
     </span>
     <span class='ocr_line' id='line_1_69' title="bbox 391 2991 1340 3046; baseline 0.007 -17"><span class='ocrx_word' id='word_1_500' title='bbox 391 2994 425 3029; x_wconf 87' lang='lat'>7.</span> <span class='ocrx_word' id='word_1_501' title='bbox 445 2991 512 3028; x_wconf 92' lang='lat' dir='ltr'>His</span> <span class='ocrx_word' id='word_1_502' title='bbox 528 2991 579 3027; x_wconf 88' lang='lat' dir='ltr'>ita</span> <span class='ocrx_word' id='word_1_503' title='bbox 596 2992 783 3042; x_wconf 85' lang='lat' dir='ltr'>expeditis</span> <span class='ocrx_word' id='word_1_504' title='bbox 797 3022 806 3039; x_wconf 90' lang='lat'>,</span> <span class='ocrx_word' id='word_1_505' title='bbox 835 3007 901 3044; x_wconf 92' lang='lat' dir='ltr'>age</span> <span class='ocrx_word' id='word_1_506' title='bbox 915 2994 995 3044; x_wconf 87' lang='lat' dir='ltr'>jam</span> <span class='ocrx_word' id='word_1_507' title='bbox 1010 2995 1197 3046; x_wconf 79' lang='lat' dir='ltr'>dirigatur</span> <span class='ocrx_word' id='word_1_508' title='bbox 1211 3000 1340 3036; x_wconf 91' lang='lat' dir='ltr'>consi-</span> 
     </span>
     <span class='ocr_line' id='line_1_70' title="bbox 338 3051 1342 3101; baseline 0.007 -11"><span class='ocrx_word' id='word_1_509' title='bbox 338 3051 483 3090; x_wconf 84' lang='lat' dir='ltr'>deratio</span> <span class='ocrx_word' id='word_1_510' title='bbox 506 3052 544 3087; x_wconf 93' lang='lat' dir='ltr'>in</span> <span class='ocrx_word' id='word_1_511' title='bbox 570 3064 652 3087; x_wconf 85' lang='lat' dir='ltr'>eam</span> <span class='ocrx_word' id='word_1_512' title='bbox 672 3066 756 3101; x_wconf 86' lang='lat' dir='ltr'>quae</span> <span class='ocrx_word' id='word_1_513' title='bbox 780 3067 929 3091; x_wconf 89' lang='lat' dir='ltr'>sursum</span> <span class='ocrx_word' id='word_1_514' title='bbox 954 3065 1010 3093; x_wconf 87' lang='lat' dir='ltr'>est</span> <span class='ocrx_word' id='word_1_515' title='bbox 1029 3059 1239 3096; x_wconf 85' lang='lat' dir='ltr'>Jerusalem</span> <span class='ocrx_word' id='word_1_516' title='bbox 1261 3073 1342 3097; x_wconf 91' lang='lat' dir='ltr'>ma-</span> 
     </span>
    </p>
   </div>
   <div class='ocr_carea' id='block_1_17' title="bbox 337 3112 1343 3230">
    <p class='ocr_par' dir='ltr' id='par_1_17' title="bbox 337 3112 1343 3230">
     <span class='ocr_line' id='line_1_71' title="bbox 338 3112 1343 3158; baseline 0.008 -8"><span class='ocrx_word' id='word_1_517' title='bbox 338 3121 394 3150; x_wconf 88' lang='lat' dir='ltr'>ter</span> <span class='ocrx_word' id='word_1_518' title='bbox 411 3120 561 3158; x_wconf 80' lang='lat' dir='ltr'>nostra,</span> <span class='ocrx_word' id='word_1_519' title='bbox 580 3125 622 3147; x_wconf 86' lang='lat' dir='ltr'>ac</span> <span class='ocrx_word' id='word_1_520' title='bbox 644 3112 732 3148; x_wconf 86' lang='lat' dir='ltr'>totis</span> <span class='ocrx_word' id='word_1_521' title='bbox 760 3112 880 3150; x_wconf 87' lang='lat' dir='ltr'>tribus</span> <span class='ocrx_word' id='word_1_522' title='bbox 906 3119 1126 3155; x_wconf 88' lang='lat' dir='ltr'>memoratis</span> <span class='ocrx_word' id='word_1_523' title='bbox 1143 3119 1212 3156; x_wconf 81' lang='lat' dir='ltr'>viis</span> <span class='ocrx_word' id='word_1_524' title='bbox 1232 3130 1343 3157; x_wconf 89' lang='lat' dir='ltr'>caute</span> 
     </span>
     <span class='ocr_line' id='line_1_72' title="bbox 337 3172 1343 3230; baseline 0.013 -24"><span class='ocrx_word' id='word_1_525' title='bbox 337 3181 374 3211; x_wconf 78' lang='lat' dir='ltr'>et</span> <span class='ocrx_word' id='word_1_526' title='bbox 401 3172 604 3221; x_wconf 81' lang='lat' dir='ltr'>vigilanter</span> <span class='ocrx_word' id='word_1_527' title='bbox 632 3172 859 3221; x_wconf 72' lang='lat' dir='ltr'>vestigemus</span> <span class='ocrx_word' id='word_1_528' title='bbox 888 3174 1187 3226; x_wconf 78' lang='lat' dir='ltr'>investigabilia:</span> <span class='ocrx_word' id='word_1_529' title='bbox 1207 3190 1343 3230; x_wconf 84' lang='lat' dir='ltr'>quate-</span> 
     </span>
    </p>
   </div>
   <div class='ocr_carea' id='block_1_18' title="bbox 1404 1912 2414 2627">
    <p class='ocr_par' dir='ltr' id='par_1_18' title="bbox 1404 1912 2413 2326">
     <span class='ocr_line' id='line_1_73' title="bbox 1404 1912 2412 1965; baseline -0.002 -13"><span class='ocrx_word' id='word_1_530' title='bbox 1404 1924 1513 1961; x_wconf 91' lang='lat' dir='ltr'>runt,</span> <span class='ocrx_word' id='word_1_531' title='bbox 1547 1915 1576 1951; x_wconf 90' lang='lat' dir='ltr'>si</span> <span class='ocrx_word' id='word_1_532' title='bbox 1603 1928 1651 1951; x_wconf 91' lang='lat' dir='ltr'>ne</span> <span class='ocrx_word' id='word_1_533' title='bbox 1672 1914 1822 1965; x_wconf 87' lang='lat' dir='ltr'>opinari</span> <span class='ocrx_word' id='word_1_534' title='bbox 1854 1913 2009 1963; x_wconf 90' lang='lat' dir='ltr'>quidem</span> <span class='ocrx_word' id='word_1_535' title='bbox 2041 1913 2145 1950; x_wconf 85' lang='lat' dir='ltr'>salva</span> <span class='ocrx_word' id='word_1_536' title='bbox 2170 1913 2245 1950; x_wconf 89' lang='lat' dir='ltr'>fide</span> <span class='ocrx_word' id='word_1_537' title='bbox 2270 1912 2412 1963; x_wconf 87' lang='lat' dir='ltr'>aliquid</span> 
     </span>
     <span class='ocr_line' id='line_1_74' title="bbox 1405 1973 2410 2023; baseline -0.001 -12"><span class='ocrx_word' id='word_1_538' title='bbox 1405 1975 1492 2012; x_wconf 89' lang='lat' dir='ltr'>licet</span> <span class='ocrx_word' id='word_1_539' title='bbox 1513 1975 1559 2011; x_wconf 92' lang='lat' dir='ltr'>de</span> <span class='ocrx_word' id='word_1_540' title='bbox 1579 1973 1694 2011; x_wconf 90' lang='lat' dir='ltr'>rebus</span> <span class='ocrx_word' id='word_1_541' title='bbox 1707 1986 1911 2023; x_wconf 77' lang='lat' dir='ltr'>,quarum</span> <span class='ocrx_word' id='word_1_542' title='bbox 1938 1973 2095 2010; x_wconf 86' lang='lat' dir='ltr'>nomina</span> <span class='ocrx_word' id='word_1_543' title='bbox 2114 1974 2233 2010; x_wconf 84' lang='lat' dir='ltr'>sunt?</span> <span class='ocrx_word' id='word_1_544' title='bbox 2251 1973 2386 2023; x_wconf 84' lang='lat' dir='ltr'>Angeli</span> <span class='ocrx_word' id='word_1_545' title='bbox 2399 2001 2410 2020; x_wconf 89' lang='lat'>,</span> 
     </span>
     <span class='ocr_line' id='line_1_75' title="bbox 1405 2033 2411 2083; baseline -0.001 -12"><span class='ocrx_word' id='word_1_546' title='bbox 1405 2034 1656 2083; x_wconf 87' lang='lat' dir='ltr'>Archangeli,</span> <span class='ocrx_word' id='word_1_547' title='bbox 1675 2034 1844 2071; x_wconf 82' lang='lat' dir='ltr'>Virtutes</span> <span class='ocrx_word' id='word_1_548' title='bbox 1858 2063 1867 2080; x_wconf 94' lang='lat'>,</span> <span class='ocrx_word' id='word_1_549' title='bbox 1886 2037 2098 2071; x_wconf 90' lang='lat' dir='ltr'>Potestates</span> <span class='ocrx_word' id='word_1_550' title='bbox 2110 2061 2119 2079; x_wconf 90' lang='lat'>,</span> <span class='ocrx_word' id='word_1_551' title='bbox 2150 2033 2411 2083; x_wconf 84' lang='lat' dir='ltr'>Principatus,</span> 
     </span>
     <span class='ocr_line' id='line_1_76' title="bbox 1406 2092 2411 2144; baseline 0 -14"><span class='ocrx_word' id='word_1_552' title='bbox 1406 2095 1698 2131; x_wconf 83' lang='lat' dir='ltr'>Dominationes</span> <span class='ocrx_word' id='word_1_553' title='bbox 1710 2123 1720 2141; x_wconf 86' lang='lat'>,</span> <span class='ocrx_word' id='word_1_554' title='bbox 1737 2094 1880 2131; x_wconf 90' lang='lat' dir='ltr'>Throni</span> <span class='ocrx_word' id='word_1_555' title='bbox 1891 2122 1901 2139; x_wconf 94' lang='lat'>,</span> <span class='ocrx_word' id='word_1_556' title='bbox 1919 2092 2111 2130; x_wconf 90' lang='lat' dir='ltr'>Cherubin</span> <span class='ocrx_word' id='word_1_557' title='bbox 2124 2122 2134 2139; x_wconf 93' lang='lat'>,</span> <span class='ocrx_word' id='word_1_558' title='bbox 2150 2101 2188 2130; x_wconf 91' lang='lat' dir='ltr'>et</span> <span class='ocrx_word' id='word_1_559' title='bbox 2204 2093 2387 2144; x_wconf 81' lang='lat' dir='ltr'>Seraphin</span> <span class='ocrx_word' id='word_1_560' title='bbox 2400 2122 2411 2141; x_wconf 96' lang='lat'>,</span> 
     </span>
     <span class='ocr_line' id='line_1_77' title="bbox 1406 2155 2413 2204; baseline 0.001 -13"><span class='ocrx_word' id='word_1_561' title='bbox 1406 2155 1484 2191; x_wconf 80' lang='lat' dir='ltr'>haec</span> <span class='ocrx_word' id='word_1_562' title='bbox 1506 2155 1675 2191; x_wconf 88' lang='lat' dir='ltr'>nomina.</span> <span class='ocrx_word' id='word_1_563' title='bbox 1707 2157 1801 2203; x_wconf 85' lang='lat' dir='ltr'>Quae</span> <span class='ocrx_word' id='word_1_564' title='bbox 1828 2155 2038 2204; x_wconf 80' lang='lat' dir='ltr'>significata</span> <span class='ocrx_word' id='word_1_565' title='bbox 2072 2155 2236 2191; x_wconf 83' lang='lat' dir='ltr'>eorum?</span> <span class='ocrx_word' id='word_1_566' title='bbox 2253 2155 2413 2192; x_wconf 85' lang='lat' dir='ltr'>Nullane</span> 
     </span>
     <span class='ocr_line' id='line_1_78' title="bbox 1404 2215 2413 2266; baseline 0.002 -14"><span class='ocrx_word' id='word_1_567' title='bbox 1404 2216 1504 2252; x_wconf 91' lang='lat' dir='ltr'>inter</span> <span class='ocrx_word' id='word_1_568' title='bbox 1532 2216 1619 2252; x_wconf 90' lang='lat' dir='ltr'>illos</span> <span class='ocrx_word' id='word_1_569' title='bbox 1652 2216 1808 2265; x_wconf 89' lang='lat' dir='ltr'>spiritus</span> <span class='ocrx_word' id='word_1_570' title='bbox 1840 2215 1907 2265; x_wconf 90' lang='lat' dir='ltr'>qui</span> <span class='ocrx_word' id='word_1_571' title='bbox 1938 2215 2162 2265; x_wconf 88' lang='lat' dir='ltr'>simpliciter</span> <span class='ocrx_word' id='word_1_572' title='bbox 2186 2216 2345 2266; x_wconf 86' lang='lat' dir='ltr'>Angeli‚</span> <span class='ocrx_word' id='word_1_573' title='bbox 2375 2223 2413 2254; x_wconf 85' lang='lat' dir='ltr'>et</span> 
     </span>
     <span class='ocr_line' id='line_1_79' title="bbox 1405 2275 2344 2326; baseline 0 -13"><span class='ocrx_word' id='word_1_574' title='bbox 1405 2289 1471 2313; x_wconf 87' lang='lat' dir='ltr'>eos</span> <span class='ocrx_word' id='word_1_575' title='bbox 1491 2277 1556 2326; x_wconf 88' lang='lat' dir='ltr'>qui</span> <span class='ocrx_word' id='word_1_576' title='bbox 1576 2276 1805 2326; x_wconf 84' lang='lat' dir='ltr'>Archangeli</span> <span class='ocrx_word' id='word_1_577' title='bbox 1827 2284 2121 2326; x_wconf 87' lang='lat' dir='ltr'>nuncupantur,</span> <span class='ocrx_word' id='word_1_578' title='bbox 2138 2275 2344 2314; x_wconf 81' lang='lat' dir='ltr'>distantia?</span> 
     </span>
    </p>

    <p class='ocr_par' dir='ltr' id='par_1_19' title="bbox 1405 2335 2414 2627">
     <span class='ocr_line' id='line_1_80' title="bbox 1460 2335 2412 2386; baseline 0 -12"><span class='ocrx_word' id='word_1_579' title='bbox 1460 2338 1495 2374; x_wconf 89' lang='lat'>8.</span> <span class='ocrx_word' id='word_1_580' title='bbox 1526 2336 1627 2385; x_wconf 87' lang='lat' dir='ltr'>Quid</span> <span class='ocrx_word' id='word_1_581' title='bbox 1656 2350 1747 2386; x_wconf 83' lang='lat' dir='ltr'>ergo</span> <span class='ocrx_word' id='word_1_582' title='bbox 1781 2335 1853 2373; x_wconf 90' lang='lat' dir='ltr'>sibi</span> <span class='ocrx_word' id='word_1_583' title='bbox 1879 2336 1964 2373; x_wconf 88' lang='lat' dir='ltr'>vult</span> <span class='ocrx_word' id='word_1_584' title='bbox 1995 2335 2186 2386; x_wconf 83' lang='lat' dir='ltr'>gradualis</span> <span class='ocrx_word' id='word_1_585' title='bbox 2221 2335 2412 2374; x_wconf 85' lang='lat' dir='ltr'>distinctio</span> 
     </span>
     <span class='ocr_line' id='line_1_81' title="bbox 1405 2395 2411 2448; baseline 0.001 -15"><span class='ocrx_word' id='word_1_586' title='bbox 1405 2396 1511 2433; x_wconf 83' lang='lat' dir='ltr'>haec?</span> <span class='ocrx_word' id='word_1_587' title='bbox 1534 2400 1716 2434; x_wconf 89' lang='lat' dir='ltr'>Putemus</span> <span class='ocrx_word' id='word_1_588' title='bbox 1732 2397 1900 2445; x_wconf 82' lang='lat' dir='ltr'>Angelos</span> <span class='ocrx_word' id='word_1_589' title='bbox 1916 2396 1991 2433; x_wconf 91' lang='lat' dir='ltr'>dici</span> <span class='ocrx_word' id='word_1_590' title='bbox 2011 2395 2105 2448; x_wconf 88' lang='lat' dir='ltr'>(nisi</span> <span class='ocrx_word' id='word_1_591' title='bbox 2120 2404 2164 2434; x_wconf 87' lang='lat' dir='ltr'>ut</span> <span class='ocrx_word' id='word_1_592' title='bbox 2178 2397 2411 2434; x_wconf 90' lang='lat' dir='ltr'>convenien-</span> 
     </span>
     <span class='ocr_line' id='line_1_82' title="bbox 1407 2455 2414 2507; baseline 0.001 -14"><span class='ocrx_word' id='word_1_593' title='bbox 1407 2456 1480 2493; x_wconf 89' lang='lat' dir='ltr'>tius</span> <span class='ocrx_word' id='word_1_594' title='bbox 1511 2456 1653 2506; x_wconf 89' lang='lat' dir='ltr'>aliquid</span> <span class='ocrx_word' id='word_1_595' title='bbox 1683 2455 1956 2507; x_wconf 81' lang='lat' dir='ltr'>considerasti)</span> <span class='ocrx_word' id='word_1_596' title='bbox 1986 2456 2053 2506; x_wconf 89' lang='lat' dir='ltr'>qui</span> <span class='ocrx_word' id='word_1_597' title='bbox 2088 2456 2227 2507; x_wconf 87' lang='lat' dir='ltr'>singuli</span> <span class='ocrx_word' id='word_1_598' title='bbox 2260 2456 2414 2507; x_wconf 79' lang='lat' dir='ltr'>singulis</span> 
     </span>
     <span class='ocr_line' id='line_1_83' title="bbox 1405 2515 2412 2562; baseline 0 -10"><span class='ocrx_word' id='word_1_599' title='bbox 1405 2515 1627 2553; x_wconf 89' lang='lat' dir='ltr'>hominibus</span> <span class='ocrx_word' id='word_1_600' title='bbox 1663 2515 1742 2552; x_wconf 82' lang='lat' dir='ltr'>(lati</span> <span class='ocrx_word' id='word_1_601' title='bbox 1772 2515 2009 2562; x_wconf 82' lang='lat' dir='ltr'>creduntur3</span> <span class='ocrx_word' id='word_1_602' title='bbox 2042 2518 2147 2552; x_wconf 84' lang='lat' dir='ltr'>missi</span> <span class='ocrx_word' id='word_1_603' title='bbox 2174 2518 2215 2552; x_wconf 84' lang='lat' dir='ltr'>in</span> <span class='ocrx_word' id='word_1_604' title='bbox 2248 2520 2412 2552; x_wconf 76' lang='lat' dir='ltr'>ministe-</span> 
     </span>
     <span class='ocr_line' id='line_1_84' title="bbox 1406 2576 2413 2627; baseline 0 -15"><span class='ocrx_word' id='word_1_605' title='bbox 1406 2580 1502 2613; x_wconf 81' lang='lat' dir='ltr'>rium</span> <span class='ocrx_word' id='word_1_606' title='bbox 1515 2606 1525 2622; x_wconf 90' lang='lat'>,</span> <span class='ocrx_word' id='word_1_607' title='bbox 1558 2576 1770 2613; x_wconf 88' lang='lat' dir='ltr'>secundum</span> <span class='ocrx_word' id='word_1_608' title='bbox 1791 2577 1897 2613; x_wconf 88' lang='lat' dir='ltr'>Pauli</span> <span class='ocrx_word' id='word_1_609' title='bbox 1918 2576 2131 2614; x_wconf 88' lang='lat' dir='ltr'>doctrinam</span> <span class='ocrx_word' id='word_1_610' title='bbox 2145 2606 2155 2623; x_wconf 97' lang='lat'>,</span> <span class='ocrx_word' id='word_1_611' title='bbox 2170 2586 2330 2627; x_wconf 83' lang='lat' dir='ltr'>propter</span> <span class='ocrx_word' id='word_1_612' title='bbox 2353 2588 2413 2613; x_wconf 84' lang='lat' dir='ltr'>eos</span> 
     </span>
    </p>
   </div>
   <div class='ocr_carea' id='block_1_19' title="bbox 1357 2636 2413 2688">
    <p class='ocr_par' dir='ltr' id='par_1_20' title="bbox 1357 2636 2413 2688">
     <span class='ocr_line' id='line_1_85' title="bbox 1357 2636 2413 2688; baseline 0.003 -16"><span class='ocrx_word' id='word_1_613' title='bbox 1357 2645 1388 2679; x_wconf 92' lang='lat' dir='ltr'>D</span> <span class='ocrx_word' id='word_1_614' title='bbox 1407 2641 1471 2686; x_wconf 73' lang='lat' dir='ltr'>qai</span> <span class='ocrx_word' id='word_1_615' title='bbox 1505 2638 1766 2674; x_wconf 68' lang='lat' dir='ltr'>lzoereclitatem</span> <span class='ocrx_word' id='word_1_616' title='bbox 1801 2641 1957 2686; x_wconf 77' lang='lat' dir='ltr'>capiunt</span> <span class='ocrx_word' id='word_1_617' title='bbox 1988 2641 2177 2675; x_wconf 79' lang='lat' dir='ltr'>salutis²:</span> <span class='ocrx_word' id='word_1_618' title='bbox 2205 2637 2252 2675; x_wconf 90' lang='lat' dir='ltr'>de</span> <span class='ocrx_word' id='word_1_619' title='bbox 2276 2636 2413 2688; x_wconf 74' lang='lat' dir='ltr'>quibus</span> 
     </span>
    </p>
   </div>
   <div class='ocr_carea' id='block_1_20' title="bbox 1405 2696 2446 3232">
    <p class='ocr_par' dir='ltr' id='par_1_21' title="bbox 1405 2696 2446 3232">
     <span class='ocr_line' id='line_1_86' title="bbox 1406 2696 2411 2748; baseline -0.001 -13"><span class='ocrx_word' id='word_1_620' title='bbox 1406 2699 1601 2744; x_wconf 77' lang='lat' dir='ltr'>Salvator,</span> <span class='ocrx_word' id='word_1_621' title='bbox 1626 2700 1767 2747; x_wconf 76' lang='lat' dir='ltr'>Angeli</span> <span class='ocrx_word' id='word_1_622' title='bbox 1794 2712 1919 2734; x_wconf 80' lang='lat' dir='ltr'>eorum</span> <span class='ocrx_word' id='word_1_623' title='bbox 1941 2712 2090 2748; x_wconf 80' lang='lat' dir='ltr'>semper</span> <span class='ocrx_word' id='word_1_624' title='bbox 2116 2700 2253 2735; x_wconf 83' lang='lat' dir='ltr'>vident</span> <span class='ocrx_word' id='word_1_625' title='bbox 2269 2696 2411 2747; x_wconf 77' lang='lat' dir='ltr'>sacient</span> 
     </span>
     <span class='ocr_line' id='line_1_87' title="bbox 1406 2757 2413 2810; baseline 0 -15"><span class='ocrx_word' id='word_1_626' title='bbox 1406 2761 1534 2795; x_wconf 82' lang='lat' dir='ltr'>Patris</span> <span class='ocrx_word' id='word_1_627' title='bbox 1549 2759 1577 2795; x_wconf 81' lang='lat'>³.</span> <span class='ocrx_word' id='word_1_628' title='bbox 1600 2762 1780 2796; x_wconf 86' lang='lat' dir='ltr'>Putemus</span> <span class='ocrx_word' id='word_1_629' title='bbox 1796 2758 1854 2795; x_wconf 90' lang='lat' dir='ltr'>his</span> <span class='ocrx_word' id='word_1_630' title='bbox 1876 2772 2040 2809; x_wconf 87' lang='lat' dir='ltr'>praeesse</span> <span class='ocrx_word' id='word_1_631' title='bbox 2055 2759 2334 2810; x_wconf 80' lang='lat' dir='ltr'>Archangelos‚</span> <span class='ocrx_word' id='word_1_632' title='bbox 2348 2757 2413 2809; x_wconf 89' lang='lat' dir='ltr'>qui</span> 
     </span>
     <span class='ocr_line' id='line_1_88' title="bbox 1407 2817 2446 2868; baseline 0.001 -12"><span class='ocrx_word' id='word_1_633' title='bbox 1407 2820 1549 2856; x_wconf 90' lang='lat' dir='ltr'>conscii</span> <span class='ocrx_word' id='word_1_634' title='bbox 1583 2820 1855 2868; x_wconf 82' lang='lat' dir='ltr'>mysteriorum</span> <span class='ocrx_word' id='word_1_635' title='bbox 1894 2819 2139 2868; x_wconf 85' lang='lat' dir='ltr'>divinorum,</span> <span class='ocrx_word' id='word_1_636' title='bbox 2172 2820 2326 2857; x_wconf 86' lang='lat' dir='ltr'>nonnisi</span> <span class='ocrx_word' id='word_1_637' title='bbox 2363 2817 2446 2859; x_wconf 74' lang='lat' dir='ltr'>oh:</span> 
     </span>
     <span class='ocr_line' id='line_1_89' title="bbox 1407 2877 2413 2931; baseline -0.002 -14"><span class='ocrx_word' id='word_1_638' title='bbox 1407 2880 1622 2931; x_wconf 82' lang='lat' dir='ltr'>praecipuas</span> <span class='ocrx_word' id='word_1_639' title='bbox 1642 2889 1680 2917; x_wconf 88' lang='lat' dir='ltr'>et</span> <span class='ocrx_word' id='word_1_640' title='bbox 1700 2881 1883 2918; x_wconf 86' lang='lat' dir='ltr'>maximas</span> <span class='ocrx_word' id='word_1_641' title='bbox 1903 2893 2034 2917; x_wconf 87' lang='lat' dir='ltr'>causas</span> <span class='ocrx_word' id='word_1_642' title='bbox 2053 2881 2271 2918; x_wconf 89' lang='lat' dir='ltr'>mittuntur.</span> <span class='ocrx_word' id='word_1_643' title='bbox 2287 2883 2316 2918; x_wconf 91' lang='lat' dir='ltr'>E</span> <span class='ocrx_word' id='word_1_644' title='bbox 2332 2877 2413 2930; x_wconf 90' lang='lat' dir='ltr'>qui-.</span> 
     </span>
     <span class='ocr_line' id='line_1_90' title="bbox 1408 2934 2434 2990; baseline -0.001 -13"><span class='ocrx_word' id='word_1_645' title='bbox 1408 2940 1480 2978; x_wconf 90' lang='lat' dir='ltr'>bus</span> <span class='ocrx_word' id='word_1_646' title='bbox 1517 2953 1676 2990; x_wconf 86' lang='lat' dir='ltr'>magnus</span> <span class='ocrx_word' id='word_1_647' title='bbox 1707 2941 1770 2977; x_wconf 91' lang='lat' dir='ltr'>ille</span> <span class='ocrx_word' id='word_1_648' title='bbox 1810 2940 2064 2990; x_wconf 75' lang='lat' dir='ltr'>archangelus,</span> <span class='ocrx_word' id='word_1_649' title='bbox 2091 2940 2246 2980; x_wconf 88' lang='lat' dir='ltr'>Gabriel</span> <span class='ocrx_word' id='word_1_650' title='bbox 2280 2934 2434 2977; x_wconf 69' lang='lat' dir='ltr'>missus&#39;</span> 
     </span>
     <span class='ocr_line' id='line_1_91' title="bbox 1408 3000 2416 3051; baseline 0.001 -14"><span class='ocrx_word' id='word_1_651' title='bbox 1408 3001 1547 3051; x_wconf 86' lang='lat' dir='ltr'>legitur</span> <span class='ocrx_word' id='word_1_652' title='bbox 1567 3000 1615 3037; x_wconf 91' lang='lat' dir='ltr'>ad</span> <span class='ocrx_word' id='word_1_653' title='bbox 1629 3001 1785 3038; x_wconf 86' lang='lat' dir='ltr'>Mariam</span> <span class='ocrx_word' id='word_1_654' title='bbox 1796 3000 1824 3048; x_wconf 84' lang='lat'>3,</span> <span class='ocrx_word' id='word_1_655' title='bbox 1842 3000 1893 3038; x_wconf 88' lang='lat' dir='ltr'>ob</span> <span class='ocrx_word' id='word_1_656' title='bbox 1906 3014 2058 3039; x_wconf 87' lang='lat' dir='ltr'>causam</span> <span class='ocrx_word' id='word_1_657' title='bbox 2075 3001 2208 3051; x_wconf 90' lang='lat' dir='ltr'>utique</span> <span class='ocrx_word' id='word_1_658' title='bbox 2221 3030 2231 3048; x_wconf 91' lang='lat'>,</span> <span class='ocrx_word' id='word_1_659' title='bbox 2251 3013 2326 3051; x_wconf 83' lang='lat' dir='ltr'>qua</span> <span class='ocrx_word' id='word_1_660' title='bbox 2339 3011 2416 3038; x_wconf 63' lang='lat' dir='ltr'>mal-</span> 
     </span>
     <span class='ocr_line' id='line_1_92' title="bbox 1405 3060 2414 3113; baseline 0 -15"><span class='ocrx_word' id='word_1_661' title='bbox 1405 3060 1470 3111; x_wconf 86' lang='lat' dir='ltr'>jor</span> <span class='ocrx_word' id='word_1_662' title='bbox 1490 3075 1570 3098; x_wconf 90' lang='lat' dir='ltr'>esse</span> <span class='ocrx_word' id='word_1_663' title='bbox 1589 3074 1666 3098; x_wconf 93' lang='lat' dir='ltr'>non</span> <span class='ocrx_word' id='word_1_664' title='bbox 1688 3062 1826 3111; x_wconf 88' lang='lat' dir='ltr'>potuit.</span> <span class='ocrx_word' id='word_1_665' title='bbox 1854 3065 2036 3100; x_wconf 90' lang='lat' dir='ltr'>Putemus</span> <span class='ocrx_word' id='word_1_666' title='bbox 2071 3075 2188 3113; x_wconf 88' lang='lat' dir='ltr'>super</span> <span class='ocrx_word' id='word_1_667' title='bbox 2212 3063 2304 3100; x_wconf 88' lang='lat' dir='ltr'>istos</span> <span class='ocrx_word' id='word_1_668' title='bbox 2329 3061 2414 3099; x_wconf 58' lang='lat' dir='ltr'>viv-2</span> 
     </span>
     <span class='ocr_line' id='line_1_93' title="bbox 1411 3123 2413 3174; baseline -0.001 -16"><span class='ocrx_word' id='word_1_669' title='bbox 1411 3130 1509 3158; x_wconf 89' lang='lat' dir='ltr'>tutes</span> <span class='ocrx_word' id='word_1_670' title='bbox 1541 3134 1639 3168; x_wconf 83' lang='lat' dir='ltr'>esse,</span> <span class='ocrx_word' id='word_1_671' title='bbox 1670 3136 1835 3171; x_wconf 89' lang='lat' dir='ltr'>quorum</span> <span class='ocrx_word' id='word_1_672' title='bbox 1870 3131 1968 3160; x_wconf 88' lang='lat' dir='ltr'>nutu</span> <span class='ocrx_word' id='word_1_673' title='bbox 1999 3123 2059 3160; x_wconf 84' lang='lat' dir='ltr'>vel</span> <span class='ocrx_word' id='word_1_674' title='bbox 2089 3136 2206 3174; x_wconf 91' lang='lat' dir='ltr'>opere</span> <span class='ocrx_word' id='word_1_675' title='bbox 2238 3123 2342 3172; x_wconf 85' lang='lat' dir='ltr'>signa</span> <span class='ocrx_word' id='word_1_676' title='bbox 2375 3127 2413 3158; x_wconf 86' lang='lat' dir='ltr'>et</span> 
     </span>
     <span class='ocr_line' id='line_1_94' title="bbox 1411 3182 2415 3232; baseline 0.005 -14"><span class='ocrx_word' id='word_1_677' title='bbox 1411 3182 1584 3232; x_wconf 80' lang='lat' dir='ltr'>prodigia</span> <span class='ocrx_word' id='word_1_678' title='bbox 1611 3183 1649 3218; x_wconf 92' lang='lat' dir='ltr'>in</span> <span class='ocrx_word' id='word_1_679' title='bbox 1682 3183 1899 3230; x_wconf 88' lang='lat' dir='ltr'>elementis,</span> <span class='ocrx_word' id='word_1_680' title='bbox 1920 3183 2000 3221; x_wconf 84' lang='lat' dir='ltr'>sive</span> <span class='ocrx_word' id='word_1_681' title='bbox 2022 3197 2070 3221; x_wconf 85' lang='lat' dir='ltr'>ex</span> <span class='ocrx_word' id='word_1_682' title='bbox 2096 3183 2293 3222; x_wconf 86' lang='lat' dir='ltr'>elementis</span> <span class='ocrx_word' id='word_1_683' title='bbox 2319 3182 2415 3223; x_wconf 77' lang='lat' dir='ltr'>facta</span> 
     </span>
    </p>
   </div>
   <div class='ocr_carea' id='block_1_21' title="bbox 389 3303 1705 3353">
    <p class='ocr_par' dir='ltr' id='par_1_22' title="bbox 389 3303 1705 3353">
     <span class='ocr_line' id='line_1_95' title="bbox 389 3303 1705 3353; baseline 0.011 -21"><span class='ocrx_word' id='word_1_684' title='bbox 389 3309 396 3324; x_wconf 89' lang='lat'>¹</span> <span class='ocrx_word' id='word_1_685' title='bbox 422 3306 514 3334; x_wconf 85' lang='lat' dir='ltr'>Rom.</span> <span class='ocrx_word' id='word_1_686' title='bbox 534 3315 554 3332; x_wconf 83' lang='lat' dir='ltr'>x</span> <span class='ocrx_word' id='word_1_687' title='bbox 570 3327 576 3339; x_wconf 75' lang='grc'>,</span> <span class='ocrx_word' id='word_1_688' title='bbox 599 3306 649 3333; x_wconf 79' lang='lat'>17.</span> <span class='ocrx_word' id='word_1_689' title='bbox 676 3320 709 3324; x_wconf 82' lang='lat'><em>-</em></span> <span class='ocrx_word' id='word_1_690' title='bbox 726 3303 1033 3340; x_wconf 28' lang='lat' dir='ltr'>211e1›r.1‚12.ff-</span> <span class='ocrx_word' id='word_1_691' title='bbox 1049 3305 1192 3341; x_wconf 78' lang='lat' dir='ltr'>3Matth.</span> <span class='ocrx_word' id='word_1_692' title='bbox 1209 3317 1391 3347; x_wconf 81' lang='lat' dir='ltr'>xv111,10.</span> <span class='ocrx_word' id='word_1_693' title='bbox 1412 3314 1484 3340; x_wconf 62' lang='lat'>-4&#39;</span> <span class='ocrx_word' id='word_1_694' title='bbox 1503 3318 1577 3346; x_wconf 89' lang='lat' dir='ltr'>Luc.</span> <span class='ocrx_word' id='word_1_695' title='bbox 1602 3328 1631 3353; x_wconf 70' lang='grc' dir='ltr'>ι,</span> <span class='ocrx_word' id='word_1_696' title='bbox 1651 3320 1705 3347; x_wconf 79' lang='lat'>20.</span> 
     </span>
    </p>
   </div>
   <div class='ocr_carea' id='block_1_22' title="bbox 387 3362 1823 3413">
    <p class='ocr_par' dir='ltr' id='par_1_23' title="bbox 387 3362 1823 3413">
     <span class='ocr_line' id='line_1_96' title="bbox 387 3362 1823 3413; baseline 0.007 -20"><span class='ocrx_word' id='word_1_697' title='bbox 387 3369 399 3385; x_wconf 69' lang='grc' dir='ltr'>Ξ</span> <span class='ocrx_word' id='word_1_698' title='bbox 425 3362 537 3394; x_wconf 76' lang='lat' dir='ltr'>Confer</span> <span class='ocrx_word' id='word_1_699' title='bbox 563 3373 736 3393; x_wconf 71' lang='lat' dir='ltr'>sermonem</span> <span class='ocrx_word' id='word_1_700' title='bbox 762 3368 776 3394; x_wconf 73' lang='grc' dir='ltr'>ξ·</span> <span class='ocrx_word' id='word_1_701' title='bbox 794 3363 825 3393; x_wconf 87' lang='lat' dir='ltr'>iu</span> <span class='ocrx_word' id='word_1_702' title='bbox 852 3364 998 3402; x_wconf 77' lang='lat' dir='ltr'>Cantica,</span> <span class='ocrx_word' id='word_1_703' title='bbox 1026 3365 1077 3396; x_wconf 82' lang='lat' dir='ltr'>ubi</span> <span class='ocrx_word' id='word_1_704' title='bbox 1098 3367 1135 3397; x_wconf 90' lang='lat' dir='ltr'>de</span> <span class='ocrx_word' id='word_1_705' title='bbox 1162 3372 1345 3411; x_wconf 77' lang='lat' dir='ltr'>corporibus</span> <span class='ocrx_word' id='word_1_706' title='bbox 1366 3374 1555 3413; x_wconf 73' lang='lat' dir='ltr'>Angelorum</span> <span class='ocrx_word' id='word_1_707' title='bbox 1571 3398 1578 3410; x_wconf 72' lang='grc'>,</span> <span class='ocrx_word' id='word_1_708' title='bbox 1607 3375 1635 3405; x_wconf 76' lang='lat' dir='ltr'>et</span> <span class='ocrx_word' id='word_1_709' title='bbox 1661 3374 1702 3404; x_wconf 87' lang='lat' dir='ltr'>ibi</span> <span class='ocrx_word' id='word_1_710' title='bbox 1724 3380 1823 3405; x_wconf 74' lang='lat' dir='ltr'>notas.</span> 
     </span>
    </p>
   </div>
  </div>
 </body>
</html>
