2533 3920
390 220 461 255 133

1149 218 1184 253 S.
1216 218 1470 253 BERNARDI
1499 218 1700 253 ABBATIS

385 300 581 342 vanitatis,
601 305 635 331 et
651 310 731 331 cnm
748 299 882 343 iniqua
896 293 1109 343 gerentibus
1126 308 1200 330 aon
1216 294 1387 331 introibo.
1407 293 1438 311 ²⁵

2395 213 2468 250 140

1457 293 1562 344 quod
1581 292 1798 344 respondeo
1814 307 1821 329 :
1841 295 1920 341 Ego
1937 290 2091 341 quidem
2112 292 2370 330 Cisterciensis
2389 305 2470 329 mo-

385 357 484 394 Huic
504 356 692 393 versiculo
719 354 885 391 concinit
902 362 939 391 et
966 353 1204 404 subsequens
1228 371 1235 392 :
1263 357 1389 399 odivi,
1411 352 1441 385 A
1460 355 1603 392 nachus
1631 353 1773 391 ibidem
1796 352 2017 403 professus,
2048 351 2096 389 ab
2125 352 2262 390 abbate
2288 365 2374 389 meo
2404 351 2471 389 ubi

385 416 530 466 inquit,
551 418 746 452 ecclesiam
769 417 1078 462 iiiaIIglmntium,
1101 423 1137 450 et
1161 429 1241 451 cam
1265 419 1394 464 impiis

385 491 460 513 non
480 476 613 512 sedebo
643 482 667 511 ¹.
689 475 790 512 Audi
810 474 975 524 denique
993 483 1031 511 et
1049 475 1237 525 Sapientis
1267 474 1394 512 consi-

386 537 479 574 lium
497 552 505 574 :
528 540 608 573 Fili
625 541 696 582 mi,
717 536 789 583 ait,
810 540 843 572 si
860 545 894 572 te
922 538 1142 572 lactaveritzt
1153 545 1394 586 peccatores,

387 609 435 632 ne
452 601 666 645 acquiescas
681 601 734 631 eis
748 602 774 632 ².

444 656 502 694 14.
522 660 578 694 Tu
601 670 692 706 ergo
708 656 889 694 adversus
904 656 986 693 haee
1006 664 1121 706 atque
1141 656 1214 693 alia
1228 656 1267 693 in
1289 656 1394 693 hunc

387 716 544 753 modum
569 717 770 754 innumera
795 717 965 754 veritatis
992 717 1230 763 testimonia,
1252 715 1394 766 putasti

388 778 553 828 cuipiam
592 778 876 815 obediendum?
909 781 940 816 Ο
974 777 1106 815 odiosa
1144 777 1393 829 perversitas!

388 836 624 875 Obedientiae
645 839 766 875 virtus
785 851 870 887 quae
890 850 1041 887 semper
1062 838 1198 874 militat
1222 836 1393 882 veritati,

389 896 570 934 adversus
589 898 787 934 veritatem
815 897 1024 946 accingitur
1053 898 1214 935 Felicem
1240 909 1310 946 ego
1337 896 1397 932 di-

388 957 511 993 xerim
546 958 670 994 fratris
707 957 863 994 Henrici
886 956 1205 1002 inobedientiam,
1232 957 1293 993 cui
1321 956 1397 992 cito

389 1017 627 1067 resipiscenti
647 1017 694 1054 ab
714 1030 845 1054 errore
860 1045 870 1062 ,
891 1025 928 1053 et
947 1017 1153 1053 revertenti
1173 1030 1219 1052 ex
1240 1016 1396 1061 itinere,

388 1078 500 1114 talem
518 1079 676 1127 contigit
694 1091 771 1114 non
790 1077 957 1127 experiri
983 1076 1253 1113 obedientiam.
1275 1079 1397 1124 Quam

1460 428 1563 452 nunc
1587 413 1717 451 habito
1746 413 1883 450 missus
1903 425 2010 458 sum,
2036 412 2103 449 sed
2135 413 2272 449 missus
2291 412 2331 449 in
2357 425 2470 463 pace,

1460 475 1596 511 missus
1631 474 1712 511 sine
1744 472 1923 510 scandalo
1939 501 1948 519 ‚
1979 472 2060 509 sine
2092 471 2302 518 discordia,
2335 473 2472 510 missus

1460 534 1570 584 jtmta
1590 534 1905 572 consuetudinem
1930 541 1968 570 et
1990 546 2234 570 communem
2259 533 2471 570 institutio-

1463 608 1564 632 nem.
1582 594 1772 643 Quamdiu
1793 607 1884 643 ergo
1906 592 1944 629 in
1965 592 2098 629 eadem
2118 605 2194 642 qua
2213 592 2350 630 missus
2365 605 2448 630 sum
2461 622 2472 641 ,

1459 669 1551 706 pace
1566 664 1604 693 et
1617 655 1822 692 concordia
1837 666 2056 704 persevero,
2074 652 2259 703 quamdiu
2271 653 2310 690 in
2329 653 2473 692 unitate

1460 724 1518 753 sto
1533 731 1543 762 ;
1561 715 1830 752 communibus
1850 714 1999 764 privata
2019 726 2098 750 non
2118 713 2304 764 praefero,
2320 713 2473 764 quietus

1461 785 1498 814 et
1519 776 1695 814 subditus
1716 777 1755 813 in
1777 789 1853 826 quo
1874 775 2022 826 positus
2047 788 2129 812 sum
2158 788 2367 825 permaneo
2381 803 2392 822 ,
2413 787 2474 812 se-

1462 851 1554 875 cura
1583 837 1668 875 dico
1697 837 1952 883 conscientia,
1977 835 2082 886 quod
2101 835 2280 886 promisi,
2313 835 2474 872 firmiter

1463 904 1590 935 teneo.
1628 898 1832 947 Quomodo
1860 898 1964 934 enim
1999 896 2213 934 stabilitatis
2241 897 2473 948 praevaricor

1462 967 1596 995 votum
1609 987 1619 1004 ,
1634 958 1700 1007 qui
1719 958 1979 995 unanimitatis
1997 971 2076 994 non
2094 970 2232 1007 rumpo
2254 957 2450 994 vinculum
2463 986 2473 1004 ‚

1463 1018 1567 1068 pacis
1603 1019 1887 1054 firmamentum
1917 1030 1998 1054 non
2020 1017 2179 1054 desero?
2200 1020 2247 1054 Et
2276 1017 2308 1054 si
2333 1030 2474 1067 corpus

1464 1077 1678 1115 absentavit
1695 1076 1916 1114 obedientia
1927 1106 1937 1124 ,
1952 1077 2019 1114 sed
2035 1077 2213 1127 spiritum
2234 1090 2385 1128 semper
2405 1077 2476 1114 ibi-

385 1138 576 1186 potiorem
606 1151 708 1175 nunc
741 1146 780 1174 et
815 1137 1024 1174 dulciorem
1064 1150 1141 1174 suae
1178 1136 1399 1186 hujusmodi
1419 1144 1446 1178 Β
1467 1136 1553 1173 dem
1581 1145 1807 1187 praesentem
1839 1144 1944 1172 tenet
1972 1149 2133 1173 concors
2165 1135 2343 1182 devotio,
2368 1145 2406 1174 et
2434 1137 2473 1174 in

385 1196 657 1234 inobedientiae
682 1197 832 1248 carpit,
858 1196 1093 1247 jamjamque
1119 1196 1293 1247 degustat
1316 1198 1398 1234 fru-

386 1265 490 1294 ctum
504 1286 514 1304 ,
537 1257 678 1296 bonam
699 1258 843 1296 liabens
871 1258 1142 1295 conscientiam
1158 1286 1167 1303 ,
1198 1257 1303 1308 quod
1323 1271 1398 1295 cce—

389 1317 478 1354 teris
494 1319 647 1369 collegis
667 1319 743 1356 suis
764 1320 930 1356 fraterna
951 1318 1068 1355 corda
1088 1318 1193 1368 gravi
1219 1318 1397 1356 scandalo

387 1378 697 1417 concutientibus
708 1409 717 1426 ,
734 1380 815 1430 ipse
828 1380 928 1417 inter
942 1380 1075 1417 fratres
1090 1379 1128 1416 in
1146 1379 1347 1429 proposito
1361 1388 1398 1417 et

388 1438 532 1476 Ordine
550 1453 619 1477 suo
635 1441 714 1478 sine
731 1441 884 1491 querela
899 1439 1294 1489 converseturlCujus
1311 1453 1394 1490 ego,

389 1498 419 1534 si
440 1500 547 1549 optio
568 1500 700 1547 detur,
734 1502 881 1551 pigram
907 1501 1036 1551 potius
1061 1501 1238 1551 elegerim
1260 1499 1399 1537 inobe-

390 1556 569 1595 dientiam
591 1574 677 1596 cum
706 1560 825 1609 ipsius
854 1560 1105 1605 conscientia,
1128 1574 1242 1610 quam
1259 1560 1399 1597 horum

389 1618 596 1656 studiosam
619 1619 873 1656 obedientiam
903 1634 989 1657 cum
1019 1619 1211 1657 scandalo.
1238 1621 1399 1657 AEstimo

389 1679 512 1725 enim,
534 1681 622 1729 quia
647 1681 782 1718 melius
807 1681 883 1730 agit
907 1681 976 1718 iste
1003 1681 1055 1718 sic
1078 1679 1304 1718 inobediens
1332 1680 1400 1718 ab-

393 1740 490 1786 bati,
521 1741 587 1777 sed
609 1754 687 1777 non
706 1742 906 1788 charitati,
933 1742 1122 1778 servando
1148 1742 1335 1779 unitatem
1360 1743 1399 1779 in

394 1801 544 1838 vinculo
565 1803 689 1852 pacis3
727 1816 840 1853 quam
874 1803 926 1840 illi
947 1803 1014 1853 qui
1048 1804 1099 1840 ita
1132 1802 1401 1854 obtemperant

390 1861 537 1899 homini
560 1863 646 1907 uni,
669 1872 712 1899 ut
730 1877 850 1900 unum
872 1864 1078 1914 praeserant
1095 1863 1243 1900 unitati.
1262 1863 1402 1902 Fiden-

1465 1198 1572 1234 nullo
1608 1196 1800 1234 dissimilis
1837 1196 2091 1234 conversatio.
2126 1199 2210 1245 Qua
2252 1196 2314 1234 die
2347 1206 2475 1235 autem

1465 1256 1478 1308 (
1493 1257 1597 1307 quod
1617 1256 1771 1306 quidem
1791 1260 1894 1294 Deus
1915 1254 2087 1306 avertat)
2107 1256 2189 1293 aliis
2213 1256 2393 1308 incipiam
2417 1258 2476 1294 vi-

1464 1331 1554 1355 vere
1570 1317 1742 1368 legibus,
1763 1318 1844 1354 aliis
1864 1316 2038 1354 moribus
2058 1317 2298 1365 conversari,
2317 1317 2477 1356 diversis

1465 1378 1658 1415 deservire
1672 1377 1926 1415 observantiis
1939 1407 1948 1424 ,
1969 1377 2192 1415 adinvenire
2212 1391 2332 1426 nova,
2349 1387 2477 1416 extra-

1465 1453 1553 1476 neas
1569 1453 1755 1490 usurpare
1775 1438 2072 1476 consuetudines
2087 1453 2095 1475 :
2113 1447 2368 1490 transgressor
2381 1454 2477 1491 pro-

1465 1499 1656 1545 fessionis,
1689 1500 1917 1550 promissam
1944 1497 2186 1536 stabilitatem
2210 1499 2291 1549 jam
2317 1514 2394 1538 non
2416 1515 2477 1538 me

1466 1568 1594 1597 tenere
1612 1559 1778 1596 conlido.
1801 1560 1897 1597 Dico
1917 1572 2009 1609 ergo
2031 1558 2160 1596 abbati
2179 1573 2250 1611 per
2269 1561 2398 1598 omnia
2411 1560 2478 1599 ob-

1469 1620 1757 1670 temperandum
1770 1650 1779 1667 ‚
1798 1620 1863 1657 sed
1881 1620 1983 1657 salva
2003 1620 2255 1670 professione.
2273 1624 2417 1658 Verum
2438 1629 2477 1659 tu

1468 1680 1661 1730 professus
1684 1680 1895 1717 secundum
1914 1680 2100 1729 Regulam
2119 1680 2240 1717 sancti
2258 1681 2477 1730 Benedicti,

1466 1738 1532 1775 ubi
1556 1740 1765 1789 promisisti
1799 1739 2058 1777 obedientiam
2074 1768 2084 1786 ,
2116 1739 2324 1790 promisisti
2343 1749 2380 1777 et
2399 1749 2478 1778 sta-

1466 1799 1663 1837 bilitatem.
1696 1800 1808 1849 Quod
1839 1801 1870 1837 si
1896 1799 2086 1837 obedieris
2117 1800 2274 1850 quidem
2287 1832 2296 1849 ,
2332 1801 2477 1839 stabilis

1467 1868 1593 1897 autem
1617 1874 1696 1897 non
1722 1860 1861 1908 fueris3
1885 1860 1975 1897 dum
1997 1859 2162 1897 offendis
2179 1860 2218 1897 in
2238 1874 2340 1909 uno,
2358 1862 2478 1899 factus

395 1930 450 1958 ter
475 1930 512 1958 ct
538 1922 617 1959 liaec
639 1923 872 1969 addiderim,
900 1923 1082 1973 expedire
1109 1924 1226 1973 magis
1247 1924 1401 1961 cuilibet
1419 1927 1446 1963 C
1467 1934 1506 1958 es
1530 1921 1703 1957 omnium
1732 1934 1819 1958 reus
1847 1935 1855 1958 :
1878 1920 1909 1957 si
1937 1920 2109 1957 omnium
2125 1948 2134 1966 ,
2167 1929 2206 1958 et
2230 1921 2350 1972 ipsius
2379 1921 2476 1959 obe-

395 1982 475 2018 sola
493 1982 605 2019 unius
626 1982 791 2020 hominis
810 1984 1016 2033 periclitari
1032 1983 1268 2030 obedientia,
1285 1998 1399 2034 quam

394 2043 550 2092 reliquis
576 2043 754 2080 omnibus
782 2044 934 2094 pietatis
953 2043 1087 2090 bonis,
1119 2052 1157 2081 et
1184 2045 1282 2082 votis
1309 2058 1397 2095 pro·

393 2104 486 2153 priae
507 2105 765 2154 professionis.

452 2166 510 2201 15.
533 2165 746 2214 Siquidem,
767 2173 809 2201 ut
826 2173 961 2201 caetera
983 2172 1146 2211 taceam,
1168 2164 1245 2201 duo
1262 2165 1399 2215 praeci-

395 2237 472 2274 pua
492 2223 602 2261 nobis
622 2225 659 2261 in
682 2225 912 2261 monasterio
939 2224 1255 2262 conversantibus
1273 2224 1402 2262 obser-

395 2283 520 2320 vanda
541 2284 766 2332 traduntur;
787 2283 973 2333 subjectio
991 2283 1140 2331 abbati,
1161 2293 1199 2321 et
1218 2284 1402 2322 stabilitas

394 2344 433 2380 in
472 2344 557 2381 loco
591 2359 599 2381 :
633 2354 669 2381 et
705 2345 755 2381 ita
786 2343 1026 2381 observanda
1042 2374 1051 2391 ,
1083 2345 1188 2394 quod
1222 2354 1402 2382 neutrum

396 2404 606 2453 praepcdiat
625 2405 808 2451 alterum,
830 2418 899 2441 nec
923 2405 1149 2441 alterutrum
1175 2405 1246 2442 sibi
1265 2404 1405 2455 praeju—

398 2463 538 2501 (licent.
559 2468 630 2511 L‘t,
655 2464 763 2502 verbi
788 2465 925 2514 gratia,
943 2465 995 2501 sic
1014 2473 1048 2501 te
1071 2464 1243 2502 stabilem
1261 2466 1300 2502 in
1317 2466 1402 2502 loco

399 2524 601 2570 exhibeas,
625 2534 666 2561 ut
687 2524 814 2561 abbati
829 2524 963 2574 subjici
981 2538 1060 2561 non
1081 2534 1303 2563 contemnas
1321 2541 1328 2563 :
1351 2526 1404 2562 sic

399 2585 554 2622 obedias
589 2584 781 2634 subjectus
812 2584 962 2631 abbati,
993 2593 1036 2621 ut
1061 2584 1303 2622 stabilitatem
1325 2598 1404 2622 non

399 2646 557 2683 amittas,
578 2650 720 2693 Porro,
741 2646 770 2683 si
793 2646 991 2682 detestaris
1007 2645 1046 2681 in
1060 2646 1145 2682 loco
1164 2646 1252 2682 licet
1274 2659 1405 2696 perse-

1468 1981 1632 2018 dientiae.

1526 2043 1584 2080 17.
1614 2041 1728 2079 Vides
1766 2042 1895 2091 itaque
1923 2041 2079 2092 pondus
2115 2049 2189 2078 tuae
2219 2040 2479 2079 obedientiae?

1467 2102 1672 2151 Quomodo
1711 2115 1850 2153 nempe
1885 2102 2101 2139 stabilitatis
2139 2102 2476 2152 transgressionem

1467 2164 1607 2201 suflicit
1629 2176 1831 2209 excusare,
1867 2177 1953 2213 quae
1983 2176 2053 2200 nec
2088 2162 2160 2200 sibi
2191 2163 2347 2213 quidem
2378 2163 2480 2200 valet

1466 2223 1723 2274 patrocinari?
1742 2223 1849 2260 Idem
1870 2232 2005 2260 notum
2032 2231 2089 2259 est
2113 2222 2334 2260 solemniter
2355 2236 2398 2259 ac
2413 2236 2476 2259 re-

1468 2284 1650 2334 gulariter
1669 2284 1843 2334 profiteri
1864 2296 2055 2333 quemque
2077 2283 2114 2319 in
2138 2283 2341 2333 praesentia
2360 2282 2479 2320 abba-

1469 2345 1528 2382 tis.
1547 2349 1591 2382 In
1609 2345 1812 2395 praesentia
1828 2358 1919 2394 ergo
1938 2353 2083 2381 tantum
2096 2373 2105 2390 ,
2120 2357 2198 2381 non
2214 2344 2328 2381 etiam
2345 2344 2393 2382 ad
2410 2358 2479 2382 nu-

1470 2414 1550 2443 tum
1565 2406 1684 2456 ipsius
1701 2406 1742 2442 fit
1759 2405 1944 2455 cujusque
1961 2405 2160 2455 professio.
2178 2406 2298 2443 Testis
2315 2405 2479 2456 proinde

1469 2465 1673 2503 adhibetur
1706 2464 1849 2511 abbas,
1885 2478 1964 2502 non
2002 2465 2166 2502 dictator
2198 2466 2480 2516 professionis;

1471 2526 1646 2576 adjutor,
1668 2540 1745 2563 non
1767 2526 1964 2564 fraudator
1983 2525 2290 2576 adimpletioni53
2313 2527 2453 2564 vindex
2467 2555 2478 2575 ,

1471 2599 1550 2622 non
1581 2595 1713 2623 auctor
1745 2587 2080 2636 praevaricationis.
2109 2587 2210 2635 Quid
2236 2587 2376 2637 igitur?
2401 2590 2479 2625 Po-

1472 2660 1558 2683 nam
1581 2647 1619 2683 in
1648 2660 1763 2683 manu
1794 2646 1942 2684 abbatis
1965 2647 2070 2697 quod
2092 2647 2236 2697 absque
2264 2648 2343 2685 ulla
2361 2660 2476 2685 exce·
2498 2647 2504 2650 ’

399 2714 592 2742 verantem
605 2735 614 2752 ,
634 2706 699 2755 qui
719 2704 847 2742 abbati
867 2705 962 2741 forte
983 2704 1094 2741 subdi
1111 2706 1323 2742 contemnit
1337 2706 1405 2742 im-
1420 2715 1454 2749 D
1470 2707 1602 2756 ptione
1623 2720 1751 2743 coram
1773 2710 1854 2744 Deo
1874 2715 1911 2744 et
1927 2707 2066 2744 sanctis
2091 2707 2173 2757 ejus
2188 2707 2346 2758 propria
2362 2721 2479 2745 manu

400 2765 531 2814 periis;
561 2766 707 2802 miraris
730 2766 759 2802 si
787 2764 1103 2815 reprehendimus
1131 2764 1402 2811 obedientiam,

400 2838 485 2875 quae
508 2825 616 2862 vobis
635 2827 802 2863 vestrum
826 2825 1025 2863 deserendi
1053 2826 1180 2862 locum
1206 2826 1266 2862 vel
1293 2839 1405 2863 causa

400 2886 566 2930 exstitit,
585 2886 644 2922 vel
664 2887 838 2923 occasio?
857 2885 1067 2937 praesertim
1088 2899 1174 2923 cum
1200 2886 1238 2922 in
1261 2886 1406 2937 profes-

400 2946 508 2982 sione
538 2946 701 2994 regulari
722 2947 773 2983 sic
794 2947 1040 2996 promittatur
1066 2946 1272 2993 stabilitas,
1294 2956 1336 2984 ut
1358 2947 1405 2984 de

400 3005 636 3055 subjectione
677 3005 805 3043 abbati
855 3006 1068 3044 exhibenda
1107 3008 1213 3045 nulla
1251 3007 1404 3058 penitus

399 3066 542 3102 mentio
565 3067 638 3102 liat.

458 3128 516 3163 16.
536 3125 607 3164 S‹·‹l
625 3125 762 3175 quaeris
779 3126 934 3162 forsitan
949 3155 958 3171 ,
975 3126 1151 3176 inquiens
1166 3127 1256 3163 mihi
1273 3143 1280 3164 :
1303 3127 1403 3176 Quid

397 3198 488 3235 ergo
513 3194 553 3221 tu
579 3184 626 3221 de
645 3184 847 3221 stabilitate
869 3193 931 3221 tua
952 3185 1060 3231 sacis,
1083 3199 1196 3234 quam
1223 3187 1325 3236 apud
1346 3188 1405 3225 Ci-

398 3245 576 3283 stcrcium
612 3245 788 3290 firmasti3
817 3253 853 3281 ct
884 3258 986 3281 nunc
1021 3244 1108 3281 alibi
1141 3245 1319 3283 liabitas?
1345 3248 1403 3285 Ad

451 3380 459 3396 ¹
480 3374 557 3405 Psal.
576 3385 660 3409 xxv,
687 3376 719 3410 i,
741 3378 769 3404 5.
795 3392 830 3396 -
848 3379 859 3395 ²
876 3376 967 3405 Prov.
990 3385 1015 3411 1,
1042 3377 1090 3404 10.

1471 2774 1509 2803 et
1527 2780 1594 2803 ore
1615 2768 1781 2813 firmavi,
1812 2766 1970 2804 audiens
1994 2780 2042 2804 ex
2062 2768 2208 2817 Regula
2224 2764 2253 2814 ³,
2271 2767 2303 2804 si
2322 2767 2478 2818 quando
2529 2768 2532 2775 ’

1471 2826 1579 2863 aliter
1617 2826 1742 2863 fecero
1756 2855 1765 2871 ‚
1803 2840 1823 2863 a
1865 2830 1946 2864 Deo
1983 2840 2043 2864 me
2077 2840 2158 2864 esse
2194 2826 2476 2874 damnandum,
2527 2843 2529 2855 ⁴

1471 2900 1584 2937 quem
1605 2887 1770 2924 irrideo?
1797 2888 1834 2925 Si
1855 2886 1972 2924 abbas
1997 2900 2104 2925 meus
2119 2916 2130 2934 ,
2153 2896 2219 2925 aut
2235 2888 2349 2925 etiam
2366 2900 2479 2938 ange-
2527 2899 2533 2920 ε

1472 2948 1530 2985 lus
1553 2947 1600 2984 de
1627 2948 1725 2985 coelo
1745 2948 1937 2985 contraria
1952 2947 2127 2998 jusserit3
2147 2947 2266 2985 libere
2292 2947 2476 2986 recusabo
2529 2978 2533 2985 .

1471 3007 1691 3057 hujusmodi
1717 3008 1974 3046 obedientiam
1990 3037 2000 3054 ,
2023 3021 2110 3057 quae
2135 3021 2196 3045 me
2222 3016 2478 3059 transgresso-
2528 3029 2533 3062 ¹.

1471 3082 1551 3106 rem
1570 3069 1646 3106 voti
1666 3069 1835 3119 proprii,
1857 3077 1894 3106 et
1914 3067 2086 3120 pejerare
2108 3068 2220 3105 faciat
2243 3075 2385 3106 nomen
2407 3069 2475 3107 Dei
2524 3068 2533 3105 -ἲ

1470 3130 1556 3166 mei.
1573 3130 1657 3168 Scio
1679 3130 1780 3166 enim
1798 3143 1858 3166 me
1870 3128 1980 3179 juxta
1993 3128 2199 3179 Scripturae
2215 3131 2415 3168 veritatem
2429 3143 2476 3168 ex
2524 3162 2527 3166 .

1471 3203 1537 3226 ore
1563 3203 1649 3226 meo
1678 3190 1737 3226 vel
1766 3187 2102 3226 condemnandum
2120 3188 2155 3235 ⁴,
2176 3189 2237 3227 vel
2261 3188 2477 3239 justifican-

1470 3249 1583 3295 dum;
1614 3257 1650 3285 et
1679 3249 1767 3298 quia
1795 3262 1835 3284 os
1863 3250 1964 3297 quod
1992 3253 2190 3294 mentitur,
2222 3251 2357 3286 occidit
2386 3253 2475 3286 (11ιέ-

1170 3371 1272 3415 3Reg.
1294 3378 1324 3407 S.
1353 3375 1527 3414 Benedicti,
1547 3388 1614 3419 cap.
1632 3379 1684 3407 58.
1710 3396 1747 3400 ἡ-
1770 3376 1781 3400 ⁵
1806 3379 1877 3407 Luc.
1896 3388 1973 3413 xix,
1997 3380 2051 3409 22.
