2533 3920
332 224 351 230 “
1080 212 1333 250 ΙἮᾸΞΕΑΤΙΟ
1362 211 1650 247 ΟΕΝΕΒΑΙᾸΒ.
2374 208 2395 242 8

337 238 347 259 l

332 312 500 367 praelixa
528 311 740 353 Ludovico
768 311 830 350 De
855 308 927 348 Ric
952 307 1145 360 episcopo
1177 302 1407 343 Gencvcnsi
1439 301 1747 356 nuncupatoria
1780 298 1978 353 epistola,
2010 299 2055 340 in
2082 311 2168 353 qua
2193 302 2395 350 testatur,

331 402 374 430 se
408 386 662 429 revolvendo
696 389 833 425 vetera
862 382 1131 435 exemplaria,
1168 391 1262 433 quae
1290 380 1560 420 refertissima
1589 380 1753 431 collegii
1780 377 1996 419 Sorbonici
2024 376 2277 417 bibliotheca
2307 381 2398 417 tum

333 465 649 519 suppeditabat,
680 462 872 504 incidisse
898 461 942 501 in
968 459 1180 512 epilogum
1207 458 1306 498 libri
1325 458 1378 499 de
1409 457 1633 512 Diligendo
1661 459 1776 509 Deo,
1812 457 1857 497 in
1890 454 2013 496 editis
2044 454 2396 507 praetermissum3

333 543 484 584 deinde
510 543 553 583 in
583 540 831 595 opusculum
859 538 911 579 de
947 540 1100 578 Amore
1132 536 1210 576 Dei
1241 547 1288 576 ac
1313 536 1526 589 Dignitate
1550 537 1704 576 amoris
1733 549 1742 576 ε
1772 546 1879 589 quos
1905 532 2036 573 libros
2063 531 2202 572 viduae
2234 530 2400 573 Claudii

335 619 591 661 Clicvallonii
613 630 708 659 cum
739 616 829 656 aliis
861 614 1042 655 edendos
1074 612 1359 666 suppeditavit
1389 626 1499 654 anno
1538 614 1662 661 1547.

390 700 482 738 Non
512 709 594 737 una
626 695 797 748 hujusce
828 691 1123 745 recognitionis
1154 691 1284 731 editio
1313 691 1422 732 facta
1455 695 1516 732 est
1536 706 1545 731 :
1565 703 1662 731 eum
1694 690 1863 730 interim
1894 688 2103 729 Antonius
2133 686 2400 728 Marcellinus

329 775 451 815 aliam
470 773 693 814 editionem
717 770 883 811 Basilea·
906 768 1019 822 apud
1038 770 1241 809 Joannem
1259 770 1516 823 Hervagium
1539 768 1735 809 adornari
1756 768 1919 808 curavit
1938 779 2048 808 anno
2078 768 2209 818 1552,
2231 766 2398 817 solerti,

329 850 444 905 quod
472 850 560 903 ipse
584 849 750 899 asserit,
782 846 836 887 ad
860 846 1135 886 vetustiorum
1157 847 1459 900 exemplarium
1488 846 1616 888 fidem
1648 847 1866 888 collatione
1895 846 2026 898 facta,
2050 857 2147 887 eum
2169 857 2279 885 nova
2302 856 2400 886 cen-

328 940 447 978 sura,
489 936 684 978 novoque
715 922 861 964 ordine
886 933 1088 976 operum3
1121 926 1168 962 ut
1200 923 1387 976 primum
1416 923 1557 964 locum
1580 928 1769 965 tenerent
1803 926 2040 976 Sermones,
2071 922 2399 977 subsequentem

326 1003 543 1058 Epistolae,
572 1002 742 1043 tertium
771 1002 1005 1051 Tractatus‚
1038 1004 1299 1053 postremum
1327 1002 1469 1054 spuria
1493 1006 1534 1042 et
1559 1001 1707 1042 aliena.

381 1083 498 1122 Hanc
535 1079 759 1121 editionem
794 1079 1015 1119 antevertit
1053 1080 1233 1132 Veneta,
1274 1079 1394 1133 cujus
1426 1079 1616 1119 meminit
1649 1081 1829 1119 Joannes
1855 1076 2052 1118 Gillotius
2085 1077 2322 1130 Campanus
2352 1077 2398 1118 in

322 1157 567 1200 Pia-satione
590 1156 643 1196 ad
665 1155 891 1196 editionem
913 1154 1210 1208 Nivellianam‚
1237 1156 1352 1210 apud
1381 1156 1564 1196 Parisios
1587 1168 1697 1196 anno
1728 1156 1837 1197 1572
1858 1159 2128 1209 procuratam
2147 1168 2157 1194 ι
2177 1154 2253 1195 ubi
2271 1156 2396 1196 etiam

320 1236 574 1276 mentionem
595 1232 727 1287 injicit
748 1234 1046 1286 recognitionis
1065 1233 1184 1275 faetae
1208 1247 1232 1274 a
1250 1234 1472 1288 Theologis
1491 1232 1820 1284 Parisiensibus,
1843 1233 1919 1286 qui
1941 1236 2173 1286 postremas
2192 1231 2396 1274 editiones

318 1317 405 1354 tam
430 1324 506 1353 suo
530 1312 695 1365 privato
723 1315 898 1362 conatu,
929 1323 1057 1364 quam
1079 1324 1130 1352 ex
1154 1312 1375 1354 collatione
1398 1318 1589 1354 veterum
1617 1311 1811 1353 codicum
1826 1344 1836 1364 ,
1867 1324 1975 1366 quos
2002 1312 2047 1352 in
2073 1311 2305 1353 Galliarum
2322 1312 2392 1353 bi-

316 1389 535 1430 bliothecis
568 1400 786 1441 corrogare
822 1388 966 1440 licuit,
998 1390 1303 1431 restituerunt:
1325 1396 1373 1432 ut
1411 1390 1486 1445 qui
1523 1394 1620 1444 post
1654 1394 1740 1441 tot,
1774 1394 1998 1443 tantosque
2031 1390 2168 1441 viros,
2205 1390 2264 1430 ait
2293 1390 2390 1442 ille,

316 1465 596 1519 redintegrata
614 1466 867 1517 instaurare,
887 1470 928 1507 et
947 1467 1100 1507 sanatis
1117 1467 1270 1508 iterum
1290 1468 1449 1509 mederi
1472 1473 1674 1520 tentaret,
1693 1468 1923 1509 labefacere
1937 1499 1947 1519 ,
1968 1467 2212 1522 malumque
2234 1467 2391 1510 inferre

314 1543 542 1584 videretur.
566 1543 815 1597 Quanquam
836 1543 947 1584 idem
971 1544 1168 1586 Gillotius
1187 1545 1353 1598 subdit,
1379 1559 1421 1587 se
1445 1545 1642 1600 adjecisse
1668 1545 1873 1599 quasdam
1897 1546 2174 1586 correctiones
2192 1558 2278 1587 non
2294 1558 2390 1600 poe-

314 1619 504 1661 nitendas
520 1652 530 1671 ,
568 1625 607 1660 ct
630 1626 873 1673 argumenta
900 1621 987 1662 sive
1010 1621 1299 1663 distinctiones
1324 1625 1510 1676 capitum
1535 1624 1578 1663 in
1599 1623 1729 1663 libros
1758 1624 1949 1677 quinque
1972 1623 2024 1664 de
2047 1622 2389 1665 Consideratione

311 1696 364 1737 ad
388 1697 642 1749 Eugenium,
678 1701 718 1736 et
748 1697 791 1736 in
820 1696 1011 1737 libellum
1041 1698 1093 1739 de
1122 1701 1337 1753 Praecepto
1371 1705 1412 1741 et
1445 1701 1788 1755 Dispensatssone,
1822 1714 1930 1755 quos
1967 1701 2174 1742 Henricus
2203 1702 2388 1756 Cuycius

312 1772 680 1825 Cuteniburgensis
704 1772 757 1813 ad
781 1779 939 1827 septem
966 1778 1250 1831 manuscripta
1275 1779 1529 1832 exemplaria
1552 1783 1803 1819 correxerat.
1832 1779 2016 1832 Exponit
2041 1777 2193 1820 deinde
2215 1791 2387 1833 operam

309 1860 450 1900 suam,
479 1853 571 1890 tuin
592 1849 637 1889 in
660 1850 922 1891 secernendis
944 1852 1148 1893 Bernardi
1172 1855 1372 1907 operibus
1398 1857 1550 1896 nativis
1571 1869 1594 1897 a
1616 1857 1795 1910 spuriis,
1815 1862 1908 1897 tum
1926 1857 1971 1897 in
1984 1857 2137 1897 nativis
2155 1856 2208 1897 ad
2224 1862 2386 1899 rectum

307 1930 348 1965 et
365 1925 633 1967 commodum
665 1926 855 1967 ordinem
876 1928 1114 1982 redigendis
1134 1945 1143 1971 z
1165 1934 1328 1974 tametsi
1349 1934 1459 1975 inter
1480 1935 1662 1987 genuina
1689 1935 1886 1975 Gillotius
1917 1935 2061 1989 spuria
2089 1935 2295 1976 nonnulla
2318 1935 2386 1977 vel

304 2001 389 2055 jam
411 2002 521 2044 edita
549 2003 719 2057 reliquit
737 2036 747 2055 ,
770 2004 837 2045 vel
859 2003 910 2046 de
936 2019 1046 2047 novo
1077 2007 1229 2062 adjecit
1248 2041 1257 2061 ,
1280 2022 1377 2050 eum
1397 2010 1591 2051 Floribus
1611 2024 1662 2052 ex
1683 2013 1720 2052 S.
1742 2011 1947 2053 Bernardi
1965 2012 2165 2066 operibus
2183 2011 2383 2055 collectis.

366 2081 523 2121 Verum
553 2085 648 2121 ante
685 2093 758 2121 sex
794 2095 950 2136 annos,
987 2085 1181 2127 videlicet
1214 2099 1324 2127 anno
1365 2089 1495 2139 1566,
1529 2089 1610 2130 alia
1647 2089 1776 2130 editio
1811 2090 1982 2131 Parisiis
2021 2089 2237 2143 prodierat
2270 2090 2386 2145 apud

307 2156 578 2198 Guillehnum
605 2158 829 2199 Mcrlinum
861 2165 901 2201 et
929 2161 1216 2204 Sebastianum
1246 2165 1475 2206 Nivellium
1496 2199 1506 2217 ,
1542 2168 1757 2220 praemissa
1783 2168 1959 2222 epistola
1989 2169 2200 2210 Francisci
2231 2170 2382 2211 Come-

306 2234 449 2284 storis,
480 2246 578 2274 mox
614 2235 797 2288 laudati,
833 2237 886 2277 ad
922 2240 1165 2293 episcopum
1201 2242 1485 2285 Genevenscm
1516 2259 1524 2285 :
1556 2247 1625 2286 cui
1653 2246 1828 2287 editioni
1865 2245 2024 2300 adjecta
2060 2251 2121 2287 est
2152 2247 2379 2301 Appendix

306 2311 588 2363 Hervagiana,
620 2312 787 2353 Basileoe
814 2313 927 2367 apud
952 2315 1136 2359 haeredes
1167 2320 1339 2361 Joannis
1369 2323 1568 2376 Hei-vagii
1602 2322 1795 2375 vulgata,
1829 2335 1957 2376 opera
1989 2335 2035 2364 ae
2066 2323 2207 2365 studio
2235 2326 2382 2368 Jacobi

304 2386 477 2427 Pamelii
506 2388 751 2440 Brugensis,
785 2391 859 2443 qui
890 2393 1092 2436 Bernardi
1128 2408 1281 2449 parvos
1308 2400 1524 2440 Sermones
1546 2412 1722 2440 numero
1751 2399 1987 2452 sexdecim,
2018 2405 2110 2441 tum
2132 2402 2381 2446 Parabolam

303 2463 354 2505 de
384 2465 548 2506 Christo
579 2471 620 2506 et
652 2468 854 2520 Ecclesia,
894 2471 991 2512 item
1023 2474 1349 2528 Soliloquiorum
1383 2477 1568 2529 librum,
1601 2483 1642 2519 et
1679 2478 1758 2519 alia
1791 2478 1994 2520 nonnulla
2025 2479 2240 2521 Bernardo
2272 2494 2379 2536 sup-

302 2543 436 2595 posita
466 2544 642 2596 protulit
672 2546 714 2586 in
746 2546 896 2589 lucem.
933 2550 1091 2591 Eodem
1121 2564 1231 2593 anno
1265 2554 1503 2596 Ludovicus
1538 2557 1706 2596 Miroeus
1739 2558 1972 2598 Rosetanus
2004 2557 2128 2598 aliam
2163 2559 2380 2602 Bernardo

304 2619 608 2671 Appendieem,
635 2634 657 2661 a
686 2624 903 2664 Francisco
927 2626 1164 2668 Comestore
1192 2636 1422 2684 acceptam,
1453 2633 1626 2674 Lutetiae
1654 2633 1799 2675 itidem
1828 2634 1940 2688 apud
1969 2635 2160 2677 Carolam
2187 2637 2379 2680 Guillard

303 2694 425 2747 adjici
461 2697 637 2737 curavit.

363 2771 483 2811 Mitto
514 2771 613 2812 alias
641 2773 827 2826 ejusdcm
856 2777 995 2818 soeculi
1021 2778 1224 2823 editiones
1250 2797 1355 2837 pene
1382 2787 1646 2840 innumeras,
1678 2793 1726 2829 ut
1756 2788 1899 2830 nullus
1927 2789 2014 2830 fere
2044 2802 2179 2832 annus
2201 2790 2375 2845 abierit,

302 2848 376 2900 qui
414 2860 499 2888 non
529 2849 669 2902 aliqua
708 2852 904 2894 Bernardi
931 2856 1118 2908 Operum
1144 2859 1325 2903 editione
1354 2863 1483 2905 suerit
1508 2866 1697 2919 insignis.
1731 2867 1932 2908 Omnium
1962 2868 2268 2922 elegantissima
2293 2869 2376 2911 fuit

303 2923 370 2963 illa
404 2936 496 2977 quae
522 2938 631 2965 anno
673 2930 778 2968 1586
813 2930 890 2969 sub
917 2933 1109 2984 symbolo
1136 2935 1262 2977 Na'vis
1285 2938 1391 2980 facta
1418 2946 1508 2993 est,
1541 2955 1638 2983 cum
1665 2944 1838 2997 epistola
1866 2947 2173 2999 nuncupatoria
2198 2947 2375 2989 Joannis

300 2999 459 3040 Gillotii
487 3000 538 3042 ad
562 3003 610 3042 R.
642 3003 688 3043 Ρ.
709 3004 945 3048 Gnidonem
972 3010 1245 3054 Cornuatium
1267 3015 1460 3058 abbatem
1481 3019 1767 3063 Vallis-Clara·
1787 3054 1797 3074 ,
1829 3022 2102 3079 ejusdemque
2123 3024 2372 3067 Praefatione

299 3075 351 3116 ad
390 3078 617 3119 Lectorem.

355 3153 469 3203 Quin
500 3155 623 3195 ctiam
658 3156 803 3198 codem
835 3161 985 3201 sarculo
1021 3164 1211 3220 plerique
1249 3171 1444 3213 Bernardi
1477 3177 1693 3218 Sermones
1720 3191 1817 3218 cum
1851 3179 2077 3232 Opusculis
2107 3181 2150 3222 in
2169 3181 2368 3235 gallicum

295 3227 448 3270 idiOma
479 3232 668 3273 translati
703 3240 826 3286 sunt,
857 3250 1005 3292 nempe
1037 3254 1146 3283 anno
1178 3248 1283 3288 1575
1301 3280 1311 3299 ,
1342 3262 1417 3303 per
1451 3253 1688 3295 llubertuin
1715 3257 1934 3297 Lcscotum
1960 3259 2210 3300 canonicum
2235 3271 2364 3314 regu-

292 3305 444 3357 larem,
480 3308 549 3348 Sf‘d
582 3309 740 3362 abffltffl‘
773 3314 990 3366 ¹'3t)l⁵t‘)li⁸;
1026 3331 1119 3371 quw
1148 3322 1188 3361 in
1223 3327 1413 3367 versione
1445 3330 1541 3369 item
1572 3332 1717 3382 gallica
1747 3334 1842 3374 anni
1882 3335 1989 3376 1622
2019 3347 2095 3388 per
2118 3336 2362 3391 Philippum
