2517 3936
35 219 131 282 ,1⁰¹3

701 221 765 254 DE
794 219 1217 256 CONSIDERA'ssoM]
1247 222 1388 256 LIBER
1420 225 1444 257 1.

2001 235 2091 270 1011

32 297 115 348 fico
135 309 299 347 semper,
321 308 399 333 non
421 294 506 341 dico
529 308 652 344 saepe,
673 295 737 332 sed
760 296 818 331 vel
846 292 1088 331 interdumfl·
1108 294 1188 331 suit.
1218 297 1320 332 Itane
1351 297 1571 334 imminutor
1598 308 1652 335 est
1681 301 1867 350 dignitatis
1893 318 2040 351 sci-xus,
2066 311 2092 344 si

31 419 190 464 ‘'ultos,
205 425 271 454 aut
291 424 393 453 certe
411 423 498 465 post
520 415 674 452 multos.
702 414 802 463 Quid
832 414 1038 463 indulgen-

19 470 130 522 ’ζεὲ
149 481 232 516 Hoc
256 477 358 514 enim
382 476 468 513 dieo
498 475 707 512 secundum
737 475 1011 524 indulgentiam
1027 503 1036 519 ‚

37 549 108 576 *an
126 536 337 576 secundum
348 535 536 586 judicium
547 541 575 570 ³.
591 538 688 572 Puto
705 534 836 584 etipso
850 534 1036 584 Apostolo

30 635 33 638 ,
53 599 63 622 ‘⁷
80 598 350 649 ulgentiorem
382 609 442 633 me
470 597 510 632 in
549 595 618 632 hac
657 603 777 644 parte.
812 598 912 643 Ergo
952 594 1038 643 plus

21 663 22 667 ’
63 671 144 703 :am
164 665 343 708 oportet,
358 656 497 706 inquis.
518 659 604 692 Non
623 654 785 691 inficior.
805 653 923 702 Quid,
941 654 970 691 si
987 653 1038 690 ita

60 719 314 758 .ortet?Nam
340 725 382 754 tu
398 746 408 764 ‚
437 725 480 753 ut
507 715 681 761 confido,
699 723 830 751 nostra
856 727 934 751 non
966 715 1038 750 eris

31 796 32 799 ¹
78 779 251 818 ticulosa
277 777 549 815 informatione
573 784 799 820 contentus,
827 774 893 812 sed
917 774 1039 811 abun-

89 839 136 877 is
153 839 282 889 magis.
299 841 396 877 Sane
411 838 463 875 sic
477 837 606 882 decet,
626 845 662 873 te
681 836 824 872 seilicet
840 834 1040 871 abundan-

61 913 166 938 -urem
179 929 189 947 ,
204 913 318 950 quam
332 912 393 936 me
413 897 656 936 audaciorem
677 909 769 933 esse.
788 899 868 944 Ego
887 909 1040 945 quoque

145 959 264 997 tutius
282 958 416 1009 judico
436 957 538 1009 apud
559 956 794 1007 majestatem
820 955 1037 1001 timiditate,

43 1033 145 1062 stam
177 1021 391 1058 temeritate
424 1018 644 1070 periclitari.
680 1021 727 1055 Et
758 1017 930 1054 fortassis
961 1030 1040 1054 non

75 1142 215 1192 viptum
244 1149 302 1179 est
322 1156 330 1178 τ
349 1144 412 1177 Βα
437 1143 671 1176 occaszbnem
700 1141 889 1186 sapienti,
923 1145 959 1172 et
977 1151 1043 1173 sa-

34 1207 199 1250 -ssjientior
211 1207 282 1239 erit
294 1207 320 1238 ¹.

385 1314 564 1354 CAPUT
593 1314 652 1353 VI
658 1343 667 1352 .

27 1349 105 1475 {on
123 1444 186 1471 tam
209 1439 384 1482 episeopis,
406 1449 502 1481 quam
523 1437 718 1481 principibus
739 1437 936 1480 judiciariam
957 1444 1043 1480 pote-

35 1474 47 1481 φ

30 1481 59 1519 5
373 1499 484 1524 statem
509 1498 697 1535 competere.

40 1615 55 1668 'l
89 1617 125 1655 7.
149 1615 251 1654 Audi
283 1623 409 1652 tamen
439 1615 689 1665 Apostolum,
710 1614 803 1664 quid
834 1614 881 1652 de
907 1614 1043 1664 hujus-

35 1676 140 1718 ,ἵμᾶι
159 1676 308 1714 sentiat.
335 1677 395 1712 Sic
416 1690 491 1712 non
515 1685 570 1712 est
595 1680 693 1711 inter
713 1689 781 1711 vos
801 1681 974 1724 sapiens,
996 1676 1047 1713 ait

38 1734 120 1784 se,
148 1741 212 1786 qui
229 1737 378 1782 judicet
407 1740 506 1772 inter
526 1735 689 1784 fratrem
719 1745 755 1772 et
777 1733 971 1783 fratrem?
1001 1740 1048 1773 Et

77 1797 150 1835 sert
167 1812 176 1836 :
197 1799 266 1833 Ad
280 1800 528 1846 ignominiam
550 1795 655 1833 vobis
684 1798 768 1832 dico
788 1811 800 1831 .·
823 1801 1048 1845 contempti-

38 1921 316 1956 dicandum2.
333 1921 468 1968 Itaque
485 1918 699 1955 secundum
718 1918 947 1968 Apostolum
960 1947 969 1963 ‚
992 1918 1051 1954 in-

40 1974 73 2034 ’Ὶῇῐῖ
104 1992 151 2016 ne
173 1978 239 2016 tibi
257 1992 420 2029 usurpas
433 1987 474 2016 tu
489 1979 723 2029 apostolicus
739 1979 908 2016 officium
920 1977 938 2001 ¹>
950 1979 1025 2016 vile
1039 2008 1048 2024 ‚

83 2039 196 2078 adum
221 2038 581 2089 contemptibilium.
607 2039 720 2078 Unde
743 2048 781 2077 et
801 2039 952 2077 dicebat
974 2040 1051 2090 epi-

39 2092 41 2094 ·
63 2113 200 2150 npus,
233 2099 458 2151 episcopum
483 2100 678 2137 instruens
710 2115 718 2137 :
743 2103 864 2138 Nemo
892 2104 1059 2139 militans

35 2178 49 2200 ·³-,
79 2173 119 2196 eo
128 2163 301 2209 impllcat
315 2173 355 2196 se
370 2164 526 2210 negotiis
541 2160 783 2197 saecularibus
794 2159 820 2197 3.
837 2164 915 2210 Ego
932 2169 1058 2198 autem

41 2256 44 2262 ,
68 2228 79 2251 >
91 2232 156 2256 reo
181 2219 262 2256 tibi.
283 2222 370 2256 Non
393 2220 494 2256 enirn
516 2220 629 2257 fortia
653 2221 816 2270 loquor,
843 2220 908 2257 sed
929 2221 1054 2271 possi-

38 2278 142 2319 ‘lia.
165 2283 331 2317 Putasne
349 2279 432 2317 haec
460 2289 635 2331 tempora
656 2281 908 2325 sustinerent,
926 2282 956 2318 si
984 2282 1055 2318 ho-

37 2339 208 2378 sti'inibus
230 2339 467 2390 litigantibus
488 2354 560 2391 pro
586 2350 737 2378 terrena
757 2341 999 2387 haereditate,
1018 2350 1055 2378 et

38 2427 41 2431 -
57 2397 85 2438 ‘ju
102 2400 302 2447 gitantibus
321 2399 388 2438 abs
418 2410 455 2438 te
471 2401 661 2451 judicium
675 2432 684 2448 ‚
705 2415 800 2439 voce
816 2403 975 2440 Domini
999 2403 1053 2439 tui

47 2460 297 2512 ”’5Ροιι(1(ἐι·85
313 2475 321 2498 :
345 2463 379 2498 O
400 2462 586 2507 homines,
610 2467 696 2510 quis
715 2477 774 2498 me
791 2465 1055 2509 constituiqu—

45 2523 167 2557 'cem
189 2534 306 2570 super
327 2522 446 2558 27054?
476 2525 521 2559 In
545 2523 657 2572 quale
683 2531 725 2560 tu
749 2522 938 2572 judicium
969 2536 1058 2559 mox

50 2581 224 2618 uires?
243 2580 345 2629 Quid
364 2581 456 2618 dicit
473 2581 591 2619 homo
610 2583 825 2620 rusticanus
843 2591 880 2620 et
901 2583 950 2619 im
958 2583 1057 2632 peri-

47 2715 231 2742 mmam
262 2711 301 2740 et
321 2704 539 2753 praecelsam
567 2704 717 2751 sedeui,
750 2705 937 2754 derogans
963 2717 1057 2754 apo-

43 2763 190 2813 ‘filicae
214 2763 416 2814 dignitati?
436 2768 484 2802 Et
505 2774 631 2802 tamen
658 2779 737 2802 non
766 2764 1054 2809 monstrabunt,

55 2831 162 2875 tito,
179 2824 246 2873 qui
262 2824 335 2861 hoc
352 2824 541 2872 dicerent,
561 2825 627 2863 ubi
645 2826 853 2876 aliquando
870 2825 1057 2875 quispiam

49 2885 323 2939 ..postolorum
340 2885 461 2935 judex
489 2886 630 2923 sederit
655 2887 875 2931 hominum,
904 2894 969 2922 aut
998 2885 1056 2921 di-

109 2957 154 2982 or
189 2945 462 2993 terminorum,
496 2955 562 2984 aut
594 2947 822 2984 distributor
857 2955 1056 2983 terrarum.

49 3146 115 3242 ζ]
129 3208 223 3238 Prov.
238 3218 294 3246 11,
309 3210 399 3239 9.-
418 3213 432 3229 ²
450 3212 466 3240 I
481 3210 552 3241 Cor.
570 3221 617 3247 vx,
637 3213 668 3247 5,
687 3211 718 3240 4.
734 3227 778 3231 —
794 3206 853 3240 311
870 3207 951 3238 Tim.
975 3216 1019 3241 11,
1044 3206 1074 3234 [ι.
1091 3220 1134 3224 -
1155 3201 1168 3226 4'
1184 3193 1479 3230 Luc.x11‚l4--

51 3259 72 3289 3
89 3261 104 3293 1
119 3260 192 3292 Cor.
216 3271 272 3297 vx,
292 3263 326 3292 2.
346 3278 392 3283 --
409 3258 424 3282 ⁸
444 3261 560 3303 Ephes.
576 3273 610 3299 v,
634 3264 687 3293 16.

50 3318 90 3356 σ’,ῗ
103 3319 220 3368 ²·Alias
236 3343 243 3358 ‚
259 3321 429 3365 imperium.
447 3340 491 3343 —
508 3314 524 3337 ¹¹
542 3321 627 3353 Alias
640 3345 648 3359 ,
667 3320 838 3364 judicium.

64 3411 66 3418 y
94 3376 116 3419 μῦ
130 3375 252 3418 Nempe
266 3380 299 3406 ut
315 3374 444 3406 sedeant
459 3374 654 3417 judicantes,
671 3375 759 3416 juxta
781 3373 854 3404 illud
875 3371 1016 3404 Matthaei
1041 3382 1073 3400 xi

34 358 189 398 “ddere
207 365 242 394 te
256 356 382 406 ipsum
406 353 486 391 tibi.
508 358 628 392 Utere
650 363 689 391 tu
711 369 865 404 quoque
887 363 922 391 tc
941 355 1038 390 inter
1059 355 1085 386 A
1107 366 1181 389 non
1214 355 1295 391 vult
1320 368 1400 393 csse
1429 356 1549 405 major
1585 357 1740 395 domino
1773 375 1840 397 suo
1862 378 1868 398 :
1888 373 1950 400 ant
1984 366 2094 403 disei-

1107 414 1241 462 pulns,
1265 414 1294 450 si
1313 428 1387 451 non
1408 413 1492 452 vult
1512 429 1590 451 csse
1613 417 1732 465 major
1754 433 1798 454 co
1823 423 1887 468 qui
1910 435 1947 457 se
1970 425 2066 460 misit
2089 441 2094 460 τ

1106 481 1169 509 aut
1196 474 1314 519 lilius,
1334 475 1363 510 si
1391 487 1466 510 non
1498 476 1768 524 transgreditur
1790 481 1985 526 terminos,
2005 497 2098 531 quos

1104 542 1316 582 posuerunt
1347 542 1471 582 patres
1503 535 1590 571 sui?
1621 538 1711 582 Quis
1743 551 1799 572 nn:
1831 545 2013 576 resistentie
2031 548 2098 587 jn-

1105 595 1255 628 dicem?
1285 594 1335 630 ait
1365 594 1426 630 ille
1459 595 1644 631 Dominus
1670 605 1706 632 ct
1736 598 1936 645 magister:
1968 609 2003 635 ct
2032 602 2099 637 crit

1104 651 1243 700 injuria
1276 666 1387 689 servo
1421 653 1704 704 discipuloque,
1739 657 1807 693 nisi
1836 657 1978 706 judicet
2013 661 2100 696 uni-

1105 714 1267 748 versos?
1293 714 1383 750 Mihi
1413 722 1537 750 tamen
1569 728 1644 751 non
1678 716 1826 753 videtur
1855 717 1977 755 bonus
2010 721 2103 755 festi-

1107 780 1229 809 mator
1265 787 1411 817 rerum,
1447 775 1511 824 qui
1544 775 1737 825 indignum
1773 786 1879 826 putat
1913 780 2103 827 Apostolis

1075 854 1079 859 ·
1106 847 1170 871 seu
1199 836 1414 884 apostolicis
1446 836 1534 872 viris
1569 850 1643 873 non
1673 836 1843 886 judicare
1871 838 1917 875 dc
1947 838 2102 885 talibus,

1105 893 1243 943 quibus
1267 895 1394 932 datum
1425 904 1479 932 cst
1505 895 1687 945 judicium
1720 898 1755 933 in
1783 897 1935 947 majora.
1963 899 2103 946 Quidni

1106 964 1351 992 contemnant
1380 955 1551 1004 judicare
1590 957 1635 993 dc
1671 959 1827 995 terrenis
1867 960 2102 1008 possessiun-

1110 1015 1202 1051 culis
1234 1016 1452 1062 hominum,
1486 1018 1549 1066 qui
1583 1017 1619 1053 in
1649 1017 1859 1054 coelestibus
1887 1027 1923 1054 et
1951 1020 2103 1068 angelos

63 1099 73 1103 ¹*
95 1093 137 1118 us
163 1080 312 1117 moneri
332 1080 542 1130 sapientem
572 1077 766 1128 oportuit,
789 1085 832 1113 ut
861 1077 908 1113 sit
937 1077 1040 1126 quod
1062 1073 1088 1107 Β
1106 1074 1362 1124 judicabunt?
1381 1080 1478 1126 Ergo
1513 1079 1550 1114 in
1579 1078 1816 1123 criminibus,
1849 1092 1924 1115 non
1952 1080 1988 1115 in
2016 1093 2104 1129 pos-

1111 1137 1340 1174 sessionibus
1367 1147 1532 1187 potestas
1562 1148 1684 1175 vestra
1711 1154 1718 1176 :
1743 1139 1918 1189 quoniam
1948 1148 2104 1189 propter

1110 1199 1192 1244 illa,
1210 1207 1246 1235 et
1262 1212 1339 1235 non
1362 1208 1520 1249 propter
1535 1200 1616 1246 has,
1639 1200 1831 1249 accepistis
1851 1201 1973 1235 claves
1998 1201 2101 1248 regni

1112 1260 1313 1305 coelorum,
1332 1261 1638 1308 praevaricatores
1655 1261 1783 1309 utique
1797 1261 1983 1296 exclusuri
1998 1289 2006 1305 ,
2024 1273 2100 1295 non

1111 1334 1358 1372 possessores.
1384 1322 1588 1364 Utsciacis,
1611 1321 1680 1365 ait,
1703 1326 1792 1368 quia
1811 1324 1844 1356 F
1846 1324 1926 1355 ilius
1946 1321 2102 1355 hominis

1109 1383 1218 1419 habet
1239 1390 1458 1430 potestatem
1488 1384 1523 1415 in
1547 1389 1645 1416 terra
1673 1380 1884 1416 dilniltemll
1908 1378 2102 1427 peccatafi,

1107 1453 1177 1481 etc.
1197 1446 1377 1491 Quaenam
1408 1441 1473 1478 tibi
1496 1440 1617 1490 major
1637 1441 1787 1477 videtur
1806 1449 1842 1476 ct
1863 1439 2022 1489 dignitas
2037 1468 2046 1484 ,
2068 1447 2106 1474 ct

1108 1512 1294 1555 potestas,
1326 1501 1538 1539 dimittendi
1570 1510 1739 1551 peccata,
1769 1514 1815 1536 an
1841 1499 1981 1549 praedia
2010 1498 2105 1533 divi-

1111 1564 1250 1601 dendi?
1280 1563 1351 1600 Sed
1383 1576 1460 1599 non
1490 1570 1545 1598 est
1576 1561 1818 1611 comparatio.
1851 1558 2001 1597 Habent
2027 1558 2105 1594 hacc

1111 1625 1241 1660 infima
1260 1632 1297 1659 et
1319 1632 1468 1659 terrena
1496 1620 1637 1669 judices
1660 1634 1764 1666 suos,
1784 1632 1888 1669 reges
1911 1627 1947 1654 et
1966 1617 2107 1667 princi-

1113 1698 1179 1735 pes
1214 1693 1334 1720 terrae.
1361 1682 1459 1731 Quid
1491 1682 1582 1718 fines
1612 1682 1752 1718 alienos
1784 1679 1984 1716 invaditis?
2012 1676 2109 1725 Quid

1114 1746 1245 1782 falcem
1271 1752 1434 1780 vestram
1461 1742 1498 1778 in
1521 1742 1679 1779 alienam
1700 1753 1857 1777 messem
1883 1737 2108 1774 extenditis?

1114 1810 1198 1844 Non
1220 1805 1310 1855 quia
1324 1803 1470 1852 indigni
1491 1815 1575 1841 vos,
1596 1801 1661 1838 sed
1681 1801 1769 1850 quia
1788 1799 1981 1847 indignum
2004 1795 2111 1833 vobis

42 1858 188 1910 :limes
205 1862 272 1907 qui
290 1866 376 1894 *mm
390 1861 430 1893 ῘῙῑ
449 1860 648 1902 ECCZCSW,
671 1859 756 1893 ΗΖΘ-9
772 1861 982 1893 θοΠ-ςῐῖῖῖήῖθ
1002 1858 1056 1892 ad
1070 1856 1098 1892 C
1121 1865 1257 1904 talibus
1292 1864 1482 1908 insistere,
1504 1862 1645 1912 quippe
1674 1859 1885 1911 potioribus
1912 1856 2112 1906 occupatis.

1118 1927 1292 1976 Denique
1308 1923 1374 1961 ubi
1394 1923 1594 1960 necessitas
1609 1921 1740 1970 exigit,
1759 1919 1845 1956 audi
1861 1917 1950 1967 quid
1968 1923 2116 1952 censeat

1119 1986 1326 2038 Apostolus
1356 1999 1364 2020 :
1392 1985 1432 2020 Si
1465 1988 1562 2018 enim
1598 1986 1634 2017 in
1670 1980 1775 2017 vobis
1798 1977 2032 2024 judicabitur
2060 1976 2118 2010 liic

1120 2050 1296 2090 ηιιιηᾶιις,
1313 2047 1458 2093 indigni
1479 2048 1563 2079 estis
1577 2047 1639 2091 qni
1658 2044 1703 2078 de
1723 2045 1887 2077 minimis·
1897 2039 2074 2084 judicetis
2086 2042 2113 2071 Τ.

1476 2168 1651 2208 CAPUT
1681 2168 1777 2206 Vll.

1162 2295 1268 2327 Pietati
1288 2300 1318 2324 et
1340 2303 1443 2323 rerum
1468 2296 1651 2320 &ternarum
1672 2284 1908 2317 considerationi
1930 2284 1960 2314 in
1986 2282 2090 2325 primis

1482 2342 1654 2374 vacandum
1671 2352 1745 2372 esse.

1179 2458 1215 2493 S.
1238 2453 1312 2491 Sed
1332 2450 1431 2489 aliud
1453 2457 1508 2486 est
1527 2447 1736 2484 incidenter
1755 2456 1955 2481 excurrere
1972 2442 2007 2478 in
2031 2441 2118 2485 ista,

1125 2529 1235 2553 causa
1261 2512 1411 2562 quidem
1440 2514 1622 2556 urgente:
1642 2503 1743 2540 aliud
1773 2503 1871 2538 ultro
1903 2498 2120 2536 incumbere

1124 2577 1222 2621 istis,
1250 2584 1426 2622 tanquam
1450 2567 1594 2616 magnis
1623 2564 1817 2613 dignisque
1847 2561 1908 2596 tali
1932 2568 1967 2595 et
1989 2559 2115 2594 talium

67 2653 128 2689 S,
161 2641 343 2692 ignorans
376 2642 584 2692 primatum
598 2642 617 2660 *
652 2657 762 2680 suum
778 2673 787 2689 ,
821 2643 1057 2680 inhonorans
1073 2644 1107 2677 D
1124 2635 1333 2673 intentione
1354 2630 1478 2668 rebus.
1505 2631 1636 2675 Itaque
1660 2625 1737 2660 haec
1758 2630 1793 2657 et
1814 2632 2007 2657 immunera
2033 2617 2116 2652 talia

1124 2698 1286 2733 dicerem
1299 2724 1308 2739 ,
1328 2696 1358 2728 si
1383 2690 1493 2727 fortia
1516 2687 1699 2729 dicerem,
1721 2683 1750 2718 si
1772 2689 1891 2724 recta,
1911 2679 1940 2714 si
1960 2679 2116 2741 sincera.

1124 2761 1232 2795 Nunc
1253 2762 1376 2791 autem
1408 2748 1585 2799 quoniam
1613 2744 1690 2781 dies
1718 2741 1803 2778 mali
1830 2737 1955 2782 suntss,
1984 2737 2120 2773 sufliclt

1125 2816 1275 2854 interim
1307 2810 1539 2850 admonitum
1571 2818 1667 2849 esse,
1699 2815 1774 2838 non
1807 2809 1926 2836 totum
1957 2806 2012 2841 te,
2051 2809 2121 2832 nec

1126 2888 1276 2925 semper
1295 2873 1383 2909 dare
1400 2868 1537 2906 actioni
1554 2881 1560 2902 :
1581 2864 1643 2902 sed
1665 2858 1956 2899 considerationi
1977 2855 2118 2905 aliquid

1127 2937 1179 2974 tui
1202 2944 1237 2972 et
1258 2932 1400 2976 cordis,
1419 2937 1455 2966 et
1479 2924 1659 2975 temporis
1682 2929 1927 2971 sequestrare.
1949 2922 2032 2954 Hoc
2051 2929 2118 2952 au—

1125 3006 1199 3034 tem
1217 2995 1301 3031 dico
1322 2989 1580 3029 necessitatem
1601 2985 1770 3027 intuens,
1787 2993 1863 3017 non
1883 2977 2120 3027 aequitatem:

1124 3066 1340 3106 quanquam
1370 3062 1447 3087 non
1475 3048 1521 3084 sit
1550 3053 1687 3096 praeter
1716 3053 1883 3091 aequum,
1910 3034 2118 3075 necessitati

1495 3184 1508 3208 ⁵
1525 3190 1597 3218 Act.
1614 3196 1646 3220 V,
1671 3185 1725 3214 27.
1743 3199 1787 3204 ——
1801 3177 1816 3201 ⁶
1830 3176 1943 3210 Mauh.
1960 3186 1993 3204 rx
2008 3198 2015 3211 ,
2032 3178 2116 3203 6.-

1079 3381 1118 3404 χ,
1142 3369 1202 3399 28,
1221 3358 1372 3392 &debitis
1393 3362 1422 3385 rt
1447 3365 1498 3384 ros
1511 3378 1518 3390 ,
1537 3358 1594 3382 etc.
