2565 3952
75 178 148 216 253

73 256 172 294 enim
191 252 298 291 vides
316 251 354 288 111
374 250 486 297 facie,
508 253 612 287 Deus
632 255 759 285 autem
780 247 819 284 in
841 246 958 285 corde
981 262 988 283 ε
1012 245 1083 283 sub
1102 242 1115 261 ⁰

986 166 1253 204 EPISTOLAE.

2095 171 2167 209 251

1120 242 1134 261 ⁰
1152 244 1183 281 si
1201 252 1304 280 recte
1323 244 1404 280 fieri
1426 256 1504 280 non
1526 244 1665 293 possit,
1692 245 1842 294 placeat
1871 255 1996 285 tamen
2027 250 2106 287 lieri
2125 265 2170 286 co

73 314 180 364 cujus
206 310 405 349 tremendo
425 317 582 359 aspectu
601 308 630 345 si
646 307 805 344 sollicite
835 320 896 343 me
917 307 1083 343 circum—
1104 307 1134 340 A
1152 305 1267 341 etiam
1287 304 1403 340 modo
1425 317 1502 353 quo
1521 304 1574 341 fas
1597 318 1674 341 non
1704 314 1781 351 est,
1807 307 1920 343 nimis
1940 317 1997 344 est
2015 324 2021 345 :
2041 324 2082 345 ac
2104 324 2172 359 per

73 375 190 426 spicio
209 402 218 419 ,
252 380 397 409 certum
426 378 483 406 est
510 368 617 418 quod
642 382 688 404 eo
718 368 800 417 ipse
830 367 923 403 mihi
954 366 1086 403 notior

71 450 154 475 sum
173 447 286 485 quam
308 431 398 478 tibi,
419 443 497 480 quo
518 428 790 480 propinquior.
807 427 979 478 Ideoque
1003 441 1085 464 ma-

71 498 126 548 gis
148 494 262 533 credo
294 492 387 530 mibi
417 491 463 528 de
494 504 554 527 me
584 489 732 527 videnti
757 503 842 536 me,
868 502 984 539 quam
1016 488 1083 525 tibi

71 554 243 608 opinanti
263 553 310 590 de
330 566 390 589 me
407 551 513 602 quod
536 564 613 587 non
635 549 742 587 vides
759 551 798 586 in
821 563 892 587 me.
919 549 1032 598 Quod
1054 549 1084 585 si

69 615 161 667 quid
192 615 289 651 forte
309 626 331 649 a
351 626 412 649 me
442 610 580 648 audisti
609 609 714 660 quod
743 618 872 660 posset
898 609 1083 660 prodesse

69 676 136 714 tibi
150 705 160 722 ,
177 674 315 725 gratias
335 677 417 710 Deo
439 685 526 722 age,
543 672 582 708 in
602 670 712 720 cujus
728 684 843 707 manu
864 684 996 708 sumus
1013 683 1084 707 nos

73 745 111 774 et
129 747 324 774 sermones
343 741 478 770 nostrl.

124 797 158 834 2.
175 793 363 833 Satisfacis
386 793 499 830 etiam
518 792 611 829 mihi
634 805 707 843 pro
727 805 773 828 eo
787 821 796 838 ,
825 791 931 841 quod
956 791 1084 828 consi-

68 857 160 894 lium
195 868 322 892 meum
356 867 436 890 non
467 853 662 898 tenueris,
695 853 948 889 confortantis
979 861 1015 889 te
1049 861 1086 889 et

66 916 262 954 monentis
299 915 431 952 animo
471 927 551 951 non
587 914 708 964 frangi
729 943 738 960 ,
772 912 1088 963 pusillanimitate

67 991 146 1016 non
174 978 299 1023 vinci,
319 976 386 1014 sed
412 985 569 1027 portare
592 977 784 1027 patienter
808 989 906 1013 onus
924 975 1087 1026 imposi-

1151 365 1225 401 boc
1250 363 1330 413 jam
1360 363 1451 413 quia
1482 363 1580 400 bene
1615 378 1693 401 non
1728 367 1788 411 fit,
1816 379 1895 402 non
1928 377 1984 404 est
2011 368 2171 407 bonum.

1153 425 1345 475 Scriptum
1368 432 1424 461 est
1446 424 1547 460 enim
1568 439 1576 461 ε
1596 426 1638 460 Si
1659 434 1755 460 recte
1775 424 1906 473 offers,
1931 437 1967 463 et
1980 442 2053 464 non
2076 439 2174 464 rec-te

1154 488 1303 531 (lividis,
1317 486 1486 534 peccasti
1505 491 1529 521 ¹.
1556 489 1634 522 Aut
1652 499 1744 535 ergo
1767 488 1942 536 oportuit
1964 496 1998 524 te
2019 502 2172 538 gregem

1152 546 1390 583 dominicum
1424 545 1581 582 minime
1612 547 1844 583 servandum
1873 549 2091 598 suscipere,
2110 559 2174 586 aut

1152 615 1373 658 susceptum
1395 620 1642 657 nequaquam
1666 607 1902 657 relinquere,
1917 607 2029 658 juxta
2049 610 2144 645 illud
2165 625 2172 646 :

1151 670 1344 717 Alligatus
1369 682 1408 704 es
1438 672 1552 704 uxori
1567 671 1586 704 Ρ
1606 671 1685 704 noli
1716 683 1888 717 qaoerere
1910 673 2130 706 solutionem
2147 675 2173 707 ².

1206 730 1242 766 4.
1265 730 1338 768 Sed
1368 730 1414 766 ad
1442 729 1535 779 quid
1562 730 1666 767 nitor
1694 730 1753 767 his
1783 731 2175 768 ratiocinationibus?

1152 791 1349 841 Numquid
1364 791 1509 828 suadeo
1530 790 1599 828 tibi
1621 791 1745 828 redire
1769 791 1817 828 ad
1834 805 1933 829 onus
1948 792 2146 842 regiminis
2162 820 2171 837 ,

1154 865 1240 888 cum
1259 850 1338 901 jam
1361 865 1439 888 non
1463 860 1591 902 pateat
1613 852 1719 889 locus
1750 853 2059 903 recuperationis
2077 854 2092 889 Ρ
2110 861 2175 890 aut

1156 912 1362 963 desperare
1385 921 1419 949 te
1440 912 1601 949 intendo
1617 942 1626 959 ,
1648 913 1755 963 quasi
1773 914 1838 963 qui
1859 922 1894 950 te
1914 914 1979 950 tali
2000 914 2176 963 ligaveris

1156 974 1293 1023 culpa,
1313 987 1427 1023 quam
1453 972 1533 1023 jam
1565 974 1714 1010 solvere
1746 988 1825 1011 non
1854 975 2007 1024 possis?
2038 975 2174 1012 Absit:

67 1049 144 1077 tum
158 1067 169 1084 ‚
192 1037 298 1088 quod
315 1039 432 1075 semel
451 1046 670 1088 susceptum
691 1037 887 1088 deponere
906 1051 984 1074 non
1002 1037 1087 1074 lice·
1106 1039 1137 1075 Β
1155 1035 1221 1072 sed
1243 1044 1391 1072 tantum
1418 1036 1509 1073 nolo
1532 1045 1567 1073 te
1585 1036 1680 1073 illud
1699 1066 1708 1082 ,
1739 1044 1920 1086 tanquam
1947 1038 2095 1074 nullum
2114 1039 2175 1074 vel

64 1098 153 1136 bat:
174 1098 221 1135 de
243 1112 320 1148 qua
337 1112 377 1135 re
402 1099 484 1149 ipse
506 1098 597 1135 mihi
615 1128 624 1145 ,
645 1098 744 1135 sicut
760 1098 932 1148 postulas
946 1127 955 1144 ,
976 1098 1087 1134 satis—

66 1159 162 1197 facio
196 1172 268 1209 pro
305 1167 352 1196 te.
385 1163 609 1209 Agnoscens
656 1159 846 1209 siquidem
889 1159 1087 1209 sapientiae

67 1232 162 1257 meae
188 1220 420 1267 siccitatem,
441 1220 520 1257 imo
549 1220 779 1270 insipientiae
811 1233 906 1257 meae
933 1233 1087 1270 semper

66 1289 280 1330 suspectam
319 1279 466 1317 habens
503 1281 756 1317 temeritatem
775 1296 785 1327 3
809 1294 895 1317 cum
930 1294 1009 1317 non
1044 1281 1086 1316 fit

66 1341 171 1392 quod
194 1341 275 1378 fieri
291 1341 406 1377 laudo
425 1370 434 1387 ,
459 1355 529 1378 nec
559 1341 683 1378 audeo
702 1370 711 1387 ,
739 1355 810 1378 11θο
837 1341 961 1378 debeo
982 1341 1083 1378 indi-

67 1401 195 1451 gnari,
227 1400 449 1437 desiderans
479 1414 674 1451 quemque
706 1402 919 1438 consultius
945 1415 1082 1452 agere,

67 1475 180 1513 quam
202 1475 223 1499 a
243 1474 303 1498 me
320 1462 523 1512 acceperit.
546 1462 706 1511 Quoties
721 1476 815 1499 vero
831 1476 915 1499 mea
931 1471 1084 1499 senten-

68 1523 118 1560 tia
138 1522 290 1572 eligitur
308 1535 350 1558 ac
377 1530 543 1568 tenetur,
567 1523 674 1572 gravi
692 1552 702 1570 ,
725 1523 860 1569 fateor,
883 1537 1002 1560 onere
1023 1537 1084 1560 me

67 1583 188 1635 premi
204 1583 326 1620 sentio
340 1611 350 1627 ,
374 1583 429 1619 rei
445 1583 560 1620 finem
579 1596 733 1634 semper
749 1584 913 1634 pavidus
931 1593 967 1621 et
986 1598 1084 1621 nun-

66 1658 179 1695 quam
202 1657 359 1681 securus
384 1654 622 1695 exspectans.
641 1646 793 1684 Videris
815 1654 855 1683 tu
877 1655 1004 1684 tamen
1021 1677 1030 1693 ,
1053 1647 1082 1684 si

69 1706 239 1743 consulte
257 1718 385 1742 meum
402 1705 450 1743 de
466 1705 535 1743 hac
550 1720 590 1744 re
608 1707 812 1744 consilium
828 1707 1038 1744 mutaveris
1052 1706 1082 1744 *.

69 1767 240 1805 Viderint
258 1767 297 1804 hi
319 1780 486 1817 quorum
506 1767 672 1815 saniori,
689 1768 718 1805 si
739 1782 907 1818 quorum
928 1777 1056 1805 tamen
1072 1797 1081 1815 ,

1154 1108 1317 1145 parvum
1337 1096 1494 1142 malum,
1519 1096 1709 1147 negligere
1726 1112 1734 1142 ;
1754 1097 1831 1133 imo
1853 1111 2006 1147 semper
2028 1098 2175 1145 timere,

1155 1169 1308 1206 semper
1335 1157 1545 1206 poenitere,
1576 1170 1729 1207 semper
1756 1171 1934 1194 securum
1964 1171 2042 1194 non
2069 1172 2172 1204 esse,

1155 1216 1251 1253 sicut
1272 1217 1457 1267 scriptum
1476 1225 1533 1253 est
1553 1232 1559 1253 :
1579 1220 1724 1253 Beatus
1746 1218 1856 1253 Immo
1874 1222 1940 1266 qui
1959 1232 2109 1267 semper
2124 1229 2176 1255 est

1149 1280 1313 1326 [mviclns
1326 1276 1353 1315 3.
1374 1278 1487 1316 Vides
1516 1286 1620 1315 certe
1643 1291 1758 1328 quem
1777 1278 1954 1315 timorem
1974 1279 2042 1315 tibi
2062 1280 2175 1316 incu-

1153 1347 1233 1375 tere
1256 1339 1372 1385 nitor,
1404 1352 1483 1375 non
1505 1340 1571 1389 qui
1594 1337 1662 1375 tibi
1683 1340 1730 1375 sit
1752 1340 1912 1388 laqueus
1934 1339 2175 1389 desperatio-

1152 1399 1211 1436 nis
1228 1427 1237 1444 ,
1274 1399 1342 1436 sed
1375 1399 1441 1449 qui
1475 1412 1582 1449 spem
1612 1400 1784 1449 acquirat
1819 1398 2080 1436 beatitudinis.
2113 1404 2179 1437 Est

1153 1459 1343 1509 siquidem
1375 1459 1489 1495 timor
1517 1459 1687 1506 inutilis,
1716 1460 1832 1496 tristis
1851 1489 1860 1506 ,
1891 1460 2081 1506 crudelis,
2111 1461 2178 1510 qui

1151 1521 1332 1566 veniam,
1365 1521 1456 1570 quia
1487 1534 1566 1557 non
1599 1521 1765 1572 quaerit,
1795 1535 1874 1558 non
1913 1523 2176 1572 consequitur.

1150 1585 1217 1619 Est
1254 1590 1292 1618 et
1328 1583 1444 1619 timor
1474 1582 1560 1632 pius
1576 1612 1585 1628 ,
1621 1582 1793 1629 humilis,
1831 1583 2049 1619 fructuosus
2070 1612 2078 1629 ,
2113 1585 2180 1634 qui

1151 1642 1310 1679 cuilibet
1329 1671 1338 1688 ,
1360 1642 1648 1693 quantumlibet
1681 1644 1874 1694 peccatori
1894 1673 1903 1689 ,
1934 1644 2043 1681 facile
2061 1645 2177 1681 mise-

1151 1703 1360 1741 ricordiam
1402 1712 1662 1754 promeretur.
1700 1704 1799 1741 Talis
1841 1705 1956 1741 timor
1989 1713 2174 1754 generat,

1153 1765 1276 1802 nutrit
1295 1794 1305 1810 ,
1324 1774 1362 1802 et
1383 1773 1511 1802 servat
1527 1765 1781 1802 humilitatem
1795 1795 1804 1812 ,
1823 1764 1889 1802 sed
1912 1765 2171 1802 mansuetudi-

68 1840 181 1879 super
199 1827 273 1865 hoc
295 1827 415 1864 fretus
435 1841 475 1864 es
498 1828 659 1865 consilio
677 1857 686 1875 ,
716 1841 764 1865 an
798 1828 1080 1866 rationabiliter
1101 1831 1128 1867 C
1147 1840 1250 1874 nem,
1266 1826 1332 1863 sed
1347 1826 1586 1876 patientiam,
1604 1825 1671 1863 sed
1686 1826 2032 1876 longanimitatem.
2051 1829 2174 1874 Quem

66 1889 195 1938 egeris.
226 1888 420 1934 Viderint,
447 1889 631 1939 inquam,
665 1889 696 1926 si
727 1890 838 1926 liceat
871 1890 1079 1927 christiano

66 1948 274 1999 injunctam
295 1950 366 1987 sibi
382 1950 574 1987 dimittere
593 1949 855 1987 obedientiam
874 1959 963 1987 ante
980 1964 1081 1987 mor-

67 2018 165 2058 tem,
193 2024 278 2047 cum
310 2010 482 2049 Christus
512 2010 634 2048 factus
675 2010 722 2048 sit
760 2010 946 2048 obediens
976 2011 1079 2048 Patri

65 2084 181 2122 usque
208 2071 255 2109 ad
282 2080 460 2108 mortem.
494 2072 645 2117 Etiam,
675 2072 828 2122 inquis,
852 2086 923 2122 per
960 2072 1080 2108 licen-

36 2140 43 2143 *
69 2131 153 2168 tiam
173 2146 181 2169 :
203 2145 290 2169 nam
311 2131 472 2182 quaesivi
492 2145 575 2168 eam
593 2131 641 2168 ab
656 2132 841 2182 episcopo
855 2161 864 2178 ‚
881 2140 919 2169 et
936 2131 1078 2181 accepi.

64 2194 180 2240 Bene,
196 2193 388 2230 licentiam
408 2192 564 2243 quidem
583 2193 775 2242 quaesisti,
794 2193 861 2230 sed
881 2192 1081 2243 quomodo

66 2266 142 2292 non
163 2254 322 2302 licebat3
339 2269 382 2292 ac
402 2268 472 2305 per
497 2255 572 2292 1100
596 2268 674 2292 11011
696 2255 903 2305 accepisti,
924 2254 990 2291 sed
1013 2268 1081 2291 ex-

67 2316 215 2353 torsisti.
237 2319 398 2353 Extorta
419 2324 546 2353 autem
575 2329 642 2352 seu
672 2324 804 2352 coacta
838 2316 1010 2363 licentia,
1031 2315 1081 2352 li-

66 2376 186 2413 centia
218 2390 297 2414 non
327 2385 408 2424 est,
431 2376 497 2414 sed
525 2376 721 2413 violentia.
744 2376 859 2424 Quod
889 2389 980 2426 ergo
1017 2385 1081 2413 tua

65 2434 352 2486 importunitate
384 2437 508 2474 victus
545 2437 752 2488 episcopus
788 2436 876 2473 fecit
909 2437 1054 2474 invitus
1068 2466 1079 2484 ,

68 2508 143 2534 non
163 2497 233 2535 fuit
252 2497 454 2536 absolvere
470 2527 480 2546 ,
502 2498 570 2535 sed
591 2497 835 2548 abrumpere.

116 2556 152 2594 3.
169 2559 422 2609 Congratulor
443 2559 600 2608 quidem
621 2557 693 2596 tibi
711 2587 720 2605 ,
741 2558 847 2609 quod
864 2558 914 2596 sis
935 2572 1080 2596 exone-

1148 1903 1227 1927 non
1254 1888 1418 1925 delectet
1441 1896 1515 1924 tam
1538 1887 1683 1936 inclyta
1712 1887 1868 1936 proles?
1895 1887 2063 1925 Alterius
2083 1900 2177 1923 vero

1148 1951 1288 1987 misera
1309 1948 1463 1986 soboles
1481 1957 1537 1985 est
1566 1948 1780 1998 pertinacia
1799 1978 1808 1994 ,
1836 1947 2091 1984 immoderata
2109 1948 2177 1984 tri-

1150 2011 1277 2056 stitia,
1309 2024 1462 2057 rancor,
1490 2009 1644 2056 horror,
1668 2018 1915 2060 contemptus
1937 2017 1974 2046 et
1993 2008 2177 2059 despera—

1150 2073 1217 2109 tio.
1243 2076 1330 2109 'Non
1356 2071 1429 2108 1100
1450 2084 1541 2121 ergo
1563 2070 1628 2121 qui
1660 2071 1969 2121 desperationem
1988 2099 1996 2115 ,
2022 2069 2087 2107 sed
2108 2070 2174 2106 illo

1149 2134 1216 2183 qui
1233 2141 1391 2183 generat
1410 2146 1517 2183 spem
1534 2161 1543 2177 ,
1567 2132 1706 2169 timens
1733 2145 1780 2168 ne
1802 2145 1882 2168 non
1908 2132 2061 2168 timeres
2080 2160 2089 2177 ,
2114 2132 2173 2167 vel

1148 2208 1288 2245 parum
1307 2195 1485 2241 timeres;
1516 2203 1621 2230 tuam
1650 2193 1719 2230 tibi
1740 2193 1893 2243 culpam
1912 2193 1964 2230 sic
1984 2205 2172 2229 rememo-

1149 2255 1308 2292 randam
1331 2268 1412 2292 esse
1432 2254 1578 2305 putavi.

1204 2317 1240 2353 5.
1263 2319 1330 2352 Est
1357 2316 1471 2352 etiam
1501 2315 1646 2360 adhuc,
1668 2314 1774 2364 quod
1799 2315 1917 2364 magis
1943 2314 2060 2351 timeo
2082 2313 2173 2359 tibi,

1148 2389 1197 2413 ne
1230 2377 1328 2413 forte
1346 2406 1355 2423 ,
1385 2377 1482 2413 sicut
1515 2377 1562 2413 de
1597 2375 1829 2425 quibusdam
1867 2376 2053 2426 scriptum
2086 2385 2142 2412 est
2164 2405 2173 2420 ,

1147 2438 1253 2489 quod
1275 2441 1457 2474 loetamur
1476 2452 1560 2474 cnm
1578 2436 1856 2484 maltjisceritzss
1869 2446 1904 2472 ct
1923 2439 2116 2472 exsultant
2133 2442 2172 2471 in

1148 2499 1257 2536 rebus
1270 2503 1451 2549 pessimis
1467 2498 1481 2524 4
1500 2513 1510 2545 3
1535 2506 1573 2534 tu
1591 2510 1747 2547 quoque
1775 2497 1960 2547 deceptus
1978 2526 1988 2543 ,
2010 2509 2090 2532 non
2110 2510 2172 2532 so-

1148 2561 1228 2598 lum
1257 2561 1332 2597 hoc
1357 2568 1470 2610 putes
1499 2559 1653 2609 culpam
1686 2571 1764 2594 non
1792 2571 1872 2595 esse
1894 2586 1903 2603 ,
1933 2557 1998 2594 sed
2017 2557 2177 2606 insuper

67 2625 168 2656 ratus
185 2633 194 2656 ε
219 2619 285 2657 sed
303 2633 443 2657 vereor
459 2632 508 2656 ne
527 2623 633 2657 Deus
650 2633 671 2656 a
693 2628 729 2656 te
745 2648 754 2666 ,
779 2628 964 2670 quantum
983 2620 1022 2656 in
1047 2628 1083 2657 te
1100 2623 1134 2657 D
1151 2622 1280 2675 (quod
1301 2621 1399 2658 absit
1413 2621 1426 2672 J)
1443 2621 1480 2657 in
1497 2620 1614 2658 corde
1634 2629 1699 2656 tuo
1727 2618 1921 2669 glorieris,
1939 2627 1974 2655 te
1993 2631 2173 2667 magnum

66 2685 122 2715 est
134 2707 145 2724 ,
171 2680 432 2718 exhonoratus
449 2681 497 2717 511
513 2696 523 2728 ;
545 2680 656 2730 cujus
673 2682 810 2731 procul
829 2681 949 2718 dubio
975 2681 1082 2719 ordi-

65 2740 207 2779 nationi
238 2742 402 2790 resistis,
436 2742 529 2779 dum
559 2752 764 2793 promotus
793 2742 841 2780 ab
874 2743 941 2780 illo
971 2752 1012 2780 tu
1043 2751 1079 2780 te

67 2798 203 2850 dejicis.
222 2802 336 2851 Quod
356 2803 386 2840 si
402 2817 589 2840 excusans
607 2805 846 2854 paupertatis
868 2805 1079 2854 praetendis

66 2863 344 2911 necessitatem;
362 2865 567 2902 necessitas
594 2865 695 2915 parit
721 2878 904 2902 coronam
927 2880 934 2902 :
955 2866 985 2902 si
1006 2866 1081 2902 dif-

66 2920 267 2961 ficultatem
284 2953 294 2971 ‚
313 2925 345 2962 si
364 2925 714 2976 impossibilitatem
731 2941 740 2972 3
759 2927 888 2963 omnia
914 2926 1082 2977 possibi-

65 2980 115 3019 lia
127 2993 214 3021 sunt
227 2985 365 3022 creden
374 2986 411 3022 ti.
428 2985 502 3024 Sed
519 2985 712 3036 responde
733 2986 839 3036 quod
856 2987 984 3025 verius
1001 2995 1077 3033 est,

67 3043 153 3092 quia
175 3045 317 3083 scilicet
336 3047 480 3097 placuit
504 3047 574 3084 tibi
592 3047 711 3097 magis
732 3047 841 3098 quies
864 3056 948 3095 tua,
964 3062 1080 3098 quam

66 3103 201 3142 utilitas
216 3106 349 3144 aliena.
363 3111 442 3145 Nec
456 3108 597 3154 mirum
618 3123 625 3145 τ
642 3108 768 3159 placet
783 3109 904 3145 fateor
919 3117 956 3146 et
972 3109 1078 3157 mihi,

67 3165 167 3213 quod
187 3166 265 3204 haec
286 3168 393 3218 quies
412 3169 562 3220 placeat
582 3168 650 3207 tibi
664 3199 673 3217 ,
703 3170 733 3207 si
755 3178 884 3207 tamen
911 3183 992 3207 non
1024 3171 1081 3208 ni-

67 3225 146 3263 mis.
164 3229 442 3281 Quodcumque
460 3240 587 3268 autem
604 3231 751 3268 bonum
782 3232 833 3268 ita
859 3232 1011 3282 placet,
1037 3242 1079 3270 ut

1152 2683 1318 2734 aliquid,
1351 2691 1388 2719 et
1417 2681 1524 2732 quod
1552 2695 1573 2718 a
1602 2680 1734 2732 paucis
1763 2680 1860 2716 solet
1887 2679 1992 2741 fieri,
2014 2678 2173 2714 fecisse:

1153 2743 1245 2781 dum
1267 2742 1334 2793 qui
1354 2742 1620 2791 emancipatus
1641 2740 1754 2777 etiam
1779 2739 1859 2776 aliis
1877 2751 2042 2789 praeeras
2055 2767 2064 2784 ,
2083 2751 2176 2774 con-

1152 2813 1329 2841 temnens
1346 2802 1615 2853 praelationem
1635 2814 1770 2837 rursus
1789 2799 1902 2837 subdi
1918 2799 2078 2849 praelato
2100 2812 2177 2834 ma-

1149 2865 1279 2902 lueris.
1312 2864 1422 2902 Falsa
1456 2862 1651 2899 humilitas
1668 2891 1678 2907 ,
1711 2873 1847 2898 veram
1885 2859 2073 2896 inducens
2110 2872 2177 2895 su—

1148 2925 1323 2977 perbiam
1351 2926 1390 2962 in
1416 2938 1484 2962 cor
1513 2924 1604 2961 talia
1637 2922 1852 2973 cogitantis,
1881 2920 1983 2969 Quid
2011 2933 2178 2969 namque

1148 2985 1368 3036 superbius,
1393 2998 1509 3035 quam
1533 2992 1760 3035 spontaneae
1786 2991 1823 3019 et
1844 2990 2025 3030 tanquam
2047 2979 2177 3016 liberae

1150 3046 1369 3085 adscribere
1392 3046 1600 3091 voluntati,
1619 3044 1725 3095 quod
1743 3045 1803 3081 vel
1826 3043 1926 3093 cogit
1946 3041 2177 3079 necessitatis

1149 3109 1228 3155 vis,
1244 3108 1304 3144 vel
1323 3107 1649 3158 pusillanimitatis
1671 3105 1873 3142 infirmitas
1888 3106 1902 3140 Ρ
1919 3102 2030 3152 Quod
2054 3102 2083 3138 si
2107 3115 2176 3137 nec

1147 3168 1280 3206 labore
1295 3168 1431 3214 victus,
1452 3181 1522 3205 nec
1534 3167 1758 3204 necessitate
1775 3164 2009 3214 compulsus,
2031 3161 2096 3198 sed
2114 3173 2179 3196 vo-

1147 3231 1229 3267 lens
1250 3232 1323 3268 hoc
1335 3229 1456 3267 fecisti
1471 3244 1481 3276 3
1498 3229 1590 3265 nihil
1608 3228 1682 3264 hoc
1698 3240 1853 3277 quoque
1871 3223 2087 3274 superbius.
2109 3221 2178 3258 Dei

130 3361 138 3376 ¹
158 3358 236 3390 Gen.
259 3369 303 3397 tv,
319 3362 350 3400 7,
367 3371 429 3392 sec.
449 3363 556 3393 Lxx,
575 3381 619 3385 ——
637 3365 677 3394 ²1
698 3364 771 3395 Cor.
793 3374 867 3402 vn,
890 3366 946 3395 27.
972 3382 1010 3386 -ψ
1033 3362 1047 3386 3
1070 3367 1162 3395 Prov.
1183 3372 1308 3399 xxvxn,
1341 3362 1393 3391 14.
1415 3377 1457 3381 -—-
1478 3357 1491 3384 4
1506 3357 1555 3388 Id.
1581 3367 1626 3394 11,
1650 3358 1700 3386 lsi·
