2565 3952
72 141 140 180 541

73 219 188 264 absit,
206 225 249 254 ut
267 216 313 254 ad
332 214 599 267 praejudicium
620 209 938 250 mansuetudinis.
956 208 1108 258 Quam-²

996 133 1260 168 EPISTOLAE.

2096 133 2171 169 542

1114 208 1144 225 ⁵⁸
1158 208 1245 245 dalo
1266 216 1334 245 est.
1354 207 1480 245 Nolite
1501 206 1629 243 mirari
1647 207 1742 253 hoc3
1764 219 1838 243 una
1864 207 1990 244 anima
2016 222 2147 247 511111115
2163 241 2172 258 ,

72 293 182 332 quam
204 278 447 328 dispensator
473 275 558 321 ille,
583 273 692 322 cujus
712 273 794 309 laus
814 279 872 308 est
901 270 937 307 in
961 273 1091 307 Evan-
1109 270 1139 303 A
1158 269 1230 305 nisi
1250 267 1357 318 quod
1379 280 1450 316 ego
1470 274 1616 311 mater,
1642 266 1705 302 ille
1726 266 1824 302 lilius
1852 281 1859 302 ;
1886 280 1972 302 nam
1996 269 2114 316 patris
2135 271 2174 306 in

73 341 168 393 gelio
183 368 192 386 ,
209 339 323 388 elegit
342 337 471 388 potius
489 334 662 372 fraudem
681 333 804 370 facere
818 345 888 369 suo
904 331 1084 377 domino,

71 413 183 453 quam
206 399 386 449 proximo
406 409 486 433 non
506 394 690 432 misereri.
710 393 886 443 Denique
904 405 976 443 pro
998 404 1087 428 cen-

75 471 152 500 tum
173 472 275 496 nunc
297 457 451 508 quidem
480 454 696 504 octoginta,
723 466 828 490 nunc
850 465 944 489 vero
965 452 1084 502 quin-

72 521 250 574 quaginta
286 517 494 555 redhibuit.
532 519 638 553 Juste
678 513 855 551 laudatus
889 521 946 550 est
964 542 973 559 ,
1015 511 1083 562 qui

72 582 227 622 domino
256 592 326 617 suo
353 591 482 615 rerum
508 577 661 622 maluit,
684 589 799 626 quam
829 586 1084 625 personarum

66 643 252 696 jacturam
270 641 406 678 facere.
430 642 475 676 Et
494 637 583 688 quia
603 637 740 687 dignus
761 645 816 673 est
836 635 903 685 qui
924 635 977 671 sic
995 647 1086 684 ope-

72 713 196 750 ratur,
227 701 404 739 mercede
427 714 518 747 sua3
552 712 631 736 uno
655 699 718 735 tali
745 710 863 748 opere
895 708 994 746 quos
1022 695 1086 732 ille

71 763 225 804 retinuit
245 775 378 800 servos
391 790 400 807 ,
423 761 494 798 iste
513 759 584 798 sibi
605 759 692 796 fecit
711 759 852 795 amicos
867 765 890 796 ¹.

122 825 158 862 2.
179 822 281 872 Quid
306 822 497 859 facimus?
516 820 702 859 videmur
722 821 883 856 intrasse
905 831 1057 856 causam
1073 847 1083 865 ,

70 898 146 924 non
162 884 361 936 porrigere
385 895 554 934 precem.
577 885 662 919 Non
681 881 838 931 expedit
855 881 918 918 ita.
938 881 975 918 Si
995 894 1087 931 per·

69 947 189 999 gimus
209 946 278 982 ista
302 945 430 982 dicere
445 973 455 991 ,
480 942 671 993 judicium
696 954 978 993 provocamus,
1005 954 1084 977 non

1153 342 1199 367 eo
1220 329 1314 366 cessi
1333 327 1444 364 vobis
1466 335 1503 363 et
1522 339 1663 363 nomen
1677 355 1685 371 ‚
1703 334 1740 361 et
1763 326 2043 363 anctoritatem.
2063 330 2174 366 Solus

1155 390 1222 441 qui
1243 388 1460 426 transfundi
1482 400 1560 424 non
1582 386 1729 436 potuit,
1758 385 1851 422 mihi
1872 387 2056 423 remansit
2077 389 2172 425 affe-

1151 460 1254 497 ctus,
1274 450 1339 500 qui
1357 462 1418 486 me
1434 447 1639 486 excruciat.
1662 450 1785 484 Mater
1803 454 1931 483 autem
1950 460 2029 483 non
2046 457 2172 498 potest

1152 511 1328 549 oblivisci
1347 510 1413 546 11111
1434 508 1533 546 uteri
1551 506 1649 544 51113.
1671 506 1715 544 Id
1735 519 1795 543 me
1820 506 1934 543 fuisse
1951 508 2037 556 quis
2055 508 2166 546 dixe-

1154 573 1230 610 rit?
1247 584 1318 621 ego
1343 570 1467 607 adhuc
1489 582 1570 606 esse
1588 568 1726 605 sentio.
1749 567 1895 605 Clamat
1920 576 2080 605 matrem
2101 583 2171 619 pe-

1154 642 1238 670 ctus
1261 631 1367 669 triste
1381 661 1390 678 ,
1420 639 1458 668 et
1478 629 1687 667 continuus
1715 628 1828 664 dolor
1848 628 1976 665 cordis
1997 630 2072 666 mei
2099 644 2172 680 pro

1155 707 1214 731 eo.
1249 693 1428 741 Quaeritis
1447 691 1494 728 de
1515 704 1594 740 quo
1615 690 1780 739 querar?
1800 692 1855 726 De
1877 702 1950 726 me.
1980 693 2037 727 De
2063 690 2173 728 vobis

1154 754 1249 791 nihil
1280 766 1444 803 queror,
1469 751 1535 788 sed
1558 750 1682 787 vobis.
1701 753 1801 800 Ego,
1829 763 1899 799 ego
1929 762 2030 787 saeva
2048 760 2086 788 et
2111 753 2174 802 pia

1154 823 1277 852 mater
1293 813 1462 865 propriis
1480 810 1694 849 visceribus
1710 824 1789 848 non
1806 811 1985 861 peperci,
2002 820 2044 848 ut
2061 815 2175 850 casti-

1154 877 1308 914 ficarem
1326 888 1394 912 cor
1411 887 1539 911 meum
1557 874 1596 910 in
1618 872 1838 910 obedientia
1858 873 2065 911 charitatis.
2094 878 2174 912 Im-

1154 938 1297 975 molavi
1317 937 1364 974 de
1385 936 1471 973 sinu
1492 948 1579 972 meo
1597 934 1700 972 chari
1721 933 1896 985 pignoris
1923 933 2087 972 hostiam
2110 951 2117 973 :
2137 946 2175 974 et

15 1007 22 1011 ’
70 1005 382 1046 misericordiam.
403 1005 516 1043 Nulla
533 1004 627 1040 mihi
650 1002 789 1039 fiducia
810 1003 849 1039 in
877 1014 1085 1052 argumen-
1106 1002 1133 1036 B
1153 1012 1232 1036 non
1259 999 1299 1034 in
1326 997 1503 1047 angaria,
1534 996 1656 1032 fateor
1671 1024 1680 1041 ,
1705 995 1770 1032 sed
1794 995 1832 1031 in
1855 994 2058 1032 voluntate
2089 1010 2174 1035 mea

70 1065 276 1105 tationibus
295 1065 395 1112 istis,
420 1078 500 1102 non
517 1064 605 1115 plus
624 1077 739 1114 quam
758 1062 797 1100 in
817 1063 901 1100 telis
924 1075 1085 1099 aranea-

69 1140 166 1165 rum.
199 1130 357 1165 Frustra
392 1125 536 1176 jacitur
567 1133 648 1162 rete
688 1132 776 1161 ante
814 1124 948 1160 oculos
985 1136 1086 1174 pen-

69 1195 247 1226 natorum
259 1192 285 1223 2.
321 1186 419 1224 Novi
448 1198 565 1235 quam
597 1184 784 1221 validiora
814 1184 967 1221 valeant
989 1182 1084 1220 mihi

70 1246 320 1297 responderi,
357 1246 572 1296 praesertim
600 1259 622 1281 a
649 1244 713 1281 tali
732 1244 901 1294 ingenio.
937 1247 1085 1292 Quam-

69 1307 200 1346 obrem
231 1319 337 1344 arma
365 1319 449 1343 mea
469 1319 605 1356 preces
636 1318 854 1356 pauperum
890 1312 981 1341 sunt
1000 1333 1010 1350 ,
1049 1312 1087 1340 et

69 1369 308 1409 abundamus
336 1369 375 1405 in
401 1381 542 1418 genere
573 1368 660 1404 isto.
693 1367 762 1404 His
792 1366 903 1403 cedat
929 1378 1086 1403 necesse

69 1438 125 1469 est
143 1429 329 1467 machinis
349 1428 466 1466 turris
484 1427 742 1473 fortitudinis,
767 1427 837 1463 etsi
858 1426 949 1463 alias
972 1427 1085 1463 inex-

68 1490 295 1545 pugnabilis.
313 1494 400 1528 Non
420 1489 582 1540 repellet
598 1501 816 1540 pauperum
840 1501 974 1538 preces
991 1501 1085 1538 pau-

68 1566 200 1606 perum
220 1560 351 1603 pater,
371 1551 612 1603 paupertatis
633 1558 794 1587 amator.
816 1549 981 1598 Quinam
996 1549 1084 1586 isti?

69 1618 152 1654 Non
169 1628 253 1652 sum
270 1613 375 1651 solus
394 1628 402 1650 :
422 1621 459 1650 et
478 1613 508 1650 si
526 1613 650 1657 solus,
674 1612 833 1648 fortasse
850 1623 1084 1661 praesumere

69 1688 230 1727 possem.
254 1677 398 1713 Omnes
420 1674 489 1710 filii
507 1672 627 1710 vestri
647 1672 714 1722 qui
743 1685 893 1708 mecum
914 1679 1026 1718 sunt;
1048 1679 1086 1708 et

69 1736 132 1787 qui
160 1749 312 1772 mecum
339 1748 419 1772 non
451 1742 564 1781 sunt,
598 1746 749 1770 mecum
777 1741 905 1769 tamen
928 1740 1017 1769 sunt
1046 1732 1084 1768 in

1151 1059 1264 1111 parui
1296 1058 1509 1103 voluntati,
1536 1070 1622 1107 quae
1651 1069 1750 1106 quos
1777 1056 1877 1101 vult,
1912 1056 2096 1106 angariat.
2126 1063 2175 1095 At

1152 1121 1215 1158 ille
1230 1120 1386 1157 nonita.
1404 1117 1674 1163 Renitebatur,
1692 1117 1867 1166 quamvis
1884 1116 2043 1163 frustra,
2059 1118 2174 1167 plane

1152 1182 1369 1232 angariatus
1388 1189 1463 1217 tam
1482 1193 1503 1216 a
1527 1192 1610 1224 me,
1642 1191 1759 1228 quain
1787 1191 1806 1214 a
1829 1176 1953 1214 vobis.
1978 1181 2174 1229 Numquid

1153 1256 1224 1293 ego
1252 1243 1386 1279 timere
1404 1241 1515 1291 potui
1538 1248 1643 1276 tanta
1662 1239 1922 1276 obstinatione
1941 1252 2093 1290 semper
2110 1255 2174 1279 re-

1154 1303 1360 1341 nisurum?
1388 1302 1445 1339 Pii
1471 1300 1599 1338 cordis
1620 1308 1677 1337 est
1706 1300 1843 1337 cedere
1863 1299 2175 1349 importunitati,

1153 1378 1239 1415 quae
1260 1363 1308 1401 ad
1328 1363 1367 1400 id
1395 1362 1502 1412 quod
1524 1369 1703 1411 oportet,
1739 1360 1880 1397 adduci
1910 1373 1989 1396 non
2016 1363 2174 1411 patitur.

1152 1425 1338 1476 Alioquin
1353 1424 1517 1461 invitum
1534 1432 1664 1460 tenere
1679 1422 1726 1459 ad
1748 1421 1853 1472 quod
1872 1421 2015 1458 invitus
2033 1430 2175 1461 tractus

1152 1496 1229 1533 est,
1267 1486 1405 1523 durum
1431 1497 1504 1535 pro
1534 1484 1621 1529 illo,
1659 1483 1900 1520 fructuosum
1928 1483 2073 1520 nemini
2105 1494 2173 1523 est.

1152 1553 1275 1587 Porro
1297 1560 1489 1597 occupare
1507 1546 1636 1583 locum
1652 1575 1660 1591 ,
1681 1553 1718 1582 et
1739 1558 1818 1581 non
1839 1544 1963 1580 facere
1985 1544 2174 1594 fructum,

1153 1623 1224 1647 nec
1257 1609 1344 1646 loco
1377 1606 1566 1658 expedit,
1606 1619 1676 1642 nec
1707 1619 1777 1642 vos
1810 1604 1941 1649 decet,
1981 1618 2051 1642 1166
2090 1620 2173 1645 1105.

1153 1689 1167 1704 «
1190 1675 1332 1715 Nemo,
1354 1689 1368 1703 ι)
1398 1677 1441 1706 ut
1471 1669 1522 1705 ait
1550 1667 1687 1704 beatus
1714 1665 1962 1710 Ambrosius,
1996 1684 2010 1698 «
2030 1666 2175 1705 invitus

1154 1750 1168 1765 »
1190 1730 1423 1776 benefacit,
1454 1728 1569 1766 etiam
1600 1727 1631 1764 si
1658 1726 1806 1764 bonum
1840 1735 1897 1763 est
1923 1726 2029 1776 quod
2059 1728 2173 1765 facit:

69 1797 136 1835 hac
150 1796 445 1847 supplicatione.
461 1796 556 1845 Quis
571 1803 750 1832 numeret
761 1796 852 1831 eos?
870 1794 982 1831 Solus
996 1806 1086 1831 sane
1105 1796 1131 1832 C
1154 1811 1168 1827 »
1190 1792 1280 1843 quia
1300 1790 1394 1828 nihil
1417 1789 1578 1840 prodest
1607 1788 1766 1839 spiritus
1796 1786 1965 1833 timoris,
1996 1786 2063 1823 ubi
2096 1801 2174 1825 non

70 1859 183 1896 frater
214 1858 415 1908 Philippus
447 1857 661 1907 excipitur,
690 1856 757 1906 qui
788 1868 858 1892 1166
889 1855 1082 1906 postulat,

69 1932 136 1956 nec
156 1918 253 1969 petit
272 1918 478 1969 postulari,
500 1926 538 1954 et
558 1930 607 1954 an
624 1917 735 1963 velit,
758 1917 898 1967 ignoro
917 1931 924 1953 :
945 1917 1085 1966 magis,

70 1979 170 2031 quod
185 1981 223 2017 111
244 1993 283 2017 56
300 1987 375 2026 est,
397 1979 510 2029 elegit
529 1977 701 2029 abjectus
721 1991 803 2015 esse
820 1977 859 2013 in
881 1976 998 2014 domo
1017 1977 1087 2014 Dei

71 2040 136 2078 sui.
159 2040 233 2079 Sed
255 2053 326 2077 nec
346 2053 418 2077 1105
441 2039 595 2089 quidem
617 2052 691 2089 pro
718 2039 895 2085 homine,
921 2038 988 2075 sed
1011 2051 1084 2089 pro

71 2101 212 2140 Ordine
229 2101 492 2152 postulamus,
524 2100 586 2137 cui
607 2099 936 2150 dispensationem
970 2099 1010 2136 in
1040 2112 1087 2136 eo

70 2161 201 2200 factam
222 2176 301 2200 non
322 2175 461 2213 parum
482 2161 729 2212 profuturam
748 2160 993 2198 confidimus.

69 2308 381 2320 *tumvsxzmmmmvs
386 2309 736 2320 mmmm-nsx-Antvsxxzzxx
740 2308 795 2317 xxv-x
800 2308 826 2317 νι
830 2308 840 2316 ι
845 2307 912 2317 νικνκ
916 2308 944 2317 ms
948 2308 972 2316 vx
976 2307 1046 2316 n==¹==
1050 2307 1089 2316 xxx

185 2408 563 2466 EPISTOLA
631 2403 970 2466 CCLVIII.a

183 2554 230 2576 AD
259 2554 442 2589 EUMDEM,
471 2553 543 2578 PRO
574 2553 716 2577 FRATRE
745 2540 967 2576 RUALENO*.

71 2657 245 2689 nualenum
257 2682 265 2696 ,
283 2658 373 2700 jussu
385 2657 548 2690 Pontificis
561 2657 711 2689 abbatem
725 2654 1005 2689 Sancti-Anastasii
1018 2665 1094 2686 con-

116 2711 257 2744 stitutum
266 2737 274 2751 ‚
294 2712 350 2744 sed
364 2712 499 2744 imitum
513 2712 687 2744 admodum
700 2722 737 2743 ac
752 2710 954 2749 renitentem,
974 2708 1094 2742 remitti

116 2765 156 2799 ad
169 2777 204 2799 se
215 2773 318 2810 rogat.

122 2879 168 2915 In
186 2876 347 2914 veritate
365 2876 626 2928 comperimus
638 2906 648 2924 ‚
670 2877 891 2915 Rualenum
913 2884 1091 2914 nostrum

74 2936 212 2976 nedum
230 2938 471 2989 requiescere
490 2939 530 2976 in
558 2953 636 2990 quo
659 2940 808 2991 positus
824 2947 903 2985 est,
926 2938 993 2976 sed
1021 2951 1091 2976 nec

74 2999 275 3051 aliquando
289 3001 556 3051 requieturum
571 3001 814 3038 confidimus.
825 2999 1089 3049 Quamobrem

74 3072 169 3111 opus
182 3069 240 3099 est
255 3070 449 3099 maturato
465 3061 639 3099 remedio
653 3090 663 3109 ,
684 3075 764 3099 non
783 3061 908 3098 solum
926 3060 1004 3106 illi,
1024 3059 1092 3097 sed

76 3127 112 3157 et
129 3121 232 3160 mihi.
249 3125 374 3170 Uror,
388 3122 475 3160 dico
489 3121 600 3160 vobis
610 3151 620 3170 ,
635 3122 823 3173 quamdiu
840 3122 904 3159 ille
921 3121 962 3158 in
980 3134 1091 3159 scan-

1155 1872 1169 1887 »
1191 1862 1248 1890 est
1278 1852 1435 1904 spiritus
1461 1850 1696 1888 cha1·itatis⁴'.
1719 1868 1731 1881 υ
1763 1847 2019 1887 Obsecramus
2048 1848 2178 1899 itaque

1154 1928 1224 1965 per
1245 1914 1394 1951 viscera
1424 1910 1702 1950 misericordiae
1722 1910 1793 1947 Dei
1827 1908 1970 1955 nostri,
2001 1909 2180 1946 exhibete

1154 1975 1300 2012 viscera
1320 1973 1464 2024 patri53
1493 1981 1531 2009 et
1551 1972 1759 2017 infantem,
1788 1968 1880 2006 dum
1908 1968 2034 2006 adhuc
2060 1970 2178 2016 vivit,

1155 2036 1338 2073 remittite
1360 2034 1408 2072 ad
1435 2033 1555 2071 ubera
1587 2032 1742 2077 matris,
1775 2029 1885 2079 cujus
1916 2029 2085 2067 fortassis
2117 2031 2178 2068 hic

1156 2105 1259 2133 totus
1280 2096 1444 2146 languor
1472 2103 1548 2140 est,
1585 2093 1690 2144 quod
1719 2092 1767 2129 sit
1793 2103 2043 2141 praepropere
2070 2090 2178 2127 abla-

1156 2165 1292 2193 ctatus.
1313 2155 1452 2193 Melius
1473 2155 1576 2191 enim
1606 2154 1738 2190 vivere
1759 2151 1916 2197 sinitur,
1940 2164 2055 2201 quam
2079 2151 2178 2188 divi-

1159 2218 1276 2255 ditur.
1311 2220 1404 2265 Quae
1436 2216 1579 2252 utilitas
1612 2214 1650 2250 in
1686 2213 1870 2263 sanguine
1904 2210 2014 2261 ejus?
2047 2216 2180 2250 [num

1158 2279 1236 2315 5610
1256 2292 1264 2315 :
1288 2290 1367 2314 non
1390 2276 1529 2326 patris,
1553 2288 1633 2311 non
1653 2273 1784 2310 matris
1805 2273 1870 2309 illa
1887 2286 1964 2308 vox
1985 2273 2076 2318 erit,
2102 2276 2181 2310 Nec

1159 2339 1273 2383 milei,
1297 2351 1364 2373 nec
1383 2336 1450 2372 tlh(
1465 2341 1537 2379 sit,
1556 2336 1626 2370 sed
1640 2333 1872 2370 ‹lividatur-⁵.
1894 2337 1977 2371 Hoc
1995 2347 2063 2371 vos
2083 2334 2180 2371 forte

1158 2413 1237 2436 non
1259 2398 1422 2444 timetis,
1455 2396 1546 2446 quia
1582 2409 1660 2432 non
1691 2394 1845 2432 creditis
1879 2404 2177 2445 proventurum.

1158 2460 1232 2499 Sed
1253 2458 1554 2510 scriptitationes
1576 2465 1613 2493 et
1634 2455 1921 2492 mussitationes
1945 2456 2180 2504 frequentis-

1157 2522 1251 2559 sime
1281 2521 1482 2558 venientes
1512 2518 1549 2554 in
1573 2530 1710 2554 manus
1732 2523 1902 2561 nostras,
1937 2516 2062 2565 plenae
2093 2524 2183 2552 sunt

1106 2587 1141 2622 D
1163 2583 1302 2620 timore
1321 2583 1414 2628 isto,
1437 2580 1660 2618 minitantes
1683 2577 1850 2615 hominis
1873 2577 2001 2627 fugam
2024 2586 2060 2614 et
2081 2577 2182 2613 divi-

1160 2644 1307 2682 sionem
1322 2673 1331 2691 ,
1360 2643 1422 2680 vel
1443 2641 1573 2693 potius
1595 2639 1884 2690 diruptionem,
1909 2651 1988 2675 non
2017 2638 2135 2675 modo
2160 2652 2181 2675 a

1160 2704 1271 2743 vobis
1284 2733 1293 2748 ,
1314 2704 1380 2742 sed
1399 2712 1436 2741 et
1453 2716 1473 2740 a
1495 2700 1621 2740 nobis.

122 3267 132 3283 ¹
154 3265 228 3295 Luc.
243 3275 314 3301 xvx,
332 3266 400 3296 1-8.
415 3283 461 3288 -
477 3271 490 3286 ²
522 3269 618 3297 Prov.
636 3277 666 3304 1,
691 3268 746 3298 17.
766 3285 813 3290 —
828 3263 842 3287 3
861 3264 934 3297 Isai.
956 3276 1059 3303 xmx,
1080 3267 1131 3296 15.
1154 3282 1199 3287 ——
1221 3263 1234 3290 ⁴5
1248 3262 1363 3296 Ambr.
1379 3262 1412 3294 in
1426 3262 1510 3295 Psat.
1534 3274 1558 3294 1.
1578 3281 1624 3285 —
1639 3259 1652 3284 5
1671 3264 1717 3293 111
1738 3264 1892 3301 Reg.111.
1915 3261 1968 3288 26·

119 3326 132 3344 ³
148 3322 269 3366 Scripta
291 3334 375 3356 anno
387 3324 504 3358 Christi
523 3329 533 3357 l
546 3328 585 3357 14
594 3331 623 3358 5.
