2565 3952
109 203 159 239 89
797 200 1158 236 CHRONOLOGIA
1188 201 1528 238 BERNARDINA.
2167 212 2217 248 90

106 278 260 320 gravior,
276 286 400 318 nempe
413 276 456 308 de
469 276 614 308 Gerardi
631 275 753 307 fratris
770 275 872 307 obitu
883 299 891 315 ,
906 277 1009 315 cujus
1027 275 1129 307 indu-

106 328 177 359 cias
193 327 230 358 in
245 327 359 366 Italia,
375 327 437 358 uhi
452 327 614 357 comitem
632 335 710 357 eum
728 325 903 356 habuerat
920 325 955 356 in
973 330 1127 356 extrema

106 386 169 408 sua
189 376 475 417 peregrinatione
487 400 495 415 ,
515 385 532 406 a
551 378 619 406 Deo
637 375 844 414 impetrarat
857 397 865 413 ,
883 384 988 413 quem
1006 374 1128 405 multis

104 426 266 466 lacrymis
291 429 501 465 prosecutus
525 428 576 455 est
602 432 761 454 sermone
781 422 948 463 vigesimo
970 427 1069 453 sexto
1090 423 1127 453 in

106 474 268 514 Cantica,
289 484 307 505 a
328 483 398 513 quo
422 472 611 513 resumpsit
631 481 778 503 aureum
793 472 860 502 hoe
881 481 968 512 opus
987 481 1005 502 a
1022 480 1058 503 se
1071 471 1126 502 in-

105 528 322 564 terruptum.

147 574 223 612 Ipso
241 582 334 603 anno
351 570 545 603 Rainaldus
567 569 743 601 Remensis
761 569 1047 609 archiepiscopus
1066 569 1127 600 ob-

106 620 164 660 iit,
194 625 235 652 ut
259 622 368 652 refert
393 618 598 650 Auctarium
616 618 890 649 Gemblaeense:
919 622 997 658 post
1025 618 1124 649 bien·

105 669 206 700 nium
223 678 305 701 vero
318 693 326 708 ‚
344 668 477 700 scilicet
497 675 591 697 anno
614 660 705 705 1140,
730 668 875 697 Samson
902 667 1127 699 Carnotensis

104 718 256 751 ecclesiae
279 716 491 759 praepositus
521 718 708 746 Remorum
737 715 925 746 ordinatur
951 716 1125 756 archiepi-

105 776 233 807 scopus
245 791 254 808 ,
272 776 354 799 cum
371 766 444 806 ipse
466 764 666 796 Bernardus
690 764 782 795 hanc
799 764 1012 805 dignitatem
1029 773 1126 796 recu-

105 822 227 849 sasset.

146 866 330 898 Fundatur
346 864 601 897 11101135101111111
617 863 951 896 Benedictionis-Dei
963 887 971 902 ,
989 863 1025 894 in
1043 863 1127 895 dioe-

103 916 172 947 cesi
189 915 435 957 Lugdunensi,
455 914 512 946 cui
530 915 718 954 praefectus
736 913 938 953 Δ11110110115,
961 914 1004 945 ad
1022 923 1127 954 quem

102 965 249 1005 epistola
267 969 335 998 173.
347 965 546 1005 Adoptatur
560 963 664 994 etiam
680 963 933 994 monasterium
948 966 1124 1002 Dunense,

103 1014 262 1047 dioecesis
290 1014 492 1056 Brugensis.
527 1013 664 1045 Primus
697 1013 806 1044 abbas
839 1013 1033 1053 Robertus,
1067 1016 1126 1047 cui

102 1063 272 1095 scribitur
289 1063 435 1104 epistola
452 1065 525 1102 324,
540 1061 719 1093 Bernardo
737 1061 831 1101 apud
845 1062 1127 1095 Claram-Vallem

104 1110 296 1151 aliquando
318 1120 560 1143 successurus.

151 1163 244 1192 1139.
275 1162 514 1192 Convocatum
543 1163 594 1191 est
625 1161 739 1190 Romae
765 1158 956 1191 concilium
984 1162 1125 1192 Latera·

103 1219 212 1241 nense
240 1210 335 1240 mille
361 1209 502 1240 circiter
531 1209 798 1249 episcoporum,
829 1208 865 1239 in
897 1218 969 1248 quo
1000 1210 1127 1241 iterato

103 1259 263 1290 damnati
287 1258 379 1289 Petri
404 1257 527 1288 Leonis
551 1259 728 1295 fautores,
752 1256 936 1287 infirmatae
955 1258 1056 1289 abeo
1073 1261 1126 1290 fa-

103 1312 168 1338 ctae
185 1307 426 1338 ordinationes
439 1330 447 1346 ,
466 1310 709 1336 torneamenta
728 1305 917 1336 interdicta
928 1329 936 1345 ,
952 1307 1128 1339 Arnoldus

102 1357 308 1394 Brixianus‚
327 1360 498 1396 tanquam
522 1355 712 1385 haereticus
740 1355 837 1385 Italia
866 1356 1032 1387 excedere
1056 1358 1129 1396 jus-

102 1416 174 1438 sus.
190 1409 217 1437 A
239 1415 308 1445 qua
326 1405 470 1445 quidem
489 1403 666 1436 sententia
689 1403 856 1435 adversus
870 1405 1027 1436 Anacleti
1047 1406 1128 1437 fau-

102 1460 197 1488 tores
222 1455 406 1487 severitate
432 1453 633 1485 Bernardus
659 1453 838 1484 vindicare
865 1454 1039 1486 laboravit
1064 1458 1126 1487 Pe-

101 1510 198 1538 trum
227 1506 392 1537 Pisanum
417 1504 650 1543 cardinalem,
681 1503 887 1534 Innocentio
916 1503 1016 1544 prius
1043 1515 1062 1536 a
1091 1515 1127 1537 se

101 1555 388 1594 reconciliatum,
416 1559 455 1586 ut
480 1558 577 1594 patet
598 1563 640 1585 ex
666 1553 814 1593 epistola
837 1556 910 1585 213.
928 1555 995 1586 Nee
1014 1556 1126 1587 multo

101 1609 182 1646 post
198 1604 424 1636 Innocentius
442 1604 515 1644 ipse
532 1613 551 1634 a
569 1602 718 1644 Rogerio
744 1602 866 1634 Siciliae
891 1602 982 1634 duce
1007 1604 1126 1637 dolose

101 1659 226 1695 eaptus
239 1658 310 1693 est,
325 1653 421 1693 quod
438 1652 533 1693 pacis
553 1652 615 1683 diu
630 1656 803 1692 exoptatae
821 1651 914 1683 inter
931 1656 1126 1694 utrumque

102 1703 352 1744 componendae
369 1702 440 1733 fuit
458 1701 609 1733 occasio.

141 1755 213 1785 Hoc
226 1753 309 1784 item
323 1761 417 1783 anno
430 1752 616 1783 Malachias
630 1750 931 1791 archiepiscopus,
948 1751 1126 1782 Hibernixe

100 1802 253 1842 primas,
280 1804 424 1833 Romam
449 1801 517 1832 iter
543 1809 733 1841 aggressus
751 1804 826 1839 051,
844 1809 918 1830 11011
948 1809 1030 1831 vero
1047 1824 1055 1840 ,
1088 1806 1130 1832 ut

98 1852 176 1883 vult
191 1851 376 1890 Baronius,
391 1860 485 1882 anno
504 1854 513 1881 1
527 1854 594 1890 137,
610 1860 691 1881 cum
707 1854 846 1881 constet
863 1859 903 1881 ex
922 1851 1101 1882 Bernardo
1114 1876 1123 1891 ,

97 1900 184 1932 vitae
210 1903 242 1932 S.
261 1900 438 1932 Malachiae
463 1901 580 1941 capite
605 1904 660 1940 10,
680 1900 887 1931 Malachiam
913 1901 956 1931 ab
974 1901 1040 1932 hac
1062 1911 1123 1942 pe-

98 1950 338 1991 regrinatione
370 1959 496 1981 novem
524 1949 700 1981 duntaxat
730 1959 842 1981 annos
869 1950 1124 1991 supervixisse,

98 1998 254 2038 itemque
282 2008 323 2030 ex
352 1999 467 2039 eapite
498 1999 647 2038 ultimo,
681 2008 775 2030 anno
811 2001 890 2031 1148
923 1999 1123 2032 decessisse.

97 2047 286 2079 Malachias
300 2057 382 2079 vero
400 2048 435 2078 in
452 2047 520 2079 1100
538 2048 663 2079 11111010
681 2049 964 2080 Claram-Vallem
982 2049 1102 2081 adiens
1115 2074 1123 2090 ,

97 2096 147 2127 ibi
170 2106 231 2128 sex
254 2096 368 2128 socios
390 2096 554 2136 reliquit,
578 2097 639 2136 qui
662 2097 891 2128 Cisterciense
917 2098 1126 2130 institutum

98 2145 236 2184 edocti,
254 2145 343 2176 illud
360 2149 481 2185 postea
499 2144 536 2175 in
555 2145 756 2176 Hiberniam
774 2147 1052 2177 transtulerunt.

150 2196 241 2226 1140.
290 2194 449 2225 Habetur
493 2193 685 2225 concilium
724 2196 923 2225 senonense
958 2194 1125 2226 adversus

98 2243 332 2275 Abaelardum
347 2267 356 2283 ,
389 2243 452 2283 qui
485 2242 730 2274 condemnatis
763 2252 925 2273 errorum
960 2243 1126 2284 capitulis

98 2291 219 2323 sedem
246 2295 436 2323 Romanam
464 2291 653 2331 appellavit
679 2291 843 2331 quidem,
861 2291 921 2322 sed
946 2292 1037 2323 Petri
1061 2295 1125 2324 Ye-

98 2341 267 2373 nerabilis
291 2341 520 2382 persuasione
541 2341 668 2372 cedens
694 2341 949 2380 appellatione,
967 2342 1125 2374 Cluniaci

98 2390 268 2422 remansit
285 2401 292 2421 :
316 2400 355 2422 ac
378 2390 535 2430 eJ'usdem
552 2399 658 2430 opera
676 2390 837 2421 Ecclesiae
854 2390 1123 2431 reconciliatus,

100 2448 182 2470 cum
197 2449 260 2480 per
277 2440 463 2471 biennium
486 2440 537 2471 ibi
559 2439 787 2471 laudabiliter
805 2440 947 2471 vixisset
963 2464 971 2479 ,
990 2441 1024 2471 in
1049 2450 1124 2471 mo·

100 2489 255 2520 nasterio
270 2491 302 2521 S.
319 2489 473 2520 Marcelli
490 2489 713 2521 Cabilonensi
724 2513 732 2526 ‚
753 2498 825 2529 quo
842 2489 958 2520 morbi
976 2490 1125 2521 curandi

100 2546 206 2569 causa
222 2547 258 2570 se
274 2539 494 2578 contulerat,
510 2538 614 2570 cessit
631 2547 650 2570 e
666 2538 749 2570 vita.
762 2539 846 2570 Vide
863 2539 1047 2579 epistolam
1068 2543 1124 2573 197

100 2589 135 2616 et
150 2591 356 2627 sequentes,
371 2591 406 2618 et
426 2587 556 2618 ibidem
575 2588 692 2618 Notas.

142 2635 352 2667 Fundantur
376 2636 442 2668 hoc
466 2645 560 2667 anno
581 2636 908 2676 Clarus-Mariscus,
927 2635 962 2667 in
981 2635 1125 2668 dioecesi

100 2683 376 2724 Audomarensi3
408 2685 735 2725 Blancha-Landa,
768 2685 804 2716 in
833 2686 961 2716 Wallia
990 2686 1124 2726 Angliae

101 2733 281 2772 provincia
293 2759 302 2775 ,
332 2735 474 2766 dioeccsi
504 2735 721 2773 Menevensi;
755 2735 896 2767 L‘rsaria
909 2759 918 2772 ,
946 2735 982 2766 in
1014 2745 1126 2776 regno

102 2782 283 2824 Callaeciae,
311 2783 452 2816 dioecesi
479 2784 661 2824 Auriensi;
680 2784 939 2825 Aripatorium,
964 2785 1041 2816 aliis
1064 2785 1122 2816 Ri-

101 2831 297 2872 patorium,
318 2832 355 2863 in
377 2833 520 2864 dioecesi
539 2833 722 2873 Trecensi,
746 2833 804 2865 cui
830 2835 1019 2874 praefectns
1044 2835 1122 2865 Ala-

101 2887 182 2919 nus,
199 2886 320 2921 postea
336 2882 522 2923 episcopus
537 2883 867 2922 Autissiodorensis,
886 2883 972 2914 vitae
991 2885 1024 2914 S.
1040 2886 1122 2914 Ber-

101 2928 204 2959 nardi
232 2931 454 2970 compilator.
491 2933 575 2962 Item
609 2931 834 2962 Innocentius
869 2931 1124 2962 monasterium

102 2977 135 3006 S.
152 2979 323 3010 Anastasii
347 2980 391 3011 ad
412 2980 673 3020 Aquas-Salvias
696 2985 899 3020 reparatum
914 2981 1122 3012 Clarae-Val-

102 3024 259 3058 lensibus
288 3028 477 3067 attribuit,
506 3029 674 3069 praefecto
703 3029 882 3060 Bcrnardo
914 3029 1060 3069 Pisano,
1089 3032 1122 3061 S.

104 3073 272 3106 Bernardi
295 3075 488 3117 discipulo,
503 3077 565 3117 qui
588 3077 739 3108 subinde
762 3077 910 3118 Eugenii
928 3079 965 3108 111
982 3077 1125 3109 nominc

103 3120 141 3152 in
166 3123 284 3155 sedem
312 3127 505 3157 Romanam
532 3131 735 3167 assumptus
761 3131 824 3157 est.
851 3126 1010 3166 Denique
1035 3127 1120 3158 ado-

103 3173 252 3210 ptantur
273 3175 527 3206 monasterium
551 3176 813 3215 Benchorense,
837 3184 856 3207 a
876 3175 1044 3207 Malachia
1061 3175 1120 3207 Hi-

104 3218 234 3252 berniae
264 3223 415 3262 primate
442 3225 621 3256 Bernardo
652 3234 859 3257 concessum
876 3236 884 3264 ;
916 3234 1057 3256 necnon
1089 3229 1125 3256 et

102 3268 363 3303 Casae-Marium
376 3296 384 3312 ,
400 3273 436 3303 in
454 3273 598 3305 civitate
618 3275 791 3305 Verulana
805 3297 814 3313 ,
834 3273 871 3304 in
888 3273 998 3304 ltalia.

149 3319 238 3349 1141.
261 3321 488 3354 Innocentius
510 3332 619 3363 papa,
641 3323 689 3354 ait
708 3323 903 3362 Robertus,
921 3322 965 3353 de
991 3325 1126 3363 Monte,

106 3364 288 3400 interdixit
311 3373 443 3402 terram
471 3371 684 3403 dominicam
711 3372 804 3413 regis
832 3371 1019 3412 Ludovici,
1044 3373 1125 3412 quia

1194 277 1339 308 nolebat
1352 278 1508 318 recipere
1522 279 1827 320 archiepiscopum
1841 281 2220 326 Bituricensem,qucm

1195 330 1313 357 tamen
1327 331 1448 367 postea
1462 328 1612 368 recepit,
1631 333 1665 359 et
1680 330 1830 360 absolvit
1847 340 1925 361 eum
1941 331 1984 362 de
2001 342 2222 369 sacramento

1196 376 1292 415 quod
1318 376 1612 408 irrationabiliter
1635 378 1780 409 fecerat.
1798 379 1882 410 Vide
1899 380 2083 420 epistolam
2106 388 2164 416 218
2187 392 2221 418 et

1194 429 1398 463 sequentes.

1238 475 1314 512 Quo
1335 474 1440 505 etiam
1461 483 1554 505 anno
1573 474 1664 505 idem
1680 484 1740 506 rex
1762 479 1979 508 Francorum
1999 479 2195 514 Ludovicus
2208 507 2217 523 ,

1195 526 1236 553 ut
1255 523 1361 553 habet
1380 523 1470 554 idem
1489 528 1627 562 auctor,
1643 524 1767 555 afflixit
1783 526 1946 556 comitem
1962 527 2214 568 Thcohaldum,

1195 575 1229 601 et
1251 571 1401 602 vastavit
1425 576 1556 602 terram
1581 573 1675 611 ejus,
1693 573 1842 604 maxime
1866 574 1901 604 in
1928 575 2136 618 Campania,
2159 581 2220 612 ubi

1194 621 1391 653 combussit
1423 623 1606 653 castellum
1637 623 1881 661 Vitreuvium,
1907 634 1968 655 seu
1999 627 2193 660 Vitriacum
2212 654 2220 670 ,

1194 670 1254 701 ubi
1287 671 1483 702 multitudo
1515 672 1644 703 diversi
1674 682 1777 704 sexus
1803 673 1990 705 hominum
2019 681 2053 707 et
2082 679 2221 719 aetatis,

1193 720 1365 751 nimirum
1394 721 1488 752 mille
1514 725 1681 752 trecentae
1707 722 1850 761 animae,
1881 727 1970 754 teste
1999 725 2152 757 Roberto
2178 728 2221 759 ‹Ic

1193 771 1310 799 Monte
1324 769 1361 800 in
1374 770 1625 809 Supplemento
1643 769 1687 800 ad
1703 769 1916 810 sigibertum
1930 795 1936 809 ‚
1952 771 2012 811 qui
2031 773 2097 804 hoc
2112 776 2221 807 refert

1193 816 1237 847 ad
1255 825 1389 848 annum
1415 819 1506 857 1143,
1534 822 1687 848 cremata
1710 823 1774 849 est.
1797 819 1947 850 Consule
1964 820 2128 861 epistolas
2146 828 2220 864 217,

1193 869 1273 905 220,
1294 870 1377 906 222,
1395 869 1469 897 223.

1235 918 1307 947 Hoc
1335 920 1494 956 tempore
1517 914 1671 956 contigit
1700 915 1820 947 obitus
1845 917 2063 949 Humhelinae
2089 921 2221 953 sororis

1195 965 1309 997 sancti
1326 964 1495 996 Bernardi
1511 988 1519 1003 ,
1535 964 1577 995 de.
1598 974 1666 1004 qua
1689 965 1774 995 Yitae
1798 965 1889 996 libro
1911 970 1938 1005 1,
1954 976 2030 1007 cap.
2049 973 2079 999 6.

1236 1015 1422 1046 Fundatur
1451 1014 1655 1045 coenobium
1684 1014 1937 1055 Mela-Fontis,
1968 1016 2005 1047 in
2032 1017 2195 1050 Hibernia
2213 1043 2221 1059 ,

1194 1064 1354 1096 dioecesis
1374 1065 1622 1102 Armachansc,
1649 1064 1818 1095 Malachia
1841 1071 2076 1106 procurante,
2103 1069 2221 1100 ascitis

1194 1123 1235 1145 cx
1253 1115 1476 1145 Clara-Valle
1492 1113 1694 1146 Christiano
1712 1123 1751 1145 ac
1770 1115 1873 1145 sociis
1886 1137 1894 1151 ‚
1914 1124 2003 1154 quos
2029 1117 2220 1156 praedictus

1194 1164 1379 1205 episcopus
1397 1164 1635 1196 instituendos
1653 1164 1701 1195 ibi
1721 1164 1927 1205 reliquerat.
1946 1166 2031 1197 Vide
2053 1167 2221 1207 epistolas

1196 1217 1275 1252 350,
1291 1217 1364 1246 317.

1242 1266 1333 1294 1142.
1350 1265 1405 1293 lvo
1419 1263 1604 1303 presbyter
1618 1262 1807 1294 cardinalis
1824 1272 1864 1293 ex
1879 1263 2050 1294 canonico
2066 1267 2223 1306 regulari

1195 1315 1227 1344 S.
1258 1312 1409 1342 Victoris
1439 1311 1533 1350 apud
1562 1311 1734 1349 Parisios,
1765 1311 1921 1341 mittitur
1954 1312 1990 1342 in
2024 1313 2151 1345 Gallias
2181 1315 2225 1345 ad

1195 1360 1377 1392 ferendam
1408 1359 1620 1391 sententiam
1650 1359 1686 1389 in
1714 1359 1939 1399 Radulphum
1964 1360 2223 1393 Viromanduo-

1196 1419 1276 1440 rum
1294 1409 1476 1448 comitem,
1488 1408 1549 1448 qui
1565 1408 1749 1448 repudiata
1767 1409 1874 1448 priori
1895 1418 2005 1440 uxore
2020 1411 2222 1450 Petronilla,

1194 1458 1385 1490 Theohaldi
1401 1457 1539 1489 comitis
1554 1466 1674 1488 sorore
1687 1481 1695 1497 ,
1714 1458 1888 1488 Guillelmi
1907 1459 2103 1498 Aquitaniae
2119 1460 2222 1493 ducis

1194 1509 1319 1546 filiam,
1337 1507 1475 1548 chinae
1493 1516 1667 1545 sororem,
1688 1507 1999 1546 superinduxerat.
2019 1510 2094 1547 Quo
2117 1510 2223 1541 etiam

1195 1559 1419 1589 anathemate
1458 1557 1609 1588 involuti
1642 1558 1921 1588 Bartholomaeus
1959 1559 2201 1591 Laudunensis
2215 1583 2223 1599 ‚

1194 1608 1313 1640 Simon
1330 1607 1590 1645 Noviomensis,
1610 1609 1734 1638 Petrus
1753 1607 2020 1638 Silvanectensis
2042 1608 2195 1649 episcopi
2212 1633 2220 1646 ,

1193 1657 1339 1688 divortii
1363 1661 1538 1687 auctores.
1564 1655 1648 1686 vide
1671 1655 1836 1695 epistolas
1858 1660 1937 1694 216,
1964 1660 2036 1695 217,
2056 1661 2134 1697 220,
2150 1662 2222 1690 221.

1235 1708 1320 1737 Item
1361 1707 1524 1737 alfonsus
1558 1705 1747 1735 Lusitaniae
1786 1714 1846 1736 rex
1886 1714 1921 1736 se
1953 1715 2130 1745 suumque
2168 1717 2223 1738 re-

1195 1765 1307 1797 gnum
1331 1754 1548 1786 Clarae-Valli
1579 1754 1750 1795 vectigale
1779 1755 1883 1792 fecit,
1910 1754 2099 1793 assignatis
2117 1757 2223 1795 quin-

1197 1804 1370 1845 quaginta
1389 1803 1614 1834 marabitinis
1631 1802 1702 1833 sive
1719 1802 1896 1842 dipondiis
1915 1803 1992 1833 auri
2011 1804 2165 1843 probati.

1235 1857 1312 1893 Quo
1345 1853 1450 1885 etiam
1483 1862 1600 1891 anno,
1633 1856 1724 1883 teste
1753 1851 1906 1882 Roberto
1938 1852 1980 1883 de
2006 1854 2144 1892 Monte,
2173 1855 2226 1886 vel

1192 1903 1351 1944 proxime
1384 1903 1527 1934 evoluto
1541 1926 1549 1941 ,
1585 1906 1626 1933 ut
1660 1901 1771 1932 tradit
1808 1902 1962 1933 Ortelius
1994 1901 2031 1932 in
2062 1905 2224 1935 Anselmo

1193 1952 1435 1984 Gemblacensi
1460 1951 1554 1991 apud
1583 1951 1762 1989 Miraeum,
1784 1951 1936 1981 animam
1959 1951 2048 1981 coelo
2071 1952 2226 1984 reddidit

1192 2012 1345 2044 magnus
1369 2002 1426 2033 ille
1442 2004 1544 2043 Hugo
1558 2000 1762 2031 victorinus
1774 2022 1782 2035 ,
1801 2002 1833 2030 S.
1849 2000 2017 2031 Bernardi
2042 2001 2176 2033 amicus
2189 2007 2225 2033 et

1194 2052 1311 2083 cultor
1334 2050 1555 2091 praecipuus,
1571 2050 1660 2081 alter
1683 2049 1737 2081 sui
1762 2048 2226 2089 51001111Α1131151111115.1“1(10

1193 2100 1380 2140 epistolam
1401 2102 1452 2131 70.

1236 2148 1447 2179 Fundantur
1463 2146 1677 2178 monasteria
1694 2146 1840 2178 Melonis
1854 2170 1862 2185 ,
1881 2145 1916 2176 in
1933 2147 2088 2178 Callaecia
2100 2171 2108 2186 ,
2134 2148 2223 2179 dioe-

1194 2197 1281 2229 cesis
1298 2196 1470 2228 Tudensis
1483 2220 1492 2236 ,
1510 2200 1545 2227 ct
1568 2196 1760 2236 Superadi,
1780 2195 1872 2226 circa
1897 2195 1971 2227 11100
1998 2200 2155 2236 tempora
2187 2197 2224 2228 in

1194 2245 1337 2277 dioecesi
1362 2245 1657 2285 Compostellana.
1683 2246 1768 2276 Item
1790 2245 2012 2285 Alta-Crista,
2029 2245 2065 2276 in
2089 2246 2223 2278 sabau-

1194 2294 1251 2325 dia
1264 2318 1272 2332 ,
1289 2294 1451 2325 dioecesis
1472 2293 1719 2325 Lausanensis.

1238 2346 1329 2374 1143.
1346 2342 1497 2374 Conradi
1515 2344 1554 2373 111
1573 2341 1796 2382 imperatoris
1815 2346 1851 2380 ὁ,
1870 2341 2035 2374 Ludovici
2052 2344 2104 2373 111
2122 2344 2225 2374 Fran-

1193 2401 1317 2423 corum
1346 2391 1440 2432 regis
1471 2396 1510 2429 6,
1541 2391 1768 2422 Innocentius
1797 2400 1886 2430 papa
1916 2391 2069 2421 moritur
2099 2396 2223 2423 octavo

1192 2440 1361 2472 kalendas
1384 2440 1542 2471 octobris
1566 2450 1647 2471 cum
1666 2440 1811 2471 sedisset
1830 2449 1942 2470 annos
1958 2440 2031 2470 fere
2047 2445 2222 2479 quatuor-

1192 2490 1325 2529 decim3
1350 2490 1407 2521 0111
1434 2489 1593 2521 succedit
1615 2489 1728 2520 Guido
1750 2489 1792 2520 de
1815 2490 1984 2527 Castello,
2006 2489 2124 2521 dietus
2145 2492 2221 2522 Coe-

1192 2539 1343 2570 lestinus
1361 2540 1385 2569 ll
1399 2562 1407 2577 ,
1428 2538 1471 2569 ad
1488 2548 1590 2578 quem
1608 2537 1764 2578 epistolfc
1780 2540 1839 2568 234
1851 2561 1859 2575 ,
1876 2541 1948 2568 235.

1234 2588 1446 2620 Fundantur
1469 2588 1688 2625 Ali-astrum,
1708 2587 1743 2617 in
1767 2586 1907 2625 Suecia,
1931 2586 2071 2617 dioecesi
2095 2586 2220 2617 Linco-

1193 2636 1317 2677 pensi;
1341 2636 1554 2667 Nova-Vallis
1580 2636 1680 2674 (aliis
1706 2640 1786 2675 post
1809 2635 2125 2676 quadriennium),
2152 2636 2220 2666 ibi-

1192 2685 1290 2724 dem3
1308 2684 1564 2724 Bella-pertica,
1584 2685 1619 2715 in
1634 2684 1774 2715 dioeeesi
1791 2684 2076 2723 Montis-Albani;
2093 2687 2221 2725 Meyra,

1194 2735 1230 2765 in
1248 2734 1424 2771 Callaecia,
1443 2734 1603 2766 dioecesis
1622 2734 1800 2765 Lucensis.

1239 2785 1327 2815 1144.
1354 2783 1564 2815 Coeiestinus
1591 2793 1702 2823 papa,
1727 2782 1885 2814 semestri
1911 2782 2062 2813 necdum
2079 2788 2221 2825 exacto,

1191 2832 1342 2863 decessit
1371 2842 1378 2862 :
1409 2832 1467 2863 cui
1491 2832 1712 2873 subrogatur
1741 2831 1917 2862 Gerardus
1942 2832 2156 2864 camerarius
2179 2842 2221 2864 ex

1192 2881 1364 2912 canonico
1379 2881 1549 2921 regulari,
1566 2880 1751 2921 presbyter
1769 2880 1959 2911 cardinalis
1978 2879 2034 2910 tit.
2051 2882 2083 2911 S.
2099 2881 2220 2912 Crucis

1192 2930 1229 2961 in
1247 2931 1461 2969 Jerusalem,
1489 2930 1617 2961 Lucius
1648 2932 1671 2960 11
1700 2934 1943 2969 nuncupatus,
1961 2931 2037 2968 Quo
2064 2933 2221 2969 tempore

1192 2979 1393 3010 Bernardus
1419 2979 1513 3010 inter
1541 2978 1758 3009 Ludovicum
1785 2987 1904 3019 regem
1927 2982 1961 3008 et
1978 2978 2219 3009 Theobaldum

1192 3029 1354 3059 comitem
1373 3037 1492 3068 pacem
1512 3028 1725 3068 composuit.
1747 3027 1915 3068 Legendae
1930 3027 2085 3067 epistolae
2106 3032 2166 3059 220
2185 3032 2220 3059 01

1192 3081 1391 3116 sequentes.

1231 3128 1301 3157 Hoc
1324 3126 1408 3157 item
1433 3135 1526 3156 anno
1549 3125 1702 3157 moritur
1725 3125 2004 3157 Bartholomaeus
2027 3125 2217 3156 Firmitatis

1190 3175 1318 3215 abbas,
1334 3177 1445 3206 frater
1471 3177 1503 3206 S.
1526 3175 1709 3206 Bernardi.
1732 3176 1817 3205 Item
1843 3174 2042 3213 Stephanus
2060 3174 2217 3204 Catalau-

1190 3225 1310 3256 nensis
1328 3224 1520 3256 cardinalis
1548 3224 1734 3264 episcopus
1759 3222 1996 3254 Praenestinus
2021 3231 2061 3253 ex
2087 3221 2216 3253 Ordine

1193 3273 1432 3313 cisterciensi,
1455 3273 1506 3304 vir
1531 3282 1668 3314 magnae
1692 3271 1912 3311 sanctitatis,
1936 3270 1993 3302 cui
2017 3270 2214 3301 Bernardus

1194 3323 1307 3354 varias
1325 3323 1506 3363 inscripsit
1524 3322 1702 3362 epistolas.

1236 3373 1422 3405 Fundatur
1445 3373 1684 3412 Belli-Locus,
1709 3370 1745 3402 in
1763 3367 1904 3401 dioecesi
1922 3367 2124 3399 Rutenensi.
