<?xml version="1.0" encoding="UTF-8"?>
<!DOCTYPE html PUBLIC "-//W3C//DTD XHTML 1.0 Transitional//EN"
    "http://www.w3.org/TR/xhtml1/DTD/xhtml1-transitional.dtd">
<html xmlns="http://www.w3.org/1999/xhtml" xml:lang="en" lang="en">
 <head>
  <title>
</title>
<meta http-equiv="Content-Type" content="text/html;charset=utf-8" />
  <meta name='ocr-system' content='tesseract 3.04.00' />
  <meta name='ocr-capabilities' content='ocr_page ocr_carea ocr_par ocr_line ocrx_word'/>
</head>
<body>
  <div class='ocr_page' id='page_1' title='image "./operaomniapostho01bernuoft/operaomniapostho01bernuoft_0326.png"; bbox 0 0 2533 3920; ppageno 0'>
   <div class='ocr_carea' id='block_1_1' title="bbox 405 134 481 170">
    <p class='ocr_par' dir='ltr' id='par_1_1' title="bbox 405 134 481 170">
     <span class='ocr_line' id='line_1_1' title="bbox 405 134 481 170; baseline 0 0"><span class='ocrx_word' id='word_1_1' title='bbox 405 134 481 170; x_wconf 77' lang='lat'>(535</span> 
     </span>
    </p>
   </div>
   <div class='ocr_carea' id='block_1_2' title="bbox 405 206 1435 262">
    <p class='ocr_par' dir='ltr' id='par_1_2' title="bbox 405 206 1435 262">
     <span class='ocr_line' id='line_1_2' title="bbox 405 206 1435 262; baseline -0.005 -13"><span class='ocrx_word' id='word_1_2' title='bbox 405 212 612 249; x_wconf 83' lang='lat' dir='ltr'>Dominum</span> <span class='ocrx_word' id='word_1_3' title='bbox 633 225 705 262; x_wconf 88' lang='lat' dir='ltr'>pro</span> <span class='ocrx_word' id='word_1_4' title='bbox 725 210 854 257; x_wconf 85' lang='lat' dir='ltr'>vobis,</span> <span class='ocrx_word' id='word_1_5' title='bbox 877 211 907 248; x_wconf 87' lang='lat' dir='ltr'>si</span> <span class='ocrx_word' id='word_1_6' title='bbox 934 210 1025 261; x_wconf 90' lang='lat' dir='ltr'>quid</span> <span class='ocrx_word' id='word_1_7' title='bbox 1052 212 1173 260; x_wconf 83' lang='lat' dir='ltr'>possit</span> <span class='ocrx_word' id='word_1_8' title='bbox 1199 206 1435 260; x_wconf 78' lang='lat' dir='ltr'>peccatoris³</span> 
     </span>
    </p>
   </div>
   <div class='ocr_carea' id='block_1_3' title="bbox 407 272 945 310">
    <p class='ocr_par' dir='ltr' id='par_1_3' title="bbox 407 272 945 310">
     <span class='ocr_line' id='line_1_3' title="bbox 407 272 945 310; baseline 0 -2"><span class='ocrx_word' id='word_1_9' title='bbox 407 273 541 309; x_wconf 87' lang='lat' dir='ltr'>oratio.</span> <span class='ocrx_word' id='word_1_10' title='bbox 561 276 604 310; x_wconf 90' lang='lat' dir='ltr'>In</span> <span class='ocrx_word' id='word_1_11' title='bbox 622 272 789 310; x_wconf 87' lang='lat' dir='ltr'>Domino</span> <span class='ocrx_word' id='word_1_12' title='bbox 812 272 945 308; x_wconf 75' lang='lat' dir='ltr'>valete.</span> 
     </span>
    </p>
   </div>
   <div class='ocr_carea' id='block_1_4' title="bbox 404 415 1414 426">
    <p class='ocr_par' dir='ltr' id='par_1_4' title="bbox 404 415 1414 426">
     <span class='ocr_line' id='line_1_4' title="bbox 404 415 1414 426; baseline -0.002 -1"><span class='ocrx_word' id='word_1_13' title='bbox 404 415 1384 426; x_wconf 50' lang='lat'>==================================================================</span> <span class='ocrx_word' id='word_1_14' title='bbox 1388 415 1414 423; x_wconf 62' lang='lat' dir='ltr'>vs</span> 
     </span>
    </p>
   </div>
   <div class='ocr_carea' id='block_1_5' title="bbox 509 526 1298 587">
    <p class='ocr_par' dir='ltr' id='par_1_5' title="bbox 509 526 1298 587">
     <span class='ocr_line' id='line_1_5' title="bbox 509 526 1298 587; baseline -0.003 -2"><span class='ocrx_word' id='word_1_15' title='bbox 509 528 880 587; x_wconf 82' lang='lat' dir='ltr'><strong>EPISTULA</strong></span> <span class='ocrx_word' id='word_1_16' title='bbox 945 526 1298 584; x_wconf 72' lang='lat' dir='ltr'>CCCXLII.a</span> 
     </span>
    </p>
   </div>
   <div class='ocr_carea' id='block_1_6' title="bbox 477 689 1328 715">
    <p class='ocr_par' dir='ltr' id='par_1_6' title="bbox 477 689 1328 715">
     <span class='ocr_line' id='line_1_6' title="bbox 477 689 1328 715; baseline -0.002 0"><span class='ocrx_word' id='word_1_17' title='bbox 477 693 522 714; x_wconf 73' lang='lat' dir='ltr'>AD</span> <span class='ocrx_word' id='word_1_18' title='bbox 560 692 749 715; x_wconf 79' lang='lat' dir='ltr'>JOSLENUM</span> <span class='ocrx_word' id='word_1_19' title='bbox 779 689 988 712; x_wconf 83' lang='lat' dir='ltr'><strong>EPISCOPUM</strong></span> <span class='ocrx_word' id='word_1_20' title='bbox 1018 689 1328 713; x_wconf 83' lang='lat' dir='ltr'>SUESSIONENSEM.</span> 
     </span>
    </p>
   </div>
   <div class='ocr_carea' id='block_1_7' title="bbox 402 807 1410 902">
    <p class='ocr_par' dir='ltr' id='par_1_7' title="bbox 402 807 1410 902">
     <span class='ocr_line' id='line_1_7' title="bbox 402 807 1410 852; baseline -0.003 -11"><span class='ocrx_word' id='word_1_21' title='bbox 402 809 681 852; x_wconf 87' lang='lat' dir='ltr'>Archiepiscopum</span> <span class='ocrx_word' id='word_1_22' title='bbox 712 807 976 848; x_wconf 81' lang='lat' dir='ltr'>Burdegalensem</span> <span class='ocrx_word' id='word_1_23' title='bbox 1012 807 1096 849; x_wconf 86' lang='lat' dir='ltr'>apud</span> <span class='ocrx_word' id='word_1_24' title='bbox 1130 811 1248 849; x_wconf 83' lang='lat' dir='ltr'><strong>Regem</strong></span> <span class='ocrx_word' id='word_1_25' title='bbox 1282 808 1410 850; x_wconf 84' lang='lat' dir='ltr'>purgari</span> 
     </span>
     <span class='ocr_line' id='line_1_8' title="bbox 834 861 981 902; baseline 0.007 -12"><span class='ocrx_word' id='word_1_26' title='bbox 834 861 981 902; x_wconf 83' lang='lat' dir='ltr'>postulat.</span> 
     </span>
    </p>
   </div>
   <div class='ocr_carea' id='block_1_8' title="bbox 1167 131 1717 170">
    <p class='ocr_par' dir='ltr' id='par_1_8' title="bbox 1167 131 1717 170">
     <span class='ocr_line' id='line_1_9' title="bbox 1167 131 1717 170; baseline -0.007 -1"><span class='ocrx_word' id='word_1_27' title='bbox 1167 136 1201 170; x_wconf 89' lang='lat' dir='ltr'>S.</span> <span class='ocrx_word' id='word_1_28' title='bbox 1233 132 1487 168; x_wconf 86' lang='lat' dir='ltr'><strong>BERNARDI</strong></span> <span class='ocrx_word' id='word_1_29' title='bbox 1515 131 1717 166; x_wconf 87' lang='lat' dir='ltr'>ABBATIS</span> 
     </span>
    </p>
   </div>
   <div class='ocr_carea' id='block_1_9' title="bbox 2406 135 2478 173">
    <p class='ocr_par' dir='ltr' id='par_1_9' title="bbox 2406 135 2478 173">
     <span class='ocr_line' id='line_1_10' title="bbox 2406 135 2478 173; baseline 0.042 -3"><span class='ocrx_word' id='word_1_30' title='bbox 2406 135 2478 173; x_wconf 83' lang='lat'>636</span> 
     </span>
    </p>
   </div>
   <div class='ocr_carea' id='block_1_10' title="bbox 1431 205 2510 313">
    <p class='ocr_par' dir='ltr' id='par_1_10' title="bbox 1431 205 2510 313">
     <span class='ocr_line' id='line_1_11' title="bbox 1445 205 2510 256; baseline 0.003 -12"><span class='ocrx_word' id='word_1_31' title='bbox 1445 206 1629 244; x_wconf 78' lang='lat' dir='ltr'>&#39;³causam</span> <span class='ocrx_word' id='word_1_32' title='bbox 1642 235 1651 252; x_wconf 89' lang='lat'>‚</span> <span class='ocrx_word' id='word_1_33' title='bbox 1675 206 1755 242; x_wconf 89' lang='lat' dir='ltr'>sine</span> <span class='ocrx_word' id='word_1_34' title='bbox 1784 206 1924 241; x_wconf 82' lang='lat' dir='ltr'>causa?</span> <span class='ocrx_word' id='word_1_35' title='bbox 1943 208 2130 242; x_wconf 87' lang='lat' dir='ltr'>Vestrone</span> <span class='ocrx_word' id='word_1_36' title='bbox 2150 205 2190 242; x_wconf 91' lang='lat' dir='ltr'>id</span> <span class='ocrx_word' id='word_1_37' title='bbox 2210 207 2333 256; x_wconf 82' lang='lat' dir='ltr'>agitur</span> <span class='ocrx_word' id='word_1_38' title='bbox 2353 214 2476 250; x_wconf 84' lang='lat' dir='ltr'>cousi·</span> <span class='ocrx_word' id='word_1_39' title='bbox 2508 235 2510 242; x_wconf 89' lang='lat'>·</span> 
     </span>
     <span class='ocr_line' id='line_1_12' title="bbox 1431 264 2509 313; baseline 0.002 -9"><span class='ocrx_word' id='word_1_40' title='bbox 1431 274 1459 306; x_wconf 84' lang='lat' dir='ltr'><strong>A</strong></span> <span class='ocrx_word' id='word_1_41' title='bbox 1480 268 1557 304; x_wconf 78' lang='lat' dir='ltr'>lio?</span> <span class='ocrx_word' id='word_1_42' title='bbox 1589 266 1696 303; x_wconf 83' lang='lat' dir='ltr'>Absit</span> <span class='ocrx_word' id='word_1_43' title='bbox 1716 279 1737 301; x_wconf 89' lang='lat' dir='ltr'>a</span> <span class='ocrx_word' id='word_1_44' title='bbox 1756 264 1867 301; x_wconf 72' lang='lat' dir='ltr'>vobis</span> <span class='ocrx_word' id='word_1_45' title='bbox 1894 264 1995 301; x_wconf 89' lang='lat' dir='ltr'>istud</span> <span class='ocrx_word' id='word_1_46' title='bbox 2019 265 2241 313; x_wconf 81' lang='lat' dir='ltr'>consilium,</span> <span class='ocrx_word' id='word_1_47' title='bbox 2266 266 2361 305; x_wconf 90' lang='lat' dir='ltr'>absit</span> <span class='ocrx_word' id='word_1_48' title='bbox 2382 284 2402 306; x_wconf 87' lang='lat' dir='ltr'>a</span> <span class='ocrx_word' id='word_1_49' title='bbox 2421 285 2477 310; x_wconf 82' lang='lat' dir='ltr'>me</span> <span class='ocrx_word' id='word_1_50' title='bbox 2508 268 2509 271; x_wconf 61' lang='grc'>’</span> 
     </span>
    </p>
   </div>
   <div class='ocr_carea' id='block_1_11' title="bbox 1474 325 2509 981">
    <p class='ocr_par' dir='ltr' id='par_1_11' title="bbox 1474 322 2509 981">
     <span class='ocr_line' id='line_1_13' title="bbox 1479 325 2477 376; baseline 0.008 -13"><span class='ocrx_word' id='word_1_51' title='bbox 1479 328 1549 364; x_wconf 88' lang='lat' dir='ltr'>ista</span> <span class='ocrx_word' id='word_1_52' title='bbox 1582 326 1760 376; x_wconf 87' lang='lat' dir='ltr'>suspicio.</span> <span class='ocrx_word' id='word_1_53' title='bbox 1798 325 1899 374; x_wconf 87' lang='lat' dir='ltr'><strong>Quid</strong></span> <span class='ocrx_word' id='word_1_54' title='bbox 1936 325 2088 362; x_wconf 85' lang='lat' dir='ltr'>tandem</span> <span class='ocrx_word' id='word_1_55' title='bbox 2123 327 2212 362; x_wconf 89' lang='lat' dir='ltr'>mali</span> <span class='ocrx_word' id='word_1_56' title='bbox 2248 328 2335 364; x_wconf 82' lang='lat' dir='ltr'>fecit</span> <span class='ocrx_word' id='word_1_57' title='bbox 2367 330 2477 371; x_wconf 91' lang='lat' dir='ltr'>homo</span> 
     </span>
     <span class='ocr_line' id='line_1_14' title="bbox 1478 387 2509 439; baseline 0.003 -14"><span class='ocrx_word' id='word_1_58' title='bbox 1478 389 1564 425; x_wconf 78' lang='lat' dir='ltr'>ille?</span> <span class='ocrx_word' id='word_1_59' title='bbox 1581 387 1692 436; x_wconf 89' lang='lat' dir='ltr'>Quod</span> <span class='ocrx_word' id='word_1_60' title='bbox 1715 388 1872 423; x_wconf 76' lang='lat' dir='ltr'>electam</span> <span class='ocrx_word' id='word_1_61' title='bbox 1890 387 1973 437; x_wconf 89' lang='lat' dir='ltr'>pari</span> <span class='ocrx_word' id='word_1_62' title='bbox 1993 387 2285 424; x_wconf 82' lang='lat' dir='ltr'>Pictaviensium</span> <span class='ocrx_word' id='word_1_63' title='bbox 2311 403 2421 439; x_wconf 86' lang='lat' dir='ltr'>pace,</span> <span class='ocrx_word' id='word_1_64' title='bbox 2442 403 2479 431; x_wconf 87' lang='lat' dir='ltr'>et</span> <span class='ocrx_word' id='word_1_65' title='bbox 2508 429 2509 433; x_wconf 61' lang='grc'>,</span> 
     </span>
     <span class='ocr_line' id='line_1_15' title="bbox 1478 449 2508 497; baseline 0.007 -13"><span class='ocrx_word' id='word_1_66' title='bbox 1478 457 1590 495; x_wconf 81' lang='lat' dir='ltr'>voto,</span> <span class='ocrx_word' id='word_1_67' title='bbox 1620 456 1657 484; x_wconf 89' lang='lat' dir='ltr'>et</span> <span class='ocrx_word' id='word_1_68' title='bbox 1688 461 1805 493; x_wconf 63' lang='lat' dir='ltr'>voce,</span> <span class='ocrx_word' id='word_1_69' title='bbox 1837 454 2071 497; x_wconf 90' lang='lat' dir='ltr'>personamc</span> <span class='ocrx_word' id='word_1_70' title='bbox 2097 449 2281 485; x_wconf 90' lang='lat' dir='ltr'>canonica</span> <span class='ocrx_word' id='word_1_71' title='bbox 2312 449 2478 492; x_wconf 82' lang='lat' dir='ltr'>libertate</span> <span class='ocrx_word' id='word_1_72' title='bbox 2507 470 2508 474; x_wconf 52' lang='lat'>¹</span> 
     </span>
     <span class='ocr_line' id='line_1_16' title="bbox 1479 506 2508 561; baseline 0.003 -16"><span class='ocrx_word' id='word_1_73' title='bbox 1479 508 1744 546; x_wconf 74' lang='lat' dir='ltr'>consecravit?</span> <span class='ocrx_word' id='word_1_74' title='bbox 1779 506 1883 557; x_wconf 92' lang='lat' dir='ltr'>quod</span> <span class='ocrx_word' id='word_1_75' title='bbox 1922 507 2123 556; x_wconf 87' lang='lat' dir='ltr'>pecuniam</span> <span class='ocrx_word' id='word_1_76' title='bbox 2164 508 2478 561; x_wconf 84' lang='lat' dir='ltr'>Pictaviensium,</span> <span class='ocrx_word' id='word_1_77' title='bbox 2506 542 2508 547; x_wconf 94' lang='lat'><em>.</em></span> 
     </span>
     <span class='ocr_line' id='line_1_17' title="bbox 1477 567 2478 619; baseline 0.003 -13"><span class='ocrx_word' id='word_1_78' title='bbox 1477 583 1590 619; x_wconf 89' lang='lat' dir='ltr'>quam</span> <span class='ocrx_word' id='word_1_79' title='bbox 1630 569 1796 605; x_wconf 86' lang='lat' dir='ltr'>moriens</span> <span class='ocrx_word' id='word_1_80' title='bbox 1823 567 2020 617; x_wconf 82' lang='lat' dir='ltr'><strong>dispersit,</strong></span> <span class='ocrx_word' id='word_1_81' title='bbox 2054 567 2159 604; x_wconf 85' lang='lat' dir='ltr'>dedit</span> <span class='ocrx_word' id='word_1_82' title='bbox 2189 569 2421 619; x_wconf 77' lang='lat' dir='ltr'>pauperibus</span> <span class='ocrx_word' id='word_1_83' title='bbox 2442 582 2478 611; x_wconf 86' lang='lat' dir='ltr'>et</span> 
     </span>
     <span class='ocr_line' id='line_1_18' title="bbox 1475 628 2508 676; baseline 0 -10"><span class='ocrx_word' id='word_1_84' title='bbox 1475 630 1661 676; x_wconf 85' lang='lat' dir='ltr'>ecclesiis,</span> <span class='ocrx_word' id='word_1_85' title='bbox 1684 629 1729 666; x_wconf 88' lang='lat' dir='ltr'>de</span> <span class='ocrx_word' id='word_1_86' title='bbox 1751 628 1924 665; x_wconf 87' lang='lat' dir='ltr'>faucibus</span> <span class='ocrx_word' id='word_1_87' title='bbox 1945 628 2215 674; x_wconf 89' lang='lat' dir='ltr'>esurientium,</span> <span class='ocrx_word' id='word_1_88' title='bbox 2240 629 2286 665; x_wconf 91' lang='lat' dir='ltr'>de</span> <span class='ocrx_word' id='word_1_89' title='bbox 2307 630 2390 667; x_wconf 90' lang='lat' dir='ltr'>sinu</span> <span class='ocrx_word' id='word_1_90' title='bbox 2410 634 2479 670; x_wconf 83' lang='lat' dir='ltr'>Eo-</span> <span class='ocrx_word' id='word_1_91' title='bbox 2506 642 2508 649; x_wconf 71' lang='grc'>’</span> 
     </span>
     <span class='ocr_line' id='line_1_19' title="bbox 1476 689 2507 738; baseline 0.004 -10"><span class='ocrx_word' id='word_1_92' title='bbox 1476 691 1598 728; x_wconf 75' lang='lat' dir='ltr'>ctesiae</span> <span class='ocrx_word' id='word_1_93' title='bbox 1618 704 1696 727; x_wconf 90' lang='lat' dir='ltr'>non</span> <span class='ocrx_word' id='word_1_94' title='bbox 1717 690 1910 726; x_wconf 80' lang='lat' dir='ltr'>extraxit?</span> <span class='ocrx_word' id='word_1_95' title='bbox 1934 693 1991 726; x_wconf 88' lang='lat' dir='ltr'>En</span> <span class='ocrx_word' id='word_1_96' title='bbox 2014 689 2167 738; x_wconf 83' lang='lat' dir='ltr'>sanguis</span> <span class='ocrx_word' id='word_1_97' title='bbox 2189 689 2258 726; x_wconf 83' lang='lat' dir='ltr'>iste</span> <span class='ocrx_word' id='word_1_98' title='bbox 2290 689 2338 726; x_wconf 90' lang='lat' dir='ltr'>de</span> <span class='ocrx_word' id='word_1_99' title='bbox 2367 704 2478 731; x_wconf 86' lang='lat' dir='ltr'>manu</span> <span class='ocrx_word' id='word_1_100' title='bbox 2505 729 2507 732; x_wconf 15' lang='grc' dir='ltr'><em>Α</em></span> 
     </span>
     <span class='ocr_line' id='line_1_20' title="bbox 1476 748 2479 800; baseline 0.002 -13"><span class='ocrx_word' id='word_1_101' title='bbox 1476 750 1558 800; x_wconf 88' lang='lat' dir='ltr'>ejus</span> <span class='ocrx_word' id='word_1_102' title='bbox 1579 751 1805 800; x_wconf 78' lang='lat' dir='ltr'>exquiritur.</span> <span class='ocrx_word' id='word_1_103' title='bbox 1828 751 1865 788; x_wconf 90' lang='lat' dir='ltr'>Si</span> <span class='ocrx_word' id='word_1_104' title='bbox 1894 750 2006 800; x_wconf 83' lang='lat' dir='ltr'>culpa</span> <span class='ocrx_word' id='word_1_105' title='bbox 2037 757 2112 795; x_wconf 83' lang='lat' dir='ltr'>est,</span> <span class='ocrx_word' id='word_1_106' title='bbox 2141 748 2245 799; x_wconf 91' lang='lat' dir='ltr'>quod</span> <span class='ocrx_word' id='word_1_107' title='bbox 2269 748 2404 787; x_wconf 87' lang='lat' dir='ltr'>ovibus</span> <span class='ocrx_word' id='word_1_108' title='bbox 2423 764 2479 790; x_wconf 87' lang='lat' dir='ltr'>er-</span> 
     </span>
     <span class='ocr_line' id='line_1_21' title="bbox 1476 809 2477 860; baseline 0.001 -12"><span class='ocrx_word' id='word_1_109' title='bbox 1476 811 1648 848; x_wconf 80' lang='lat' dir='ltr'>rantibus</span> <span class='ocrx_word' id='word_1_110' title='bbox 1665 812 1868 860; x_wconf 72' lang='lat' dir='ltr'>assignavit</span> <span class='ocrx_word' id='word_1_111' title='bbox 1883 819 2074 860; x_wconf 78' lang='lat' dir='ltr'><strong>pastorem</strong></span> <span class='ocrx_word' id='word_1_112' title='bbox 2089 839 2099 857; x_wconf 89' lang='lat'>,</span> <span class='ocrx_word' id='word_1_113' title='bbox 2116 809 2220 860; x_wconf 90' lang='lat' dir='ltr'>quod</span> <span class='ocrx_word' id='word_1_114' title='bbox 2236 810 2424 860; x_wconf 90' lang='lat' dir='ltr'>pupillum</span> <span class='ocrx_word' id='word_1_115' title='bbox 2442 821 2477 852; x_wconf 86' lang='lat' dir='ltr'>et</span> 
     </span>
     <span class='ocr_line' id='line_1_22' title="bbox 1476 870 2476 921; baseline 0.002 -14"><span class='ocrx_word' id='word_1_116' title='bbox 1476 871 1630 908; x_wconf 72' lang='lat' dir='ltr'>viduam</span> <span class='ocrx_word' id='word_1_117' title='bbox 1653 885 1730 907; x_wconf 89' lang='lat' dir='ltr'>non</span> <span class='ocrx_word' id='word_1_118' title='bbox 1756 872 1951 921; x_wconf 68' lang='lat' dir='ltr'>spoliavit,</span> <span class='ocrx_word' id='word_1_119' title='bbox 1973 871 2078 920; x_wconf 89' lang='lat' dir='ltr'>quod</span> <span class='ocrx_word' id='word_1_120' title='bbox 2104 870 2303 921; x_wconf 84' lang='lat' dir='ltr'>privilegia</span> <span class='ocrx_word' id='word_1_121' title='bbox 2323 879 2476 920; x_wconf 88' lang='lat' dir='ltr'>aposto-</span> 
     </span>
     <span class='ocr_line' id='line_1_23' title="bbox 1474 931 2505 981; baseline 0.002 -13"><span class='ocrx_word' id='word_1_122' title='bbox 1474 933 1556 968; x_wconf 71' lang='lat' dir='ltr'>lieae</span> <span class='ocrx_word' id='word_1_123' title='bbox 1578 932 1683 969; x_wconf 90' lang='lat' dir='ltr'>Sedis</span> <span class='ocrx_word' id='word_1_124' title='bbox 1703 931 1846 968; x_wconf 90' lang='lat' dir='ltr'>illibata</span> <span class='ocrx_word' id='word_1_125' title='bbox 1867 933 2126 978; x_wconf 69' lang='lat' dir='ltr'>conservavit,</span> <span class='ocrx_word' id='word_1_126' title='bbox 2155 944 2232 968; x_wconf 88' lang='lat' dir='ltr'>non</span> <span class='ocrx_word' id='word_1_127' title='bbox 2259 939 2386 981; x_wconf 85' lang='lat' dir='ltr'>potest</span> <span class='ocrx_word' id='word_1_128' title='bbox 2412 945 2476 970; x_wconf 91' lang='lat' dir='ltr'>ex-</span> <span class='ocrx_word' id='word_1_129' title='bbox 2504 945 2505 948; x_wconf 74' lang='grc'>’</span> 
     </span>
    </p>
   </div>
   <div class='ocr_carea' id='block_1_12' title="bbox 399 983 2476 1041">
    <p class='ocr_par' dir='ltr' id='par_1_12' title="bbox 399 983 2476 1041">
     <span class='ocr_line' id='line_1_24' title="bbox 399 983 2476 1041; baseline 0.001 -20"><span class='ocrx_word' id='word_1_130' title='bbox 399 984 616 1021; x_wconf 79' lang='lat' dir='ltr'>Venerabili</span> <span class='ocrx_word' id='word_1_131' title='bbox 641 984 798 1020; x_wconf 90' lang='lat' dir='ltr'>domino</span> <span class='ocrx_word' id='word_1_132' title='bbox 822 992 859 1020; x_wconf 89' lang='lat' dir='ltr'>et</span> <span class='ocrx_word' id='word_1_133' title='bbox 884 983 1129 1020; x_wconf 85' lang='lat' dir='ltr'>dilectissimo</span> <span class='ocrx_word' id='word_1_134' title='bbox 1150 985 1251 1034; x_wconf 89' lang='lat' dir='ltr'>patri</span> <span class='ocrx_word' id='word_1_135' title='bbox 1272 988 1408 1021; x_wconf 76' lang='lat' dir='ltr'>JosLE-</span> <span class='ocrx_word' id='word_1_136' title='bbox 1429 992 1456 1026; x_wconf 93' lang='grc' dir='ltr'><strong>Β</strong></span> <span class='ocrx_word' id='word_1_137' title='bbox 1475 992 1610 1028; x_wconf 53' lang='lat' dir='ltr'>(fugari,</span> <span class='ocrx_word' id='word_1_138' title='bbox 1632 995 1663 1029; x_wconf 84' lang='grc' dir='ltr'>Ο</span> <span class='ocrx_word' id='word_1_139' title='bbox 1684 992 1884 1028; x_wconf 67' lang='lat' dir='ltr'>consilium</span> <span class='ocrx_word' id='word_1_140' title='bbox 1915 992 1996 1028; x_wconf 74' lang='lat' dir='ltr'>sine</span> <span class='ocrx_word' id='word_1_141' title='bbox 2017 992 2195 1038; x_wconf 67' lang='lat' dir='ltr'>consilio,</span> <span class='ocrx_word' id='word_1_142' title='bbox 2214 992 2253 1028; x_wconf 81' lang='lat' dir='ltr'>in</span> <span class='ocrx_word' id='word_1_143' title='bbox 2277 1005 2355 1041; x_wconf 84' lang='lat' dir='ltr'>quo</span> <span class='ocrx_word' id='word_1_144' title='bbox 2371 991 2476 1041; x_wconf 80' lang='lat' dir='ltr'>justi.</span> 
     </span>
    </p>
   </div>
   <div class='ocr_carea' id='block_1_13' title="bbox 452 1045 1409 1216">
    <p class='ocr_par' dir='ltr' id='par_1_13' title="bbox 452 1045 1409 1216">
     <span class='ocr_line' id='line_1_25' title="bbox 452 1045 1407 1095; baseline 0.002 -15"><span class='ocrx_word' id='word_1_145' title='bbox 452 1058 522 1089; x_wconf 82' lang='lat' dir='ltr'>No,</span> <span class='ocrx_word' id='word_1_146' title='bbox 545 1045 615 1082; x_wconf 91' lang='lat' dir='ltr'>Dei</span> <span class='ocrx_word' id='word_1_147' title='bbox 645 1045 764 1094; x_wconf 77' lang='lat' dir='ltr'>gratia</span> <span class='ocrx_word' id='word_1_148' title='bbox 787 1045 1050 1082; x_wconf 87' lang='lat' dir='ltr'>Suessionensi</span> <span class='ocrx_word' id='word_1_149' title='bbox 1077 1045 1279 1095; x_wconf 57' lang='lat' dir='ltr'>episcopm</span> <span class='ocrx_word' id='word_1_150' title='bbox 1307 1050 1407 1083; x_wconf 77' lang='lat' dir='ltr'>BER-</span> 
     </span>
     <span class='ocr_line' id='line_1_26' title="bbox 452 1104 1409 1156; baseline 0.002 -15"><span class='ocrx_word' id='word_1_151' title='bbox 452 1119 593 1142; x_wconf 65' lang='lat' dir='ltr'>manus</span> <span class='ocrx_word' id='word_1_152' title='bbox 618 1106 937 1143; x_wconf 83' lang='lat' dir='ltr'>Clarae-Vallensis</span> <span class='ocrx_word' id='word_1_153' title='bbox 964 1104 1100 1152; x_wconf 84' lang='lat' dir='ltr'>abbas,</span> <span class='ocrx_word' id='word_1_154' title='bbox 1125 1106 1300 1143; x_wconf 89' lang='lat' dir='ltr'>invenire</span> <span class='ocrx_word' id='word_1_155' title='bbox 1320 1120 1409 1156; x_wconf 79' lang='lat' dir='ltr'>gra-</span> 
     </span>
     <span class='ocr_line' id='line_1_27' title="bbox 452 1166 907 1216; baseline 0 -13"><span class='ocrx_word' id='word_1_156' title='bbox 452 1167 540 1204; x_wconf 90' lang='lat' dir='ltr'>tiam</span> <span class='ocrx_word' id='word_1_157' title='bbox 561 1166 664 1216; x_wconf 85' lang='lat' dir='ltr'>apud</span> <span class='ocrx_word' id='word_1_158' title='bbox 683 1167 907 1204; x_wconf 90' lang='lat' dir='ltr'>Dominum.</span> 
     </span>
    </p>
   </div>
   <div class='ocr_carea' id='block_1_14' title="bbox 393 1289 1408 1763">
    <p class='ocr_par' dir='ltr' id='par_1_14' title="bbox 393 1289 1408 1763">
     <span class='ocr_line' id='line_1_28' title="bbox 455 1289 1407 1340; baseline -0.001 -12"><span class='ocrx_word' id='word_1_159' title='bbox 455 1293 486 1328; x_wconf 95' lang='lat' dir='ltr'>l.</span> <span class='ocrx_word' id='word_1_160' title='bbox 516 1290 662 1340; x_wconf 85' lang='lat' dir='ltr'>Injuria</span> <span class='ocrx_word' id='word_1_161' title='bbox 694 1289 799 1339; x_wconf 78' lang='lat' dir='ltr'>regni</span> <span class='ocrx_word' id='word_1_162' title='bbox 840 1298 896 1326; x_wconf 88' lang='lat' dir='ltr'>est</span> <span class='ocrx_word' id='word_1_163' title='bbox 927 1298 963 1326; x_wconf 87' lang='lat' dir='ltr'>et</span> <span class='ocrx_word' id='word_1_164' title='bbox 990 1290 1207 1340; x_wconf 77' lang='lat' dir='ltr'>principum</span> <span class='ocrx_word' id='word_1_165' title='bbox 1240 1289 1345 1339; x_wconf 85' lang='lat' dir='ltr'>ejus,</span> <span class='ocrx_word' id='word_1_166' title='bbox 1376 1290 1407 1327; x_wconf 86' lang='lat' dir='ltr'>si</span> 
     </span>
     <span class='ocr_line' id='line_1_29' title="bbox 396 1350 1404 1402; baseline 0 -14"><span class='ocrx_word' id='word_1_167' title='bbox 396 1352 549 1401; x_wconf 79' lang='lat' dir='ltr'>negotia</span> <span class='ocrx_word' id='word_1_168' title='bbox 570 1351 680 1400; x_wconf 72' lang='lat' dir='ltr'>Regis</span> <span class='ocrx_word' id='word_1_169' title='bbox 704 1351 750 1387; x_wconf 89' lang='lat' dir='ltr'>de</span> <span class='ocrx_word' id='word_1_170' title='bbox 776 1351 860 1387; x_wconf 91' lang='lat' dir='ltr'>sinu</span> <span class='ocrx_word' id='word_1_171' title='bbox 881 1350 999 1400; x_wconf 89' lang='lat' dir='ltr'>ipsius</span> <span class='ocrx_word' id='word_1_172' title='bbox 1018 1364 1103 1387; x_wconf 90' lang='lat' dir='ltr'>cum</span> <span class='ocrx_word' id='word_1_173' title='bbox 1137 1351 1283 1401; x_wconf 87' lang='lat' dir='ltr'>impetu</span> <span class='ocrx_word' id='word_1_174' title='bbox 1310 1365 1404 1402; x_wconf 90' lang='lat' dir='ltr'>pro-</span> 
     </span>
     <span class='ocr_line' id='line_1_30' title="bbox 397 1411 1405 1462; baseline 0.001 -14"><span class='ocrx_word' id='word_1_175' title='bbox 397 1412 534 1449; x_wconf 85' lang='lat' dir='ltr'>cedant</span> <span class='ocrx_word' id='word_1_176' title='bbox 565 1411 613 1448; x_wconf 87' lang='lat' dir='ltr'>ad</span> <span class='ocrx_word' id='word_1_177' title='bbox 637 1411 852 1462; x_wconf 87' lang='lat' dir='ltr'>publicum,</span> <span class='ocrx_word' id='word_1_178' title='bbox 887 1419 924 1447; x_wconf 88' lang='lat' dir='ltr'>et</span> <span class='ocrx_word' id='word_1_179' title='bbox 954 1424 1031 1447; x_wconf 89' lang='lat' dir='ltr'>non</span> <span class='ocrx_word' id='word_1_180' title='bbox 1064 1420 1139 1447; x_wconf 86' lang='lat' dir='ltr'>tam</span> <span class='ocrx_word' id='word_1_181' title='bbox 1169 1412 1405 1462; x_wconf 88' lang='lat' dir='ltr'>circumspe—</span> 
     </span>
     <span class='ocr_line' id='line_1_31' title="bbox 396 1472 1407 1522; baseline -0.001 -12"><span class='ocrx_word' id='word_1_182' title='bbox 396 1482 471 1519; x_wconf 77' lang='lat' dir='ltr'>cto,</span> <span class='ocrx_word' id='word_1_183' title='bbox 493 1486 605 1522; x_wconf 87' lang='lat' dir='ltr'>quam</span> <span class='ocrx_word' id='word_1_184' title='bbox 628 1472 813 1522; x_wconf 81' lang='lat' dir='ltr'>praecipiti</span> <span class='ocrx_word' id='word_1_185' title='bbox 834 1472 1072 1521; x_wconf 77' lang='lat' dir='ltr'>explicentur</span> <span class='ocrx_word' id='word_1_186' title='bbox 1090 1473 1262 1509; x_wconf 89' lang='lat' dir='ltr'>consilio.</span> <span class='ocrx_word' id='word_1_187' title='bbox 1280 1473 1407 1509; x_wconf 88' lang='lat' dir='ltr'>Placet</span> 
     </span>
     <span class='ocr_line' id='line_1_32' title="bbox 395 1532 1408 1582; baseline 0 -13"><span class='ocrx_word' id='word_1_188' title='bbox 395 1534 510 1579; x_wconf 87' lang='lat' dir='ltr'>mihi,</span> <span class='ocrx_word' id='word_1_189' title='bbox 540 1542 578 1570; x_wconf 90' lang='lat' dir='ltr'>et</span> <span class='ocrx_word' id='word_1_190' title='bbox 605 1533 765 1569; x_wconf 91' lang='lat' dir='ltr'>multum</span> <span class='ocrx_word' id='word_1_191' title='bbox 791 1533 938 1582; x_wconf 86' lang='lat' dir='ltr'>placet,</span> <span class='ocrx_word' id='word_1_192' title='bbox 961 1533 1143 1581; x_wconf 88' lang='lat' dir='ltr'>quoniam</span> <span class='ocrx_word' id='word_1_193' title='bbox 1173 1536 1255 1569; x_wconf 82' lang='lat' dir='ltr'>Rex</span> <span class='ocrx_word' id='word_1_194' title='bbox 1288 1532 1408 1569; x_wconf 81' lang='lat' dir='ltr'>credit</span> 
     </span>
     <span class='ocr_line' id='line_1_33' title="bbox 393 1591 1407 1642; baseline -0.001 -12"><span class='ocrx_word' id='word_1_195' title='bbox 393 1593 522 1641; x_wconf 82' lang='lat' dir='ltr'>vobis,</span> <span class='ocrx_word' id='word_1_196' title='bbox 545 1602 582 1630; x_wconf 90' lang='lat' dir='ltr'>et</span> <span class='ocrx_word' id='word_1_197' title='bbox 603 1593 760 1630; x_wconf 82' lang='lat' dir='ltr'>confidit</span> <span class='ocrx_word' id='word_1_198' title='bbox 778 1593 816 1628; x_wconf 90' lang='lat' dir='ltr'>in</span> <span class='ocrx_word' id='word_1_199' title='bbox 838 1591 959 1628; x_wconf 75' lang='lat' dir='ltr'>vobis.</span> <span class='ocrx_word' id='word_1_200' title='bbox 978 1593 1062 1629; x_wconf 88' lang='lat' dir='ltr'>Seio</span> <span class='ocrx_word' id='word_1_201' title='bbox 1080 1592 1180 1628; x_wconf 90' lang='lat' dir='ltr'>enim</span> <span class='ocrx_word' id='word_1_202' title='bbox 1193 1622 1202 1639; x_wconf 84' lang='lat'>,</span> <span class='ocrx_word' id='word_1_203' title='bbox 1223 1593 1311 1642; x_wconf 87' lang='lat' dir='ltr'>quia</span> <span class='ocrx_word' id='word_1_204' title='bbox 1328 1596 1407 1629; x_wconf 86' lang='lat' dir='ltr'>Re-</span> 
     </span>
     <span class='ocr_line' id='line_1_34' title="bbox 394 1651 1406 1703; baseline -0.002 -13"><span class='ocrx_word' id='word_1_205' title='bbox 394 1666 478 1703; x_wconf 84' lang='lat' dir='ltr'>gem</span> <span class='ocrx_word' id='word_1_206' title='bbox 500 1662 537 1690; x_wconf 88' lang='lat' dir='ltr'>et</span> <span class='ocrx_word' id='word_1_207' title='bbox 556 1653 747 1690; x_wconf 89' lang='lat' dir='ltr'>honorem</span> <span class='ocrx_word' id='word_1_208' title='bbox 767 1652 873 1701; x_wconf 74' lang='lat' dir='ltr'>regni</span> <span class='ocrx_word' id='word_1_209' title='bbox 894 1651 996 1688; x_wconf 88' lang='lat' dir='ltr'>bona</span> <span class='ocrx_word' id='word_1_210' title='bbox 1024 1652 1266 1689; x_wconf 88' lang='lat' dir='ltr'>aemulatione</span> <span class='ocrx_word' id='word_1_211' title='bbox 1284 1665 1406 1688; x_wconf 82' lang='lat' dir='ltr'>aemu-</span> 
     </span>
     <span class='ocr_line' id='line_1_35' title="bbox 395 1713 1404 1763; baseline -0.002 -12"><span class='ocrx_word' id='word_1_212' title='bbox 395 1715 552 1760; x_wconf 89' lang='lat' dir='ltr'>lamini,</span> <span class='ocrx_word' id='word_1_213' title='bbox 586 1723 623 1751; x_wconf 85' lang='lat' dir='ltr'>et</span> <span class='ocrx_word' id='word_1_214' title='bbox 652 1715 729 1750; x_wconf 89' lang='lat' dir='ltr'>scio</span> <span class='ocrx_word' id='word_1_215' title='bbox 764 1713 1013 1749; x_wconf 84' lang='lat' dir='ltr'>nihilominus</span> <span class='ocrx_word' id='word_1_216' title='bbox 1045 1713 1221 1763; x_wconf 87' lang='lat' dir='ltr'>spiritum</span> <span class='ocrx_word' id='word_1_217' title='bbox 1258 1713 1404 1749; x_wconf 86' lang='lat' dir='ltr'>consilii</span> 
     </span>
    </p>
   </div>
   <div class='ocr_carea' id='block_1_15' title="bbox 1471 1049 2506 1769">
    <p class='ocr_par' dir='ltr' id='par_1_15' title="bbox 1473 1049 2506 1222">
     <span class='ocr_line' id='line_1_36' title="bbox 1475 1049 2506 1102; baseline 0.001 -14"><span class='ocrx_word' id='word_1_218' title='bbox 1475 1052 1525 1088; x_wconf 92' lang='lat' dir='ltr'>tia</span> <span class='ocrx_word' id='word_1_219' title='bbox 1554 1066 1625 1102; x_wconf 90' lang='lat' dir='ltr'>pro</span> <span class='ocrx_word' id='word_1_220' title='bbox 1656 1052 1816 1098; x_wconf 85' lang='lat' dir='ltr'>scelere,</span> <span class='ocrx_word' id='word_1_221' title='bbox 1839 1060 1877 1088; x_wconf 92' lang='lat' dir='ltr'>et</span> <span class='ocrx_word' id='word_1_222' title='bbox 1896 1052 2116 1089; x_wconf 91' lang='lat' dir='ltr'>innocentia</span> <span class='ocrx_word' id='word_1_223' title='bbox 2136 1066 2209 1102; x_wconf 89' lang='lat' dir='ltr'>pro</span> <span class='ocrx_word' id='word_1_224' title='bbox 2239 1052 2396 1088; x_wconf 88' lang='lat' dir='ltr'>crimine</span> <span class='ocrx_word' id='word_1_225' title='bbox 2416 1066 2476 1090; x_wconf 85' lang='lat' dir='ltr'>re·</span> <span class='ocrx_word' id='word_1_226' title='bbox 2502 1049 2506 1083; x_wconf 76' lang='grc' dir='ltr'>ἶ</span> 
     </span>
     <span class='ocr_line' id='line_1_37' title="bbox 1473 1111 2505 1162; baseline 0.002 -14"><span class='ocrx_word' id='word_1_227' title='bbox 1473 1115 1650 1162; x_wconf 79' lang='lat' dir='ltr'>putatur!</span> <span class='ocrx_word' id='word_1_228' title='bbox 1666 1112 1861 1148; x_wconf 84' lang='lat' dir='ltr'>Attendite</span> <span class='ocrx_word' id='word_1_229' title='bbox 1878 1111 2008 1159; x_wconf 85' lang='lat' dir='ltr'>vobis,</span> <span class='ocrx_word' id='word_1_230' title='bbox 2026 1112 2198 1162; x_wconf 84' lang='lat' dir='ltr'>episcopi</span> <span class='ocrx_word' id='word_1_231' title='bbox 2216 1127 2224 1148; x_wconf 92' lang='lat'>:</span> <span class='ocrx_word' id='word_1_232' title='bbox 2240 1120 2366 1149; x_wconf 73' lang='lat' dir='ltr'>vestra</span> <span class='ocrx_word' id='word_1_233' title='bbox 2380 1113 2473 1151; x_wconf 88' lang='lat' dir='ltr'>enim</span> <span class='ocrx_word' id='word_1_234' title='bbox 2503 1133 2505 1135; x_wconf 89' lang='grc'><em>·</em></span> 
     </span>
     <span class='ocr_line' id='line_1_38' title="bbox 1474 1167 2504 1222; baseline 0.001 -14"><span class='ocrx_word' id='word_1_235' title='bbox 1474 1185 1534 1208; x_wconf 86' lang='lat' dir='ltr'>res</span> <span class='ocrx_word' id='word_1_236' title='bbox 1552 1173 1695 1222; x_wconf 74' lang='lat' dir='ltr'>agitur,</span> <span class='ocrx_word' id='word_1_237' title='bbox 1715 1173 1839 1222; x_wconf 88' lang='lat' dir='ltr'>paries</span> <span class='ocrx_word' id='word_1_238' title='bbox 1857 1186 1943 1208; x_wconf 90' lang='lat' dir='ltr'>cum</span> <span class='ocrx_word' id='word_1_239' title='bbox 1966 1173 2165 1222; x_wconf 82' lang='lat' dir='ltr'>proximus</span> <span class='ocrx_word' id='word_1_240' title='bbox 2185 1172 2293 1209; x_wconf 86' lang='lat' dir='ltr'>ardet</span> <span class='ocrx_word' id='word_1_241' title='bbox 2306 1179 2330 1209; x_wconf 89' lang='lat'>¹.</span> <span class='ocrx_word' id='word_1_242' title='bbox 2502 1167 2504 1172; x_wconf 50' lang='grc'>’</span> 
     </span>
    </p>

    <p class='ocr_par' dir='ltr' id='par_1_16' title="bbox 1471 1232 2503 1769">
     <span class='ocr_line' id='line_1_39' title="bbox 1528 1232 2475 1283; baseline 0.003 -14"><span class='ocrx_word' id='word_1_243' title='bbox 1528 1234 1563 1269; x_wconf 90' lang='grc'>3.</span> <span class='ocrx_word' id='word_1_244' title='bbox 1586 1232 1703 1271; x_wconf 86' lang='lat' dir='ltr'>Vobis</span> <span class='ocrx_word' id='word_1_245' title='bbox 1725 1242 1868 1280; x_wconf 83' lang='lat' dir='ltr'>tamen,</span> <span class='ocrx_word' id='word_1_246' title='bbox 1897 1233 2074 1280; x_wconf 83' lang='lat' dir='ltr'>(lemine,</span> <span class='ocrx_word' id='word_1_247' title='bbox 2101 1233 2284 1283; x_wconf 85' lang='lat' dir='ltr'>quoniam</span> <span class='ocrx_word' id='word_1_248' title='bbox 2313 1241 2350 1270; x_wconf 90' lang='lat' dir='ltr'>et</span> <span class='ocrx_word' id='word_1_249' title='bbox 2375 1233 2475 1272; x_wconf 85' lang='lat' dir='ltr'>lateri</span> 
     </span>
     <span class='ocr_line' id='line_1_40' title="bbox 1473 1293 2503 1343; baseline 0.001 -13"><span class='ocrx_word' id='word_1_250' title='bbox 1473 1294 1586 1343; x_wconf 82' lang='lat' dir='ltr'>Regis</span> <span class='ocrx_word' id='word_1_251' title='bbox 1611 1294 1752 1330; x_wconf 88' lang='lat' dir='ltr'>arctius</span> <span class='ocrx_word' id='word_1_252' title='bbox 1766 1293 1982 1339; x_wconf 64' lang='lat' dir='ltr'>adhaeretis,</span> <span class='ocrx_word' id='word_1_253' title='bbox 1999 1302 2036 1330; x_wconf 90' lang='lat' dir='ltr'>et</span> <span class='ocrx_word' id='word_1_254' title='bbox 2049 1307 2096 1330; x_wconf 83' lang='lat' dir='ltr'>ex</span> <span class='ocrx_word' id='word_1_255' title='bbox 2110 1302 2205 1330; x_wconf 88' lang='lat' dir='ltr'>nutu</span> <span class='ocrx_word' id='word_1_256' title='bbox 2220 1302 2348 1330; x_wconf 82' lang='lat' dir='ltr'>vestro</span> <span class='ocrx_word' id='word_1_257' title='bbox 2367 1293 2476 1342; x_wconf 86' lang='lat' dir='ltr'>ipsius</span> <span class='ocrx_word' id='word_1_258' title='bbox 2501 1312 2503 1318; x_wconf 95' lang='lat'>·</span> 
     </span>
     <span class='ocr_line' id='line_1_41' title="bbox 1474 1353 2475 1404; baseline 0.001 -14"><span class='ocrx_word' id='word_1_259' title='bbox 1474 1354 1644 1404; x_wconf 86' lang='lat' dir='ltr'>pendent</span> <span class='ocrx_word' id='word_1_260' title='bbox 1665 1355 1836 1404; x_wconf 80' lang='lat' dir='ltr'>negotia3</span> <span class='ocrx_word' id='word_1_261' title='bbox 1859 1353 1967 1390; x_wconf 87' lang='lat' dir='ltr'>vobis</span> <span class='ocrx_word' id='word_1_262' title='bbox 1986 1353 2175 1391; x_wconf 91' lang='lat' dir='ltr'>incumbit</span> <span class='ocrx_word' id='word_1_263' title='bbox 2194 1367 2266 1404; x_wconf 89' lang='lat' dir='ltr'>pro</span> <span class='ocrx_word' id='word_1_264' title='bbox 2291 1354 2475 1391; x_wconf 84' lang='lat' dir='ltr'>consorti-</span> 
     </span>
     <span class='ocr_line' id='line_1_42' title="bbox 1472 1415 2501 1465; baseline -0.001 -13"><span class='ocrx_word' id='word_1_265' title='bbox 1472 1415 1544 1452; x_wconf 84' lang='lat' dir='ltr'>bus</span> <span class='ocrx_word' id='word_1_266' title='bbox 1560 1416 1693 1452; x_wconf 79' lang='lat' dir='ltr'>vestris</span> <span class='ocrx_word' id='word_1_267' title='bbox 1719 1415 1758 1452; x_wconf 89' lang='lat' dir='ltr'>id</span> <span class='ocrx_word' id='word_1_268' title='bbox 1782 1428 1892 1465; x_wconf 82' lang='lat' dir='ltr'>agere</span> <span class='ocrx_word' id='word_1_269' title='bbox 1917 1429 2004 1452; x_wconf 92' lang='lat' dir='ltr'>cum</span> <span class='ocrx_word' id='word_1_270' title='bbox 2034 1419 2158 1465; x_wconf 84' lang='lat' dir='ltr'>Rege,</span> <span class='ocrx_word' id='word_1_271' title='bbox 2186 1423 2230 1451; x_wconf 90' lang='lat' dir='ltr'>ut</span> <span class='ocrx_word' id='word_1_272' title='bbox 2249 1428 2326 1451; x_wconf 91' lang='lat' dir='ltr'>non</span> <span class='ocrx_word' id='word_1_273' title='bbox 2347 1427 2476 1452; x_wconf 85' lang='lat' dir='ltr'>accen-</span> <span class='ocrx_word' id='word_1_274' title='bbox 2500 1427 2501 1433; x_wconf 61' lang='lat'>¹</span> 
     </span>
     <span class='ocr_line' id='line_1_43' title="bbox 1475 1474 2476 1521; baseline 0 -9"><span class='ocrx_word' id='word_1_275' title='bbox 1475 1475 1538 1512; x_wconf 80' lang='lat' dir='ltr'>dat</span> <span class='ocrx_word' id='word_1_276' title='bbox 1559 1489 1718 1513; x_wconf 83' lang='lat' dir='ltr'>omnem</span> <span class='ocrx_word' id='word_1_277' title='bbox 1733 1476 1828 1512; x_wconf 90' lang='lat' dir='ltr'>iram</span> <span class='ocrx_word' id='word_1_278' title='bbox 1858 1489 1977 1513; x_wconf 85' lang='lat' dir='ltr'>suam.</span> <span class='ocrx_word' id='word_1_279' title='bbox 2002 1476 2096 1513; x_wconf 91' lang='lat' dir='ltr'>Dico</span> <span class='ocrx_word' id='word_1_280' title='bbox 2116 1474 2249 1521; x_wconf 86' lang='lat' dir='ltr'>vobis,</span> <span class='ocrx_word' id='word_1_281' title='bbox 2277 1475 2393 1512; x_wconf 91' lang='lat' dir='ltr'>homo</span> <span class='ocrx_word' id='word_1_282' title='bbox 2417 1475 2476 1513; x_wconf 88' lang='lat' dir='ltr'>ille</span> 
     </span>
     <span class='ocr_line' id='line_1_44' title="bbox 1473 1536 2476 1586; baseline 0.001 -14"><span class='ocrx_word' id='word_1_283' title='bbox 1473 1536 1754 1586; x_wconf 86' lang='lat' dir='ltr'>imperterritus</span> <span class='ocrx_word' id='word_1_284' title='bbox 1789 1545 1864 1582; x_wconf 90' lang='lat' dir='ltr'>est,</span> <span class='ocrx_word' id='word_1_285' title='bbox 1902 1536 2020 1573; x_wconf 91' lang='lat' dir='ltr'>homo</span> <span class='ocrx_word' id='word_1_286' title='bbox 2051 1545 2189 1586; x_wconf 87' lang='lat' dir='ltr'>potens</span> <span class='ocrx_word' id='word_1_287' title='bbox 2223 1536 2263 1572; x_wconf 91' lang='lat' dir='ltr'>in</span> <span class='ocrx_word' id='word_1_288' title='bbox 2291 1550 2406 1586; x_wconf 86' lang='lat' dir='ltr'>opere</span> <span class='ocrx_word' id='word_1_289' title='bbox 2441 1545 2476 1574; x_wconf 87' lang='lat' dir='ltr'>et</span> 
     </span>
     <span class='ocr_line' id='line_1_45' title="bbox 1473 1595 2501 1646; baseline 0.001 -14"><span class='ocrx_word' id='word_1_290' title='bbox 1473 1609 1650 1632; x_wconf 86' lang='lat' dir='ltr'>sermone</span> <span class='ocrx_word' id='word_1_291' title='bbox 1669 1612 1675 1632; x_wconf 92' lang='lat'>:</span> <span class='ocrx_word' id='word_1_292' title='bbox 1695 1596 1757 1632; x_wconf 72' lang='lat' dir='ltr'>vix</span> <span class='ocrx_word' id='word_1_293' title='bbox 1777 1596 1919 1645; x_wconf 89' lang='lat' dir='ltr'>poterit</span> <span class='ocrx_word' id='word_1_294' title='bbox 1936 1597 2047 1633; x_wconf 81' lang='lat' dir='ltr'>avelli</span> <span class='ocrx_word' id='word_1_295' title='bbox 2065 1610 2085 1633; x_wconf 91' lang='lat' dir='ltr'>a</span> <span class='ocrx_word' id='word_1_296' title='bbox 2102 1595 2283 1645; x_wconf 86' lang='lat' dir='ltr'>suojure.</span> <span class='ocrx_word' id='word_1_297' title='bbox 2300 1599 2475 1646; x_wconf 82' lang='lat' dir='ltr'>Magnum</span> <span class='ocrx_word' id='word_1_298' title='bbox 2497 1614 2501 1619; x_wconf 81' lang='grc'><em>·</em></span> 
     </span>
     <span class='ocr_line' id='line_1_46' title="bbox 1471 1655 2500 1697; baseline 0.005 -5"><span class='ocrx_word' id='word_1_299' title='bbox 1471 1657 1573 1693; x_wconf 90' lang='lat' dir='ltr'>enim</span> <span class='ocrx_word' id='word_1_300' title='bbox 1598 1657 1725 1693; x_wconf 86' lang='lat' dir='ltr'>locum</span> <span class='ocrx_word' id='word_1_301' title='bbox 1748 1655 1897 1693; x_wconf 85' lang='lat' dir='ltr'>obtinet</span> <span class='ocrx_word' id='word_1_302' title='bbox 1916 1657 1955 1693; x_wconf 90' lang='lat' dir='ltr'>in</span> <span class='ocrx_word' id='word_1_303' title='bbox 1977 1665 2077 1694; x_wconf 86' lang='lat' dir='ltr'>terra</span> <span class='ocrx_word' id='word_1_304' title='bbox 2093 1657 2169 1693; x_wconf 87' lang='lat' dir='ltr'>illa.</span> <span class='ocrx_word' id='word_1_305' title='bbox 2193 1657 2230 1695; x_wconf 93' lang='lat' dir='ltr'>Si</span> <span class='ocrx_word' id='word_1_306' title='bbox 2251 1670 2310 1693; x_wconf 89' lang='lat' dir='ltr'>res</span> <span class='ocrx_word' id='word_1_307' title='bbox 2332 1655 2476 1694; x_wconf 79' lang='lat' dir='ltr'>turbata</span> <span class='ocrx_word' id='word_1_308' title='bbox 2497 1676 2500 1697; x_wconf 69' lang='lat' dir='ltr'>e</span> 
     </span>
     <span class='ocr_line' id='line_1_47' title="bbox 1472 1716 2499 1769; baseline 0.001 -16"><span class='ocrx_word' id='word_1_309' title='bbox 1472 1717 1612 1763; x_wconf 88' lang='lat' dir='ltr'>fuerit,</span> <span class='ocrx_word' id='word_1_310' title='bbox 1648 1717 1757 1753; x_wconf 89' lang='lat' dir='ltr'>multi</span> <span class='ocrx_word' id='word_1_311' title='bbox 1793 1716 2075 1767; x_wconf 88' lang='lat' dir='ltr'>permanebunt</span> <span class='ocrx_word' id='word_1_312' title='bbox 2102 1730 2188 1753; x_wconf 89' lang='lat' dir='ltr'>eum</span> <span class='ocrx_word' id='word_1_313' title='bbox 2221 1730 2267 1753; x_wconf 92' lang='lat' dir='ltr'>eo</span> <span class='ocrx_word' id='word_1_314' title='bbox 2296 1717 2334 1753; x_wconf 89' lang='lat' dir='ltr'>in</span> <span class='ocrx_word' id='word_1_315' title='bbox 2358 1724 2499 1769; x_wconf 23' lang='lat' dir='ltr'>tenta-¹</span> 
     </span>
    </p>
   </div>
   <div class='ocr_carea' id='block_1_16' title="bbox 395 1774 2476 1828">
    <p class='ocr_par' dir='ltr' id='par_1_17' title="bbox 395 1770 2505 1828">
     <span class='ocr_line' id='line_1_48' title="bbox 395 1774 2476 1828; baseline 0.002 -16"><span class='ocrx_word' id='word_1_316' title='bbox 395 1788 475 1812; x_wconf 84' lang='lat' dir='ltr'>esse</span> <span class='ocrx_word' id='word_1_317' title='bbox 492 1775 704 1812; x_wconf 75' lang='lat' dir='ltr'>vobiscum.</span> <span class='ocrx_word' id='word_1_318' title='bbox 731 1778 787 1811; x_wconf 87' lang='lat' dir='ltr'>Ita</span> <span class='ocrx_word' id='word_1_319' title='bbox 809 1782 963 1824; x_wconf 84' lang='lat' dir='ltr'>oportet</span> <span class='ocrx_word' id='word_1_320' title='bbox 985 1789 992 1810; x_wconf 90' lang='lat'>:</span> <span class='ocrx_word' id='word_1_321' title='bbox 1015 1774 1076 1810; x_wconf 90' lang='lat' dir='ltr'>hic</span> <span class='ocrx_word' id='word_1_322' title='bbox 1096 1774 1211 1821; x_wconf 76' lang='lat' dir='ltr'>ordo,</span> <span class='ocrx_word' id='word_1_323' title='bbox 1243 1774 1322 1811; x_wconf 80' lang='lat' dir='ltr'>haec</span> <span class='ocrx_word' id='word_1_324' title='bbox 1345 1788 1403 1810; x_wconf 90' lang='lat' dir='ltr'>ra-</span> <span class='ocrx_word' id='word_1_325' title='bbox 1425 1778 1452 1814; x_wconf 93' lang='lat' dir='ltr'>C</span> <span class='ocrx_word' id='word_1_326' title='bbox 1474 1777 1640 1814; x_wconf 89' lang='lat' dir='ltr'>tionibus</span> <span class='ocrx_word' id='word_1_327' title='bbox 1660 1777 1755 1827; x_wconf 90' lang='lat' dir='ltr'>ejus.</span> <span class='ocrx_word' id='word_1_328' title='bbox 1776 1778 1909 1815; x_wconf 84' lang='lat' dir='ltr'>Videte</span> <span class='ocrx_word' id='word_1_329' title='bbox 1926 1791 2039 1828; x_wconf 84' lang='lat' dir='ltr'>ergo,</span> <span class='ocrx_word' id='word_1_330' title='bbox 2058 1791 2105 1814; x_wconf 87' lang='lat' dir='ltr'>ne</span> <span class='ocrx_word' id='word_1_331' title='bbox 2123 1778 2208 1828; x_wconf 87' lang='lat' dir='ltr'>quis</span> <span class='ocrx_word' id='word_1_332' title='bbox 2229 1778 2355 1814; x_wconf 81' lang='lat' dir='ltr'>oleum</span> <span class='ocrx_word' id='word_1_333' title='bbox 2377 1777 2476 1814; x_wconf 85' lang='lat' dir='ltr'>flam·</span> 
     </span>
    </p>
   </div>
   <div class='ocr_carea' id='block_1_17' title="bbox 393 1834 1406 2552">
    <p class='ocr_par' dir='ltr' id='par_1_18' title="bbox 393 1834 1406 2552">
     <span class='ocr_line' id='line_1_49' title="bbox 394 1834 1405 1882; baseline -0.001 -11"><span class='ocrx_word' id='word_1_334' title='bbox 394 1836 447 1872; x_wconf 90' lang='lat' dir='ltr'>tio</span> <span class='ocrx_word' id='word_1_335' title='bbox 462 1866 470 1882; x_wconf 91' lang='lat'>‚</span> <span class='ocrx_word' id='word_1_336' title='bbox 492 1837 553 1873; x_wconf 88' lang='lat' dir='ltr'>hic</span> <span class='ocrx_word' id='word_1_337' title='bbox 576 1836 711 1873; x_wconf 89' lang='lat' dir='ltr'>modus</span> <span class='ocrx_word' id='word_1_338' title='bbox 728 1834 916 1871; x_wconf 85' lang='lat' dir='ltr'>videndus</span> <span class='ocrx_word' id='word_1_339' title='bbox 937 1843 993 1870; x_wconf 85' lang='lat' dir='ltr'>est</span> <span class='ocrx_word' id='word_1_340' title='bbox 1014 1834 1050 1870; x_wconf 91' lang='lat' dir='ltr'>in</span> <span class='ocrx_word' id='word_1_341' title='bbox 1070 1834 1153 1871; x_wconf 81' lang='lat' dir='ltr'>viro</span> <span class='ocrx_word' id='word_1_342' title='bbox 1175 1835 1344 1879; x_wconf 84' lang='lat' dir='ltr'>consilii,</span> <span class='ocrx_word' id='word_1_343' title='bbox 1363 1842 1405 1871; x_wconf 89' lang='lat' dir='ltr'>ut</span> 
     </span>
     <span class='ocr_line' id='line_1_50' title="bbox 393 1895 1403 1948; baseline -0.005 -12"><span class='ocrx_word' id='word_1_344' title='bbox 393 1899 546 1948; x_wconf 81' lang='lat' dir='ltr'>diligat,</span> <span class='ocrx_word' id='word_1_345' title='bbox 565 1906 602 1933; x_wconf 88' lang='lat' dir='ltr'>et</span> <span class='ocrx_word' id='word_1_346' title='bbox 622 1897 772 1947; x_wconf 87' lang='lat' dir='ltr'>sapiens</span> <span class='ocrx_word' id='word_1_347' title='bbox 792 1896 851 1933; x_wconf 85' lang='lat' dir='ltr'>sit.</span> <span class='ocrx_word' id='word_1_348' title='bbox 879 1899 923 1932; x_wconf 88' lang='lat' dir='ltr'>In</span> <span class='ocrx_word' id='word_1_349' title='bbox 944 1909 1011 1931; x_wconf 87' lang='lat' dir='ltr'>ore</span> <span class='ocrx_word' id='word_1_350' title='bbox 1033 1895 1196 1931; x_wconf 89' lang='lat' dir='ltr'>duorum</span> <span class='ocrx_word' id='word_1_351' title='bbox 1218 1896 1377 1932; x_wconf 90' lang='lat' dir='ltr'>istorum</span> <span class='ocrx_word' id='word_1_352' title='bbox 1394 1924 1403 1942; x_wconf 82' lang='lat'>‚</span> 
     </span>
     <span class='ocr_line' id='line_1_51' title="bbox 393 1954 1404 2005; baseline -0.004 -9"><span class='ocrx_word' id='word_1_353' title='bbox 393 1960 431 1996; x_wconf 92' lang='lat' dir='ltr'>id</span> <span class='ocrx_word' id='word_1_354' title='bbox 453 1966 509 1995; x_wconf 86' lang='lat' dir='ltr'>est</span> <span class='ocrx_word' id='word_1_355' title='bbox 528 1957 740 1994; x_wconf 84' lang='lat' dir='ltr'>dilectionis</span> <span class='ocrx_word' id='word_1_356' title='bbox 758 1965 794 1992; x_wconf 88' lang='lat' dir='ltr'>et</span> <span class='ocrx_word' id='word_1_357' title='bbox 811 1955 1026 2005; x_wconf 63' lang='lat' dir='ltr'>sapientiae,</span> <span class='ocrx_word' id='word_1_358' title='bbox 1050 1954 1163 1991; x_wconf 88' lang='lat' dir='ltr'>stabit</span> <span class='ocrx_word' id='word_1_359' title='bbox 1183 1969 1297 1992; x_wconf 88' lang='lat' dir='ltr'>omne</span> <span class='ocrx_word' id='word_1_360' title='bbox 1316 1970 1404 1992; x_wconf 71' lang='lat' dir='ltr'>ver—</span> 
     </span>
     <span class='ocr_line' id='line_1_52' title="bbox 394 2016 1402 2063; baseline -0.004 -7"><span class='ocrx_word' id='word_1_361' title='bbox 394 2019 486 2056; x_wconf 90' lang='lat' dir='ltr'>bum</span> <span class='ocrx_word' id='word_1_362' title='bbox 505 2018 665 2055; x_wconf 88' lang='lat' dir='ltr'>consilii.</span> <span class='ocrx_word' id='word_1_363' title='bbox 690 2021 778 2054; x_wconf 78' lang='lat' dir='ltr'>Haec</span> <span class='ocrx_word' id='word_1_364' title='bbox 800 2016 876 2052; x_wconf 89' lang='lat' dir='ltr'>duo</span> <span class='ocrx_word' id='word_1_365' title='bbox 903 2016 932 2052; x_wconf 89' lang='lat' dir='ltr'>si</span> <span class='ocrx_word' id='word_1_366' title='bbox 950 2016 988 2052; x_wconf 90' lang='lat' dir='ltr'>in</span> <span class='ocrx_word' id='word_1_367' title='bbox 1010 2029 1126 2052; x_wconf 89' lang='lat' dir='ltr'>unum</span> <span class='ocrx_word' id='word_1_368' title='bbox 1149 2016 1402 2063; x_wconf 83' lang='lat' dir='ltr'>conveniant,</span> 
     </span>
     <span class='ocr_line' id='line_1_53' title="bbox 395 2076 1405 2130; baseline -0.004 -14"><span class='ocrx_word' id='word_1_369' title='bbox 395 2080 537 2130; x_wconf 90' lang='lat' dir='ltr'>poterit</span> <span class='ocrx_word' id='word_1_370' title='bbox 557 2087 730 2115; x_wconf 89' lang='lat' dir='ltr'>eructare</span> <span class='ocrx_word' id='word_1_371' title='bbox 749 2076 910 2113; x_wconf 85' lang='lat' dir='ltr'>verbum</span> <span class='ocrx_word' id='word_1_372' title='bbox 930 2076 1075 2113; x_wconf 89' lang='lat' dir='ltr'>bonum</span> <span class='ocrx_word' id='word_1_373' title='bbox 1088 2106 1097 2123; x_wconf 92' lang='lat'>,</span> <span class='ocrx_word' id='word_1_374' title='bbox 1117 2085 1154 2112; x_wconf 91' lang='lat' dir='ltr'>et</span> <span class='ocrx_word' id='word_1_375' title='bbox 1168 2076 1294 2113; x_wconf 89' lang='lat' dir='ltr'>dicere</span> <span class='ocrx_word' id='word_1_376' title='bbox 1315 2090 1405 2127; x_wconf 91' lang='lat' dir='ltr'>ope-</span> 
     </span>
     <span class='ocr_line' id='line_1_54' title="bbox 395 2137 1404 2187; baseline -0.003 -10"><span class='ocrx_word' id='word_1_377' title='bbox 395 2155 436 2177; x_wconf 83' lang='lat' dir='ltr'>ra</span> <span class='ocrx_word' id='word_1_378' title='bbox 459 2139 628 2176; x_wconf 85' lang='lat' dir='ltr'>facienda</span> <span class='ocrx_word' id='word_1_379' title='bbox 648 2138 738 2187; x_wconf 77' lang='lat' dir='ltr'>regi.</span> <span class='ocrx_word' id='word_1_380' title='bbox 762 2140 947 2174; x_wconf 74' lang='lat' dir='ltr'>Caeterum</span> <span class='ocrx_word' id='word_1_381' title='bbox 962 2166 971 2182; x_wconf 88' lang='lat'>‚</span> <span class='ocrx_word' id='word_1_382' title='bbox 1003 2137 1031 2173; x_wconf 89' lang='lat' dir='ltr'>si</span> <span class='ocrx_word' id='word_1_383' title='bbox 1057 2137 1116 2173; x_wconf 78' lang='lat' dir='ltr'>vel</span> <span class='ocrx_word' id='word_1_384' title='bbox 1139 2137 1292 2174; x_wconf 91' lang='lat' dir='ltr'>dilectio</span> <span class='ocrx_word' id='word_1_385' title='bbox 1313 2151 1404 2187; x_wconf 91' lang='lat' dir='ltr'>pru-</span> 
     </span>
     <span class='ocr_line' id='line_1_55' title="bbox 395 2196 1403 2248; baseline -0.004 -11"><span class='ocrx_word' id='word_1_386' title='bbox 395 2200 586 2246; x_wconf 81' lang='lat' dir='ltr'>dentiam,</span> <span class='ocrx_word' id='word_1_387' title='bbox 607 2199 667 2235; x_wconf 73' lang='lat' dir='ltr'>vel</span> <span class='ocrx_word' id='word_1_388' title='bbox 702 2197 905 2248; x_wconf 87' lang='lat' dir='ltr'>prudentia</span> <span class='ocrx_word' id='word_1_389' title='bbox 937 2196 1180 2233; x_wconf 87' lang='lat' dir='ltr'>dilectionem</span> <span class='ocrx_word' id='word_1_390' title='bbox 1213 2198 1331 2233; x_wconf 89' lang='lat' dir='ltr'>solam</span> <span class='ocrx_word' id='word_1_391' title='bbox 1364 2197 1403 2234; x_wconf 90' lang='lat' dir='ltr'>in</span> 
     </span>
     <span class='ocr_line' id='line_1_56' title="bbox 394 2257 1401 2304; baseline -0.005 -6"><span class='ocrx_word' id='word_1_392' title='bbox 394 2260 724 2298; x_wconf 78' lang='lat' dir='ltr'>administratione</span> <span class='ocrx_word' id='word_1_393' title='bbox 745 2257 891 2295; x_wconf 89' lang='lat' dir='ltr'>consilii</span> <span class='ocrx_word' id='word_1_394' title='bbox 910 2257 1143 2304; x_wconf 85' lang='lat' dir='ltr'>deseruerit,</span> <span class='ocrx_word' id='word_1_395' title='bbox 1178 2271 1235 2294; x_wconf 77' lang='lat' dir='ltr'>vae</span> <span class='ocrx_word' id='word_1_396' title='bbox 1268 2266 1378 2294; x_wconf 86' lang='lat' dir='ltr'>terrae</span> <span class='ocrx_word' id='word_1_397' title='bbox 1392 2287 1401 2303; x_wconf 89' lang='lat'>,</span> 
     </span>
     <span class='ocr_line' id='line_1_57' title="bbox 395 2318 1405 2371; baseline -0.005 -12"><span class='ocrx_word' id='word_1_398' title='bbox 395 2321 503 2371; x_wconf 86' lang='lat' dir='ltr'>cujus</span> <span class='ocrx_word' id='word_1_399' title='bbox 532 2334 598 2357; x_wconf 84' lang='lat' dir='ltr'>rex</span> <span class='ocrx_word' id='word_1_400' title='bbox 628 2334 723 2370; x_wconf 87' lang='lat' dir='ltr'>puer</span> <span class='ocrx_word' id='word_1_401' title='bbox 754 2319 838 2355; x_wconf 88' lang='lat' dir='ltr'>erit.</span> <span class='ocrx_word' id='word_1_402' title='bbox 875 2322 919 2355; x_wconf 91' lang='lat' dir='ltr'>In</span> <span class='ocrx_word' id='word_1_403' title='bbox 951 2318 1151 2354; x_wconf 82' lang='lat' dir='ltr'>consilium</span> <span class='ocrx_word' id='word_1_404' title='bbox 1173 2332 1307 2355; x_wconf 90' lang='lat' dir='ltr'>eorum</span> <span class='ocrx_word' id='word_1_405' title='bbox 1326 2331 1405 2355; x_wconf 90' lang='lat' dir='ltr'>non</span> 
     </span>
     <span class='ocr_line' id='line_1_58' title="bbox 394 2379 1406 2429; baseline -0.004 -10"><span class='ocrx_word' id='word_1_406' title='bbox 394 2383 523 2419; x_wconf 84' lang='lat' dir='ltr'>veniat</span> <span class='ocrx_word' id='word_1_407' title='bbox 543 2382 669 2418; x_wconf 89' lang='lat' dir='ltr'>anima</span> <span class='ocrx_word' id='word_1_408' title='bbox 688 2394 770 2417; x_wconf 87' lang='lat' dir='ltr'>mea</span> <span class='ocrx_word' id='word_1_409' title='bbox 784 2409 793 2426; x_wconf 88' lang='lat'><strong><em>,</em></strong></span> <span class='ocrx_word' id='word_1_410' title='bbox 813 2380 877 2429; x_wconf 86' lang='lat' dir='ltr'>qui</span> <span class='ocrx_word' id='word_1_411' title='bbox 900 2379 958 2415; x_wconf 86' lang='lat' dir='ltr'>vel</span> <span class='ocrx_word' id='word_1_412' title='bbox 981 2379 1180 2428; x_wconf 74' lang='lat' dir='ltr'>diligentes</span> <span class='ocrx_word' id='word_1_413' title='bbox 1201 2393 1283 2424; x_wconf 85' lang='lat' dir='ltr'>me,</span> <span class='ocrx_word' id='word_1_414' title='bbox 1312 2393 1406 2429; x_wconf 89' lang='lat' dir='ltr'>pru-</span> 
     </span>
     <span class='ocr_line' id='line_1_59' title="bbox 395 2439 1406 2490; baseline -0.004 -11"><span class='ocrx_word' id='word_1_415' title='bbox 395 2443 527 2479; x_wconf 83' lang='lat' dir='ltr'>dentes</span> <span class='ocrx_word' id='word_1_416' title='bbox 553 2456 631 2479; x_wconf 90' lang='lat' dir='ltr'>non</span> <span class='ocrx_word' id='word_1_417' title='bbox 661 2449 773 2487; x_wconf 83' lang='lat' dir='ltr'>sunt3</span> <span class='ocrx_word' id='word_1_418' title='bbox 803 2441 862 2477; x_wconf 73' lang='lat' dir='ltr'>vel</span> <span class='ocrx_word' id='word_1_419' title='bbox 885 2439 1116 2490; x_wconf 86' lang='lat' dir='ltr'>prudentes,</span> <span class='ocrx_word' id='word_1_420' title='bbox 1151 2453 1211 2476; x_wconf 89' lang='lat' dir='ltr'>me</span> <span class='ocrx_word' id='word_1_421' title='bbox 1237 2453 1314 2476; x_wconf 92' lang='lat' dir='ltr'>non</span> <span class='ocrx_word' id='word_1_422' title='bbox 1348 2439 1406 2476; x_wconf 92' lang='lat' dir='ltr'>di-</span> 
     </span>
     <span class='ocr_line' id='line_1_60' title="bbox 393 2498 1401 2552; baseline -0.004 -13"><span class='ocrx_word' id='word_1_423' title='bbox 393 2503 526 2552; x_wconf 78' lang='lat' dir='ltr'>ligunt.</span> <span class='ocrx_word' id='word_1_424' title='bbox 564 2502 623 2539; x_wconf 91' lang='lat' dir='ltr'>Sic</span> <span class='ocrx_word' id='word_1_425' title='bbox 658 2501 758 2538; x_wconf 86' lang='lat' dir='ltr'>enim</span> <span class='ocrx_word' id='word_1_426' title='bbox 799 2499 935 2536; x_wconf 88' lang='lat' dir='ltr'>cecidit</span> <span class='ocrx_word' id='word_1_427' title='bbox 964 2499 1077 2535; x_wconf 88' lang='lat' dir='ltr'>miser</span> <span class='ocrx_word' id='word_1_428' title='bbox 1102 2499 1165 2535; x_wconf 91' lang='lat' dir='ltr'>ille</span> <span class='ocrx_word' id='word_1_429' title='bbox 1198 2498 1319 2536; x_wconf 88' lang='lat' dir='ltr'>Adam</span> <span class='ocrx_word' id='word_1_430' title='bbox 1355 2499 1401 2535; x_wconf 93' lang='lat' dir='ltr'>de</span> 
     </span>
    </p>
   </div>
   <div class='ocr_carea' id='block_1_18' title="bbox 394 2557 1455 2611">
    <p class='ocr_par' dir='ltr' id='par_1_19' title="bbox 394 2557 1455 2611">
     <span class='ocr_line' id='line_1_61' title="bbox 394 2557 1455 2611; baseline -0.003 -12"><span class='ocrx_word' id='word_1_431' title='bbox 394 2562 574 2611; x_wconf 79' lang='lat' dir='ltr'>gradibus</span> <span class='ocrx_word' id='word_1_432' title='bbox 602 2561 822 2598; x_wconf 80' lang='lat' dir='ltr'>aeternitatis</span> <span class='ocrx_word' id='word_1_433' title='bbox 840 2588 849 2605; x_wconf 86' lang='lat'>,</span> <span class='ocrx_word' id='word_1_434' title='bbox 880 2558 1036 2609; x_wconf 85' lang='lat' dir='ltr'>quando</span> <span class='ocrx_word' id='word_1_435' title='bbox 1063 2557 1155 2595; x_wconf 86' lang='lat' dir='ltr'>abiit</span> <span class='ocrx_word' id='word_1_436' title='bbox 1185 2559 1222 2594; x_wconf 92' lang='lat' dir='ltr'>in</span> <span class='ocrx_word' id='word_1_437' title='bbox 1246 2560 1405 2596; x_wconf 88' lang='lat' dir='ltr'>consilio</span> <span class='ocrx_word' id='word_1_438' title='bbox 1422 2561 1455 2595; x_wconf 94' lang='lat' dir='ltr'>D</span> 
     </span>
    </p>
   </div>
   <div class='ocr_carea' id='block_1_19' title="bbox 394 2618 1405 2852">
    <p class='ocr_par' dir='ltr' id='par_1_20' title="bbox 394 2618 1402 2733">
     <span class='ocr_line' id='line_1_62' title="bbox 394 2618 1402 2673; baseline -0.003 -13"><span class='ocrx_word' id='word_1_439' title='bbox 394 2624 619 2673; x_wconf 82' lang='lat' dir='ltr'>impiorum,</span> <span class='ocrx_word' id='word_1_440' title='bbox 641 2625 730 2658; x_wconf 84' lang='lat' dir='ltr'>Evae</span> <span class='ocrx_word' id='word_1_441' title='bbox 759 2620 969 2669; x_wconf 81' lang='lat' dir='ltr'>diligentis,</span> <span class='ocrx_word' id='word_1_442' title='bbox 992 2618 1058 2656; x_wconf 92' lang='lat' dir='ltr'>sed</span> <span class='ocrx_word' id='word_1_443' title='bbox 1077 2632 1154 2655; x_wconf 92' lang='lat' dir='ltr'>non</span> <span class='ocrx_word' id='word_1_444' title='bbox 1176 2620 1402 2669; x_wconf 77' lang='lat' dir='ltr'>prudenti53</span> 
     </span>
     <span class='ocr_line' id='line_1_63' title="bbox 395 2679 1321 2733; baseline -0.004 -14"><span class='ocrx_word' id='word_1_445' title='bbox 395 2683 582 2733; x_wconf 85' lang='lat' dir='ltr'>serpentis</span> <span class='ocrx_word' id='word_1_446' title='bbox 604 2681 801 2732; x_wconf 86' lang='lat' dir='ltr'>prudentis</span> <span class='ocrx_word' id='word_1_447' title='bbox 817 2710 825 2726; x_wconf 87' lang='lat'>‚</span> <span class='ocrx_word' id='word_1_448' title='bbox 857 2679 921 2717; x_wconf 87' lang='lat' dir='ltr'>sed</span> <span class='ocrx_word' id='word_1_449' title='bbox 941 2679 1097 2715; x_wconf 89' lang='lat' dir='ltr'>minime</span> <span class='ocrx_word' id='word_1_450' title='bbox 1118 2679 1321 2728; x_wconf 81' lang='lat' dir='ltr'>diligentis.</span> 
     </span>
    </p>

    <p class='ocr_par' dir='ltr' id='par_1_21' title="bbox 394 2739 1405 2852">
     <span class='ocr_line' id='line_1_64' title="bbox 450 2739 1405 2791; baseline -0.003 -12"><span class='ocrx_word' id='word_1_451' title='bbox 450 2743 485 2779; x_wconf 82' lang='lat'>2.</span> <span class='ocrx_word' id='word_1_452' title='bbox 513 2742 612 2791; x_wconf 86' lang='lat' dir='ltr'>Quid</span> <span class='ocrx_word' id='word_1_453' title='bbox 634 2750 690 2778; x_wconf 86' lang='lat' dir='ltr'>est</span> <span class='ocrx_word' id='word_1_454' title='bbox 715 2740 818 2790; x_wconf 88' lang='lat' dir='ltr'>quod</span> <span class='ocrx_word' id='word_1_455' title='bbox 840 2739 1019 2776; x_wconf 89' lang='lat' dir='ltr'>dominus</span> <span class='ocrx_word' id='word_1_456' title='bbox 1041 2753 1147 2775; x_wconf 90' lang='lat' dir='ltr'>meus</span> <span class='ocrx_word' id='word_1_457' title='bbox 1168 2743 1252 2777; x_wconf 80' lang='lat' dir='ltr'>Rex</span> <span class='ocrx_word' id='word_1_458' title='bbox 1281 2741 1405 2777; x_wconf 86' lang='lat' dir='ltr'>archi-</span> 
     </span>
     <span class='ocr_line' id='line_1_65' title="bbox 394 2799 1403 2852; baseline -0.001 -13"><span class='ocrx_word' id='word_1_459' title='bbox 394 2803 615 2852; x_wconf 81' lang='lat' dir='ltr'>episcopum</span> <span class='ocrx_word' id='word_1_460' title='bbox 637 2801 954 2850; x_wconf 76' lang='lat' dir='ltr'>Burdegalensem</span> <span class='ocrx_word' id='word_1_461' title='bbox 967 2799 982 2822; x_wconf 79' lang='lat' dir='ltr'>b</span> <span class='ocrx_word' id='word_1_462' title='bbox 1001 2800 1189 2837; x_wconf 84' lang='lat' dir='ltr'>attrahere</span> <span class='ocrx_word' id='word_1_463' title='bbox 1211 2801 1346 2838; x_wconf 88' lang='lat' dir='ltr'>nititur</span> <span class='ocrx_word' id='word_1_464' title='bbox 1364 2801 1403 2838; x_wconf 87' lang='lat' dir='ltr'>in</span> 
     </span>
    </p>
   </div>
   <div class='ocr_carea' id='block_1_20' title="bbox 1472 1837 2497 1888">
    <p class='ocr_par' dir='ltr' id='par_1_22' title="bbox 1472 1837 2497 1888">
     <span class='ocr_line' id='line_1_66' title="bbox 1472 1837 2497 1888; baseline 0.001 -14"><span class='ocrx_word' id='word_1_465' title='bbox 1472 1852 1542 1875; x_wconf 83' lang='lat' dir='ltr'>mae</span> <span class='ocrx_word' id='word_1_466' title='bbox 1558 1837 1720 1888; x_wconf 88' lang='lat' dir='ltr'>adjiciat.</span> <span class='ocrx_word' id='word_1_467' title='bbox 1743 1839 2016 1888; x_wconf 81' lang='lat' dir='ltr'>Exstinguatur</span> <span class='ocrx_word' id='word_1_468' title='bbox 2033 1839 2149 1888; x_wconf 83' lang='lat' dir='ltr'>ignis,</span> <span class='ocrx_word' id='word_1_469' title='bbox 2166 1846 2370 1888; x_wconf 84' lang='lat' dir='ltr'>antequam</span> <span class='ocrx_word' id='word_1_470' title='bbox 2388 1851 2476 1875; x_wconf 87' lang='lat' dir='ltr'>eon·</span> <span class='ocrx_word' id='word_1_471' title='bbox 2496 1840 2497 1845; x_wconf 75' lang='grc'>’</span> 
     </span>
    </p>
   </div>
   <div class='ocr_carea' id='block_1_21' title="bbox 1469 1899 1909 1937">
    <p class='ocr_par' dir='ltr' id='par_1_23' title="bbox 1469 1899 1909 1937">
     <span class='ocr_line' id='line_1_67' title="bbox 1469 1899 1909 1937; baseline 0 -1"><span class='ocrx_word' id='word_1_472' title='bbox 1469 1900 1636 1937; x_wconf 75' lang='lat' dir='ltr'>valescat</span> <span class='ocrx_word' id='word_1_473' title='bbox 1655 1899 1876 1936; x_wconf 88' lang='lat' dir='ltr'>incendium</span> <span class='ocrx_word' id='word_1_474' title='bbox 1902 1915 1909 1936; x_wconf 78' lang='lat' dir='ltr'>z</span> 
     </span>
    </p>
   </div>
   <div class='ocr_carea' id='block_1_22' title="bbox 1583 2029 2370 2128">
    <p class='ocr_par' dir='ltr' id='par_1_24' title="bbox 1583 2029 2370 2128">
     <span class='ocr_line' id='line_1_68' title="bbox 1824 2029 2370 2072; baseline -0.002 -11"><span class='ocrx_word' id='word_1_475' title='bbox 1824 2032 1900 2062; x_wconf 83' lang='lat' dir='ltr'>Sero</span> <span class='ocrx_word' id='word_1_476' title='bbox 1923 2029 2035 2072; x_wconf 87' lang='lat' dir='ltr'>(enim)</span> <span class='ocrx_word' id='word_1_477' title='bbox 2055 2029 2209 2062; x_wconf 78' lang='lat' dir='ltr'>medicina</span> <span class='ocrx_word' id='word_1_478' title='bbox 2230 2035 2370 2071; x_wconf 84' lang='lat' dir='ltr'>paratur,</span> 
     </span>
     <span class='ocr_line' id='line_1_69' title="bbox 1583 2084 2314 2128; baseline -0.001 -11"><span class='ocrx_word' id='word_1_479' title='bbox 1583 2087 1661 2117; x_wconf 90' lang='lat' dir='ltr'>Cum</span> <span class='ocrx_word' id='word_1_480' title='bbox 1679 2084 1761 2115; x_wconf 83' lang='lat' dir='ltr'>mala</span> <span class='ocrx_word' id='word_1_481' title='bbox 1776 2095 1834 2128; x_wconf 87' lang='lat' dir='ltr'>per</span> <span class='ocrx_word' id='word_1_482' title='bbox 1848 2085 1956 2127; x_wconf 81' lang='lat' dir='ltr'>longas</span> <span class='ocrx_word' id='word_1_483' title='bbox 1972 2085 2159 2117; x_wconf 72' lang='lat' dir='ltr'>convaluere</span> <span class='ocrx_word' id='word_1_484' title='bbox 2175 2090 2314 2117; x_wconf 84' lang='lat' dir='ltr'>moras².</span> 
     </span>
    </p>
   </div>
   <div class='ocr_carea' id='block_1_23' title="bbox 1471 2225 1799 2234">
    <p class='ocr_par' dir='ltr' id='par_1_25' title="bbox 1471 2225 1799 2234">
     <span class='ocr_line' id='line_1_70' title="bbox 1471 2225 1799 2234; baseline 0 0"><span class='ocrx_word' id='word_1_485' title='bbox 1471 2225 1799 2234; x_wconf 52' lang='grc' dir='ltr'>ικνιιιιιιιιι-ικιιυιςιιι</span> 
     </span>
    </p>
   </div>
   <div class='ocr_carea' id='block_1_24' title="bbox 1564 2337 2396 2406">
    <p class='ocr_par' dir='ltr' id='par_1_26' title="bbox 1564 2337 2396 2406">
     <span class='ocr_line' id='line_1_71' title="bbox 1564 2337 2396 2406; baseline -0.001 -1"><span class='ocrx_word' id='word_1_486' title='bbox 1564 2348 1938 2406; x_wconf 88' lang='lat' dir='ltr'><strong>EPISTOLA</strong></span> <span class='ocrx_word' id='word_1_487' title='bbox 2006 2337 2396 2406; x_wconf 82' lang='lat' dir='ltr'>CCCXL111.‘¹</span> 
     </span>
    </p>
   </div>
   <div class='ocr_carea' id='block_1_25' title="bbox 1514 2506 2429 2530">
    <p class='ocr_par' dir='ltr' id='par_1_27' title="bbox 1514 2506 2429 2530">
     <span class='ocr_line' id='line_1_72' title="bbox 1514 2506 2429 2530; baseline 0 -1"><span class='ocrx_word' id='word_1_488' title='bbox 1514 2507 1705 2529; x_wconf 71' lang='lat' dir='ltr'>BERNARDI</span> <span class='ocrx_word' id='word_1_489' title='bbox 1742 2507 1889 2530; x_wconf 70' lang='lat' dir='ltr'>ABBATIS</span> <span class='ocrx_word' id='word_1_490' title='bbox 1932 2507 2032 2529; x_wconf 73' lang='lat' dir='ltr'>ITALI</span> <span class='ocrx_word' id='word_1_491' title='bbox 2069 2507 2117 2529; x_wconf 82' lang='lat' dir='ltr'>AD</span> <span class='ocrx_word' id='word_1_492' title='bbox 2155 2506 2429 2530; x_wconf 75' lang='lat' dir='ltr'><strong>INNOCENTIUM.</strong></span> 
     </span>
    </p>
   </div>
   <div class='ocr_carea' id='block_1_26' title="bbox 1473 2622 2494 2722">
    <p class='ocr_par' dir='ltr' id='par_1_28' title="bbox 1473 2622 2494 2722">
     <span class='ocr_line' id='line_1_73' title="bbox 1473 2622 2494 2666; baseline -0.003 -9"><span class='ocrx_word' id='word_1_493' title='bbox 1473 2623 1700 2666; x_wconf 79' lang='lat' dir='ltr'>Conqueritur,</span> <span class='ocrx_word' id='word_1_494' title='bbox 1728 2625 1812 2666; x_wconf 88' lang='lat' dir='ltr'>quod</span> <span class='ocrx_word' id='word_1_495' title='bbox 1838 2625 1869 2656; x_wconf 89' lang='lat' dir='ltr'>in</span> <span class='ocrx_word' id='word_1_496' title='bbox 1895 2625 2085 2656; x_wconf 84' lang='lat' dir='ltr'>monasterio</span> <span class='ocrx_word' id='word_1_497' title='bbox 2105 2625 2274 2656; x_wconf 79' lang='lat' dir='ltr'>Salvatoris</span> <span class='ocrx_word' id='word_1_498' title='bbox 2305 2623 2410 2656; x_wconf 77' lang='lat' dir='ltr'>omnia</span> <span class='ocrx_word' id='word_1_499' title='bbox 2429 2632 2470 2655; x_wconf 74' lang='lat' dir='ltr'>se-</span> <span class='ocrx_word' id='word_1_500' title='bbox 2487 2622 2494 2642; x_wconf 79' lang='lat'>·&#39;</span> 
     </span>
     <span class='ocr_line' id='line_1_74' title="bbox 1566 2678 2380 2722; baseline 0 -12"><span class='ocrx_word' id='word_1_501' title='bbox 1566 2678 1702 2710; x_wconf 86' lang='lat' dir='ltr'>cundum</span> <span class='ocrx_word' id='word_1_502' title='bbox 1732 2679 1890 2711; x_wconf 85' lang='lat' dir='ltr'>Pontificis</span> <span class='ocrx_word' id='word_1_503' title='bbox 1915 2679 2067 2722; x_wconf 88' lang='lat' dir='ltr'>promissa</span> <span class='ocrx_word' id='word_1_504' title='bbox 2092 2690 2156 2711; x_wconf 90' lang='lat' dir='ltr'>non</span> <span class='ocrx_word' id='word_1_505' title='bbox 2181 2679 2380 2721; x_wconf 85' lang='lat' dir='ltr'>contigerint.</span> 
     </span>
    </p>
   </div>
   <div class='ocr_carea' id='block_1_27' title="bbox 1471 2797 2471 2851">
    <p class='ocr_par' dir='ltr' id='par_1_29' title="bbox 1471 2797 2471 2851">
     <span class='ocr_line' id='line_1_75' title="bbox 1471 2797 2471 2851; baseline -0.005 -12"><span class='ocrx_word' id='word_1_506' title='bbox 1471 2801 1721 2839; x_wconf 87' lang='lat' dir='ltr'>Desiderabili</span> <span class='ocrx_word' id='word_1_507' title='bbox 1741 2802 1901 2839; x_wconf 90' lang='lat' dir='ltr'>domino</span> <span class='ocrx_word' id='word_1_508' title='bbox 1928 2810 1966 2839; x_wconf 88' lang='lat' dir='ltr'>et</span> <span class='ocrx_word' id='word_1_509' title='bbox 1998 2801 2242 2839; x_wconf 90' lang='lat' dir='ltr'>dilectissimo</span> <span class='ocrx_word' id='word_1_510' title='bbox 2264 2800 2383 2851; x_wconf 85' lang='lat' dir='ltr'>patri,</span> <span class='ocrx_word' id='word_1_511' title='bbox 2405 2797 2471 2836; x_wconf 91' lang='lat' dir='ltr'>Dei</span> 
     </span>
    </p>
   </div>
   <div class='ocr_carea' id='block_1_28' title="bbox 445 2953 2379 2996">
    <p class='ocr_par' dir='ltr' id='par_1_30' title="bbox 445 2953 2379 2996">
     <span class='ocr_line' id='line_1_76' title="bbox 445 2953 2379 2996; baseline 0 -10"><span class='ocrx_word' id='word_1_512' title='bbox 445 2961 453 2975; x_wconf 91' lang='lat'>¹</span> <span class='ocrx_word' id='word_1_513' title='bbox 476 2954 643 2991; x_wconf 77' lang='lat' dir='ltr'>Horatius,</span> <span class='ocrx_word' id='word_1_514' title='bbox 671 2953 881 2996; x_wconf 81' lang='lat' dir='ltr'>Epistolarum</span> <span class='ocrx_word' id='word_1_515' title='bbox 904 2953 985 2984; x_wconf 87' lang='lat' dir='ltr'>libro</span> <span class='ocrx_word' id='word_1_516' title='bbox 1011 2957 1017 2983; x_wconf 83' lang='grc'>1</span> <span class='ocrx_word' id='word_1_517' title='bbox 1040 2977 1047 2990; x_wconf 85' lang='grc'>,</span> <span class='ocrx_word' id='word_1_518' title='bbox 1073 2953 1161 2995; x_wconf 69' lang='lat' dir='ltr'>epist.</span> <span class='ocrx_word' id='word_1_519' title='bbox 1191 2957 1228 2984; x_wconf 77' lang='lat'>18</span> <span class='ocrx_word' id='word_1_520' title='bbox 1247 2979 1254 2989; x_wconf 85' lang='grc'>,</span> <span class='ocrx_word' id='word_1_521' title='bbox 1285 2966 1365 2988; x_wconf 67' lang='lat' dir='ltr'>vers„</span> <span class='ocrx_word' id='word_1_522' title='bbox 1393 2959 1448 2988; x_wconf 83' lang='grc'>84.</span> <span class='ocrx_word' id='word_1_523' title='bbox 1467 2974 1511 2979; x_wconf 88' lang='lat'>-—</span> <span class='ocrx_word' id='word_1_524' title='bbox 1534 2962 1547 2978; x_wconf 83' lang='lat'>2</span> <span class='ocrx_word' id='word_1_525' title='bbox 1566 2956 1716 2993; x_wconf 74' lang='lat' dir='ltr'>Ovidius,</span> <span class='ocrx_word' id='word_1_526' title='bbox 1740 2956 1779 2987; x_wconf 79' lang='lat' dir='ltr'>de</span> <span class='ocrx_word' id='word_1_527' title='bbox 1802 2957 1956 2988; x_wconf 82' lang='lat' dir='ltr'>Remedio</span> <span class='ocrx_word' id='word_1_528' title='bbox 1976 2956 2091 2988; x_wconf 85' lang='lat' dir='ltr'>amoris</span> <span class='ocrx_word' id='word_1_529' title='bbox 2105 2981 2112 2995; x_wconf 97' lang='lat'><strong>‚</strong></span> <span class='ocrx_word' id='word_1_530' title='bbox 2138 2967 2218 2988; x_wconf 73' lang='lat' dir='ltr'>vers.</span> <span class='ocrx_word' id='word_1_531' title='bbox 2241 2959 2278 2988; x_wconf 89' lang='grc'>91</span> <span class='ocrx_word' id='word_1_532' title='bbox 2295 2981 2304 2995; x_wconf 91' lang='grc'>,</span> <span class='ocrx_word' id='word_1_533' title='bbox 2325 2958 2379 2987; x_wconf 88' lang='grc'>92.</span> 
     </span>
    </p>
   </div>
   <div class='ocr_carea' id='block_1_29' title="bbox 439 3015 2467 3113">
    <p class='ocr_par' dir='ltr' id='par_1_31' title="bbox 439 3015 2467 3113">
     <span class='ocr_line' id='line_1_77' title="bbox 439 3015 2268 3060; baseline 0.002 -15"><span class='ocrx_word' id='word_1_534' title='bbox 439 3018 452 3033; x_wconf 78' lang='grc'>·”</span> <span class='ocrx_word' id='word_1_535' title='bbox 471 3015 607 3057; x_wconf 82' lang='lat' dir='ltr'>Epistola</span> <span class='ocrx_word' id='word_1_536' title='bbox 620 3025 700 3045; x_wconf 76' lang='lat' dir='ltr'>nova</span> <span class='ocrx_word' id='word_1_537' title='bbox 722 3024 729 3045; x_wconf 89' lang='lat'>:</span> <span class='ocrx_word' id='word_1_538' title='bbox 748 3024 817 3055; x_wconf 65' lang='lat' dir='ltr'>quse</span> <span class='ocrx_word' id='word_1_539' title='bbox 837 3024 910 3044; x_wconf 80' lang='lat' dir='ltr'>vero</span> <span class='ocrx_word' id='word_1_540' title='bbox 924 3020 1013 3044; x_wconf 85' lang='lat' dir='ltr'>antea</span> <span class='ocrx_word' id='word_1_541' title='bbox 1030 3015 1095 3044; x_wconf 77' lang='lat'>342</span> <span class='ocrx_word' id='word_1_542' title='bbox 1110 3020 1192 3051; x_wconf 79' lang='lat' dir='ltr'>erat,</span> <span class='ocrx_word' id='word_1_543' title='bbox 1211 3025 1295 3046; x_wconf 85' lang='lat' dir='ltr'>nunc</span> <span class='ocrx_word' id='word_1_544' title='bbox 1316 3019 1394 3048; x_wconf 83' lang='lat'><strong>383.</strong></span> <span class='ocrx_word' id='word_1_545' title='bbox 1415 3017 1537 3059; x_wconf 81' lang='lat' dir='ltr'>Scripta</span> <span class='ocrx_word' id='word_1_546' title='bbox 1550 3028 1633 3048; x_wconf 86' lang='lat' dir='ltr'>anno</span> <span class='ocrx_word' id='word_1_547' title='bbox 1653 3016 1767 3048; x_wconf 82' lang='lat' dir='ltr'>Christi</span> <span class='ocrx_word' id='word_1_548' title='bbox 1786 3020 1886 3049; x_wconf 79' lang='lat'>1140.</span> <span class='ocrx_word' id='word_1_549' title='bbox 1909 3017 1992 3049; x_wconf 83' lang='lat' dir='ltr'>Vide</span> <span class='ocrx_word' id='word_1_550' title='bbox 2008 3017 2172 3060; x_wconf 85' lang='lat' dir='ltr'>epistolam</span> <span class='ocrx_word' id='word_1_551' title='bbox 2188 3020 2268 3049; x_wconf 86' lang='lat'><strong>223.</strong></span> 
     </span>
     <span class='ocr_line' id='line_1_78' title="bbox 441 3066 2467 3113; baseline 0 -14"><span class='ocrx_word' id='word_1_552' title='bbox 441 3069 456 3090; x_wconf 73' lang='lat'>¹³</span> <span class='ocrx_word' id='word_1_553' title='bbox 475 3072 503 3099; x_wconf 90' lang='lat' dir='ltr'>Is</span> <span class='ocrx_word' id='word_1_554' title='bbox 516 3074 582 3099; x_wconf 87' lang='lat' dir='ltr'>tum</span> <span class='ocrx_word' id='word_1_555' title='bbox 604 3073 669 3098; x_wconf 82' lang='lat' dir='ltr'>erat</span> <span class='ocrx_word' id='word_1_556' title='bbox 686 3066 854 3097; x_wconf 74' lang='lat' dir='ltr'>Gaul&#39;ridus</span> <span class='ocrx_word' id='word_1_557' title='bbox 869 3066 908 3096; x_wconf 86' lang='lat' dir='ltr'>dc</span> <span class='ocrx_word' id='word_1_558' title='bbox 926 3067 1087 3097; x_wconf 85' lang='lat' dir='ltr'>Loratorio</span> <span class='ocrx_word' id='word_1_559' title='bbox 1099 3090 1106 3103; x_wconf 80' lang='lat'>,</span> <span class='ocrx_word' id='word_1_560' title='bbox 1123 3067 1172 3098; x_wconf 89' lang='lat' dir='ltr'>cui</span> <span class='ocrx_word' id='word_1_561' title='bbox 1192 3068 1332 3099; x_wconf 88' lang='lat' dir='ltr'>nondum</span> <span class='ocrx_word' id='word_1_562' title='bbox 1350 3069 1584 3113; x_wconf 85' lang='lat' dir='ltr'>archiepiscopo</span> <span class='ocrx_word' id='word_1_563' title='bbox 1609 3070 1722 3112; x_wconf 89' lang='lat' dir='ltr'>scripta</span> <span class='ocrx_word' id='word_1_564' title='bbox 1747 3076 1794 3101; x_wconf 84' lang='lat' dir='ltr'>est</span> <span class='ocrx_word' id='word_1_565' title='bbox 1816 3071 1946 3112; x_wconf 84' lang='lat' dir='ltr'>epistola</span> <span class='ocrx_word' id='word_1_566' title='bbox 1970 3075 2043 3102; x_wconf 80' lang='lat'><strong>125.</strong></span> <span class='ocrx_word' id='word_1_567' title='bbox 2061 3073 2098 3101; x_wconf 91' lang='lat' dir='ltr'>In</span> <span class='ocrx_word' id='word_1_568' title='bbox 2116 3070 2206 3101; x_wconf 88' lang='lat' dir='ltr'>editis</span> <span class='ocrx_word' id='word_1_569' title='bbox 2231 3069 2298 3101; x_wconf 84' lang='lat' dir='ltr'>haec</span> <span class='ocrx_word' id='word_1_570' title='bbox 2323 3069 2403 3100; x_wconf 88' lang='lat' dir='ltr'>male</span> <span class='ocrx_word' id='word_1_571' title='bbox 2424 3066 2467 3099; x_wconf 85' lang='lat' dir='ltr'>di-</span> 
     </span>
    </p>
   </div>
   <div class='ocr_carea' id='block_1_30' title="bbox 392 3122 884 3157">
    <p class='ocr_par' dir='ltr' id='par_1_32' title="bbox 392 3122 884 3157">
     <span class='ocr_line' id='line_1_79' title="bbox 392 3122 884 3157; baseline -0.012 0"><span class='ocrx_word' id='word_1_572' title='bbox 392 3130 476 3157; x_wconf 79' lang='lat' dir='ltr'>recta</span> <span class='ocrx_word' id='word_1_573' title='bbox 495 3122 640 3154; x_wconf 85' lang='lat' dir='ltr'>scribitur</span> <span class='ocrx_word' id='word_1_574' title='bbox 659 3122 698 3153; x_wconf 87' lang='lat' dir='ltr'>ad</span> <span class='ocrx_word' id='word_1_575' title='bbox 718 3124 735 3152; x_wconf 92' lang='lat' dir='ltr'>J</span> <span class='ocrx_word' id='word_1_576' title='bbox 740 3132 884 3152; x_wconf 87' lang='lat' dir='ltr'>oannem.</span> 
     </span>
    </p>
   </div>
   <div class='ocr_carea' id='block_1_31' title="bbox 438 3174 2468 3220">
    <p class='ocr_par' dir='ltr' id='par_1_33' title="bbox 438 3174 2468 3220">
     <span class='ocr_line' id='line_1_80' title="bbox 438 3174 2468 3220; baseline -0.001 -13"><span class='ocrx_word' id='word_1_577' title='bbox 438 3183 451 3198; x_wconf 60' lang='grc' dir='ltr'>ἒ</span> <span class='ocrx_word' id='word_1_578' title='bbox 469 3175 690 3207; x_wconf 85' lang='lat' dir='ltr'>Grimoardurn</span> <span class='ocrx_word' id='word_1_579' title='bbox 705 3199 712 3213; x_wconf 93' lang='lat'>,</span> <span class='ocrx_word' id='word_1_580' title='bbox 734 3186 771 3206; x_wconf 86' lang='lat' dir='ltr'>ex</span> <span class='ocrx_word' id='word_1_581' title='bbox 788 3174 901 3205; x_wconf 84' lang='lat' dir='ltr'>abbate</span> <span class='ocrx_word' id='word_1_582' title='bbox 919 3177 952 3205; x_wconf 85' lang='lat' dir='ltr'>B.</span> <span class='ocrx_word' id='word_1_583' title='bbox 973 3175 1082 3206; x_wconf 65' lang='lat' dir='ltr'>Mai—im</span> <span class='ocrx_word' id='word_1_584' title='bbox 1108 3175 1147 3205; x_wconf 86' lang='lat' dir='ltr'>de</span> <span class='ocrx_word' id='word_1_585' title='bbox 1169 3176 1301 3207; x_wconf 76' lang='lat' dir='ltr'>Allodiis</span> <span class='ocrx_word' id='word_1_586' title='bbox 1325 3188 1331 3208; x_wconf 93' lang='lat'>:</span> <span class='ocrx_word' id='word_1_587' title='bbox 1350 3179 1437 3219; x_wconf 73' lang='lat' dir='ltr'>cujus</span> <span class='ocrx_word' id='word_1_588' title='bbox 1463 3178 1572 3209; x_wconf 73' lang='lat' dir='ltr'>electio</span> <span class='ocrx_word' id='word_1_589' title='bbox 1593 3188 1676 3208; x_wconf 85' lang='lat' dir='ltr'>anno</span> <span class='ocrx_word' id='word_1_590' title='bbox 1703 3179 1808 3215; x_wconf 75' lang='lat'>1140,</span> <span class='ocrx_word' id='word_1_591' title='bbox 1834 3176 1914 3208; x_wconf 82' lang='lat' dir='ltr'>sacta</span> <span class='ocrx_word' id='word_1_592' title='bbox 1928 3201 1936 3216; x_wconf 96' lang='lat'>,</span> <span class='ocrx_word' id='word_1_593' title='bbox 1953 3177 2134 3219; x_wconf 84' lang='lat' dir='ltr'>aliquandiu</span> <span class='ocrx_word' id='word_1_594' title='bbox 2159 3184 2306 3220; x_wconf 82' lang='lat' dir='ltr'>suspensa</span> <span class='ocrx_word' id='word_1_595' title='bbox 2334 3175 2390 3207; x_wconf 81' lang='lat' dir='ltr'>suit</span> <span class='ocrx_word' id='word_1_596' title='bbox 2414 3183 2468 3218; x_wconf 80' lang='lat' dir='ltr'>per</span> 
     </span>
    </p>
   </div>
   <div class='ocr_carea' id='block_1_32' title="bbox 391 3231 675 3265">
    <p class='ocr_par' dir='ltr' id='par_1_34' title="bbox 391 3231 675 3265">
     <span class='ocr_line' id='line_1_81' title="bbox 391 3231 675 3265; baseline -0.018 0"><span class='ocrx_word' id='word_1_597' title='bbox 391 3231 583 3265; x_wconf 68' lang='lat' dir='ltr'>Lutlovicum</span> <span class='ocrx_word' id='word_1_598' title='bbox 599 3233 628 3261; x_wconf 88' lang='lat' dir='ltr'>V</span> <span class='ocrx_word' id='word_1_599' title='bbox 635 3233 675 3260; x_wconf 88' lang='lat' dir='ltr'>tl.</span> 
     </span>
    </p>
   </div>
   <div class='ocr_carea' id='block_1_33' title="bbox 438 3284 1891 3328">
    <p class='ocr_par' dir='ltr' id='par_1_35' title="bbox 438 3284 1891 3328">
     <span class='ocr_line' id='line_1_82' title="bbox 438 3284 1891 3328; baseline 0 -12"><span class='ocrx_word' id='word_1_600' title='bbox 438 3285 453 3306; x_wconf 61' lang='lat'>‘¹</span> <span class='ocrx_word' id='word_1_601' title='bbox 468 3284 604 3327; x_wconf 86' lang='lat' dir='ltr'>Epistola</span> <span class='ocrx_word' id='word_1_602' title='bbox 618 3294 698 3314; x_wconf 71' lang='lat' dir='ltr'>nova</span> <span class='ocrx_word' id='word_1_603' title='bbox 715 3293 721 3313; x_wconf 79' lang='lat' dir='ltr'><em>z</em></span> <span class='ocrx_word' id='word_1_604' title='bbox 740 3294 808 3324; x_wconf 68' lang='lat' dir='ltr'>quac</span> <span class='ocrx_word' id='word_1_605' title='bbox 826 3293 898 3312; x_wconf 59' lang='lat' dir='ltr'>vcro</span> <span class='ocrx_word' id='word_1_606' title='bbox 916 3289 1003 3313; x_wconf 78' lang='lat' dir='ltr'>autea</span> <span class='ocrx_word' id='word_1_607' title='bbox 1025 3284 1089 3313; x_wconf 68' lang='lat'>:3213</span> <span class='ocrx_word' id='word_1_608' title='bbox 1109 3288 1189 3318; x_wconf 68' lang='lat' dir='ltr'>(rat,</span> <span class='ocrx_word' id='word_1_609' title='bbox 1213 3294 1293 3314; x_wconf 74' lang='lat' dir='ltr'>nunc</span> <span class='ocrx_word' id='word_1_610' title='bbox 1317 3288 1357 3316; x_wconf 81' lang='lat'>38</span> <span class='ocrx_word' id='word_1_611' title='bbox 1371 3287 1393 3316; x_wconf 66' lang='grc'>’4.</span> <span class='ocrx_word' id='word_1_612' title='bbox 1412 3285 1531 3328; x_wconf 77' lang='lat' dir='ltr'>Scripta</span> <span class='ocrx_word' id='word_1_613' title='bbox 1552 3297 1634 3317; x_wconf 85' lang='lat' dir='ltr'>anno</span> <span class='ocrx_word' id='word_1_614' title='bbox 1655 3285 1770 3317; x_wconf 75' lang='lat' dir='ltr'>Christi</span> <span class='ocrx_word' id='word_1_615' title='bbox 1792 3288 1801 3316; x_wconf 87' lang='grc'>1</span> <span class='ocrx_word' id='word_1_616' title='bbox 1816 3287 1891 3316; x_wconf 73' lang='grc' dir='ltr'>ΗΟ.</span> 
     </span>
    </p>
   </div>
   <div class='ocr_carea' id='block_1_34' title="bbox 1800 2222 2493 2236">
    <p class='ocr_par' dir='ltr' id='par_1_36' title="bbox 1800 2222 2493 2236">
     <span class='ocr_line' id='line_1_83' title="bbox 1800 2222 2493 2236; baseline -0.003 -2"><span class='ocrx_word' id='word_1_617' title='bbox 1800 2225 1929 2235; x_wconf 49' lang='lat' dir='ltr'>xxxv-um</span> <span class='ocrx_word' id='word_1_618' title='bbox 1934 2223 2446 2235; x_wconf 53' lang='lat' dir='ltr'>:xxmununmssnmnwswssswwnuua</span> <span class='ocrx_word' id='word_1_619' title='bbox 2452 2222 2475 2232; x_wconf 84' lang='lat'>==</span> <span class='ocrx_word' id='word_1_620' title='bbox 2492 2232 2493 2236; x_wconf 58' lang='grc'>,</span> 
     </span>
    </p>
   </div>
  </div>
 </body>
</html>
