2517 3920
359 277 432 316 ἱ)47

360 374 373 385 n
393 359 446 401 qui
463 357 564 390 adhuc
580 363 761 400 computare
775 367 839 387 non
861 361 991 387 cessant.
1012 371 1025 382 u
1043 355 1074 387 Si
1091 365 1181 396 quem
1199 353 1278 384 forte
1298 362 1361 382 ma-

360 412 404 453 gis
417 412 520 453 lepida
537 417 566 443 et
583 411 711 442 ridicula
729 409 932 441 fanaticorum
949 408 1109 439 hominum
1124 407 1162 437 de
1179 406 1240 436 fine
1254 404 1361 435 mundi

361 465 527 506 praesagia‚
551 470 603 495 aut
629 464 732 506 potius
753 463 873 493 somnia
890 468 920 493 et
938 461 1140 492 deliramenta
1156 460 1257 499 legere
1282 454 1364 488 11010-

362 523 423 548 ctat
435 542 443 556 ,
465 517 555 548 adeat
572 517 728 548 Tilmanni
746 514 990 551 Bredenbachii,
1010 513 1067 543 x‘iri
1084 511 1231 554 piissimi,
1251 517 1281 541 et
1297 510 1365 540 illu-

363 570 433 601 stris
460 570 603 601 Ecclesiae
636 568 903 601 Sancti-Gereonis
933 566 984 597 hic
1013 565 1170 607 quondam
1199 562 1361 598 canonici,

364 623 552 654 Collationes
565 633 678 660 sacras,
696 622 750 653 lib.
769 625 800 659 7,
817 631 905 662 capp.
923 623 978 657 32,
997 621 1038 650 33
1055 628 1063 648 ε
1079 617 1168 648 adeat
1188 615 1365 648 Cochlzeum

365 675 397 706 in
408 676 494 707 Actis
507 675 645 712 Lutheri,
659 685 741 705 anno
758 676 841 704 1533
855 684 862 711 ;
876 672 1065 703 Fridericum
1080 673 1235 701 'Nauseam
1249 669 1367 709 episco-

368 738 443 769 pum
457 729 679 764 Viennensem,
699 727 779 757 libro
807 726 846 756 de
871 723 1144 757 Consummatione
1170 721 1290 758 saeculi3
1317 720 1365 751 vel

367 791 432 821 prae
459 780 576 812 caeteris
592 778 824 810 Florimundum
838 802 846 815 ,
866 778 904 808 de
921 780 1077 818 Progress.
1102 775 1211 806 haeres.
1238 774 1292 805 lib.
1321 777 1339 804 2
1355 797 1362 810 ‚

368 843 435 874 cap.
456 835 472 863 4
486 857 493 871 ,
518 840 546 864 et
565 833 618 863 lib.
643 833 680 863 de
701 831 913 867 Antichristo,
935 840 1003 871 cap.
1030 832 1068 866 73
1088 828 1222 868 deniqne
1244 830 1366 868 Harpo-

367 892 483 916 cratem
497 886 636 916 divinum
651 884 788 916 Remacli
804 884 842 914 de
854 884 970 914 Vaulx.
983 885 1057 912 Haec
1071 881 1233 911 occasione
1247 890 1365 910 memo·

367 938 425 968 rati
440 938 478 969 de
489 938 680 969 Antichristo
697 936 831 967 vaticinii
845 944 1090 966 commemorare
1104 933 1203 963 visum
1218 939 1281 971 est,
1302 943 1368 963 non

367 996 469 1021 tamen
487 992 518 1021 111
536 990 778 1031 suggillationem
795 987 962 1025 Norberti,
981 986 1039 1017 viri
1051 985 1252 1024 sanctissimi,
1275 996 1367 1027 quem

365 1053 458 1083 supra
477 1057 488 1068 u
504 1042 637 1072 fistulam
649 1042 802 1072 coelestem
820 1056 831 1067 n
850 1039 1026 1071 Bernardus
1043 1039 1189 1080 appellat.
1202 1040 1269 1069 Nec
1283 1038 1367 1069 enim

364 1095 446 1125 solus
460 1094 543 1136 ipse,
559 1094 611 1125 sed
626 1100 656 1124 et
675 1095 778 1135 plures
797 1099 974 1124 sanctorum
996 1096 1122 1123 Patrum
1144 1092 1238 1122 finem
1258 1092 1367 1122 mundi

364 1158 418 1180 suo
447 1153 586 1188 tempore
611 1146 693 1177 haud
723 1147 832 1188 procul
859 1145 967 1176 abesse
995 1144 1130 1186 opinati,
1159 1150 1211 1175 aut
1237 1144 1368 1176 ominati

362 1206 433 1230 sunt
457 1210 464 1230 :
485 1200 527 1230 uti
549 1200 629 1230 inter
650 1206 776 1230 caeteros
791 1224 797 1237 ,
815 1199 1038 1235 Tertullianus,
1057 1197 1138 1229 libro
1161 1197 1200 1228 de
1223 1200 1308 1239 Fuga
1333 1199 1364 1229 111

361 1263 479 1294 persec.
498 1263 565 1294 cap.
587 1255 644 1290 12;
672 1253 863 1295 Cyprianus,
883 1251 986 1293 epistt.
1012 1255 1053 1282 56
1066 1275 1074 1287 ‚
1093 1254 1132 1282 58
1147 1276 1153 1287 ‚
1173 1254 1214 1282 63
1228 1263 1237 1289 ζ
1252 1251 1366 1282 Hiero-

361 1316 482 1348 nymus,
503 1306 592 1348 epist.
616 1305 655 1336 ad
668 1305 822 1347 Agernch.
839 1305 886 1336 vet
901 1308 1040 1343 Geront;
1059 1308 1121 1336 Leo
1133 1328 1140 1341 ,
1161 1315 1252 1335 serm.
1269 1308 1286 1336 8
1301 1329 1309 1343 ,
1327 1305 1366 1336 de

361 1359 465 1400 Jejun.
481 1358 591 1390 decimi
606 1360 719 1390 mensis
733 1371 739 1397 3
756 1359 886 1390 Basilius
900 1383 907 1397 ,
924 1359 1013 1400 epist.
1033 1361 1070 1390 71
1087 1370 1094 1395 ;
1112 1357 1362 1400 Chrysostomus,

360 1411 487 1443 homilia
506 1415 547 1443 33
565 1412 597 1443 in
617 1415 637 1443 J
640 1423 788 1450 oannem3
806 1412 1006 1448 Ambrosius,
1021 1411 1163 1442 oratione
1175 1412 1207 1442 in
1222 1414 1366 1455 Satyrum

359 1464 431 1495 frat.
448 1466 634 1507 Gregorius,
659 1466 714 1497 lib.
739 1468 757 1496 4
770 1489 778 1504 ,
803 1466 893 1508 epist.
914 1468 955 1497 72
968 1489 975 1503 ,
996 1471 1025 1496 et
1044 1464 1172 1496 homilia
1194 1468 1204 1496 l
1224 1472 1253 1496 et
1277 1470 1314 1497 15
1333 1468 1365 1498 in

359 1518 578 1559 Evangelium3
597 1519 772 1549 Bernardus
786 1544 793 1557 ,
813 1530 905 1550 serm.
928 1523 959 1557 6,
984 1518 1017 1549 in
1039 1519 1119 1549 Psal.
1137 1530 1196 1556 xc3
1224 1519 1364 1551 Vincen-

358 1571 418 1602 tius
435 1574 458 1602 F
461 1571 610 1611 errerius,
631 1572 758 1603 Ordinis
774 1572 902 1604 Praedic.
918 1572 1008 1614 epist.
1031 1572 1070 1602 ad
1088 1572 1289 1604 Benedictum
1309 1585 1366 1616 pa-

357 1634 448 1666 pam,
472 1630 501 1654 et
524 1624 628 1665 plures
655 1624 718 1656 alii.
741 1625 801 1656 Sed
827 1624 955 1656 adverte
980 1625 1072 1666 longe
1096 1625 1218 1656 diversa
1243 1627 1366 1659 ratione

358 1677 440 1708 viros
457 1683 577 1707 sanctos
603 1677 642 1708 de
666 1678 729 1708 fine
750 1677 859 1708 mundi
883 1678 1022 1716 locutos,
1050 1688 1143 1720 quam
1169 1690 1246 1720 quos
1271 1690 1365 1722 supra

358 1730 567 1761 meminimus.
592 1731 640 1760 Illi
675 1731 758 1761 enim
790 1731 839 1761 vel
864 1742 901 1762 ex
928 1731 1146 1763 observatione
1173 1732 1309 1764 siderum
1335 1741 1366 1766 et

357 1783 552 1825 planetarum
577 1784 659 1825 (quae
684 1784 747 1815 fere
764 1784 795 1815 in
812 1785 878 1815 aliis
896 1784 1169 1826 praedictionibus,
1185 1786 1238 1816 sed
1257 1787 1289 1816 in
1305 1786 1364 1819 hac

355 1836 508 1873 maxime,
531 1836 621 1867 nimis
645 1836 737 1868 fallax
751 1838 823 1879 est),
844 1838 891 1868 vel
919 1849 956 1869 ex
982 1838 1169 1880 quibusdam
1196 1839 1363 1881 Scriptura}

357 1889 516 1920 sententiis
538 1889 570 1920 in
592 1890 701 1920 falsum
723 1902 845 1921 sensum
868 1891 1013 1929 detortis,
1034 1892 1083 1922 vel
1100 1892 1165 1922 sola
1190 1893 1362 1924 mentiendi

357 1948 388 1973 et
406 1942 532 1973 fallendi
550 1942 680 1973 libidine
691 1968 698 1980 ,
721 1944 771 1974 vel
788 1944 889 1975 studio
906 1945 1065 1986 popularis
1085 1956 1168 1975 aurae
1185 1952 1215 1976 et
1232 1957 1361 1978 venera-

357 1995 467 2033 tionis,
491 1995 667 2037 hujusmodi
687 2004 861 2029 commenta
878 2004 1069 2039 sparserunt.
1090 2001 1131 2029 At
1156 1999 1254 2030 sancti
1280 2000 1359 2039 viri,

356 2047 487 2079 horrore,
515 2050 664 2080 scelerum
692 2057 722 2081 et
753 2051 924 2089 malorum,
958 2063 1025 2093 quae
1050 2053 1166 2094 passim
1191 2060 1256 2084 toto
1286 2053 1364 2086 orbe

356 2101 550 2133 inundabant
562 2127 568 2140 ,
588 2103 637 2133 vix
651 2104 730 2135 ultra
743 2115 833 2146 posse
846 2105 995 2136 mundum
1009 2106 1177 2137 consistere
1189 2106 1341 2148 putabant
1353 2132 1361 2145 ‚

357 2165 414 2185 nec
431 2155 514 2186 aliud
531 2166 690 2197 superesse
701 2181 707 2193 ,
731 2168 823 2199 quam
836 2164 869 2189 ut
883 2159 1064 2201 propediem
1077 2183 1084 2197 ,
1104 2161 1185 2191 mole
1198 2160 1364 2192 criminum

359 2214 388 2238 et
412 2208 609 2249 iniquitatum
627 2210 805 2252 impellente
817 2236 824 2249 ‚
841 2211 1015 2248 fatisceret,
1033 2213 1077 2243 ira
1092 2213 1207 2244 scilicet
1225 2213 1283 2245 Dei
1300 2220 1363 2245 ter-

358 2260 477 2291 minum
508 2262 576 2292 orbi
601 2263 801 2294 constitutum
831 2272 1049 2307 praevertente.
1082 2269 1121 2297 Et
1151 2266 1225 2298 hinc
1250 2268 1301 2309 pie
1327 2279 1362 2299 30

359 2314 529 2355 prudenter
554 2323 657 2347 monet
681 2323 788 2348 auctor
810 2318 936 2359 quidam
950 2319 1116 2357 recentior,
1137 2319 1180 2350 ita
1195 2320 1362 2361 inquiens:

359 2382 374 2392 «
396 2367 427 2397 Si
457 2368 559 2409 plures
586 2372 709 2407 Patres,
736 2381 812 2411 quos
836 2378 965 2414 propter
996 2372 1115 2404 eximiae
1141 2374 1311 2405 sanctitatis
1333 2380 1365 2405 et

361 2435 373 2446 u
395 2417 541 2452 doctrina?
556 2423 765 2463 praestantiam
776 2424 979 2463 admiramur,
996 2425 1278 2458 animadvertentes
1292 2438 1363 2458 suo-

359 2487 371 2500 ι
394 2485 461 2504 111111
492 2481 684 2516 temporum,
716 2478 765 2508 vel
792 2477 1024 2520 improbitatem
1053 2490 1089 2510 ac
1119 2480 1287 2518 malitiam,
1315 2481 1366 2513 vel

359 2542 372 2553 ι
392 2528 637 2569 magnitudinem
655 2531 909 2574 atrocitatemque
927 2534 1197 2575 persecutionum,
1217 2534 1365 2567 Christia-

360 2595 374 2605 n
391 2591 447 2610 nos
462 2583 634 2622 urgentium
645 2608 652 2621 ‚
670 2585 718 2615 vel
731 2584 903 2617 horrendas
916 2586 1133 2618 haereticorum
1147 2587 1364 2629 grassationes,

362 2647 374 2658 ›-
397 2640 448 2664 aut
465 2634 599 2676 denique
621 2636 764 2669 incendia
788 2638 930 2677 urbium,
952 2639 1106 2671 bellorum
1128 2641 1299 2682 procellaS,
1318 2642 1367 2673 in-

363 2700 375 2712 ·
396 2693 500 2726 gentes
516 2694 605 2719 terra?
626 2696 746 2729 motus,
763 2691 831 2722 coeli
843 2715 850 2728 ,
871 2692 1012 2734 aerisque
1026 2699 1119 2735 atque
1140 2694 1367 2726 elementorum

362 2751 376 2763 ι·
396 2743 489 2769 tetras
507 2751 542 2770 ac
561 2740 696 2773 funestas
719 2743 968 2783 immutationes,
989 2745 1192 2788 imperiorum
1216 2758 1342 2780 occasus
1357 2774 1364 2788 ,

363 2805 376 2817 ι
396 2790 522 2822 1131113111
539 2794 694 2835 sanguinis
711 2796 894 2829 inhumanas
913 2797 1080 2830 effusiones
1091 2824 1098 2837 ,
1118 2800 1150 2830 in
1165 2811 1233 2831 eam
1250 2802 1365 2843 cogita-

363 2858 378 2868 n
396 2843 513 2874 tionem
537 2852 619 2876 metu
638 2853 667 2878 et
685 2849 891 2890 trepidatione
911 2857 957 2883 tot
974 2858 1194 2895 tantorumque
1213 2856 1367 2886 malorum

364 2910 378 2921 ›»
396 2896 642 2937 adducebantur,
663 2907 694 2931 ut
708 2902 772 2943 jam
787 2914 884 2945 prope
903 2904 1082 2936 adfuturum
1098 2907 1323 2939 Antichristum
1337 2915 1368 2940 et

365 2962 378 2974 n
396 2948 488 2979 finem
508 2951 627 2989 szeculi,
657 2954 704 2983 vel
724 2955 993 2995 pertimescerent,
1013 2959 1063 2990 vel
1082 2959 1162 2990 forte
1181 2961 1364 3001 crederent3

366 3016 378 3027 n
397 3012 460 3031 non
473 3008 543 3033 sunt
560 3010 611 3034 aut
628 3004 759 3037 levitatis
775 3014 825 3038 aut
844 3008 982 3041 falsitatis
1002 3011 1202 3051 traducendi,
1223 3015 1271 3045 vel
1289 3025 1368 3056 quo-

366 3068 378 3080 »
397 3064 459 3095 qno
487 3054 580 3085 modo
612 3056 723 3097 lingua}
748 3059 910 3092 virulentia
939 3065 1182 3096 contaminandi.
1212 3069 1293 3098 Nam
1325 3068 1368 3100 sic

365 3122 380 3132 »
401 3107 518 3148 opinati
545 3114 597 3139 aut
622 3109 716 3141 locuti
741 3119 828 3150 sunt,
854 3115 937 3154 quod
964 3118 1127 3157 praesentia
1145 3120 1226 3150 mala
1245 3131 1368 3163 semper

366 3173 378 3186 a
398 3159 563 3190 videantur
592 3163 744 3193 atrociora
773 3175 779 3194 :
811 3176 942 3206 quorum
970 3168 1100 3207 intuitu,
1129 3171 1240 3203 timore
1268 3184 1368 3216 prope

366 3227 378 3238 »
399 3212 689 3251 consternebantur,
706 3226 741 3246 ac
754 3217 820 3247 aliis
836 3218 996 3258 timorem,
1017 3228 1049 3252 ut
1066 3223 1211 3255 nimirum
1229 3236 1366 3268 emerge-

364 3280 376 3291 »
397 3271 486 3303 rent,
507 3272 536 3297 et
557 3277 588 3296 se
608 3267 647 3297 ad
669 3267 788 3309 frugem
814 3270 947 3309 bonam,
970 3279 1002 3303 ut
1025 3274 1148 3313 dicitur,
1168 3278 1363 3319 reciperent,

363 3332 377 3343 »
396 3318 551 3356 incutere,
571 3325 602 3350 et
618 3320 721 3351 animo
737 3322 988 3363 conuitebantur,
1009 3332 1039 3356 et
1056 3328 1275 3368 praedicatione
1291 3342 1367 3362 con-

361 3385 373 3396 »
392 3370 580 3407 tendebant;
601 3372 834 3405 arbitrabantur
850 3376 942 3408 etiam
959 3383 1057 3409 totum
1071 3379 1130 3411 hoc
1144 3387 1264 3423 tempus
1282 3384 1365 3425 quod

356 3433 369 3444 υ
391 3423 543 3461 decurrit,
566 3425 613 3455 vet
632 3425 843 3459 brevissimam
862 3440 980 3460 moram
1004 3442 1069 3462 esse
1087 3435 1252 3465 a³ternitati
1278 3447 1363 3467 com-

861 280 911 314 IN
939 278 1118 314 TOMUM
1149 276 1346 312 PRIMUM
1376 272 1581 311 OPERUM
1610 273 1646 307 S.
1676 270 1931 306 BERNARDI

2357 272 2431 311 848

1430 366 1442 377 »
1464 356 1617 392 paratum.
1637 349 1780 390 Denique
1806 348 1866 379 Dei
1889 347 2042 389 judicium
2058 347 2090 378 in
2107 347 2172 379 dies
2187 348 2322 390 singulos
2341 352 2434 394 magis

1430 419 1442 430 »ι
1462 410 1554 444 atque
1572 402 1666 444 magis
1684 401 1954 443 appropinquare,
1974 400 2051 431 citra
2063 400 2202 432 veritatis
2217 401 2410 444 dispendium
2422 430 2431 443 ‚

1430 471 1443 484 »
1463 462 1493 487 et
1516 456 1618 486 dicere
1636 460 1799 496 poterant,
1820 460 1850 485 et
1872 454 2077 496 proclamare.
2099 454 2193 495 Quod
2212 455 2338 496 quidem
2354 459 2433 490 Scri-

1432 525 1444 536 „
1464 508 1562 551 pturis
1588 507 1740 538 familiare
1762 518 1828 538 esse
1850 517 1885 538 ac
1906 500 2087 549 proprium,
2112 506 2230 538 nemini
2249 519 2358 540 eorum
2381 512 2435 553 (Ιώ

1432 577 1445 589 »
1465 562 1532 592 11135
1554 561 1679 602 legerit,
1704 566 1808 602 potest
1832 571 1898 591 esse
1920 560 2116 601 impervium.
2136 575 2150 588 »
2168 564 2216 592 Ita
2232 568 2339 594 auctor
2354 566 2435 596 Har.

1430 614 1565 657 pocratis
1583 613 1691 644 divini.
1710 616 1777 645 Nec
1800 613 1950 644 absimilia
1968 613 2092 644 fuerunt
2110 614 2195 645 varia
2213 615 2436 657 Prophetarum

1431 667 1557 698 oracula
1569 691 1576 704 ,
1593 666 1706 708 quibus
1719 665 1813 697 finem
1829 664 1937 697 mundi
1953 666 1994 698 ob
2011 664 2224 709 impendentia
2236 669 2317 700 mala
2328 694 2336 707 ,
2351 671 2438 712 quasi

1428 721 1493 762 jam
1522 720 1661 751 futurum
1695 719 1937 761 prfecinuerunt.
1965 720 2147 762 Cujusmodi
2179 727 2226 752 est
2251 721 2328 753 illud
2355 725 2437 766 apud

1432 772 1544 804 Ezech.
1566 784 1612 809 1v,
1644 776 1662 803 2
1691 783 1698 803 ε
1726 773 1813 802 Finis
1841 773 1949 808 venit,
1978 772 2069 803 venit
2083 769 2165 814 finis
2188 785 2284 818 super
2304 782 2439 819 quatuor

1427 825 1548 870 plagas
1563 832 1673 860 terroe,
1690 832 1720 857 et
1735 825 1808 856 huic
1821 825 1943 857 similia.
1957 828 2028 856 Huc
2041 825 2150 857 referri
2172 832 2275 869 potest
2291 828 2368 860 visio
2385 829 2436 863 illa

1433 879 1612 921 Redempti‚
1632 879 1797 910 Florentiae
1810 879 1942 910 civitatis
1955 879 2112 922 episcopi,
2132 879 2172 911 de
2188 891 2250 922 qua
2265 883 2302 912 B.
2320 884 2436 925 Grego-

1433 933 1510 970 rius,
1526 933 1582 964 lib.
1599 935 1617 964 3
1633 933 1716 964 Dial.
1731 943 1800 974 cap.
1821 932 1970 964 38.Mira
1988 939 2072 970 511111,
2088 943 2157 974 quae
2176 934 2344 965 narrantur
2356 936 2438 978 apud

1434 987 1621 1025 Bai-onium,
1648 996 1762 1028 nempe
1787 986 1869 1017 circa
1896 997 2013 1016 annum
2041 985 2171 1017 Domini
2197 983 2290 1025 419,
2310 993 2356 1019 tot
2375 989 2436 1022 visa

1433 1040 1519 1082 signa
1531 1065 1538 1079 ,
1555 1047 1586 1072 et
1607 1046 1671 1071 tam
1692 1039 1855 1071 horribilia
1871 1045 2017 1081 portenta
2032 1049 2126 1081 super
2144 1045 2283 1071 montem
2301 1041 2436 1082 Oliveti;

1433 1099 1465 1124 ut
1496 1094 1601 1125 multas
1625 1093 1798 1124 vicinarum
1823 1093 1978 1134 gentium,
2008 1098 2073 1123 tam
2097 1092 2186 1131 visu,
2215 1103 2309 1134 quam
2333 1095 2438 1128 auditu

1432 1147 1606 1189 perterrita:
1619 1171 1626 1185 ,
1650 1146 1689 1177 ad
1707 1146 1957 1178 Christianorum
1981 1156 2068 1177 sacra
2090 1146 2345 1186 convolaverint,
2373 1159 2437 1181 om-

1432 1200 1581 1242 niumque
1599 1200 1829 1242 baptizatorum
1846 1199 1880 1230 in
1895 1199 2007 1231 tunicis
2024 1209 2100 1230 crux
2115 1198 2230 1230 Christi
2251 1200 2416 1234 salvatoris
2427 1227 2436 1242 ,

1432 1253 1603 1285 divinitatis
1630 1259 1709 1284 nutu
1737 1263 1883 1295 expressa
1912 1252 2016 1283 fuerit.
2045 1252 2148 1294 Hujus
2172 1252 2218 1283 rei
2249 1253 2441 1288 admirabilis

1433 1307 1596 1338 occasione
1617 1306 1655 1338 de
1676 1313 1817 1348 tempore
1833 1306 1986 1337 adventus
2005 1305 2153 1344 Domini,
2176 1316 2213 1336 ex
2233 1305 2346 1338 divinis
2361 1319 2438 1350 prae-

1433 1360 1622 1391 dictionibus
1648 1360 1742 1402 coepti
1763 1366 1835 1391 sunt
1857 1359 1973 1401 ubique
1988 1359 2112 1390 misceri
2128 1369 2298 1391 sermones.
2315 1363 2355 1392 Et
2370 1361 2440 1395 hinc

1432 1413 1556 1445 videtur
1572 1413 1746 1456 Hesychius
1771 1413 1929 1456 scripsisse
1954 1412 1992 1444 ad
2011 1419 2151 1444 sanctum
2176 1413 2385 1454 Augustinum
2402 1415 2440 1448 de

1431 1478 1578 1509 supremo
1591 1467 1699 1497 mundi
1715 1467 1765 1498 die
1780 1466 1966 1509 inquirendo
1979 1491 1986 1505 ,
2005 1466 2055 1498 cui
2068 1465 2237 1508 respondet
2249 1467 2441 1508 Augustinus

1431 1520 1570 1562 epistolis
1589 1523 1630 1552 78
1651 1526 1681 1551 et
1700 1523 1756 1558 88,
1775 1531 1869 1562 quam
1884 1520 2091 1562 posteriorem
2105 1519 2137 1550 in
2152 1519 2212 1551 hac
2227 1521 2357 1552 materia
2373 1532 2438 1553 om-

1431 1573 1506 1604 nino
1524 1573 1669 1616 expediet
1685 1574 1787 1615 legere
1799 1598 1806 1612 ‚
1828 1573 1945 1616 quippe
1959 1584 2028 1616 quae
2044 1573 2178 1616 plurima
2192 1573 2360 1615 Scripturas
2373 1575 2439 1607 loca

1431 1627 1517 1658 varie
1537 1626 1576 1657 de
1595 1626 1657 1657 fine
1677 1627 1779 1658 saeculi
1801 1627 1980 1668 loquentia,
2000 1627 2092 1658 docte
2108 1632 2139 1658 et
2157 1626 2280 1669 prolixe
2293 1627 2436 1669 explicat.

1431 1680 1493 1712 Sed
1508 1691 1592 1712 nunc
1609 1680 1649 1711 ad
1666 1680 1726 1711 alia
1746 1686 1950 1712 transeamus.

1480 1736 1545 1765 203
1572 1736 1612 1765 Α.
1632 1745 1767 1764 EBALL‘M
1787 1745 2075 1764 CATALAL‘NENSEM
2100 1744 2296 1765 Emscormu.
2311 1733 2438 1766 -Fuit

1428 1787 1454 1818 is
1471 1798 1569 1829 nepos
1594 1787 1737 1818 Hilduini
1761 1787 1882 1818 comitis
1907 1786 2108 1825 Roceiensis,
2127 1786 2209 1817 filius
2230 1786 2365 1818 Andreae
2387 1798 2438 1819 co-

1429 1840 1511 1872 mitis
1525 1840 1564 1872 de
1575 1844 1764 1879 Rameruco,
1777 1847 1855 1872 teste
1866 1843 2050 1872 Hermanno
2061 1839 2215 1871 monacho
2227 1839 2436 1879 Laudunensi‚

1428 1894 1460 1925 in
1474 1894 1554 1925 libro
1568 1894 1671 1936 primo
1685 1893 1725 1925 de
1737 1894 1900 1925 Miraculis
1913 1897 1949 1925 B.
1964 1894 2076 1925 Mariae
2087 1918 2095 1932 ,
2111 1904 2179 1935 cap.
2197 1896 2214 1924 2
2228 1917 2235 1931 ,
2252 1904 2335 1924 anno
2352 1896 2364 1924 1
2379 1896 2438 1926 122

1428 1954 1550 1979 0103135
1575 1948 1739 1990 episcopus
1766 1947 2002 1979 Catalaunensis
2024 1953 2096 1989 post
2121 1946 2325 1978 Guillelmum
2349 1949 2439 1979 Cam-

1429 2001 1598 2043 pellensem
1610 2025 1618 2039 ‚
1653 2001 1693 2032 de
1722 2012 1784 2042 quo
1812 2001 1846 2031 in
1874 2000 2005 2043 epistola
2032 2003 2051 2031 3
2078 2009 2287 2031 successorem
2316 2000 2439 2032 sortitus

1429 2054 1591 2085 Elbertum
1613 2065 1666 2085 seu
1683 2053 1860 2085 Robertum
1880 2064 1963 2085 anno
1983 2056 1994 2084 1
2007 2056 2085 2091 126,
2101 2059 2131 2084 et
2144 2059 2215 2095 post
2230 2064 2301 2084 eum
2315 2053 2437 2085 Gaufri-

1431 2106 1505 2138 dum
1532 2117 1570 2138 ex
1596 2107 1863 2139 Sancti-Medardj
1884 2106 2017 2146 abbate,
2046 2106 2086 2138 ad
2108 2117 2201 2148 quem
2229 2107 2360 2149 epistola
2383 2111 2436 2139 66.

1431 2163 1540 2202 Itaque
1556 2160 1622 2191 haec
1638 2161 1770 2202 epistola
1786 2160 1900 2203 scripta
1921 2166 1967 2192 est
1985 2159 2043 2191 sub
2063 2170 2181 2191 annum
2198 2163 2285 2192 1126
2298 2184 2306 2199 ,
2327 2167 2358 2192 et
2373 2160 2439 2202 qui-

1431 2213 1502 2244 dem
1524 2220 1597 2245 ante
1618 2214 1781 2256 epistolam
1803 2217 1841 2246 13
1856 2214 2004 2256 scriptam
2018 2213 2050 2244 in
2069 2213 2199 2255 gratiam
2212 2213 2370 2252 Alberici,
2387 2212 2439 2255 qui

1430 2274 1501 2309 post
1519 2267 1652 2299 Ebalum
1671 2267 1805 2305 electus,
1827 2267 1933 2298 sedem
1951 2274 2056 2298 tamen
2075 2268 2141 2309 ejus
2160 2277 2226 2298 non
2243 2266 2389 2299 obtinuit.

1481 2324 1545 2352 203
1559 2323 1594 2352 B.
1607 2320 1735 2351 ecclesia
1746 2320 2112 2352 Omnium-Sanctorum.
2120 2320 2301 2352 ——Ahbaiia
2311 2320 2438 2352 canoni-

1431 2385 1538 2405 corum
1553 2374 1741 2415 regularium
1755 2374 1883 2405 Ordinis
1897 2376 1927 2406 S.
1944 2374 2110 2416 Augustini
2125 2374 2209 2415 apud
2222 2374 2436 2413 Catalaunum,

1432 2428 1519 2469 cujus
1538 2428 1645 2458 abbati
1660 2431 1752 2458 Petro
1763 2452 1770 2466 ,
1791 2426 1896 2458 forsan
1916 2438 1934 2458 a
1953 2427 2175 2458 reformatione
2190 2426 2292 2469 primo
2304 2451 2312 2465 ,
2327 2427 2438 2469 episto-

1431 2481 1494 2511 lam
1523 2481 1645 2523 scripsit
1669 2480 1820 2512 ineditam
1842 2483 1934 2522 Hugo
1957 2480 2104 2512 Metellus
2118 2504 2125 2518 ,
2148 2480 2316 2511 canonicus
2334 2479 2439 2511 itidem

1432 2535 1582 2577 regularis
1596 2534 1829 2566 Sancti—Leonis
1846 2534 1931 2577 apud
1950 2534 2076 2566 Tullum
2092 2538 2277 2566 Leucorum.

1483 2591 1549 2621 204
1569 2591 1609 2620 A.
1630 2587 1884 2621 Sancti-Urbani.
1899 2606 1946 2610 —-
1958 2588 2152 2620 Monasteria
2175 2587 2244 2619 haec
2265 2586 2392 2618 Ordinis
2407 2588 2438 2618 S.

1433 2642 1614 2680 Benedicti,
1642 2642 1756 2673 deinde
1772 2641 1831 2673 sub
1853 2641 2092 2683 congregatione
2112 2644 2144 2673 S.
2160 2640 2288 2680 Vitoni‚
2307 2640 2440 2683 primum

1433 2696 1464 2726 in
1480 2695 1546 2738 ipsa
1563 2696 1641 2727 urbe
1653 2720 1660 2734 ,
1680 2696 1812 2726 alterum
1829 2695 1863 2726 iu
1876 2695 2002 2726 dioecesi
2015 2693 2234 2727 Catalaunensi
2249 2704 2256 2725 :
2271 2704 2340 2735 quae
2353 2692 2438 2725 Guil-

1433 2749 1543 2780 lelmus
1561 2749 1600 2780 de
1617 2748 1786 2791 Campellis
1802 2748 1842 2779 ad
1860 2748 2020 2780 meliorem
2033 2747 2154 2790 frugem
2169 2752 2381 2779 revocaverat.

1484 2805 1545 2834 204
1565 2806 1599 2835 C.
1616 2802 1761 2835 Gamerii
1778 2801 2000 2833 archidiaconi.
2015 2820 2059 2825 ——
2074 2805 2104 2833 Is
2117 2801 2212 2832 etiam
2226 2800 2324 2832 abbas
2343 2799 2440 2831 fuerat

1433 2856 1570 2887 ecclesiae
1593 2855 1862 2898 Sancti-Stephani
1892 2854 2109 2893 Divionensis,
2142 2860 2309 2896 antequam
2330 2863 2367 2884 eo
2393 2851 2439 2883 in-

1433 2908 1621 2941 ducerentur
1647 2909 1789 2941 canonici
1806 2909 1982 2951 regulares,
2011 2907 2096 2950 quod
2119 2906 2187 2938 fieri
2203 2912 2340 2949 coeptum
2359 2914 2439 2936 anno

1437 2965 1448 2993 1
1462 2965 1470 2993 1
1485 2966 1538 3001 13,
1554 2973 1616 3004 quo
1634 2973 1716 2994 anno
1733 2969 1868 3005 quatuor
1883 2961 2026 2993 canonici
2037 2971 2076 2992 ex
2092 2971 2129 2992 ea
2145 2959 2274 2991 ecclesia
2289 2959 2321 2990 in
2338 2958 2439 2990 villam

1433 3016 1669 3057 Quintiniacum
1689 3021 1898 3054 secesserunt,
1922 3021 1955 3046 ut
1977 3014 2023 3045 ibi
2045 3014 2141 3045 vitam
2157 3013 2329 3055 regularem
2345 3010 2439 3054 profi-

1432 3075 1582 3101 terentur.
1602 3073 1696 3101 Anno
1718 3072 1804 3101 1116
1817 3094 1824 3108 ‚
1845 3067 2010 3100 duodecim
2023 3067 2090 3109 jam
2111 3076 2242 3097 numero
2255 3065 2436 3102 existentes,

1433 3122 1472 3153 ad
1494 3133 1582 3154 suam
1605 3123 1767 3154 ecclesiam
1784 3122 1901 3154 reversi
1922 3127 2004 3153 sunt.
2025 3120 2155 3152 Interim
2168 3129 2185 3151 a
2199 3118 2359 3151 Prioribus
2379 3119 2439 3150 Ar-

1432 3175 1519 3206 nulfo
1537 3182 1567 3207 et
1584 3182 1692 3218 postea
1714 3177 1836 3208 Galone
1853 3174 1982 3207 ecclesia
2000 3174 2058 3205 ista
2077 3173 2250 3215 gubernata
2270 3171 2326 3202 fuit
2345 3179 2439 3212 usque

1433 3228 1473 3258 ad
1499 3239 1615 3259 annum
1636 3232 1722 3260 1125
1736 3253 1743 3267 ,
1772 3240 1835 3271 quo
1861 3228 1994 3259 domnus
2017 3226 2167 3258 Erbertus
2191 3236 2246 3256 seu
2269 3223 2439 3256 narbet-tus

1433 3281 1530 3312 abbas
1554 3282 1712 3313 institutus
1740 3289 1804 3320 est,
1833 3280 2038 3325 przesentibus
2060 3278 2221 3311 Hubaudo
2246 3273 2440 3320 Lugdunensi

1433 3333 1685 3377 archiepiscopo,
1711 3335 1870 3378 Stephano
1892 3334 2040 3377 episcopo
2060 3332 2228 3370 AEduensi,
2257 3334 2439 3363 Goceranuo

1433 3397 1487 3417 seu
1504 3390 1682 3418 Joceranuo
1706 3388 1912 3430 Lingonensi,
1931 3387 2062 3429 aliisque
2078 3384 2229 3428 personis.
2249 3387 2326 3415 Haec
2346 3380 2439 3413 fusius

1434 3439 1516 3480 apud
1532 3440 1700 3471 perardum
1713 3466 1720 3478 ,
1738 3452 1826 3483 pagg.
1845 3445 1888 3472 86
1902 3466 1910 3480 ,
1927 3443 1985 3479 87,
2004 3438 2058 3471 1ὼί
2074 3439 2148 3470 Vita
2161 3435 2305 3469 Garnerii
2318 3434 2436 3477 legitur.
