2517 3920
350 229 446 267 1095

785 238 822 274 S.
852 238 1105 274 BERNARDI
1133 239 1335 275 ABBATIS
1365 239 1430 274 DE
1460 237 1777 274 CONSIDERAT.
1808 237 1898 271 LIB.
1929 237 1972 271 V.

2312 238 2409 275 1096

344 311 435 349 dum
469 312 732 350 vehementius
762 315 935 351 concutit
968 315 1206 361 intuentem,
1241 314 1496 364 fugat⁴⁵⁸cu1n
1525 314 1572 350 sit
1602 312 1799 348 meditatio
1828 312 2050 348 aeternitatis
2077 311 2292 362 (siquidem
2325 327 2408 364 quae

343 371 453 419 vitia,
490 372 624 410 fundat
657 373 835 420 virtutes,
864 375 986 412 initiat
1023 375 1069 411 ad
1095 375 1340 424 sapientiam,
1361 373 1710 423 Api-omittuntur,
1745 380 1884 408 aeterna
1916 371 2054 422 sunt),
2084 372 2408 422 longanimitatem

337 431 593 470 humilitatem
613 442 751 470 servat.
769 435 962 472 Virtutum
988 434 1174 483 siquidem
1194 433 1341 469 bonum

338 491 535 540 quoddam
563 506 606 530 ac
638 493 771 530 stabile
804 494 1114 540 fundamentum,
1134 492 1337 529 humilitas.

340 553 486 601 Nempe
515 553 545 589 si
568 561 675 589 nutet
695 552 757 589 illa
771 582 781 599 ‚
801 553 985 590 virtutum
1003 551 1218 602 aggregatio
1238 564 1338 587 non-

340 610 413 647 nisi
437 611 548 648 ruina
573 621 640 649 est.
671 613 796 649 Tertia
815 613 1086 663 contemplatio
1107 619 1336 661 occupatur,

339 670 400 706 vel
426 671 555 721 potius
582 672 725 708 otiatur
754 672 854 708 circa
881 672 1103 709 memoriam
1131 671 1341 708 beneficio-

338 743 444 777 rum3
459 739 496 768 et
520 744 569 768 ne
593 731 758 768 dimittat
775 731 965 781 ingratum
977 761 986 778 ,
1003 731 1179 768 sollicitat
1198 744 1340 767 memo-

339 798 485 828 rantem
522 791 569 827 ad
606 804 775 827 amorem
808 791 1073 828 benefactoris.
1109 793 1166 828 De
1202 789 1339 827 talibus

335 849 429 886 dicit
447 851 637 900 propheta
660 852 821 900 loquens
847 852 893 888 ad
920 852 1127 889 Dominum
1156 864 1164 886 τ
1187 852 1339 888 Memo-

336 913 431 945 riam
463 910 709 946 abundantia>
741 915 932 947 suavitatis
964 925 1048 947 511oe
1080 910 1296 947 eructabunt
1312 917 1336 947 ¹.

334 972 476 1016 Quarta
512 982 597 1018 quae
635 977 737 1006 retro
774 978 862 1006 sunt
901 969 1152 1016 obliviscens,
1184 970 1222 1007 in
1257 971 1338 1008 sola

332 1028 534 1077 requiescit
570 1029 852 1078 exspectatione
894 1030 1170 1080 promissorum
1206 1046 1214 1068 :
1250 1044 1336 1081 quae

644 1175 660 1185 ιι

376 1176 387 1191 f
417 1171 621 1211 Psa1.cxmv‚
646 1187 674 1206 J„

1407 434 1491 479 alit,
1522 440 1560 469 et
1592 433 1883 481 perseverantiae
1913 431 1977 468 dat
2003 432 2186 481 vigorem.
2213 436 2310 470 Puto
2330 431 2409 483 jam

1406 492 1514 528 facile
1548 500 1604 528 est
1640 499 1807 540 quatuor
1841 500 1971 528 nostra
2001 491 2103 538 haec,
2137 500 2303 541 quatuor
2337 494 2409 533 illis

1405 551 1580 602 Apostoli
1619 552 1831 600 assignare,
1869 551 1960 588 dum
1994 551 2272 601 longitudinem
2303 566 2408 590 com-

1408 611 1610 661 prehcndit
1630 611 1826 648 meditatio
1850 612 2149 661 promissorum,
2170 611 2408 650 latitudinem

1408 672 1623 709 recordatio
1662 671 1937 709 beneficiorum
1952 700 1962 718 ,
2007 671 2277 709 sublimitatem
2316 686 2410 710 con-

1407 733 1604 782 templatio
1630 731 1836 782 maiestatis
1850 762 1859 779 ‚
1882 732 2119 783 profundum
2140 732 2328 782 inspectio
2343 731 2408 782 ju—

1407 791 1606 830 diciorum.
1643 793 1880 841 Quaerendus
1913 793 2036 830 adhuc
2068 793 2213 838 fuerat,
2246 791 2312 841 qui
2338 805 2408 830 nec

1406 853 1494 889 satis
1514 852 1638 890 adhuc
1659 853 1838 890 inventus
1857 861 1914 890 est
1929 881 1938 898 ‚
1962 866 2032 889 nec
2052 851 2172 901 quaeri
2197 850 2308 888 nimis
2333 865 2407 901 po-

1407 921 1479 949 test
1499 928 1507 950 :
1532 922 1570 950 at
1590 913 1735 950 orando
1759 914 1856 951 sorte
1876 927 1988 964 quam
2008 910 2239 962 disputando
2259 911 2407 961 dignius

1405 973 1611 1022 quaeritur,
1636 982 1675 1010 et
1707 974 1901 1011 invenitur
1933 973 2088 1010 facilius.
2118 971 2283 1010 Proinde
2308 971 2339 1009 is
2361 973 2407 1009 sit

1407 1034 1494 1071 finis
1516 1033 1621 1082 libri,
1639 1034 1705 1072 sed
1725 1047 1803 1071 non
1821 1033 1905 1072 finis
1924 1033 2133 1085 quaerendi.

866 1999 991 2036 FINIS
1019 2001 1279 2039 LIBRORUM
1308 2005 1373 2040 DE
1403 2004 1840 2046 CONSIDERATIONE.
