2517 3936
64 137 98 175 il
938 131 1198 166 EPISTOLAE.
2032 143 2050 178 7
2065 143 2104 179 32

43 223 150 263 :utem
172 210 305 249 obesse
324 208 426 258 quod
452 217 560 244 extra
585 207 782 244 ecclesiam
809 207 868 243 vel
894 207 1032 243 civita-
1053 210 1081 242 Α
1103 226 1115 237 u

43 286 102 322 ,qn
125 278 264 322 praeter
285 280 430 304 morem
462 265 652 303 celebrata
683 266 839 310 fuisset,
872 268 958 302 cum
985 266 1033 302 ad

43 347 100 371 ⁴oc
117 328 390 382 persecutionis
412 336 563 376 urgeret
584 326 805 372 necessitas;
824 326 888 362 sed
908 339 1032 375 neque

51 391 227 444 npedire‚
249 388 352 438 quod
384 400 472 437 pars
488 387 606 423 altera
624 399 703 422 nou
721 386 915 431 interfuit,
945 399 1030 423 cum

50 450 250 490 ·raemonita
285 461 304 484 a
333 446 512 483 fratribus
530 475 539 491 ‚
570 454 608 482 et
645 454 781 482 vocata
811 445 942 483 adesse
971 460 1032 484 re-

43 512 164 557 ,nerit.
179 512 272 547 Nam
291 507 381 544 dicit
398 508 452 543 eis
467 507 674 556 assignasse
692 506 818 543 locum
833 535 842 551 ,
868 515 906 543 et
923 507 1030 544 illum

52 585 149 612 ,cum
178 582 291 620 quem
326 568 407 618 pari
440 580 630 604 consensu
665 575 828 616 utraque
862 581 950 618 pars·
983 567 1030 605 ad

52 630 236 685 ligendum
258 629 472 678 elegerant3
494 640 612 677 porro
635 635 760 664 autem
784 627 869 663 illos
893 628 1028 665 antici-

50 704 133 732 ·asse
147 690 259 736 diem,
280 688 524 739 praeripuisse
542 687 790 730 electionem,
809 687 1028 738 Philippum

44 751 164 794 ,urtiva
198 749 436 793 temeritate,
471 761 510 784 se
542 747 701 784 omnino
737 747 1028 797 ignorantibus,

54 812 191 866 legisse.
229 814 322 849 Nam
359 822 428 846 nec
467 808 517 845 de
553 808 802 858 suffraganeis
840 809 1030 860 episcopis

55 872 238 924 uempiam
270 877 532 920 exspectatum
558 884 565 905 :
590 883 667 906 suae
690 883 782 906 vero
810 884 876 907 cos
912 872 1030 921 magis

45 935 150 980 ,162oe
164 930 340 970 electioni
360 938 398 967 et
417 942 612 966 assensum
632 929 852 979 piabuisse.
874 931 933 968 Ad
951 931 1030 968 haee

44 991 187 1046 'hffippi
216 1003 304 1042 pars
335 1004 344 1025 :
377 993 641 1037 «Possumus,
667 1008 680 1023 1
713 991 914 1041 inquiunt,
949 992 1028 1029 «ad
1051 989 1077 1023 Β

43 1052 208 1105 objecta
237 1051 344 1089 facile
373 1059 410 1088 et
443 1051 677 1088 sufficientei
704 1053 963 1103 respondete,
1000 1054 1028 1091 si

62 1112 173 1154 modo
192 1111 272 1150 dies
287 1111 383 1148 alius
403 1112 515 1148 nobis
537 1113 772 1149 conveniens
791 1114 1026 1159 nominetui‚

45 1213 46 1218 ,
63 1187 136 1214 non
151 1172 253 1225 quod
275 1171 507 1210 hodiernum
532 1186 716 1223 negemus
736 1174 850 1211 fuisse
869 1174 999 1211 datum
1017 1203 1026 1220 ,

44 1234 125 1278 roed
139 1235 281 1273 electus
300 1242 432 1271 noster
452 1247 531 1271 non
556 1234 626 1270 fuit
655 1233 914 1271 submonitus.
943 1238 1026 1273 De-

44 1296 140 1346 ,buit
157 1295 257 1334 enim
273 1295 402 1332 vocari
419 1303 456 1332 et
474 1294 649 1341 nomine,
668 1294 713 1331 ad
733 1308 848 1344 quem
869 1295 1027 1346 proprie

63 1370 169 1398 causa
186 1365 357 1408 spectare
373 1356 632 1406 cognoscitur.
649 1374 663 1389 υ
682 1359 790 1393 Tunc
809 1357 873 1406 qui
896 1371 940 1394 ex
959 1357 1027 1393 ad-

46 1431 132 1467 μω
154 1426 262 1456 erant
290 1433 298 1456 :
327 1435 342 1451 (ι
369 1416 530 1465 Absit,»
557 1417 759 1467 inquiunt,
789 1435 803 1449 «
828 1431 904 1454 non
927 1418 1027 1454 inter

45 1479 197 1529 ‘electos
221 1479 268 1516 de
298 1478 504 1526 cathedra,
538 1478 603 1516 scd
634 1479 736 1515 inter
764 1479 948 1515 electores
979 1478 1026 1515 de

60 1538 300 1578 electionibus
319 1539 517 1576 contentio
539 1547 607 1576 est.
631 1539 883 1589 Litigantium
912 1539 1027 1589 igitur

58 1606 256 1646 atcausa,
282 1599 353 1650 ipsi
379 1599 427 1636 ad
447 1613 598 1637 causam
625 1601 755 1637 vocari
781 1599 1022 1645 del)uer‚unt

61 1659 160 1712 qnod
186 1660 216 1698 si
241 1669 280 1697 et
298 1661 461 1698 electum
489 1660 536 1698 de
560 1661 640 1712 Ιίῑί<ὓ
630 1660 797 1698 antibus
827 1675 908 1698 esse
930 1675 1026 1698 con-

61 1719 225 1768 tenditis,
243 1719 283 1758 id
299 1721 495 1771 quidem„
475 1734 589 1758 trrave
608 1730 646 1758 et
664 1721 859 1759 indecens.
879 1722 1027 1760 Sufficit

61 1788 179 1819 intem
193 1781 421 1832 generallter
432 1795 456 1817 V
460 1791 611 1819 OCsstum
628 1782 743 1819 fuisse
760 1796 845 1819 (⁸111ss
864 1779 1076 1819 caete115.C

60 1845 174 1880 Nemo
186 1842 331 1893 quippe
349 1856 370 1879 a
385 1843 522 1880 litteris
539 1842 830 1880 submonitoriis
849 1844 1026 1880 exclusus

59 1909 112 1940 est
137 1902 202 1953 qui
226 1903 265 1940 in
300 1911 410 1953 parte
443 1903 603 1950 suisset,
631 1916 851 1953 quanquam
886 1916 1025 1953 negare

61 1975 134 2001 uon
147 1963 324 2014 potestis,
352 1964 446 2014 quin
469 1963 580 2001 vobis
600 1964 799 2000 manifeste
819 1963 1024 2000 denuntia-

49 2029 136 2080 ¹tum
154 2023 267 2060 fuerit
282 2037 370 2061 eum
391 2037 578 2074 quaerere.
595 2023 754 2062 Abierat
773 2053 783 2070 ,
803 2032 841 2061 ct
862 2037 939 2061 non
963 2024 1023 2060 in-

47 2081 296 2139 'veniebatuffi
327 2097 376 2121 ne
407 2084 505 2120 forte
531 2083 780 2121 inhaerentem
799 2082 858 2121 die
880 2093 1022 2121 statuto

59 2154 132 2180 non
150 2143 280 2181 adesse
297 2144 549 2194 contingeret.
577 2145 678 2182 Nihil
706 2145 822 2194 igitur
852 2146 1023 2182 lucratu-

35 2236 41 2240 .
61 2213 139 2240 rum
177 2202 224 2240 de
252 2203 422 2242 absentia
441 2234 451 2251 ,
493 2217 608 2254 quam
644 2205 799 2255 quidem
838 2205 907 2241 etsi
944 2218 1020 2241 non

48 2263 220 2311 ‚venit-et,
238 2265 489 2303 nihilominus
511 2280 558 2303 eo
585 2265 742 2303 absente
766 2279 877 2302 causa
898 2267 1024 2303 termi-

49 2332 219 2362 .mretur.
236 2326 274 2364 Si
288 2324 371 2375 ejus
385 2355 395 2372 ‚
413 2335 456 2363 ut
476 2324 621 2373 dicitis,
641 2340 753 2364 causa
773 2335 850 2372 est,
869 2334 906 2362 et
924 2339 1022 2375 opus

48 2391 135 2430 ierat
154 2384 347 2423 hominem
370 2399 442 2436 pro
467 2399 507 2424 se
530 2387 660 2436 loqui,
689 2395 790 2424 certe
811 2386 917 2436 quod
935 2386 1023 2423 sub-

22 2459 28 2469 ·
47 2438 297 2482 manitionem
318 2459 398 2483 non
422 2445 558 2483 habuit
572 2475 582 2492 ,
612 2447 724 2498 culpa
750 2455 829 2492 est,
857 2455 922 2483 aut
940 2445 1023 2496 ejus

49 2504 122 2556 gqtjl
138 2505 342 2557 disparuit,
363 2516 430 2545 aut
449 2516 594 2554 vestra,
613 2509 680 2559 qui
696 2509 730 2545 ei
749 2509 942 2546 insinuare
959 2522 1024 2545 ne-

28 2574 30 2580 '
49 2561 230 2615 tgkxistis.
245 2567 346 2617 Quid
361 2581 496 2605 eorum
511 2569 672 2606 interest
687 2570 753 2620 qui
772 2570 811 2606 in
828 2570 1019 2606 civitatem

49 2634 215 2678 ‚vestram
234 2637 272 2666 et
289 2630 330 2667 in
349 2630 546 2668 ecclesiam
567 2631 786 2668 communia
808 2632 1021 2669 vocationis

15 2699 18 2701 ·
59 2684 191 2738 soeipta
206 2689 412 2738 miserunt,
429 2691 459 2728 si
475 2691 524 2728 ad
543 2705 629 2729 eum
647 2692 713 2742 qui
733 2705 772 2729 se
789 2691 1016 2737 absentavit,

30 2765 37 2773 ·
58 2756 122 2796 qm
137 2759 177 2785 se
191 2761 270 2786 non
286 2750 409 2787 solum
425 2749 473 2787 ab
493 2750 611 2798 urbe,
633 2751 698 2788 sed
716 2761 753 2788 et
773 2765 794 2788 a
813 2752 935 2802 patria
948 2780 957 2797 ,
981 2760 1019 2789 et

24 2816 250 2858 x:a·ref,⁷n0‚
282 2819 320 2848 et
347 2824 424 2861 qua
453 2811 670 2849 intentione
692 2842 701 2858 ,
734 2813 816 2863 ipse
847 2812 1019 2849 viderit?

27 2895 30 2899 .
51 2865 187 2906 Adhuc
201 2869 294 2920 quid
310 2870 382 2908 sibi
398 2871 504 2908 deest
518 2885 565 2909 ex
583 2872 761 2910 omnibus
782 2873 886 2923 quod
908 2887 1018 2910 suum

28 2942 30 2958 ;
50 2927 213 2977 ‚requirit
230 2931 426 2980 negotium
439 2960 448 2978 ,
470 2932 501 2968 si
521 2931 568 2969 de
581 2931 732 2981 justitia
751 2946 829 2969 non
853 2932 1019 2969 diffidit?

51 2986 250 3027 {Cernimus
270 2990 465 3028 hominem
485 2993 666 3029 vallatum
689 2993 937 3030 multitudine
959 3006 1019 3029 sa-

51 3046 225 3096 »picatum
257 3060 295 3088 et
326 3053 540 3102 peritorum
576 3054 615 3090 in
651 3054 773 3091 causis
795 3084 804 3101 ,
837 3055 1019 3104 stipatum

51 3106 168 3145 setiam
182 3122 343 3149 numero
357 3122 591 3151 armatorum
604 3143 614 3160 ,
628 3115 656 3151 si
672 3128 770 3165 opus
786 3123 842 3151 est
860 3123 897 3151 et
914 3114 1018 3165 ipsis.

52 3165 180 3206 nabet
207 3183 335 3208 secum
366 3182 404 3210 et
422 3174 644 3224 episcopos,
679 3174 794 3211 habet
830 3175 1020 3224 optimum

52 3230 324 3277 procultorem.
362 3237 470 3272 Itane
499 3245 657 3273 venerat
689 3236 930 3286 imparatus?
956 3245 1022 3273 aut

52 3286 148 3336 «quid
159 3289 229 3327 sibi
245 3293 328 3329 vult
342 3302 467 3332 tantus
480 3296 551 3333 iste
569 3297 771 3334 comitatus
788 3297 1021 3333 necessario—

27 3811 102 3936 [ζ-
54 3733 57 3791 m.
54 3675 55 3694 a

1139 220 1223 243 rum
1244 220 1402 244 suorum
1417 237 1426 253 ‚
1445 210 1474 244 si
1496 218 1649 246 acturus
1667 225 1742 248 non
1761 216 1868 250 erat?
1885 217 1978 264 quid
1999 220 2027 254 si
2047 222 2102 256 sui

1100 285 1113 298 υ
1134 265 1204 303 sibi
1224 267 1385 303 necdum
1402 269 1621 305 sul'liciunt?
1640 271 1760 307 Judex
1781 274 1895 310 offert
1915 285 2106 326 quotquot

1101 345 1114 357 ›-
1136 326 1250 364 habet
1274 329 1518 366 necessarios.
1541 333 1584 367 Et
1602 330 1681 366 lizec
1700 331 1911 370 diceremus
1926 364 1934 380 ,
1965 337 1993 373 si
2017 351 2106 375 vere

1101 403 1113 417 υ
1136 395 1328 423 constaret
1355 387 1574 438 Philippum
1603 390 1768 427 nescisse
1790 392 1889 429 diem
1920 397 2105 433 constitu-

1100 462 1114 477 ›=
1137 454 1216 482 tum
1238 448 1416 496 negoti03
1442 461 1542 484 nunc
1569 458 1694 486 autem
1720 452 1876 500 quando
1898 463 2012 502 queat
2038 469 2107 492 ne-

1102 524 1114 537 r»
1136 519 1224 556 gare
1243 507 1289 544 de
1308 507 1370 545 (lie
1387 517 1423 545 et
1441 509 1525 546 loco
1543 509 1615 546 sibi
1633 511 1884 560 significatum
1903 515 2016 552 fuisse
2029 545 2038 562 ,
2060 517 2106 553 ab

1099 584 1113 599 υ
1135 566 1272 605 abbate
1286 568 1418 618 utique
1433 570 1744 608 Clarae-tullensi
1757 602 1766 619 ,
1785 574 1847 623 qui
1871 583 1957 612 ante
1976 576 2106 614 decem

1100 646 1114 659 u
1137 629 1254 666 ferme
1274 638 1312 666 et
1332 639 1420 667 octo
1437 630 1516 667 (lies
1539 632 1576 668 in
1605 633 1829 683 episcopatu
1846 637 2106 675 Cameracensi

1099 707 1112 721 »
1136 690 1232 727 sorte
1256 691 1444 728 transiens
1468 692 1678 731 latitantem
1703 695 1888 743 offendit3
1910 705 2015 747 patet
2037 711 2106 736 vos

1098 768 1111 782 υ
1135 751 1332 789 manifeste
1362 766 1437 790 non
1469 766 1600 803 pacem
1631 768 1828 804 quaerere,
1861 757 1926 793 sed
1955 757 2106 795 dilatio-

1099 829 1113 843 »
1135 826 1220 849 nem
1235 814 1249 848 Ρ
1266 831 1279 845 υ
1299 816 1364 850 His
1382 814 1508 864 itaque
1525 828 1544 851 a
1563 815 1735 865 partibus
1753 817 1942 867 allegatis,
1959 818 2105 868 justum

1098 873 1209 911 nobis
1238 883 1276 911 et
1295 874 1352 911 liis
1379 876 1444 925 qui
1469 875 1668 913 nobiscum
1691 887 1824 926 erant,
1857 880 2040 930 religiosis
2070 891 2108 918 ct

1098 934 1333 985 sapientibus
1359 937 1554 986 personis,
1578 938 1769 988 episcopis
1790 947 1827 976 et
1847 939 2049 979 abbatibus
2069 952 2106 980 ct

1097 994 1256 1043 clericis,
1268 997 1389 1033 visum
1403 1005 1459 1033 est
1473 997 1752 1048 diuturnaejam
1769 1000 1978 1050 fatigationi
1991 1005 2107 1041 eccle-

1096 1055 1159 1091 siae
1175 1069 1319 1106 ponere
1335 1058 1447 1095 finem
1462 1087 1470 1105 ,
1487 1067 1524 1095 et
1541 1072 1783 1109 nequaquam
1802 1062 1900 1099 ultra
1917 1064 2105 1102 sustinere

1096 1128 1223 1153 moras
1243 1126 1280 1153 et
1307 1118 1508 1155 dilationes
1528 1121 1785 1170 quaerentium
1804 1136 1888 1172 quae
1905 1137 1972 1161 sua
1987 1134 2073 1162 sunt
2093 1155 2102 1172 ‚

1097 1184 1134 1211 et
1155 1176 1225 1213 sub
1243 1177 1311 1214 liac
1331 1180 1531 1215 occasione
1551 1181 1879 1229 pessumdantium
1901 1185 2104 1223 Ecclesiam

1096 1236 1178 1273 Dei.
1198 1241 1294 1274 Data
1314 1251 1405 1287 crgo
1426 1239 1616 1275 sententia
1634 1253 1652 1276 a
1680 1240 1791 1277 nobis
1808 1271 1816 1287 ,
1840 1244 1945 1292 quod
1959 1244 2105 1293 justitia

1094 1296 1262 1346 exigeret
1293 1297 1340 1333 in·
1334 1297 1439 1341 gredi
1469 1312 1645 1345 causun,
1687 1313 1756 1337 ncc
1791 1312 1889 1339 esset
1921 1307 2104 1344 canonica

1094 1358 1289 1394 excusatio
1314 1372 1427 1408 quam
1451 1359 1632 1396 affluent
1642 1360 1740 1410 ,ipsi
1761 1376 1867 1399 inme
1894 1377 1963 1400 suo
1995 1368 2109 1415 tergi-

1093 1427 1289 1455 v‘1eisintes
1316 1427 1494 1468 tanquam
1521 1419 1585 1469 qui
1607 1434 1728 1457 causae
1749 1436 1826 1459 suae
1856 1436 1990 1473 parum
2012 1427 2106 1463 fido-

1095 1488 1202 1525 rent,
1220 1480 1524 1530 appellaverunt.
1549 1485 1654 1518 Tunc
1672 1495 1764 1519 vero
1782 1485 1940 1533 prolatis
1958 1488 2108 1538 scriptis

1094 1541 1326 1591 apostolicis,
1354 1541 1390 1577 in
1415 1541 1556 1591 quibus
1584 1551 1621 1579 ct
1644 1542 1754 1580 nobis
1772 1553 1921 1582 causam
1946 1546 2105 1586 inexcu-

1097 1600 1270 1638 sabiliter
1300 1602 1527 1648 terminare,
1556 1610 1593 1639 et
1622 1603 1713 1654 ipsis
1741 1606 1938 1643 sententiae
1966 1618 2106 1647 nostrae

1095 1662 1410 1714 irrefragabiliter
1441 1663 1598 1701 obedire
1628 1666 1871 1716 praecipitur,
1901 1669 1952 1705 illi
1974 1672 2106 1710 audire

1096 1732 1388 1761 contemnentes
1411 1723 1588 1762 abierunt
1607 1740 1614 1762 :
1634 1727 1760 1762 vocati
1779 1736 1868 1764 sunt
1894 1742 1964 1766 nec
1987 1745 2105 1769 vene-

1094 1793 1205 1831 runt3
1224 1785 1347 1821 vocati
1364 1785 1547 1832 secundO,
1564 1794 1601 1822 et
1618 1786 1754 1823 iterum
1780 1799 1990 1827 renuerunt
2009 1806 2017 1828 ε
2036 1806 2105 1830 nos

1093 1853 1218 1881 autem
1242 1845 1418 1882 conversi
1435 1845 1481 1882 ad
1506 1854 1653 1896 partem
1673 1847 1828 1884 alteram
1849 1849 1984 1887 ordine
2002 1853 2105 1890 nihi-

1092 1906 1259 1942 lominus
1290 1905 1496 1955 judiciario
1529 1905 1640 1955 juxta
1675 1908 1897 1945 mandatum
1932 1920 2101 1951 vestrum

1091 1966 1369 2016 processimus,
1397 1975 1434 2003 et
1461 1976 1636 2017 suscepta
1661 1967 1891 2017 probatione
1921 1974 2103 2011 canonica

1090 2040 1206 2077 super
1225 2026 1376 2063 duobus
1393 2028 1615 2064 memoratis
1637 2029 1828 2078 capitulis,
1853 2039 1939 2080 post
1959 2035 2103 2071 exami-

1092 2096 1201 2125 natos
1235 2096 1368 2135 testes,
1397 2097 1485 2138 post
1509 2098 1664 2139 peracta
1694 2091 1877 2128 sacrificia
1895 2121 1905 2139 ,
1935 2093 2101 2146 Philippi

1090 2149 1316 2186 electionem
1343 2150 1553 2199 apostolica
1582 2150 1666 2187 freti
1694 2152 1920 2190 auctoritate
1945 2169 2102 2205 quassa—

1091 2210 1227 2247 vimus.
1249 2214 1370 2247 Porro
1389 2209 1435 2246 de
1454 2214 1616 2260 Hugone
1634 2211 1722 2261 quia
1738 2211 1837 2249 infra
1855 2227 1982 2253 sacros
2000 2218 2101 2255 ordi-

1091 2284 1158 2307 nes
1183 2284 1269 2307 cum
1309 2279 1457 2307 constat
1494 2271 1606 2308 fuisse
1635 2272 1821 2321 electum,
1854 2284 1990 2313 vestrae
2008 2306 2018 2323 ,
2061 2289 2102 2316 ut

1091 2331 1249 2381 (lignum
1276 2339 1354 2377 est,
1379 2331 1650 2369 misericordiae
1670 2335 1960 2374 reservavimus.

1132 2479 1660 2489 sxuuxxsznmxsvs==22====t==szxn==xuxae
1666 2480 1835 2490 ιςςπκηκιιςιι
1842 2482 1866 2490 xx
1873 2482 1939 2491 vxvn
1946 2483 1954 2492 η
1961 2485 2068 2495 --ιινικι-
2077 2487 2101 2496 ==

1215 2605 1597 2663 EPISTOLA
1639 2607 1970 2668 CDXXXI.

1390 2763 1437 2785 An
1462 2762 1643 2785 DOMIXCM
1663 2763 1789 2787 papan.

1326 2882 1359 2909 In
1381 2878 1511 2920 gratiam
1531 2878 1669 2920 episcopi
1686 2880 1859 2911 Trecensis.

1142 2995 1310 3032 Petimus
1342 2994 1542 3031 dominum
1580 2998 1806 3033 Trecensem
1842 2999 2014 3036 exaudiri
2053 3002 2098 3038 dc

1083 3054 1231 3104 justitia
1253 3069 1320 3092 sua
1346 3070 1353 3091 :
1376 3056 1560 3092 vellemus
1581 3064 1705 3092 autem
1727 3065 1771 3092 ut
1797 3058 1895 3094 inter
1915 3059 2038 3108 ipsum
2062 3071 2099 3097 et

1088 3116 1245 3152 clericos
1269 3129 1358 3152 suos
1380 3116 1463 3152 talis
1490 3116 1696 3153 concordia
1722 3117 1847 3154 studio
1872 3128 2005 3156 vestrae
2026 3126 2098 3159 Be-

1087 3176 1285 3226 nignitatis
1316 3176 1618 3221 reformaretur,
1653 3185 1694 3212 ut
1727 3177 1826 3213 ultra
1861 3178 1986 3215 clerici
2017 3194 2094 3216 non

1087 3244 1330 3286 apponerent
1367 3235 1506 3285 injuste
1541 3250 1680 3273 vexare
1714 3237 1906 3273 hominem
1944 3252 2094 3287 senem,

1087 3297 1152 3345 qui
1184 3310 1254 3332 nec
1277 3295 1379 3345 juste
1411 3296 1458 3332 (le
1488 3297 1668 3346 pontifice
1698 3296 1735 3332 in
1760 3296 1886 3345 aliquo
1914 3299 2095 3347 conqueri
