2517 3920
361 163 456 199 1223

1111 164 1145 197 S.
1183 164 1434 199 BERMRDI
1466 167 1667 203 ABBATIS

2338 171 2432 208 1224

355 243 404 279 Cit
424 240 592 279 Clu'iSfflS
611 253 618 274 ³
644 241 764 273 Amen
784 240 868 273 (ΠΜ
890 238 1013 283 Mhi-‘2
1036 249 1252 289 receperunt
1272 241 1415 276 mor-⁵²⁷
1430 242 1483 279 illi
1503 242 1764 293 superbissimi
1782 243 1829 280 de
1852 245 2021 291 Psalmo,
2041 258 2205 295 quorum
2227 247 2370 296 prodiit
2389 263 2434 286 ex

355 304 481 338 cedem
504 313 610 335 suam
630 306 654 334 ¹.
690 302 824 335 Nonne
849 298 879 335 si
901 299 939 336 in
958 299 1027 336 hac
1046 300 1124 336 vita
1145 308 1291 337 tantum
1325 301 1361 337 in
1379 308 1407 341 A
1431 302 1541 353 adipe
1558 303 1740 353 iniquitas
1759 317 1892 340 eorum
1907 333 1916 350 ‚
1933 305 2053 341 multo
2070 305 2187 342 tutius
2207 307 2331 356 operti
2349 318 2436 346 sunt

355 361 504 399 Christo
524 366 718 409 sperantes
741 371 871 395 sumus
885 388 893 404 ,
921 359 1214 397 miserabiliores
1231 374 1361 397 sumus

355 420 533 458 omnibus
548 418 766 455 hominibus
780 425 790 439 ²
809 420 823 454 Ρ
847 423 904 455 An
926 433 1017 456 vero
1038 434 1115 456 non
1138 421 1174 456 in
1196 420 1264 456 hac
1284 420 1361 458 vita

355 490 500 519 tautum
523 480 562 516 in
596 479 744 515 Christo
766 492 980 529 speramus,
1003 481 1031 516 si
1053 480 1099 516 de
1119 481 1254 517 Christi
1277 494 1358 517 ser-

353 543 447 580 vitio
469 540 716 590 temporalem
739 548 886 575 tantum
907 540 1064 589 gloriam
1085 540 1318 589 quaerimus?

409 603 443 638 ⁵2.
474 601 588 637 Miser
608 612 677 648 ego
696 599 902 634 homuncio
919 628 928 645 ,
953 599 1018 649 qui
1042 608 1148 636 tanto
1172 600 1303 637 labore
1323 609 1359 637 et

354 661 539 699 industria
575 658 708 695 studeo
744 671 820 693 non
855 671 953 704 esse,
988 659 1048 695 vel
1078 660 1205 709 potius
1239 660 1360 697 videri

355 723 452 759 sicut
478 719 603 757 caeteri
625 718 846 764 hominum3
872 719 996 755 minus
1024 728 1148 756 tamen
1179 729 1359 771 acceptu-

353 795 417 819 rus
429 811 438 828 ,
456 781 533 817 imo
549 779 699 829 gravius
717 778 943 814 cruciandus
955 808 964 825 ,
985 793 1099 828 quam
1116 779 1274 829 quilibet
1294 782 1361 818 ho-

355 843 512 879 minum.
545 839 689 877 Siccine
717 851 808 887 ergo
840 852 916 875 non
954 839 1220 876 inveniebatur
1249 841 1360 878 nobis

353 903 438 947 via,
473 908 516 936 ut
547 900 598 935 ita
633 898 756 934 dicam
777 926 787 943 ‚
819 906 1024 948 utcumque
1048 899 1282 937 tolerabilior
1311 901 1358 938 ad

352 962 542 998 infernum
557 961 572 995 Ρ
587 958 622 995 Si
643 958 693 993 ita
715 970 866 993 necesse
887 966 987 1002 erat,
1008 966 1050 994 ut
1066 959 1131 994 illo
1152 958 1361 996 descende-

1428 363 1629 413 iniquitate
1646 373 1684 400 et
1703 364 1897 414 impietate
1917 377 1983 400 sua
1998 363 2031 411 ⁶,
2052 379 2164 414 quam
2188 378 2257 402 nos
2278 367 2435 406 latemus

1428 423 1498 460 sub
1522 425 1720 461 sanctitate
1742 424 1888 461 aliena?
1904 424 1996 472 Quis
2016 425 2116 461 enim
2139 426 2256 475 magis
2272 426 2432 477 impius,

1427 498 1474 521 an
1495 486 1680 534 profitens
1701 486 1954 535 impietatem,
1980 498 2028 521 an
2051 486 2238 523 mentiens
2257 488 2434 525 sanctita-

1428 547 1529 581 tem?
1548 549 1684 582 Nonne
1704 545 1734 581 is
1761 545 1827 594 qui
1858 545 1969 581 etiam
2002 544 2241 582 mendacium
2273 546 2434 594 addens,

1427 606 1593 655 geminat
1607 605 1841 655 impietatem
1861 607 1874 641 Ρ
1890 609 1935 643 Et
1954 605 2046 656 quid
2064 605 2209 642 dicam?
2225 609 2369 643 Vereor
2387 621 2434 644 ne

1428 667 1525 703 forte
1546 675 1583 703 et
1603 679 1672 716 ego
1695 675 1892 717 suspectus
1911 667 2070 712 habear,
2091 679 2170 703 non
2192 666 2346 716 quidem
2363 681 2434 705 vo-

1428 726 1504 773 bis,
1526 736 1655 776 pater,
1683 740 1760 763 non
1790 726 1922 773 vobis,
1957 727 2017 764 cui
2045 727 2179 776 utique
2211 735 2345 763 notum
2375 741 2434 766 me

1429 788 1537 834 novi,
1555 796 1740 837 quantum
1762 788 1799 824 in
1817 788 1886 825 hac
1906 788 2064 838 caligine
2081 787 2198 824 homo
2212 787 2357 824 homini
2374 788 2434 825 in-

1428 856 1624 884 notescere
1652 856 1799 897 potest3
1830 857 1868 884 et
1887 848 2100 898 specialiter
2125 847 2172 884 de
2198 848 2268 884 hac
2288 861 2328 885 re
2357 849 2433 886 scio

1426 921 1495 944 vos
1516 921 1591 944 non
1617 908 1792 957 ignorare
1811 909 1903 958 quid
1921 909 2093 946 sentiam.
2113 908 2185 947 Sed
2206 916 2366 959 propter
2384 909 2432 946 il-

1427 968 1502 1013 los,
1519 967 1585 1017 qui
1606 981 1665 1003 me
1683 981 1753 1004 nec
1770 968 1820 1004 ita
1836 976 1879 1004 ut
1894 982 1964 1005 vos
1981 976 2348 1018 cognoverunt‚.nec
2367 968 2434 1005 sic-

352 1033 496 1065 l‘ClUUS,
520 1032 588 1055 CUI*
616 1017 746 1054 Ssslst‘ss]
770 1017 870 1053 illan]
883 1046 892 1063 ,
922 1031 997 1067 qua
1026 1019 1135 1054 multi
1155 1019 1360 1068 incedunt,
1383 1027 1409 1061 B
1429 1036 1470 1064 ut
1482 1026 1594 1064 vobis
1607 1027 1695 1065 hinc,
1710 1028 1816 1077 loqui
1833 1028 1959 1074 soleo²
1977 1028 2199 1078 loquentem
2214 1026 2432 1072 audierunt,

347 1082 446 1117 viam
471 1079 612 1116 scilicet
628 1079 740 1114 latam
756 1106 765 1123 ,
784 1090 868 1127 quae
884 1077 989 1114 ducit
1009 1078 1056 1115 ad
1075 1088 1235 1116 mortem
1248 1109 1256 1125 ‚
1277 1095 1355 1118 non

347 1142 527 1191 elegimus
544 1169 553 1186 ‚
583 1147 769 1188 quatenus
790 1139 847 1174 vel
878 1138 924 1175 de
949 1139 1113 1188 gaudio,
1144 1149 1181 1177 et
1204 1154 1282 1177 non
1309 1141 1355 1178 de

346 1203 472 1247 luctu,
497 1200 543 1236 ad
564 1200 706 1236 luctum
728 1198 1006 1236 transiremus?
1027 1203 1058 1237 O
1078 1214 1191 1250 quam
1210 1201 1356 1238 felicius

346 1271 403 1300 est
422 1261 519 1305 illis,
548 1273 713 1310 quorum
736 1272 813 1295 non
840 1268 896 1295 est
921 1268 1114 1309 respectus
1142 1261 1257 1297 morti
1287 1274 1355 1297 eo-

348 1335 432 1359 rum
448 1351 458 1368 ,
483 1329 520 1357 ct
542 1321 823 1356 firmamentum
845 1318 883 1354 in
910 1319 1020 1368 plaga
1038 1332 1170 1356 eorum
1186 1348 1195 1365 ,
1230 1320 1295 1369 qui
1316 1321 1354 1357 in

346 1381 478 1419 labore
497 1380 696 1417 hominum
722 1392 798 1415 non
824 1387 933 1424 sunt,
965 1387 1002 1416 et
1024 1393 1110 1416 cum
1135 1380 1354 1418 hominihus

346 1454 423 1478 non
451 1440 714 1489 flagellantur!
754 1439 818 1488 qui
848 1439 915 1475 etsi
940 1448 1182 1489 peccatores,
1213 1454 1255 1477 ac
1282 1455 1354 1491 pro

345 1500 489 1550 gaudiis
531 1497 806 1549 temporalibus
830 1527 839 1543 ,
887 1499 1082 1549 perpetuis
1123 1501 1354 1539 cruciatibus

345 1560 506 1605 addicti,
530 1560 660 1596 saltem
689 1558 926 1595 abundantes
948 1560 984 1595 in
1007 1560 1146 1597 saeculo
1173 1560 1357 1598 obtinue-

345 1630 436 1657 runt
463 1620 613 1656 divitias
630 1619 655 1655 3.
681 1623 744 1656 Vae
779 1619 1022 1668 portantibus
1058 1634 1210 1657 crucem
1228 1651 1237 1668 ‚
1277 1636 1354 1659 non

346 1682 441 1718 sicut
462 1681 635 1718 Salvator
657 1692 763 1716 suam
782 1708 790 1724 ,
821 1679 886 1715 sed
909 1680 1005 1716 sicut
1027 1680 1088 1716 ille
1123 1683 1352 1730 Cyrenaeus,

345 1742 505 1778 alienam
523 1741 551 1777 4.
583 1744 647 1777 Vae
676 1739 893 1775 citharoedis
916 1739 1245 1787 citharizantibus,
1276 1755 1352 1778 non

345 1810 387 1838 ut
421 1801 475 1837 illi
504 1800 550 1837 de
575 1799 836 1849 Apocalypsi,
872 1800 909 1834 in
945 1800 1098 1837 citharis
1124 1801 1200 1837 suis
1221 1800 1253 1846 ⁵,
1288 1802 1353 1839 sed
1372 1795 1399 1828 C

345 1875 458 1906 vere,
485 1869 526 1897 ut
556 1860 789 1910 hypocritae,
823 1860 860 1895 in
883 1860 1026 1897 alienis.
1064 1865 1127 1897 Vae
1157 1863 1294 1909 semel,
1317 1872 1354 1900 et

346 1935 401 1958 vae
427 1922 565 1958 iterum
594 1919 829 1970 pauperibus
857 1920 1042 1970 superbis.
1064 1926 1150 1968 Vae,
1172 1923 1350 1973 inquam,

344 1982 483 2026 semel,
502 1990 540 2017 et
559 1994 615 2017 vie
636 1981 795 2025 iterum,
818 1980 1059 2030 portantibus
1077 1995 1227 2018 crucem
1246 1984 1354 2020 Chri-

343 2044 410 2090 sti,
427 2051 465 2079 et
483 2056 560 2078 non
579 2039 826 2091 sequentibus
844 2041 1032 2078 Christum

342 2103 451 2153 cujus
472 2102 711 2153 passionibus
732 2102 985 2152 participant,
1015 2103 1267 2141 humilitatem
1289 2118 1350 2142 se—

1058 2056 1064 2077 :
1089 2044 1152 2092 qui
1171 2044 1350 2081 nimirum

343 2164 436 2200 ctari
467 2164 678 2213 negligunt.

396 2226 432 2261 3.
462 2224 616 2274 Duplici
654 2223 797 2273 quippe
832 2224 1064 2260 contritione
1096 2234 1351 2263 conteruntur

340 2285 406 2334 qui
426 2284 646 2334 hujusmodi
667 2294 773 2332 sunt,
795 2285 951 2335 quando
976 2294 1012 2322 et
1030 2286 1089 2322 hic
1107 2300 1178 2336 pro
1200 2295 1350 2338 tempo-

341 2346 410 2382 rali
430 2346 548 2395 gloria
566 2346 825 2396 temporaliter
845 2360 883 2382 se
901 2346 1088 2396 affligunt,
1108 2355 1145 2383 et
1162 2348 1198 2383 in
1222 2348 1351 2385 suturo

340 2419 411 2455 pro
437 2405 586 2442 interna
606 2406 783 2456 superbia
805 2406 850 2443 ad
873 2415 1013 2443 aeterna
1044 2408 1230 2457 supplicia
1257 2421 1350 2458 per-

342 2466 556 2502 trahuntur.
596 2466 789 2503 Laboraut
825 2481 910 2503 cum
945 2467 1123 2513 Christo,
1162 2468 1229 2504 sed
1261 2483 1346 2505 cum

340 2527 488 2563 Christo
524 2541 600 2563 non
635 2536 795 2576 regnant
821 2543 828 2564 ε
855 2537 1070 2577 sequuntur
1096 2529 1285 2566 Christum
1309 2529 1347 2565 in

1424 1086 1549 1124 scribo
1576 1086 1685 1124 vobis
1712 1086 1831 1138 (quod
1859 1096 1897 1125 et
1924 1088 2144 1137 frequenter
2174 1086 2365 1138 audistis),
2394 1096 2434 1124 ut

1423 1147 1606 1197 quoniam
1625 1160 1694 1197 ego
1715 1161 1785 1198 per
1806 1149 1975 1198 singulos
1994 1148 2068 1194 ire,
2089 1155 2127 1184 et
2147 1147 2304 1197 singulis
2323 1147 2431 1184 satis-

1424 1206 1544 1244 facere
1564 1220 1714 1257 nequeo
1727 1237 1736 1254 ,
1760 1221 1806 1244 ex
1834 1222 1894 1245 me
1922 1207 2093 1245 habeatis
2106 1237 2115 1254 ,
2135 1206 2238 1244 unde
2254 1206 2360 1256 quod
2387 1206 2432 1243 de

1424 1282 1484 1304 me
1501 1268 1708 1305 certissime
1732 1269 1834 1305 scitis
1847 1298 1856 1314 ,
1884 1270 1938 1305 eis
1957 1282 2029 1319 pro
2050 1281 2110 1305 me
2127 1267 2322 1305 verissime
2341 1281 2430 1317 per-

1423 1328 1624 1365 suadeatis.
1658 1332 1792 1379 Neque
1823 1330 1923 1366 enim
1958 1330 2074 1366 timeo
2107 1328 2279 1366 omnium
2313 1328 2432 1365 oeulis

1422 1388 1608 1434 scribere,
1630 1389 1817 1440 quidquid
1845 1389 1890 1426 de
1911 1390 1981 1427 hac
2005 1403 2045 1427 re
2067 1389 2175 1427 vobis
2195 1390 2233 1426 in
2261 1402 2351 1426 aure
2370 1389 2430 1426 lo-

1422 1457 1530 1486 cutus
1550 1462 1646 1485 511111.

1795 1569 1974 1608 CAPUT
2004 1569 2060 1609 ΙΙ.

1475 1696 1587 1734 Purgat
1606 1703 1638 1723 se
1655 1695 1685 1724 S.
1703 1691 1900 1730 BeruarduS,
1919 1698 1949 1723 et
1966 1692 2118 1724 Ordinem
2134 1692 2384 1724 Cluniacensium

1824 1747 2033 1779 commendat.

1475 1861 1510 1898 lt.
1529 1861 1621 1910 Quis
1641 1875 1810 1911 unquam
1834 1874 1892 1897 me
1912 1860 2094 1898 adversus
2114 1861 2296 1899 Ordinem
2323 1861 2428 1898 illum

1421 1923 1479 1958 vel
1501 1935 1628 1959 coram
1647 1922 1793 1959 audivit
1813 1922 2068 1972 disputantem
2083 1951 2092 1969 ‚
2107 1922 2168 1958 vel
2183 1922 2278 1959 clam
2300 1935 2428 1959 susur-

1422 1985 1597 2019 rantem?
1617 1986 1737 2031 Quem
1757 1996 1928 2032 unquam
1947 1982 1993 2019 de
2011 1982 2156 2020 Ordine
2173 1982 2240 2019 illo
2253 1982 2325 2019 nisi
2342 1995 2427 2019 cum

1420 2043 1558 2092 gaudio
1576 2043 1676 2090 vidi,
1697 2043 1767 2079 nisi
1788 2056 1872 2079 cum
1894 2043 2043 2079 honore
2059 2042 2233 2092 suscepi,
2253 2042 2324 2079 nisi
2341 2055 2424 2079 cum

1419 2104 1633 2140 reverentia
1649 2103 1837 2140 allocutus
1850 2132 1859 2148 ,
1878 2103 1948 2140 nisi
1963 2117 2049 2140 cum
2066 2103 2279 2140 humilitate
2292 2103 2427 2140 adhor-

1420 2172 1516 2201 tatus
1546 2166 1654 2201 sum?
1677 2164 1786 2209 Dixi,
1809 2172 1847 2201 et
1867 2164 1952 2200 dico
1982 2179 1990 2201 ε
2012 2163 2150 2201 Modus
2172 2162 2324 2213 quidem
2341 2164 2425 2200 vitae

1417 2233 1473 2261 est
1489 2233 1641 2262 sanctus
1655 2254 1663 2270 ,
1680 2224 1884 2270 honestus,
1902 2225 2071 2261 castitate
2088 2223 2269 2270 decorus,
2286 2224 2426 2261 discre-

1419 2285 1522 2321 tione
1538 2285 1772 2335 praecipuus,
1789 2298 1808 2321 a
1824 2284 1996 2335 patribus
2012 2284 2228 2331 institutus,
2246 2297 2267 2321 a
2284 2284 2424 2334 Spiritu

1418 2354 1549 2382 sancto
1579 2344 1877 2395 praeordinatus,
1901 2343 2099 2381 animabus
2129 2343 2318 2381 salvandis
2348 2357 2424 2381 non

1419 2406 1663 2443 mediocriter
1681 2405 1855 2442 idoneus.
1875 2409 2006 2455 Egone
2019 2406 2080 2442 vel
2099 2404 2238 2442 damno
2250 2433 2260 2451 ,
2277 2405 2338 2441 vel
2354 2403 2422 2441 de·

1415 2467 1534 2516 spicio
1547 2497 1556 2513 ,
1578 2480 1692 2516 quem
1711 2467 1762 2503 sic
1784 2466 1979 2517 praedico?
1998 2467 2155 2504 Memini
2172 2479 2232 2502 me
2253 2465 2422 2515 aliquan·-

1416 2528 1465 2564 do
1498 2528 1536 2564 in
1570 2528 1760 2578 aliquibus
1793 2527 1963 2577 ejusdem
1999 2528 2154 2566 Ordinis
2187 2526 2422 2565 monasteriis

338 2595 562 2636 paupertate
583 2601 647 2624 sua
661 2617 669 2633 ,
696 2588 761 2625 sed
782 2589 819 2624 in
841 2589 961 2637 gloria
993 2602 1070 2624 non
1100 2602 1346 2639 consequun-
1367 2596 1400 2629 D
1416 2588 1582 2637 hospitio
1597 2597 1815 2638 susceptum
1834 2588 1946 2624 fuisse
1964 2603 1971 2625 :
1990 2587 2125 2624 reddat
2137 2588 2324 2625 Dominus
2345 2599 2422 2624 ser-

340 2655 401 2683 tur
423 2662 429 2683 :
458 2647 504 2684 de
526 2656 695 2684 torrente
717 2648 755 2684 in
776 2650 836 2685 via
864 2648 1001 2684 bibunt
1018 2677 1027 2693 ,
1057 2649 1121 2684 sed
1150 2663 1226 2685 non
1251 2651 1351 2686 exal—

341 2706 475 2743 tabunt
498 2716 612 2757 caput
631 2708 667 2743 in
691 2709 813 2758 patria
835 2723 842 2744 :
865 2709 996 2757 lugent
1017 2721 1140 2754 nunc,
1168 2709 1233 2744 sed
1259 2718 1350 2746 tunc

342 2780 418 2803 non
443 2768 757 2805 consolabuntur.
776 2773 822 2805 Et
841 2769 977 2805 merito
1000 2783 1007 2804 :
1030 2768 1122 2817 quid
1141 2769 1241 2805 enim
1263 2769 1350 2805 facit

343 2826 521 2876 superbia
540 2827 610 2864 sub
625 2829 760 2878 pannis
785 2829 1007 2865 humilitatis
1027 2830 1142 2865 Jesu?
1163 2828 1350 2878 numquid

344 2898 421 2921 non
443 2886 556 2923 habet
574 2901 650 2936 quo
671 2902 710 2925 se
738 2890 867 2938 palliet
895 2889 1061 2926 humana
1089 2890 1229 2925 malitia
1244 2918 1253 2934 ,
1280 2889 1349 2925 nisi

345 2945 446 2982 unde
465 2946 636 2983 involuta
664 2957 720 2984 est
745 2950 905 2986 infantia
930 2950 1163 2987 Salvatoris?
1184 2953 1230 2986 Et
1250 2963 1350 2999 quo-

343 3004 459 3041 modo
475 3005 575 3041 intra
588 3008 813 3057 praesepiuni
834 3010 988 3045 Domini
1006 3010 1220 3046 simulatrix
1239 3023 1348 3046 arro-

343 3064 468 3114 gantia
482 3077 521 3101 se
539 3074 725 3112 coarctat,
745 3080 786 3103 ac
808 3081 877 3117 pro
895 3069 1082 3118 vagitibus
1100 3070 1349 3116 innocentiae,

344 3124 485 3162 malum
502 3124 595 3162 inibi
616 3125 860 3165 detractionis
877 3129 1171 3167 immurmurat?
1188 3135 1246 3168 An
1271 3143 1349 3167 non

393 3279 402 3293 ¹
419 3272 534 3304 Matth.
552 3285 597 3311 w,
617 3278 646 3305 5.
662 3294 704 3297 -—-
723 3281 733 3295 ²
750 3277 847 3306 [Cor.
866 3287 920 3312 xv,
944 3280 992 3307 19.
1010 3296 1048 3298 —
1068 3276 1081 3298 3
1098 3279 1177 3309 Psal.
1196 3290 1305 3317 mxxxi,
1325 3282 1356 3312 li,
1376 3284 1407 3311 J».
1431 3284 1480 3310 1¹2.
1512 3299 1521 3301 -

342 3338 429 3355 Lxxu
444 3351 450 3359 ,
470 3330 501 3358 fi,
522 3329 550 3356 5.

1417 2648 1473 2685 vis
1505 2649 1580 2685 suis
1613 2649 1909 2694 humanitatem,
1946 2661 2060 2698 quam
2093 2648 2301 2685 infirmanti
2332 2645 2421 2683 mihi

1418 2709 1517 2745 ultra
1537 2709 1648 2745 etiam
1671 2722 1782 2758 quam
1807 2722 1959 2746 necesse
1979 2709 2070 2755 fuit,
2089 2709 2365 2754 exhibuerunt3
2385 2714 2422 2744 et

1416 2769 1627 2814 honorem,
1654 2784 1730 2819 quo
1763 2784 1823 2806 me
1853 2771 1939 2820 plus
1966 2784 2121 2820 quoque
2149 2783 2261 2820 quam
2289 2769 2420 2818 dignus

1419 2829 1469 2865 sui
1485 2858 1493 2874 ,
1513 2829 1654 2879 dignati
1670 2839 1768 2866 sunt.
1786 2834 1962 2880 Ipsorum
1983 2844 2041 2867 me
2056 2829 2320 2867 commendavi
2337 2840 2421 2864 ora-

1419 2889 1609 2935 tionibus,
1646 2890 1800 2927 intert'ui
1837 2890 2103 2927 collationibus
2134 2906 2142 2927 ε
2178 2903 2277 2940 saepe
2309 2897 2346 2925 et
2375 2887 2420 2924 de

1418 2950 1644 2999 Scripturis‚
1677 2959 1715 2986 et
1745 2951 1865 2987 salute
1894 2951 2105 2987 animarum
2142 2950 2256 2987 habui
2276 2959 2420 2985 sermo-

1418 3022 1503 3045 nen]
1522 3023 1606 3045 cuni
1630 3010 1757 3046 multis
1770 3039 1779 3055 ,
1799 3018 1836 3046 et
1853 3009 2006 3060 publice
2023 3010 2060 3046 in
2083 3010 2274 3060 capitulis,
2291 3016 2328 3044 et
2343 3006 2420 3057 pri-

1417 3070 1532 3106 vatim
1554 3070 1591 3106 in
1615 3071 1786 3107 cameris.
1809 3074 1930 3118 Quem
1952 3083 2120 3119 unquam
2144 3070 2203 3106 vel
2224 3069 2318 3106 clam
2332 3097 2341 3114 ,
2361 3065 2418 3102 vel

1416 3130 1542 3179 palam
1579 3139 1643 3167 aut
1673 3129 1720 3167 ab
1753 3131 1819 3167 illo
1846 3129 1990 3168 Ordine
2020 3130 2256 3176 dissuadere,
2281 3136 2344 3165 aut
2374 3124 2419 3163 ad

1557 3279 1568 3304 *³
1585 3275 1698 3311 Matth.
1719 3289 1821 3310 xxvix.
1841 3281 1895 3309 30„
1912 3298 1955 3300 —
1971 3276 1984 3300 5
1999 3281 2100 3320 Apoc.
2115 3288 2185 3314 xiv,
2205 3279 2233 3307 2.
2256 3294 2281 3298 —
2307 3271 2322 3295 6
2337 3272 2414 3305 Psal.
