2533 3920
335 255 409 291 235

1094 242 1129 276 S.
1162 235 1414 273 BERNARDI
1442 232 1644 269 ABBATIS

2332 220 2407 257 23ss

334 330 473 381 quibus
513 336 549 364 et
593 324 755 362 vicissim
797 334 875 358 non
914 317 1050 355 minori
1093 316 1222 364 utique
1261 325 1336 349 suae
1355 309 1386 327 ³⁰
1403 311 1548 347 bonum
1562 337 1571 355 ,
1590 306 1656 344 sed
1678 304 1818 341 malum
1841 301 2005 337 diximus
2027 298 2130 348 quod
2152 298 2292 334 malum
2315 307 2407 335 erat.

334 387 546 427 affectionis
571 386 737 422 clamore
757 378 990 431 respondent
1009 392 1016 413 z
1034 377 1225 418 Lamiam,
1248 385 1341 421 pue-
1357 373 1390 406 A
1406 374 1546 408 Verum
1578 368 1607 404 si
1636 365 1744 403 malis
1770 360 1949 399 audacter
1978 372 2063 395 cum
2098 357 2284 402 vidimus,
2301 356 2410 394 obla-

333 455 383 493 Γί,
403 452 602 484 Dominum
618 460 630 489 ;
646 445 795 480 laudate
819 452 953 475 nomen
980 439 1132 472 Domini
1147 441 1177 479 ¹3
1198 440 1235 468 ct
1254 443 1339 468 rur-

333 523 436 555 sum,
457 510 611 544 Psallite
637 507 712 540 Deo
735 511 875 546 nostro,
893 499 1066 547 psallite;
1085 496 1240 544 psallite
1261 494 1340 539 regi

336 579 460 606 nostro
472 597 484 614 ,
512 570 666 617 psallite
680 571 706 600 ².

390 632 424 666 6.
444 632 545 665 Dum
567 623 740 662 manibus
760 628 934 671 pectora,
957 613 1129 666 genubus
1149 610 1344 662 pavimen-

337 698 372 726 ta
398 688 626 731 tunduntur,
654 683 752 719 votis
771 689 807 717 et
828 677 974 715 devotis
1003 673 1180 725 precibus
1208 669 1339 707 altaria

336 748 601 790 cumulantur,
623 743 780 781 sordent
797 752 902 789 genae
919 735 1094 785 lacrymis
1108 762 1117 778 ,
1138 729 1340 782 gemitibus

337 816 448 856 atque
477 804 647 854 suspiriis
677 802 851 850 mugiunt
873 795 1100 840 diversoria,
1121 801 1159 829 et
1182 804 1254 841 pro
1282 789 1341 825 fo-

338 866 513 903 rensibus
530 864 668 909 causis,
690 861 844 898 canticis
869 854 1129 908 spiritualibus
1156 863 1260 888 sacra
1287 857 1342 885 te-

338 936 395 963 cta
410 926 593 962 resultant
610 937 617 959 :
636 923 687 959 nil
705 919 879 970 supernis
897 915 1042 953 civibus
1058 912 1174 961 magis
1193 917 1343 959 specta—

339 1000 379 1022 rc
405 985 518 1029 libet,
535 984 585 1019 nil
611 981 705 1030 Regi
730 991 880 1017 summo
896 973 1105 1025 jucundius
1128 969 1342 1007 exhibetur.

338 1045 436 1092 Quid
454 1044 554 1080 enim
572 1041 674 1078 aliud
689 1048 745 1076 est
761 1037 865 1087 quod
882 1037 953 1080 ait,
969 1033 1204 1079 Sacrificium
1227 1029 1343 1064 laudis

337 1102 596 1150 [tonat-ficabit
629 1097 739 1135 me3?
773 1101 803 1134 O
838 1097 867 1133 si
901 1094 985 1144 quis
1021 1091 1178 1128 haberet
1212 1088 1343 1124 oculos
1363 1083 1392 1116 Β

338 1171 512 1213 apertos,
539 1173 635 1210 quos
662 1156 809 1195 orando
838 1153 1027 1205 propheta
1052 1163 1172 1200 puero
1203 1148 1344 1184 revela-

337 1223 412 1258 vit4'
427 1224 434 1257 l
451 1221 596 1257 videret
611 1217 745 1269 procul
762 1215 878 1252 dubio
890 1209 1230 1263 ,quemadmodum
1250 1220 1345 1258 prae-

336 1283 497 1318 veniunt
532 1282 728 1328 principes
765 1276 951 1322 conjuncti
991 1269 1238 1320 psallenthus
1259 1295 1270 1311 ,
1305 1271 1345 1302 in

337 1343 461 1377 medio
470 1341 748 1387 juvencularum
767 1345 787 1382 τν
785 1337 1112 1383 ι·1η[)αηί,ςτνιάνιιιη
1127 1329 1154 1366 5.
1168 1327 1324 1366 Videret
1336 1355 1346 1373 ,

338 1403 512 1451 iuquam,
542 1413 617 1448 qua
645 1410 758 1442 cura,
795 1407 920 1445 quove
956 1390 1124 1442 tripudio
1157 1390 1347 1426 intersunt

338 1461 577 1500 cantantibus
590 1488 599 1505 ,
616 1459 752 1495 adsunt
772 1454 989 1499 orantibus,
1011 1453 1142 1488 insunt
1161 1448 1346 1486 meditan-

339 1523 458 1565 tibus,
482 1527 687 1569 supersunt
703 1514 1004 1566 quiescentibus,
1023 1508 1291 1548 ordinantibus
1311 1515 1349 1544 et

337 1580 632 1632 procurantibus
649 1585 830 1628 praesunt.
847 1580 1071 1624 Agnoscunt
1088 1570 1269 1607 nimirum
1286 1581 1350 1604 su-

337 1654 467 1691 pernae
492 1647 696 1690 potestates
720 1637 896 1673 concives
917 1646 1029 1678 suos3
1051 1639 1088 1668 et
1108 1643 1180 1680 pro
1205 1628 1261 1664 his
1285 1628 1350 1676 qui

338 1699 595 1736 haereditatem
627 1697 783 1747 capiunt
813 1694 964 1739 salutis,
994 1691 1150 1729 sollicite
1179 1700 1349 1736 congau-

340 1761 450 1805 dent,
484 1759 724 1802 confortant,
752 1757 968 1798 instruunt,
1001 1756 1227 1802 protegunt,
1252 1760 1347 1798 pro-

339 1819 546 1869 videntque
567 1817 745 1854 omnibus
765 1827 897 1852 omnes
913 1814 952 1849 in
970 1809 1161 1848 omnibus.
1183 1808 1347 1846 Felicem

1406 429 1610 467 travimus³
1630 442 1639 473 3
1671 437 1772 462 nunc
1803 435 1888 458 cum
1924 419 1971 456 ad
2007 418 2110 455 bona
2140 425 2299 454 ventum
2332 425 2411 463 est,

1405 492 1514 528 silere
1531 487 1713 525 debemus
1726 514 1735 531 ,
1754 491 1790 519 et
1808 495 1886 518 non
1903 480 2020 529 magis
2043 476 2301 514 testimonium
2320 489 2412 526 pcr-

1407 551 1538 588 hibere
1564 548 1691 584 bono?
1721 542 1901 592 Alioquin
1931 550 2150 576 corrosores
2180 536 2294 572 fuisse
2325 548 2414 572 con-

1408 610 1612 653 vincimur,
1643 618 1722 643 non
1752 610 2009 645 correctores;
2027 606 2066 634 et
2087 595 2283 641 mordere,
2300 607 2414 644 quam

1411 669 1614 707 emendare
1644 664 1865 708 maluimus,
1898 660 1928 697 si
1957 658 2070 695 bonis
2096 654 2415 700 obmutescimus,

1407 733 1471 782 qui
1494 732 1533 767 in
1559 737 1706 766 tantum
1731 722 2022 762 reclamavimus
2043 717 2161 754 malis.
2184 720 2314 753 Justus
2331 727 2418 751 cor-

1408 791 1499 841 ripit
1523 790 1562 826 in
1581 784 1859 828 misericordia,
1879 787 2060 831 peccator
2082 776 2260 814 adulatur
2280 774 2319 810 in
2345 774 2417 810 im-

1409 851 1572 900 pietate:
1595 848 1679 891 ille,
1711 853 1754 881 ut
1782 850 1912 886 curet,
1938 841 2028 884 iste,
2048 846 2091 874 ut
2118 836 2284 873 occultet
2314 833 2418 883 quod

1409 918 1490 947 erat
1508 906 1732 945 curandum.
1753 904 1852 941 Nihil
1870 901 1937 938 tibi
1955 899 2057 950 apud
2074 910 2139 935 eos
2157 896 2224 946 qui
2241 895 2419 931 timentes

1409 967 1619 1006 Dominum
1645 964 1876 1013 glorificant,
1899 958 2170 1010 suspicandum
2191 963 2247 993 est
2268 954 2314 991 de
2335 953 2421 990 oleo

1410 1025 1641 1077 peccatoris,
1665 1036 1742 1073 quo
1773 1031 1879 1058 tuum
1911 1019 2106 1069 quondam
2136 1024 2251 1066 caput
2280 1014 2422 1064 impin-

1412 1100 1526 1137 guare.
1547 1084 1733 1122 solebant.
1755 1081 1973 1119 Laudamus
1990 1087 2046 1124 te,
2067 1077 2250 1127 quoniam
2271 1083 2312 1111 tu
2333 1074 2423 1110 facis

1410 1146 1525 1184 unde.
1556 1149 1642 1182 Non
1668 1155 1738 1179 nos
1770 1154 1859 1177 sane
1886 1139 2101 1182 adulamur,
2127 1135 2192 1173 sed
2220 1136 2259 1172 in
2288 1143 2324 1170 te
2353 1134 2423 1171 Dei

1412 1220 1571 1245 munere
1604 1203 1836 1253 adimpletur
1864 1198 1969 1250 quod
1998 1197 2127 1248 psallis
2145 1225 2156 1244 ,
2192 1198 2266 1242 Qui
2293 1199 2426 1231 timent

1413 1279 1469 1313 te,
1488 1265 1668 1303 videbunt
1697 1277 1776 1308 me,
1807 1271 1842 1297 et
1865 1259 2106 1303 laetabuntur,
2130 1261 2223 1305 quia
2247 1260 2285 1291 in
2312 1253 2425 1290 verbo

1414 1339 1476 1365 tuo
1495 1328 1753 1379 supersperavi
1763 1322 1777 1345 ⁸
1793 1338 1802 1369 ;
1830 1330 1868 1358 et
1891 1321 1982 1357 item
1996 1349 2005 1365 ,
2031 1316 2302 1355 collaudabunt
2319 1317 2426 1351 multi

1412 1391 1642 1437 sapienticzm
1663 1390 1741 1431 esus
1755 1390 1783 1419 9.
1800 1386 1858 1419 En
1874 1389 1976 1417 tuam
1995 1392 2109 1429 quam
2130 1378 2260 1427 plures
2285 1374 2427 1425 praedi-

1414 1457 1501 1486 cant
1520 1445 1741 1496 sapientiam
1757 1472 1766 1489 ,
1784 1442 1849 1480 sed
1870 1440 1935 1491 qui
1955 1440 2124 1490 priorem
2148 1435 2324 1473 detestati
2340 1442 2428 1471 sunt

1414 1506 1688 1556 insipientiam.

1469 1570 1504 1605 8.
1518 1567 1616 1604 Volo
1632 1574 1668 1601 te
1685 1564 1815 1600 talium
1831 1559 2036 1612 praeconiis
2056 1555 2255 1602 delectari,
2272 1554 2337 1604 qui
2352 1561 2428 1590 tam

1416 1629 1575 1665 timeant
1591 1626 1747 1676 palpare
1771 1623 1862 1659 vitia
1874 1651 1884 1667 ,
1900 1633 2014 1670 quam
2041 1618 2253 1655 detrectare
2271 1613 2429 1651 xdrtuti-

1417 1688 1500 1725 bus.
1515 1687 1604 1725 Veri
1617 1687 1677 1723 isti
1697 1692 1786 1721 sunt
1804 1681 2034 1726 laudatores,
2049 1678 2115 1728 qui
2127 1678 2179 1714 ita
2190 1676 2293 1713 bona
2303 1673 2432 1711 lauda-

1415 1763 1455 1787 re
1470 1749 1630 1793 soleant,
1647 1754 1689 1782 ut
1702 1745 1843 1781 lactare
1856 1743 1896 1778 in
1911 1741 2019 1777 malis
2035 1752 2115 1775 non
2128 1736 2322 1774 noverint.
2337 1736 2436 1780 Sunt

1415 1808 1517 1845 enim
1546 1805 1623 1842 ficti
1648 1802 1884 1847 laudatores,
1912 1799 1994 1836 veri
2019 1806 2145 1834 autem
2175 1795 2430 1841 detractores,

342 1893 410 1929 ego
432 1893 490 1915 me
507 1877 667 1914 dixerim
695 1876 761 1926 qui
781 1874 904 1911 adhuc
928 1872 1071 1914 vivam,
1089 1869 1160 1905 ista
1179 1867 1248 1904 etsi
1269 1879 1349 1902 non
1367 1864 1394 1900 C
1419 1880 1515 1918 quos
1538 1866 1732 1915 Scriptura
1749 1867 2048 1905 commemorat,
2069 1858 2224 1894 dicens:
2245 1857 2342 1890 Vani
2354 1854 2436 1900 filii

343 1940 493 1986 videre,
517 1938 697 1988 quoniam
719 1935 854 1972 absens
874 1946 956 1970 sum
973 1961 983 1978 ,
1004 1938 1106 1968 certe
1125 1929 1186 1965 vel
1207 1926 1351 1964 audire.

343 2003 529 2037 Creterum
549 2011 617 2034 vos
631 2025 640 2042 ,
663 1997 797 2032 fratres
812 2024 821 2041 ,
841 1995 951 2042 longe
981 1991 1171 2027 feliciores
1186 2017 1195 2034 ,
1216 1986 1356 2036 quibus

345 2073 389 2095 ea
420 2059 547 2095 datum
581 2065 637 2094 est
664 2065 701 2093 et
732 2055 898 2092 actitare.
928 2056 1050 2089 Porro
1081 2061 1197 2098 super
1225 2058 1358 2083 omnes

347 2118 590 2163 benedictus,
626 2129 741 2166 quem
775 2113 869 2150 tanti
902 2111 1071 2162 primatu
1109 2107 1219 2153 boni,
1243 2106 1359 2142 totius

351 2188 482 2216 auctor
499 2178 592 2214 boni
619 2177 794 2226 dignatus
819 2182 899 2210 est:
919 2172 966 2208 de
993 2184 1068 2220 qua
1099 2168 1235 2205 merito
1261 2179 1362 2217 prae-

352 2238 522 2287 rogativa
551 2236 618 2273 tibi
647 2235 858 2286 praecipue,
889 2230 1126 2274 charissime,
1162 2234 1364 2276 congratu-

352 2299 489 2343 lamur,
516 2310 584 2346 per
607 2308 720 2345 quem
738 2293 872 2343 utique
902 2299 1024 2327 totum
1050 2297 1106 2325 est
1125 2286 1230 2337 quod
1247 2286 1364 2323 mira-

356 2371 452 2393 mur.

413 2419 448 2454 7.
480 2415 658 2454 Gravaris
690 2413 848 2450 forsitan
880 2410 1058 2448 laudibus
1089 2406 1230 2444 nostris
1261 2419 1270 2442 ε
1302 2403 1367 2441 sed

359 2491 435 2514 non
475 2483 639 2526 oportet.
680 2474 739 2511 ix'il
775 2472 920 2522 quippe
958 2469 1078 2507 simile
1113 2466 1229 2504 habet
1263 2463 1368 2514 quod

359 2537 566 2586 loquimur,
596 2535 751 2570 illorum
784 2530 1004 2574 blanditiis,
1039 2528 1105 2577 qui
1136 2526 1269 2562 dicunt
1304 2523 1368 2559 bo-

362 2611 449 2632 num
483 2598 649 2639 malum,
685 2602 721 2628 et
761 2593 902 2627 malum
939 2585 1101 2625 bommzss
1133 2601 1140 2623 :
1178 2593 1292 2634 atque
1325 2583 1374 2619 ita

1420 1931 1613 1965 hominum
1629 1954 1641 1970 ,
1665 1925 1864 1960 mendaces
1875 1921 1960 1968 filii
1984 1920 2174 1955 homimem
2206 1919 2242 1951 in
2263 1919 2433 1959 stateris,

1423 1998 1463 2025 let
1488 1990 1679 2034 decipiant
1708 1987 1781 2032 ipsi
1808 1984 1854 2017 de
1879 1984 2051 2016 vanitate
2079 1982 2118 2013 in
2141 1977 2304 2024 idipsum
2324 1980 2367 2009 ¹⁰.
2388 1973 2437 2010 Hi

1423 2049 1537 2099 plane
1555 2053 1643 2082 sunt
1663 2041 1881 2086 devitandi,
1895 2039 2005 2089 juxta
2028 2036 2231 2075 consilium
2250 2033 2438 2084 Sapientis

1426 2107 1612 2145 dicentis:
1639 2106 1738 2147 Fili,
1765 2107 1798 2139 si
1822 2110 1856 2137 Ie
1888 2103 2110 2136 lactaverint
2133 2103 2369 2146 peccatores,
2392 2106 2440 2128 ne

1429 2171 1645 2217 acquiescas
1673 2168 1779 2200 cisu.
1798 2160 1953 2199 Habent
1979 2171 2070 2207 ergo
2096 2165 2134 2194 et
2163 2157 2221 2192 lac
2247 2162 2285 2191 et
2312 2154 2440 2190 oleum

1428 2236 1670 2279 peccatores,
1694 2235 1808 2260 suave
1826 2219 1980 2270 quidem
1994 2247 2003 2264 ,
2019 2217 2085 2254 sed
2105 2227 2338 2252 venenosum
2351 2242 2361 2259 ,
2376 2211 2440 2250 sed

1431 2286 1684 2324 mortiferum.
1704 2284 1845 2316 Molliti
1859 2287 1964 2315 sunt.
1978 2276 2123 2325 inquit,
2139 2286 2328 2310 sermones
2344 2276 2441 2318 ejus,

1431 2348 1506 2385 hoc
1531 2354 1587 2382 est
1617 2342 1847 2385 adulatoris,
1878 2351 1990 2387 super
2022 2339 2166 2379 oleum,
2197 2342 2231 2369 et
2259 2337 2334 2382 ipsi
2361 2339 2446 2367 sunt

1426 2409 1561 2455 J'acula
1576 2412 1618 2441 ¹².
1636 2402 1761 2441 Habet
1775 2401 1901 2437 oleum
1917 2406 1954 2434 et
1968 2396 2094 2445 justus
2112 2409 2120 2431 ε
2142 2393 2209 2430 sed
2226 2391 2444 2429 misericor-

1435 2466 1526 2510 diae,
1543 2464 1608 2500 sed
1631 2458 1960 2503 sanctificationis,
1979 2455 2044 2492 sed
2069 2453 2207 2491 laetitiae
2227 2450 2445 2502 spiritualis.

1441 2525 1567 2563 Habet
1595 2523 1707 2560 etiam
1734 2529 1771 2558 et
1793 2520 1947 2562 vinum,
1977 2515 2080 2566 quod
2112 2515 2248 2551 animae
2279 2511 2447 2548 insolen-

1445 2586 1490 2622 tis
1509 2582 1687 2620 infundat
1713 2578 1948 2617 vulneribus.
1977 2574 2170 2625 Siquidem
2200 2571 2384 2616 dolentis,
2411 2577 2449 2606 et
2494 2602 2500 2623 .=

364 2667 644 2706 quemcumque
660 2651 876 2688 beatificant
889 2677 898 2693 ,
920 2649 959 2684 in
980 2659 1151 2684 errorem
1172 2644 1369 2681 inducunt.
1386 2647 1420 2680 D
1436 2642 1577 2695 quemb
1598 2641 1713 2679 corde
1742 2639 1880 2676 viderit
1909 2650 1990 2674 esse
2020 2634 2187 2672 contrito
2202 2661 2212 2678 ,
2229 2632 2316 2668 oleo
2340 2629 2448 2667 mise-

366 2715 526 2762 Blanda,
545 2713 609 2750 sed
627 2711 842 2762 periculosa
857 2709 939 2744 laus
951 2737 961 2754 ,
982 2721 1066 2744 cum
1089 2708 1265 2742 laudatur
1279 2718 1371 2753 pec-

369 2784 470 2810 cator
487 2778 523 2809 in
542 2774 739 2808 desideriis
758 2774 901 2805 arzimoe
919 2781 998 2803 suoe
1013 2796 1023 2813 ,
1045 2776 1079 2802 et
1100 2770 1250 2814 im'ffptus
1267 2764 1376 2800 benc-

370 2837 542 2870 {licitum
557 2835 695 2869 Noster
709 2829 997 2878 qualiscumque
1016 2826 1123 2862 favor
1136 2824 1182 2861 de
1196 2823 1377 2859 charitate

372 2891 567 2944 procedit,
591 2899 628 2926 et
651 2888 820 2925 veritatis
849 2886 1026 2930 limitem,
1047 2889 1166 2932 prout
1189 2881 1376 2930 sapimus,

370 2966 449 2990 non
469 2950 628 2988 excedit.
651 2952 812 2986 Securus
839 2946 1042 2995 gloriatur,
1064 2942 1129 2991 qui
1150 2941 1190 2977 in
1210 2940 1377 2978 Domino

371 3012 568 3063 gloriatur,
592 3010 664 3046 hoc
684 3017 740 3045 est
767 3009 805 3044 in
827 3006 995 3043 veritate.
1026 3007 1102 3040 Nos
1130 3015 1207 3038 non
1238 3002 1380 3038 malum

1440 2702 1614 2741 ricordiae
1633 2699 1832 2738 consuevit
1852 2697 2011 2734 delinire
2032 2693 2234 2731 tristitiam.
2259 2689 2337 2728 Ubi
2365 2701 2448 2725 cor-

1442 2763 1555 2813 ripit,
1578 2762 1709 2797 vinum
1735 2757 1925 2804 infundit3
1947 2756 2098 2800 oleum,
2119 2765 2206 2790 cum
2232 2749 2447 2787 blanditur:

1444 2830 1482 2859 et
1495 2821 1647 2870 quidem
1666 2820 1799 2856 vinum
1821 2816 1964 2866 absque
1981 2814 2071 2852 odio
2084 2842 2094 2859 ,
2107 2813 2234 2849 oleum
2251 2811 2332 2848 sine
2348 2809 2448 2846 dolo.

1444 2880 1610 2919 Proinde
1641 2893 1718 2917 non
1749 2878 1874 2915 omnis
1905 2877 2006 2920 laus,
2039 2873 2229 2918 adulati03
2259 2871 2356 2908 sicut
2383 2881 2452 2905 nec

1445 2940 1570 2978 omnis
1591 2938 1837 2990 reprehensio
1858 2936 1905 2973 de
1928 2935 2042 2973 animi
2065 2945 2225 2971 rancore
2244 2927 2450 2967 descendit.

1447 3005 1583 3038 Beatus
1603 2999 1669 3050 qui
1689 2998 1815 3035 dicere
1840 3004 1985 3047 potest,
2006 2995 2187 3042 Corripiet
2205 3004 2264 3027 me
2270 2991 2394 3038 justas
2414 2991 2452 3024 ιή

425 3164 436 3179 ¹
455 3144 537 3189 Psal.
553 3155 691 3190 cx11,l.
704 3170 750 3174 -
769 3156 782 3172 ²
801 3150 882 3182 Psal.
908 3160 987 3179 xnvx
1000 3171 1008 3186 ,
1027 3150 1059 3179 7.
1078 3165 1121 3170 -
1138 3145 1152 3169 3
1166 3147 1247 3178 Psal.
1270 3159 1352 3177 xmx
1366 3171 1374 3185 ,
1399 3149 1454 3178 23.
1471 3164 1516 3169 —-
1537 3145 1551 3171 4
1566 3148 1607 3176 lv
1634 3148 1711 3186 Reg.
1733 3154 1769 3173 vr
1782 3166 1790 3179 ,
1816 3144 1872 3172 17.
1891 3158 1934 3163 -
1954 3137 1968 3160 ⁵
1983 3139 2064 3171 Psal.
2084 3148 2190 3175 mcvn,
2217 3139 2272 3168 26.
2287 3151 2333 3157 ——
2351 3131 2368 3155 ⁶
2381 3130 2453 3164 [sai.

377 3224 406 3249 v,
425 3213 481 3242 20.
504 3214 574 3238 ——7
597 3207 753 3242 Psal.1x‚
779 3207 810 3236 3.
827 3221 867 3227 --
884 3201 898 3223 3
918 3202 999 3234 Psal.
1023 3211 1148 3238 cxvxu,
1175 3202 1229 3231 74.
1245 3218 1291 3222 —
1308 3201 1431 3232 9Eccli.
1456 3210 1582 3236 xmx,
1610 3202 1662 3229 12.
1680 3215 1724 3220 —-
1739 3200 1770 3218 ¹⁰
1786 3194 1869 3226 Psal.
1889 3205 1944 3224 mu
1959 3216 1967 3231 ,
1993 3195 2044 3224 10.
2059 3209 2104 3214 ——
2125 3193 2257 3222 ¹¹Prov.
2275 3199 2310 3226 1,
2338 3189 2392 3218 10.
2411 3199 2456 3207 -

380 3271 409 3286 ¹⁷-
428 3263 508 3295 Psal.
526 3272 592 3299 mv,
611 3263 666 3291 22.

425 3325 437 3339 ³
453 3323 534 3353 Hinc
553 3325 680 3362 apparet
701 3343 707 3356 ,
729 3314 923 3349 Rei-nardum
938 3314 970 3344 in
988 3313 1124 3344 laxiores
1141 3313 1207 3354 ejus
1224 3312 1357 3343 ccenohii
1374 3312 1600 3343 monachorum
1615 3320 1716 3340 mores
1729 3314 1821 3339 antea
1845 3306 2002 3349 scripsisse
2013 3330 2022 3344 ,
2045 3304 2148 3336 forsan
2169 3303 2200 3334 in
2216 3300 2371 3344 Apologia
2386 3323 2394 3337 ‚
2424 3302 2456 3329 ut

381 3388 452 3407 mm
467 3380 618 3406 notatum.

1488 3366 1502 3385 ¹³
1520 3363 1606 3396 Alias
1621 3387 1627 3399 ‚
1645 3372 1752 3406 quam.
