2517 3920
331 215 424 252 1051

1118 215 1153 251 S.
1184 214 1438 250 BERNARDI
1465 214 1667 250 ABBATIS

326 292 478 330 soboles
496 292 588 329 haec.
612 290 754 340 Quidni
776 299 908 341 peccet
933 290 1107 328 licentius
1135 304 1273 340 vagum
1295 289 1528 340 et⁴⁵²junxit
1545 320 1555 337 ,
1587 303 1664 327 non
1704 296 1793 325 sunt
1828 288 2031 338 separandi
2048 290 2062 316 ‘¹
2089 305 2096 326 :

2310 216 2406 255 1052

2125 290 2176 327 sic
2211 304 2281 328 nec
2313 307 2409 343 quos

326 354 424 390 male
444 352 607 389 liberum
630 352 787 401 vulgus,
809 366 895 388 cum
913 365 991 388 non
1012 352 1059 388 sit
1081 351 1145 400 qui
1166 352 1330 399 arguat?
1346 351 1378 383 Α
1399 350 1597 398 subjunxit
1627 377 1636 394 ,
1676 347 1939 397 comparandi.
1972 351 2188 386 Monstrum
2224 351 2313 388 facis
2334 380 2344 397 ,
2376 354 2409 390 si

323 413 467 461 Quidni
484 413 659 449 licentius
683 426 838 462 1111011110
863 413 1049 462 spolietur
1070 425 1112 447 ac
1137 410 1333 460 depraede-

326 480 388 508 tur
407 471 561 508 inermis
584 471 715 520 religio
729 500 738 517 ,
758 484 843 507 cum
872 484 950 506 non
972 471 1018 506 sit
1038 469 1103 518 qui
1126 467 1332 504 defendat?

325 536 411 581 Quo
427 532 528 569 enim
546 531 733 580 refugium
748 529 1053 578 illis?Numquid
1069 528 1113 564 ad
1132 527 1331 576 episcopos

326 593 498 629 1101011105
524 590 729 640 injuriam?
761 588 990 627 Ridentibus
1026 587 1198 636 profecto
1229 584 1332 633 aspi—

327 654 433 690 ciunt
459 653 600 698 oculis,
621 652 699 687 sive
722 663 805 699 quae
831 649 974 685 faciunt
999 647 1117 691 mala,
1146 646 1224 682 sive
1246 658 1330 693 quae

326 714 538 764 patiuntur.
555 716 647 760 Quae
663 710 815 747 demum
836 710 975 745 utilitas
989 708 1026 743 in
1042 705 1224 755 sanguine
1239 705 1333 741 isto?

327 778 471 811 Vereor
494 786 541 809 ne
561 773 625 808 illa
640 799 649 816 ,
673 784 786 819 quam
810 770 848 806 in
867 768 1057 819 propheta
1081 765 1333 802 comminatus

328 843 385 871 est
405 838 509 871 Deus
529 847 537 868 ;
559 834 645 875 Ille,
663 830 860 880 inquiens,
880 835 918 865 in
947 832 1144 876 iniquitate
1165 840 1236 861 sua
1252 839 1333 861 mo-

328 897 454 938 rietur,
464 896 682 939 sanguinem
696 898 821 925 autem
839 894 918 934 ejus
935 890 980 922 de
995 900 1109 922 manu
1125 895 1189 921 tua
1211 890 1333 934 requi—

329 966 409 989 ram
430 959 454 988 ¹.
477 951 513 988 Si
536 950 636 986 enim
658 957 695 984 01
714 948 910 985 extollitur
926 948 993 996 qui
1021 945 1272 992 subtrahitur,
1294 953 1332 982 et

327 1013 391 1063 qui
412 1010 648 1048 subtrahitur
666 1009 790 1045 uritur
803 1014 837 1054 ³3
859 1007 924 1057 qui
940 1006 1150 1051 subtrahit,
1170 1018 1331 1055 quomo-

1400 409 1529 445 manui
1551 407 1810 451 submovens,
1848 406 2007 456 digitum
2039 408 2129 444 facis
2163 409 2331 458 pendere
2360 411 2407 449 de

1400 469 1543 518 capite,
1572 467 1810 517 superiorem
1840 466 1999 512 manui,
2021 466 2178 504 brachio
2214 469 2408 508 collatera-

1400 528 1486 563 lem.
1507 528 1594 564 'sale
1616 535 1672 563 est
1693 527 1723 562 si
1743 526 1783 562 in
1804 526 1942 563 Christi
1963 539 2127 576 corpore
2145 527 2316 565 membra
2336 530 2407 567 ali-

1400 595 1456 622 ter
1484 587 1586 623 locas
1617 599 1731 635 quam
1765 585 1954 635 disposuit
1986 586 2079 635 ipse.
2108 587 2187 624 Nisi
2226 595 2266 624 tu
2297 596 2407 638 putas

1400 646 1514 682 alium
1531 659 1612 683 esse
1629 674 1638 691 ,
1655 646 1720 695 qui
1735 645 1864 695 posuit
1884 645 1922 681 in
1945 645 2111 682 Ecclesia
2130 649 2308 694 quosdam
2328 653 2408 696 qiu'-

1401 708 1484 741 (lem
1503 709 1710 754 apostolos,
1729 706 1910 753 quosdam
1937 713 2059 740 autem
2072 706 2294 754 prophetas,
2312 709 2407 743 alios

1401 779 1489 801 vero
1514 767 1778 814 evangelistas,
1799 767 1896 800 alios
1917 766 2086 800 doctores
2099 774 2136 801 et
2145 775 2336 814 pastores,
2355 768 2410 802 ad

1400 830 1757 861 consummationem
1774 834 1985 861 sanctorum
1996 853 2006 869 ,
2030 829 2066 860 in
2087 839 2181 874 opus
2197 831 2405 874 ministerii,

1401 889 1440 920 in
1466 887 1760 932 aedificationem
1793 890 1959 934 corporis
1999 886 2144 922 Christi.
2177 889 2302 936 Atque
2333 887 2406 925 hoc

1398 957 1538 994 corpus
1551 973 1560 990 ,
1581 945 1686 994 quod
1708 945 1775 981 tibi
1798 946 1878 995 ipse
1894 946 2033 982 Paulus
2055 958 2124 982 suo
2145 959 2234 983 vere
2251 954 2407 997 aposto-

1397 1004 1471 1041 lico
1492 1006 1658 1054 figurans
1678 1005 1852 1054 eloquio,
1865 1013 1902 1041 et
1920 1005 2034 1055 capiti
2049 1006 2405 1045 convenientissime

326 1072 375 1108 do
402 1070 613 1106 innocens?
640 1071 778 1105 Parum
806 1075 862 1103 cst
884 1081 892 1103 ε
914 1066 1146 1102 involvimus
1171 1065 1299 1114 ignem
1320 1080 1328 1102 ε
1349 1069 1377 1102 Β
1396 1073 1552 1114 31)13115,
1573 1074 1689 1101 totum
1726 1079 1775 1100 ex
1809 1079 1850 1101 eo
1888 1074 2122 1113 compactum
2154 1065 2350 1116 perhibet,
2372 1077 2407 1104 et

323 1131 411 1168 audi
434 1129 613 1179 apertius.
642 1129 678 1165 Si
700 1128 731 1164 is
765 1127 831 1176 qui
857 1135 1090 1173 murmurat,
1118 1125 1329 1163 secundum

322 1191 486 1228 animam
516 1197 690 1225 mortuus
721 1195 796 1233 est3
829 1187 894 1236 qui
928 1186 1102 1236 instigat,
1132 1186 1329 1236 quomodo

322 1251 438 1288 vivit?
463 1248 667 1297 Quomodo
691 1261 783 1284 vero
812 1260 891 1283 non
915 1260 1002 1283 reus
1029 1247 1163 1283 mortis
1191 1246 1328 1283 ambo-

322 1324 429 1356 rum,
451 1318 488 1345 et
511 1322 588 1346 suae
614 1308 769 1358 pariter,
786 1307 850 1356 qui
878 1307 1046 1356 gladium
1077 1306 1203 1352 dedit,
1226 1307 1328 1343 unde

322 1369 435 1407 ambo
465 1369 746 1405 morerentur?
778 1370 862 1403 Hoc
894 1375 951 1403 est
985 1366 1090 1415 quod
1122 1365 1292 1402 dixeram
1319 1381 1327 1402 :

326 1432 518 1474 Occidisti,
543 1438 575 1464 ct
589 1430 805 1477 possedisti.
823 1426 931 1465 Adde
949 1426 1055 1476 quod
1069 1426 1133 1475 qui
1155 1426 1328 1473 audiunt,

319 1490 633 1534 scandalizantur,
650 1487 911 1537 indignantur,
934 1487 1153 1532 detrahunt,
1171 1495 1208 1523 et
1228 1486 1329 1524 blas—

322 1552 527 1601 phemant;
564 1539 638 1585 hoc
670 1557 750 1594 est,
781 1549 1033 1584 vulnerantur
1067 1547 1114 1583 ad
1148 1556 1323 1584 mortem.

319 1614 404 1648 Non
421 1618 476 1646 est
498 1609 600 1646 bona
621 1607 735 1645 arbor
755 1608 895 1644 faciens
919 1608 1063 1644 fructus
1086 1607 1177 1644 tales
1191 1636 1200 1653 ,
1221 1608 1326 1643 inso-

316 1670 472 1715 lentias,
493 1668 763 1706 dissolutiones
777 1696 786 1713 ,
807 1667 1125 1717 dilapidationes,
1152 1667 1326 1704 simulta-

319 1738 373 1767 tes
387 1759 396 1775 ,
415 1729 610 1773 scandala,
634 1728 721 1765 odia
739 1743 746 1764 :
767 1728 949 1777 quodque
967 1727 1085 1776 magis
1103 1726 1325 1774 dolendum,

318 1791 418 1827 inter
447 1789 622 1826 ecclesias
645 1788 862 1824 inimicitias
891 1800 1044 1836 graveS,
1072 1796 1326 1837 perpetesque

1397 1139 1606 1161 conam-um
1627 1139 1701 1174 per
1724 1139 1870 1161 omnem
1893 1126 2116 1171 juncturam
2147 1125 2405 1163 subministra-

1397 1190 1510 1221 tionis
1530 1214 1540 1231 ,
1573 1187 1778 1221 secundum
1820 1190 2079 1234 operationem
2120 1190 2160 1222 in
2191 1200 2403 1224 mensuram

1396 1246 1688 1294 uniuscujusque
1732 1245 1916 1290 membri,
1955 1255 2195 1296 augmentum
2240 1253 2404 1296 corporis

1387 1304 1542 1352 faciens
1563 1311 1602 1342 in
1622 1308 1916 1355 (edificationem
1937 1311 1995 1342 sui
2007 1334 2018 1352 ‚
2036 1311 2075 1342 in
2092 1308 2273 1343 charitate
2285 1306 2312 1345 ⁵.
2327 1311 2403 1345 Nec

1395 1366 1510 1402 vilem
1531 1375 1686 1416 reputes
1704 1367 1866 1403 formam
1888 1366 2004 1413 hanc,
2019 1367 2110 1416 quia
2128 1367 2167 1403 in
2189 1367 2298 1404 terris
2317 1375 2373 1404 est
2393 1382 2401 1404 :

1396 1427 1592 1476 exemplar
1629 1426 1745 1464 habet
1777 1440 1797 1464 e
1831 1427 1939 1463 coelo.
1984 1430 2115 1476 Neque
2152 1427 2254 1464 enim
2287 1427 2402 1465 Filius

1398 1495 1525 1536 potest
1554 1487 1676 1524 facere
1705 1487 1938 1537 quidquam,
1961 1487 2032 1524 nisi
2062 1500 2147 1537 quae
2178 1487 2316 1524 viderit
2337 1490 2403 1524 Pa-

1399 1555 1496 1584 trem
1523 1547 1723 1584 facientem
1735 1546 1763 1596 6,
1788 1549 2001 1598 pracsertim
2027 1562 2114 1585 cum
2133 1548 2168 1585 ei
2192 1547 2263 1584 5111)
2279 1547 2403 1597 Moysi

1394 1608 1548 1644 nomine
1572 1608 1715 1645 dictum
1734 1609 1801 1645 sit:
1820 1611 1914 1645 Vide
1929 1613 2059 1645 omnia
2059 1607 2191 1657 facias
2204 1610 2401 1645 secundum

1393 1671 1593 1717 exemplar
1610 1670 1713 1716 quod
1738 1668 1804 1704 tibi
1831 1672 1867 1704 in
1894 1678 2018 1704 monte
2044 1677 2289 1705 monstratum
2308 1676 2363 1703 est
2375 1675 2400 1704 7.

1451 1728 1512 1764 18.
1535 1727 1691 1765 Viderat
1710 1728 1784 1764 hoc
1805 1728 1869 1778 qui
1896 1728 2045 1765 dicebat
2067 1743 2074 1765 ε
2102 1730 2191 1764 Vidi
2215 1732 2401 1764 civitatem

1393 1796 1562 1823 sanctam
1577 1816 1587 1832 ,
1622 1789 1829 1824 Jerusalem
1856 1803 2009 1836 novam,
2036 1790 2320 1825 descendentem
2355 1790 2402 1824 de

319 1849 539 1887 discordias.
565 1848 680 1886 Vides
713 1861 827 1897 quam
856 1859 970 1883 verus
1004 1846 1051 1882 sit
1083 1859 1208 1883 sermo
1229 1847 1291 1883 ille
1313 1862 1320 1883 :
1344 1846 1371 1882 C
1391 1851 1498 1893 coelo,
1518 1862 1542 1883 a
1558 1851 1640 1884 Deo
1650 1858 1832 1898 paratam
1853 1848 1879 1884 3.
1902 1853 1982 1899 Ego
1999 1850 2100 1886 enim
2120 1857 2281 1899 propter
2300 1848 2403 1885 simi·
2443 1849 2454 1859 '

324 1912 463 1946 Omnia
486 1909 578 1945 milti
596 1911 722 1953 licent,
751 1909 819 1942 secl
836 1920 910 1942 non
929 1911 1057 1942 omnia
1075 1909 1282 1955 expediunt
1297 1913 1323 1944 ².

320 1970 420 2019 Quid
451 1970 481 2006 si
513 1969 610 2005 forte
633 1982 702 2004 nec
725 1968 1006 2017 licetPIgnosce
1030 1967 1121 2003 mihi
1144 1982 1150 2004 :
1171 1981 1248 2003 non
1268 1967 1324 2003 fa-

318 2031 388 2068 cile
405 2030 575 2067 adducor
589 2028 733 2065 licitum
755 2028 970 2064 consentire
988 2027 1092 2076 quod
1119 2036 1175 2064 tot
1195 2028 1325 2065 illicita

318 2091 495 2141 parturit.

376 2151 435 2188 17.
457 2154 563 2187 Τ11110
591 2148 754 2197 denique
786 2147 853 2184 tibi
881 2147 1025 2184 licitum
1054 2161 1226 2195 censeas,
1249 2149 1324 2185 suis

318 2210 494 2247 ecclesias
521 2208 695 2246 mutilare
719 2206 923 2253 membris,
946 2208 1184 2244 confundere
1212 2208 1322 2244 ordi-

317 2284 405 2307 nem
428 2299 438 2316 ,
470 2268 695 2319 perturbare
729 2268 910 2304 terminos
933 2296 942 2313 ‚
977 2281 1074 2318 quos
1111 2277 1325 2318 posuerunt

317 2340 445 2382 patres
469 2330 553 2366 tui?
578 2329 614 2367 Si
639 2328 794 2377 justitiae
826 2336 882 2364 est
908 2326 970 2376 jus
1003 2328 1140 2377 cuique
1169 2341 1322 2364 servare

316 2405 455 2437 suum,
487 2390 637 2426 auferre
667 2390 844 2438 cuiquam
874 2402 958 2434 sua,
987 2387 1091 2437 justo
1123 2389 1321 2437 quomodo

315 2451 457 2502 poterit
475 2450 709 2487 convenire?
726 2453 858 2494 Erras,
880 2450 908 2486 si
929 2457 968 2485 ut
989 2462 1174 2485 summam
1189 2478 1198 2495 ,
1220 2449 1271 2485 ita
1285 2457 1322 2485 et

314 2512 433 2549 solam
468 2510 678 2547 institutam
708 2523 728 2545 a
763 2513 841 2546 Deo
871 2518 1036 2546 vestram
1072 2510 1320 2558 apostolicam

315 2579 542 2622 potestatem
556 2570 758 2606 existimas,
777 2569 814 2606 Si
834 2569 905 2606 1100
924 2570 1060 2615 sentis,
1081 2569 1256 2606 dissentis
1273 2568 1320 2606 ab

1392 1908 1591 1945 litudinem
1628 1909 1772 1946 dictum
1805 1922 1905 1956 reor,
1930 1909 2036 1959 quod
2062 1909 2161 1946 sicut
2186 1908 2264 1945 illic
2295 1911 2400 1946 Sera-

1391 1969 1496 2019 phim
1520 1978 1557 2006 et
1583 1969 1786 2008 Cherubim
1800 1999 1809 2017 ,
1832 1984 1874 2007 ac
1895 1970 2021 2007 caeteri
2046 1970 2189 2020 quique
2209 1982 2330 2019 usque
2353 1969 2400 2006 ad

1391 2031 1558 2079 Angelos
1587 2039 1625 2067 et
1652 2031 1938 2080 Archangelos,
1967 2030 2196 2068 ordinantur
2221 2029 2293 2068 sub
2321 2042 2398 2066 uno

1392 2090 1514 2139 capite
1554 2094 1654 2139 Deo3
1684 2091 1737 2128 ita
1764 2091 1825 2128 hic
1854 2105 2009 2141 quoque
2036 2090 2107 2128 sub
2136 2104 2215 2128 uno
2249 2103 2398 2128 summo

1391 2151 1576 2188 Pontilice
1613 2152 1795 2202 primates
1827 2153 1887 2189 vel
1922 2152 2147 2202 patriarchae
2166 2182 2176 2199 ,
2209 2150 2399 2201 archiepi-

1391 2210 1523 2259 scopi,
1551 2211 1740 2261 episcopi,
1771 2209 2012 2261 presbyteri,
2050 2212 2110 2248 vel
2144 2210 2328 2258 abbates,
2361 2217 2399 2246 et

1391 2271 1527 2321 reliqui
1546 2272 1585 2308 in
1606 2272 1708 2309 hunc
1726 2272 1896 2309 modum.
1912 2275 1998 2309 Non
2019 2280 2076 2309 est
2090 2271 2201 2322 parvi
2220 2271 2396 2321 penden-

1391 2330 1482 2367 dum
1499 2332 1603 2381 quod
1621 2341 1659 2369 et
1677 2336 1798 2369 Deum
1814 2331 1929 2368 habet
1947 2340 2142 2369 auctorem
2155 2361 2165 2379 ,
2182 2340 2221 2368 et
2236 2331 2283 2368 de
2301 2331 2397 2368 coelo

1389 2391 1495 2428 ducit
1515 2392 1714 2441 originem.
1742 2391 1855 2440 Quod
1880 2392 1909 2428 si
1931 2391 2032 2428 dicat
2053 2392 2276 2442 episcopus,
2299 2391 2396 2429 Nolo

1389 2465 1469 2489 esse
1499 2452 1570 2489 sub
1597 2453 1884 2503 archiepiscopo
1901 2469 1911 2500 3
1937 2461 2002 2490 aut
2022 2452 2139 2490 abbas
2153 2482 2163 2500 ,
2180 2453 2279 2490 Nolo
2299 2450 2413 2489 obe·-

1388 2512 1469 2548 dire
1491 2512 1698 2562 episcopo:
1723 2513 1795 2549 hoc
1830 2512 1877 2549 de
1909 2513 2005 2549 coelo
2043 2525 2123 2548 non
2151 2521 2219 2549 est.
2247 2511 2328 2549 Nisi
2355 2519 2395 2548 tu

1388 2571 1485 2607 forte
1506 2573 1742 2621 Angelorum
1772 2572 1992 2622 quempiam
2019 2572 2210 2609 dicentem
2231 2571 2392 2617 audisti,

314 2646 360 2669 eo
378 2631 444 2681 qui
460 2631 510 2668 ait
530 2645 537 2667 z
557 2632 640 2666 Non
661 2639 889 2678 estpotestas
908 2634 984 2666 uisi
1003 2644 1027 2666 a
1044 2632 1137 2666 Deo.
1154 2630 1320 2667 Proinde
1340 2630 1373 2663 D
1388 2631 1486 2668 Nolo
1513 2631 1583 2668 5111)
1606 2632 1853 2681 Archangelis
1880 2645 1960 2669 esse
1982 2646 1990 2668 ι
2017 2640 2082 2669 aut
2103 2645 2150 2669 ex
2173 2632 2248 2669 alio
2268 2631 2395 2681 quoli-

314 2691 417 2740 quod
435 2691 618 2740 sequitur,
645 2691 720 2736 Qui
745 2695 922 2738 potestati
945 2695 1096 2736 resistit,
1125 2693 1197 2726 Dei
1215 2693 1320 2726 orili-

315 2754 461 2786 nationi
487 2755 649 2794 resistic,·
667 2750 735 2786 etsi
756 2750 1020 2800 principaliter
1044 2764 1115 2800 pro
1144 2759 1177 2786 te
1206 2750 1318 2797 facit,

314 2823 392 2846 non
424 2818 549 2846 tamen
586 2810 837 2859 singulariter.
877 2811 1053 2860 Denique
1094 2810 1194 2846 idem
1238 2810 1289 2847 ait
1311 2826 1318 2847 :

317 2870 449 2904 Omnis
469 2874 597 2905 anima
613 2870 858 2917 potestatibus
875 2870 1150 2906 sublimioribus
1168 2871 1320 2907 subdita

310 2933 358 2967 sit
370 2928 395 2964 3.
415 2931 500 2964 Non
520 2929 592 2973 ait,
611 2928 850 2974 Sublimiori,
871 2938 1052 2979 tanquam
1070 2931 1110 2967 in
1132 2945 1210 2967 uno
1228 2946 1236 2976 ;
1255 2932 1320 2968 sed

311 2987 602 3032 sublimioribus,
622 2995 801 3037 tanquam
818 2989 856 3025 in
879 2991 1018 3027 multis.
1035 2994 1121 3028 Non
1140 3004 1230 3040 ergo
1253 3001 1317 3031 tua

313 3047 392 3084 sola
429 3054 597 3096 potestas
630 3061 651 3082 a
682 3048 869 3094 Domino,
896 3058 984 3086 sunt
1012 3059 1050 3087 et
1077 3051 1287 3090 mediocres
1304 3082 1313 3099 ,

314 3115 405 3144 sunt
421 3114 459 3143 et
477 3106 687 3143 inferiores.
704 3110 751 3143 Et
765 3109 961 3156 quomodo
982 3124 1079 3159 quos
1099 3114 1203 3148 Deus
1224 3126 1317 3150 con-

1387 2689 1452 2727 bet
1471 2691 1695 2728 inferiorum
1715 2692 1895 2728 ordinum
1921 2692 2087 2742 aliquem
2110 2705 2188 2728 non
2211 2692 2394 2728 serentem

1388 2749 1541 2787 subesse
1560 2751 1735 2801 cuiquam
1749 2780 1757 2796 ‚
1782 2751 1854 2788 nisi
1873 2756 1968 2789 Deo.
1999 2751 2116 2799 Quid,
2134 2752 2288 2801 inquis?
2302 2763 2394 2801 pro-

1387 2809 1495 2848 hibes
1514 2811 1757 2862 dispensare?
1779 2816 1863 2849 Non
1876 2842 1886 2860 ,
1904 2811 1971 2849 sed
1992 2811 2188 2862 dissipare.
2207 2815 2293 2849 Non
2311 2823 2392 2848 sum

1389 2880 1463 2908 tam
1489 2872 1616 2919 rudis,
1641 2881 1682 2909 ut
1702 2873 1874 2922 ignorem
1895 2873 2040 2923 positos
2061 2885 2130 2909 vos
2152 2872 2394 2922 dispensato-

1391 2945 1470 2978 reS,
1498 2932 1563 2969 sed
1584 2933 1622 2968 in
1651 2933 1966 2979 aedificationem,
1991 2946 2068 2969 non
2093 2933 2134 2969 in
2170 2931 2392 2969 destructio‘

1384 2999 1513 3028 ne1n9.
1547 2993 1722 3042 Denique
1752 2994 1938 3043 quaeritur
1963 2993 2062 3030 inter
2090 2992 2391 3043 dispensatores,

1384 3061 1425 3089 ut
1440 3053 1559 3090 fidelis
1573 3054 1657 3103 quis
1674 3055 1938 3092 inveniann-¹⁰.
1960 3053 2036 3092 Ubi
2053 3054 2255 3091 necessitas
2271 3060 2392 3103 urget,

1384 3113 1614 3151 excusabilis
1635 3115 1869 3165 dispensatio
1888 3124 1943 3152 est
1967 3130 1975 3152 :
1998 3114 2063 3152 ubi
2087 3114 2230 3152 utilitas
2249 3125 2392 3164 provo-

364 3249 374 3264 ¹
401 3241 514 3274 Ezech.
536 3253 589 3279 111,
619 3245 671 3273 18.
688 3261 732 3264 —
752 3247 763 3262 ²
780 3245 792 3273 Ι
807 3244 881 3274 Cor.
899 3255 915 3274 x
931 3268 937 3281 ,
956 3248 1065 3275 22—
1082 3245 1094 3268 3
1121 3250 1216 3278 Rom.
1239 3259 1303 3279 xxii
1319 3274 1326 3287 ,
1348 3252 1377 3286 1,
1404 3253 1437 3281 2.
1454 3268 1499 3273 —-
1525 3249 1538 3275 ⁴'
1557 3249 1673 3282 Matth.
1698 3261 1758 3280 xxx
1773 3275 1780 3289 ,
1802 3255 1834 3282 6.
1848 3269 1893 3273 —
1909 3248 1922 3272 ⁵
1937 3249 2050 3292 Ephes.
2064 3262 2111 3289 1v,
2134 3251 2168 3282 11
2186 3252 2257 3288 ,12,
2278 3250 2330 3281 16.
2345 3264 2391 3270 —-

308 3295 324 3319 ⁶
345 3300 439 3329 Joan.
458 3306 490 3333 v,
514 3298 566 3326 19.
585 3313 631 3317 —-
645 3301 658 3324 Ἴ
677 3295 776 3327 Exod.
801 3306 880 3334 xxv,
901 3299 956 3329 40.
974 3317 1015 3321 -—
1033 3297 1045 3319 3
1059 3303 1233 3341 Apoc.xx1
1249 3325 1256 3338 ‚
1281 3305 1312 3332 2.
1331 3321 1375 3325 —-
1389 3309 1405 3333 9
1420 3306 1449 3334 II
1464 3304 1535 3335 Cor.
1554 3315 1638 3341 xm,
1661 3307 1713 3335 10.
1729 3323 1774 3328 ψ
1793 3310 1821 3325 ¹⁰
1844 3308 1858 3335 1
1872 3305 1944 3335 Cor.
1960 3315 2007 3341 ιν,
2027 3307 2058 3335 2.

356 3358 370 3372 ³
391 3355 475 3386 Alias
489 3379 496 3392 ,
530 3361 713 3387 murmurat,
