2517 3920
299 189 304 192 ⁴
324 200 400 235 835)

325 277 549 309 interdixerant
567 288 721 314 canones,
740 282 773 310 nt
786 276 875 307 docet
892 279 948 307 110
962 274 1160 306 Carnotensis
1174 273 1338 316 episcopus

331 333 362 363 in
381 332 512 375 epistola
532 335 610 364 247.
629 331 716 363 Idem
738 329 939 362 'l'heobaldus
956 328 995 359 ab
1009 328 1119 359 officiis
1133 327 1292 359 charitatis
1309 333 1340 357 et

332 385 552 416 misericordiae
580 385 619 416 ab
653 383 790 416 Ernaldo
819 382 1031 413 Bonae-Vallis
1063 381 1177 411 abbate
1211 380 1341 411 mirifice

333 439 521 481 praedicatur
535 439 567 469 in
586 439 660 470 vita
681 437 779 469 sancti
800 435 970 473 Bernarffl,
986 434 1041 465 lib.
1060 438 1097 472 2,
1119 444 1190 476 cap.
1207 437 1246 471 ὃς
1267 433 1342 463 item

335 502 352 523 a
370 492 536 530 Gaufrido,
554 492 609 523 lib.
628 494 644 522 4
659 516 667 529 ,
686 502 754 533 cap.
772 494 789 521 3
803 514 810 527 ,
831 488 944 530 quibus
957 488 1036 519 adde
1050 498 1163 518 novam
1180 486 1343 528 epistolam

338 549 415 576 416.
437 545 529 576 I‘nde
546 551 675 587 apparet
692 550 843 586 quantum
865 553 902 573 ex
926 541 1025 572 sancti
1048 540 1190 572 Doctoris
1213 539 1342 570 familia-

337 599 428 630 ritate
445 605 475 630 et
491 598 683 629 documentis
699 596 875 639 profecerit.
891 595 978 626 Obiit
999 601 1086 625 sexto
1105 593 1173 624 idus
1185 592 1320 635 januarii
1334 615 1341 629 ,

338 663 420 683 anno
444 655 527 682 1152
541 676 549 691 ,
572 652 770 693 sepultusque
794 655 856 686 est,
879 659 942 678 non
968 648 1000 679 in
1020 646 1208 677 monasterio
1237 644 1344 676 Ponti-

339 705 494 743 niacensi,
515 711 548 736 ut
569 705 633 735 vult
649 703 848 745 Jongelinus,
870 707 899 732 et
918 707 988 743 post
1004 711 1076 732 eum
1103 699 1263 731 Mauricus
1277 722 1284 736 ,
1305 697 1343 728 ad

339 769 454 789 annum
476 761 560 789 1114
575 782 582 795 ,
610 768 678 799 cap.
700 760 736 794 2,
758 767 788 786 n.
809 760 826 786 ὓ
840 780 847 792 ,
872 754 1074 785 Vincentium
1094 753 1346 784 Bcllox‘acensem

339 812 454 850 secuti;
473 822 573 852 neque
592 811 624 841 in
641 809 912 845 Clarae-Vallensi,
933 814 965 838 ut
984 807 1070 838 Brito
1087 806 1269 842 Lusitanus;
1292 803 1347 836 sed

339 865 370 896 in
395 865 582 896 monasterio
611 862 815 895 Latiniaccnsi
840 860 968 892 Ordinis
992 859 1090 890 sancti
1118 858 1278 890 Benedicti
1307 857 1348 889 ad

338 922 517 949 Matronam
534 917 681 954 fluvium,
702 916 787 957 cujus
805 914 863 945 fuit
890 914 1070 951 advocatus,
1090 918 1167 943 teste
1185 910 1347 943 Bernardo

339 971 468 1013 epistola
488 973 555 1002 230
577 981 584 1001 :
605 969 689 1010 quod
707 968 854 999 nimirum
870 966 937 997 hzec
960 966 1087 997 abbatia
1111 965 1151 996 ab
1178 965 1347 995 Heriberto

337 1023 514 1066 Campania}
539 1023 652 1053 comite
673 1022 755 1052 circa
785 1031 902 1051 annum
928 1023 995 1051 990
1021 1019 1191 1050 instaurata
1217 1018 1344 1056 suisset,

339 1077 391 1107 ubi
416 1076 551 1107 tumulus
585 1076 680 1118 ipsius
709 1073 883 1106 Theobaldi
910 1072 1148 1115 porphyreticus
1176 1072 1347 1103 etiamnum

337 1130 454 1160 visitur.
476 1129 647 1171 Sepulturae
667 1129 768 1159 locum
786 1128 864 1158 sicut
890 1132 919 1157 et
943 1126 1026 1156 diem
1049 1125 1152 1157 obitus
1175 1126 1347 1157 Elinandus

336 1182 555 1213 1110113011115111
577 1181 731 1214 Chronico
757 1187 863 1223 aperte
886 1180 1001 1211 indicat
1024 1190 1063 1211 z«
1088 1183 1181 1211 Anno
1206 1184 1291 1211 1152
1305 1205 1313 1218 ,
1333 1195 1348 1207 »ι

335 1237 454 1278 inquit,
480 1251 495 1262 -ι
521 1235 653 1266 moritur
677 1245 781 1266 comes
807 1234 985 1276 Campaniae
1010 1232 1232 1272 'l'heobaldus,
1260 1239 1348 1265 sexto

337 1304 352 1315 ›=
370 1289 438 1320 idus
470 1288 624 1331 januarii,
654 1295 684 1319 et
711 1288 793 1330 apud
825 1288 1019 1318 Latiniacum
1041 1287 1200 1329 sepelitur.
1228 1287 1349 1319 Habuit

337 1358 352 1369 »
372 1348 477 1373 autem
498 1342 577 1373 filias
594 1352 658 1373 sex.
675 1342 778 1373 Prima
793 1341 850 1372 fuit
865 1341 969 1374 Maria
991 1341 1179 1382 Burgundiae
1203 1341 1344 1380 ducissa;

338 1411 352 1421 »
372 1395 525 1434 secunda,
543 1399 647 1438 Agnes
670 1395 871 1426 narrt-Ducis
896 1394 1070 1429 comitissa:
1100 1394 1189 1425 tertia
1205 1395 1348 1436 quaedam

338 1465 352 1476 υ
370 1449 490 1480 ducissa
513 1450 546 1480 in
568 1449 708 1491 partibus
731 1449 868 1480 remotis.
885 1452 975 1479 Hanc
989 1455 1095 1490 postea
1109 1448 1195 1479 duxit
1216 1449 1347 1480 Guillel-

339 1519 354 1529 »
371 1514 439 1534 mus
461 1506 546 1534 Goez
562 1503 592 1533 in
606 1502 730 1534 dioecesi
745 1502 937 1535 Carnotensi.
953 1506 1086 1543 Quarta,
1103 1502 1258 1534 comitissa
1276 1506 1348 1534 Ma·

339 1572 353 1583 »
370 1556 475 1587 thildis
498 1556 628 1593 Pertici3
654 1557 759 1597 quinta
775 1580 782 1593 ,
799 1556 943 1587 monialis
967 1555 1217 1586 Fontis-Ebraldi
1235 1567 1242 1587 :
1262 1563 1349 1588 sexta

337 1625 352 1636 ι)
370 1610 426 1640 fuit
442 1609 541 1640 Adela
558 1612 748 1640 Francorum
762 1609 879 1651 regina.
897 1624 910 1635 >2
925 1609 981 1639 His
1004 1609 1149 1640 omnibus
1162 1610 1349 1652 astipulatur

336 1662 499 1693 Albericus
525 1662 556 1692 in
582 1662 757 1700 Chronico,
780 1662 819 1693 ad
846 1673 962 1693 annum
995 1666 1098 1701 1152,
1128 1663 1181 1704 qui
1207 1670 1237 1695 et
1262 1664 1349 1696 addit

335 1715 553 1747 'theobaldum
570 1722 702 1757 quatuor
725 1716 870 1747 habuisse
896 1715 976 1746 filios
998 1716 1057 1747 hoc
1082 1717 1192 1748 ordine
1209 1728 1216 1748 :
1232 1732 1245 1744 «
1261 1721 1348 1749 Hen-

336 1785 351 1795 »
371 1769 482 1807 ricum,
499 1769 642 1800 comitem
658 1773 843 1801 Trecensem
859 1769 1034 1800 Palatinum
1048 1794 1055 1808 ‚
1068 1770 1211 1812 largitate
1225 1777 1255 1802 et
1268 1771 1347 1803 libe-

336 1837 351 1848 »
368 1822 489 1854 ralitate
506 1822 677 1859 famosunu
701 1823 934 1861 Theobaldum,
958 1824 1103 1855 comitem
1118 1825 1296 1856 Blesensem
1318 1832 1348 1857 et

337 1891 352 1902 ›»
369 1875 515 1914 Carnuti3
533 1876 738 1918 Stephanum,
754 1877 900 1908 comitem
923 1877 961 1907 de
984 1880 1153 1916 Sancerra3
1172 1885 1201 1909 et
1216 1879 1348 1910 Guillel-

337 1945 351 1955 r·
368 1941 452 1960 mum
467 1954 474 1967 ,
499 1930 765 1972 archiepiscopum
792 1934 1003 1962 Senonensem
1015 1956 1022 1969 ,
1043 1937 1072 1962 et
1087 1938 1194 1974 postea
1209 1936 1347 1964 Remen-

336 1998 351 2009 υ
368 1994 444 2014 sem.
480 1999 494 2008 »-
521 1983 695 2015 Theobaldi
721 1984 932 2026 epitaphium,
962 1985 1047 2026 quod
1072 1986 1201 2017 IIenrici
1227 1987 1349 2019 comitis

334 2036 478 2079 precibus
501 2037 674 2079 composuit
698 2038 844 2079 magister
863 2039 969 2069 Simon
981 2063 988 2075 ‚
1007 2046 1215 2081 cognomento
1231 2041 1349 2083 Capra-

334 2092 460 2128 Aurea,
489 2090 746 2122 Sancti-Yictoris
772 2092 951 2123 Parisiensis
977 2094 1163 2132 canonicus,
1191 2094 1289 2126 edidit
1317 2095 1349 2126 in

334 2144 478 2175 Diatriba
509 2144 688 2175 Franciscus
714 2145 907 2184 Chifssetius,
938 2157 975 2177 ex
1004 2147 1216 2190 manuscripto
1242 2148 1350 2180 codice

335 2198 515 2228 monasterii
533 2197 699 2230 Charitatis
716 2199 843 2230 ordinis
863 2200 1073 2231 Cisterciensis
1085 2225 1092 2238 ,
1115 2201 1244 2243 dignum
1266 2209 1350 2234 certe

335 2250 419 2291 quod
433 2251 463 2281 in
480 2251 632 2282 bonorem
648 2252 725 2283 tanti
738 2253 888 2295 principis
901 2253 951 2285 hic
966 2254 1192 2286 transcribatur
1208 2266 1216 2288 t

414 2356 539 2381 Transiit
553 2355 603 2380 ille
617 2364 710 2382 comes
723 2357 905 2383 Theobaldus
915 2377 922 2390 ,
937 2358 1031 2384 clarus
1047 2360 1176 2393 ubique,

455 2395 585 2421 [celeste
599 2397 699 2421 matris
713 2396 790 2421 filius
800 2416 807 2428 ,
822 2397 911 2422 immo
927 2402 1016 2430 pater.

418 2435 538 2468 Magnus
553 2435 660 2460 honore
670 2455 676 2466 ,
689 2439 790 2468 potens
803 2438 889 2462 armis
898 2457 904 2468 ‚
920 2438 1087 2470 spectabilis
1100 2444 1165 2466 ortu
1175 2459 1183 2471 ,

452 2474 549 2498 Mente
562 2483 641 2508 sagax
652 2495 658 2506 ,
671 2477 766 2501 verbis
780 2476 894 2502 lucidus
906 2497 913 2508 ,
928 2486 974 2503 ore
986 2480 1096 2505 (1000115.

419 2514 536 2545 Exiguis
551 2523 654 2546 parvus
665 2536 670 2545 ,
687 2517 805 2541 tumidis
821 2516 898 2541 ferus
908 2536 914 2548 ,
929 2526 1012 2550 asper
1025 2519 1134 2552 iniquis
1145 2539 1152 2551 ,

462 2554 651 2586 Simplicibus
665 2555 787 2588 simplex
797 2576 803 2588 ‚
818 2557 954 2581 omnibus
968 2559 1063 2583 omnis
1077 2562 1147 2583 erat.

425 2593 515 2618 Lfctns
530 2596 706 2627 pauperibus
717 2615 723 2627 ,
738 2597 884 2622 monachis
894 2617 900 2629 ,
914 2598 1053 2631 aegrisque
1068 2600 1185 2631 parabat

453 2635 631 2659 Incessanter
642 2644 725 2667 opem
735 2655 741 2666 ,
756 2645 875 2661 munera
887 2657 893 2668 ,
909 2637 1016 2669 templa
1025 2658 1031 2668 ,
1047 2639 1155 2663 (1011105.

420 2673 511 2705 Hujus
524 2677 583 2698 erat
596 2682 708 2700 servare
721 2676 810 2700 bonos
821 2695 827 2707 ‚
843 2677 948 2708 punire
963 2681 1097 2702 nocentes
1110 2686 1117 2710 3

454 2713 544 2745 Hujus
558 2717 617 2738 erat
627 2715 704 2747 juste
718 2715 830 2746 vivere,
842 2718 919 2749 justa
934 2717 1027 2750 loqui.

422 2751 525 2776 Omnes
539 2753 658 2778 virtutes
669 2754 699 2778 in
714 2763 745 2779 eo
759 2754 853 2780 lucere
869 2757 978 2781 videres
989 2775 996 2787 ‚

454 2790 662 2825 Certabantque
675 2794 762 2819 simut
777 2795 930 2820 mirificare
945 2796 1052 2820 virum.

422 2828 511 2854 Gallia
526 2835 619 2856 nostra
632 2840 745 2864 gemens
759 2838 837 2859 tanto
852 2836 966 2860 viduata
980 2839 1115 2867 patrono,

454 2869 532 2893 Sicut
545 2878 577 2895 eo
588 2872 677 2896 stabat
691 2876 781 2898 stante
791 2893 797 2905 ‚
808 2875 929 2907 jacendo
939 2876 1026 2908 jacet.

426 2907 498 2940 Ergo
515 2909 574 2933 dies
587 2911 713 2936 decimus
729 2913 788 2945 jani
804 2913 860 2938 suit
875 2913 995 2939 ultimus
1009 2914 1072 2946 illi,

458 2946 510 2971 Cui
524 2947 596 2974 Deus
611 2953 650 2974 051
665 2951 766 2976 melior
780 2952 912 2979 millibus
928 2962 984 2979 una
998 2954 1066 2979 dies.

395 3043 457 3071 186
476 3043 515 3072 Α.
532 3054 573 3072 ΑΙ)
588 3055 741 3077 EUMDEM.
759 3066 803 3069 —
820 3052 905 3080 Inter
924 3057 1035 3081 caetera
1053 3050 1092 3082 de
1111 3051 1225 3093 quibus
1245 3051 1350 3084 Theo-

342 3093 471 3125 baldum
494 3095 638 3128 sollicitat
658 3096 716 3129 hac
740 3099 869 3141 epistola
892 3110 1016 3134 sanctus
1038 3105 1236 3143 Bernardus,
1252 3106 1350 3138 inter-

342 3147 423 3178 cedit
444 3158 502 3190 pro
524 3148 637 3180 misero
659 3151 813 3191 quodam,
838 3155 964 3186 nomine
986 3157 1182 3197 Humberto,
1207 3170 1265 3201 pro
1287 3171 1349 3202 quo

340 3200 442 3242 prima
466 3200 532 3233 haec
557 3202 686 3244 epistola
711 3205 824 3247 scripta
849 3214 893 3238 est
919 3215 990 3239 ante
1016 3211 1178 3251 epistolam
1206 3216 1267 3251 373
1296 3214 1349 3255 qui

340 3253 444 3285 duello
458 3254 574 3294 victus,
595 3256 684 3297 jussu
696 3257 845 3300 principis
864 3266 893 3291 et
917 3261 1024 3292 loculis
1046 3269 1075 3293 et
1099 3264 1195 3295 0011115
1217 3267 1349 3298 mulcta-

339 3313 388 3339 tus
410 3314 474 3344 est,
490 3315 523 3340 ut
544 3319 601 3340 nec
618 3318 790 3352 superesset
810 3312 892 3344 unde
913 3314 1055 3345 miseram
1070 3322 1238 3359 utcumque.
1253 3320 1348 3351 1113111

337 3367 532 3394 sustentaret.
549 3363 661 3394 Gravis
683 3364 808 3406 quidem
831 3376 941 3408 poena,
967 3373 995 3398 et
1019 3379 1088 3410 quse
1108 3372 1258 3402 Rei-nardi
1281 3373 1346 3404 ani-

833 200 884 234 IN
913 199 1093 234 TOMUM
1123 197 1323 232 PRIMUM
1353 195 1559 232 OPERUM
1587 193 1623 228 S.
1653 191 1905 226 BERNARDI

2340 190 2418 227 840

1407 283 1493 303 mum
1518 269 1676 301 charitatis
1701 268 1813 311 spiritu
1837 267 2002 298 delinitum
2021 266 2191 308 justissime
2214 268 2311 300 movit
2335 279 2343 300 :
2366 270 2418 303 sed

1407 331 1493 357 tanto
1517 330 1546 355 et
1570 330 1633 354 tam
1656 321 1808 364 pertinaci
1830 320 1941 351 morbo
1966 319 2037 351 tatis
2059 319 2213 351 medicina
2235 320 2418 356 debebatur.

1407 383 1455 410 De
1479 376 1704 408 monomachiae
1726 385 1783 405 usu
1799 381 1830 406 et
1846 374 1908 404 ritu
1929 373 2089 404 teterrimo
2111 372 2183 404 11110
2205 374 2229 404 51
2251 373 2338 406 lubet
2358 376 2420 409 Sir-

1409 431 1574 467 mundum,
1595 430 1626 460 in
1648 429 1731 459 notis
1745 427 1784 458 ad
1799 426 1987 459 Gaufridum
2009 425 2294 466 Vindocinensem‚
2311 427 2366 460 lib.
2381 432 2415 470 3,

1409 484 1499 526 epist.
1526 486 1589 520 383
1616 481 1798 518 Chesnium,
1821 480 1861 511 ad
1886 479 2112 511 Bibliothecam
2132 480 2368 513 Cluniacensem
2391 489 2422 516 et

1413 538 1500 568 alios.
1516 536 1632 568 Confer
1655 534 1806 566 Bernardi
1820 533 1984 576 epistolam
1997 532 2092 564 modo
2107 536 2188 565 376.

1464 593 1526 621 180
1550 592 1587 620 Γ».
1611 599 1669 630 pro
1691 587 1849 619 canonicis
1873 586 1912 618 de
1931 586 2121 618 Larzicurte.
2144 604 2190 609 -—-
2212 588 2360 620 Canonici
2385 589 2424 622 de
2470 607 2473 611 Δ

1410 644 1588 675 Larzicurte
1609 643 1768 685 regulares
1790 641 1918 673 Ordinis
1940 644 1970 673 S.
1995 640 2180 683 Augustini,
2205 641 2344 674 dioecesis
2366 646 2426 676 Ca·

1412 697 1601 729 talaunensis
1617 697 1649 728 in
1671 696 1824 727 decanatu
1839 695 1996 734 Partensi,
2016 695 2071 726 ubi
2092 695 2253 737 quondam
2270 696 2426 730 Prioratus

1412 750 1630 794 possidebatur
1651 760 1668 780 a
1683 749 1827 780 Patribus
1840 749 2001 780 Societatis
2017 752 2105 781 Ι10511.

1466 807 1528 835 188
1561 806 1596 835 11.
1623 803 1813 834 avunculum
1840 809 1977 833 vestrum
2002 812 2117 844 regem.
2144 821 2190 825 —
2214 803 2386 835 Henricum
2411 808 2427 838 1
2472 839 2474 842 y

1412 857 1529 889 scilicet
1552 856 1728 897 Anglorum
1754 866 1877 897 regem,
1895 855 1947 897 qui
1961 855 2138 887 Theobaldi
2155 856 2327 887 avunculus
2339 864 2426 898 erat,
2470 850 2473 874 ³

1413 916 1491 942 teste
1515 909 1653 941 Ernaldo
1680 910 1713 940 in
1738 908 1819 940 libro
1846 908 1984 940 secundo
2009 909 2048 940 de
2072 909 2147 940 Vita
2171 909 2341 948 Bet-nardi,
2371 911 2429 944 5111)
2470 907 2472 912 ’

1413 964 1526 1001 finem,
1552 969 1583 995 et
1605 963 1748 995 Roberto
1770 963 1809 994 de
1832 966 1944 994 Monte
1965 962 2005 993 ad
2026 973 2144 994 annum
2162 965 2264 1001 1151,
2282 964 2428 998 nimirum

1413 1017 1498 1059 quod
1523 1016 1726 1048 Theobaldus
1757 1023 1889 1048 matrem
1920 1016 2066 1048 habuerit
2089 1016 2242 1056 Adelam,
2271 1017 2436 1058 Guillelmi,
2470 1014 2473 1048 Ῐ

1414 1071 1643 1112 Conquaestoris
1662 1070 1757 1101 11113111
1770 1094 1778 1108 ,
1795 1070 1924 1101 Henrici
1938 1081 2090 1101 sororem.

1468 1128 1529 1156 189
1546 1128 1587 1157 Α.
1602 1124 1799 1156 Molismensi
1820 1123 1969 1156 ecclesiae.
1984 1142 2031 1146 -
2052 1123 2283 1156 Monasterium
2304 1123 2430 1157 Ordinis

1415 1181 1446 1210 S.
1479 1179 1659 1217 Benedicti,
1696 1178 1837 1210 dioecesis
1870 1177 2092 1220 Lingonensis,
2129 1183 2290 1209 auctorem
2323 1177 2431 1211 hahuit

1417 1233 1591 1265 Robertum
1613 1232 1780 1271 abbatem,
1806 1232 1858 1274 qui
1880 1232 2001 1274 primus
2022 1231 2130 1262 itidem
2156 1230 2297 1263 Cistercii
2321 1231 2428 1264 abbas.

1415 1286 1509 1318 Unde
1532 1286 1783 1318 Molismensium
1806 1297 1933 1317 cansam
1949 1296 2031 1328 saepe
2047 1285 2109 1327 agit
2131 1285 2308 1317 Bernardus
2321 1284 2354 1316 in
2367 1285 2431 1328 epi·
2470 1279 2471 1287 ¹

1414 1340 1501 1371 stolis
1525 1342 1567 1371 44
1593 1347 1623 1372 et
1647 1344 1702 1371 oo.
1726 1340 1810 1371 Vide
1831 1340 1996 1382 epistolam
2021 1342 2075 1371 80.
2099 1342 2209 1370 Ρο11115
2230 1339 2379 1371 Cellensis
2399 1339 2432 1371 in

1414 1394 1486 1425 libri
1514 1397 1530 1426 7
1555 1394 1687 1436 epistola
1709 1396 1743 1425 14
1759 1419 1766 1433 ,
1792 1393 1832 1424 ad
1854 1393 2074 1425 Molismenses
2088 1403 2097 1425 :
2111 1408 2127 1420 «
2145 1393 2270 1425 Gallina
2290 1392 2343 1424 illa
2359 1396 2430 1425 Mo-

1417 1463 1430 1475 »
1450 1448 1621 1486 lismensis,
1646 1449 1738 1490 plena
1751 1448 1866 1490 plumis
1877 1473 1884 1487 ‚
1901 1454 1932 1479 et
1950 1447 2032 1478 bene
2049 1452 2205 1489 pennata,
2222 1452 2298 1489 quot
2315 1453 2345 1478 et
2356 1458 2431 1489 qua-

1418 1516 1431 1529 ·
1450 1502 1494 1533 les
1514 1501 1553 1533 de
1579 1508 1668 1532 utero
1693 1512 1750 1532 5110
1776 1501 1856 1532 fetus
1881 1500 2048 1543 produxit,
2079 1500 2153 1531 dum
2173 1511 2211 1531 ex
2224 1511 2258 1532 se
2270 1501 2431 1543 collegium

1418 1571 1433 1581 »
1455 1555 1658 1587 Cisterciense
1680 1554 1849 1597 originario
1872 1554 2011 1596 germine
2030 1552 2218 1596 pullulavit?
2232 1569 2247 1580 n
2260 1554 2321 1586 Hic
2334 1555 2433 1597 agitur
2468 1578 2471 1588 2
2490 1579 2492 1582 ψ

1416 1609 1456 1640 (10
1478 1609 1608 1640 00010513
1630 1608 1784 1647 Senoina,
1811 1614 1844 1640 111
1866 1608 1898 1639 111
1918 1608 2050 1650 epistola
2074 1607 2239 1650 sequenti,
2266 1619 2336 1650 quae
2358 1608 2431 1640 olim
2468 1649 2471 1653 ι
2493 1614 2495 1619 ⁴

1417 1663 1577 1694 Prioratus
1594 1662 1735 1694 dioecesis
1752 1662 1941 1694 Senonensis
1954 1662 1986 1693 in
2000 1661 2153 1693 decanatu
2167 1661 2406 1694 Curtiniacensi.

1469 1719 1533 1748 190
1550 1719 1586 1748 Β.
1606 1716 1754 1759 episcopo
1773 1716 1950 1747 Parisiensi.
1965 1734 2010 1738 -—
2024 1715 2183 1758 Stephano
2194 1739 2208 1753 2
2221 1715 2275 1757 qui
2297 1715 2339 1747 ab
2352 1726 2434 1748 311110
2468 1737 2476 1758 ·.⁴
2489 1734 2492 1743 ι

1421 1772 1431 1800 1
1446 1772 1507 1801 124
1533 1770 1572 1800 ad
1586 1780 1704 1801 3111111111
1725 1771 1813 1801 1144
1836 1769 2040 1801 Parisiensem
2058 1769 2229 1800 Ecclesiam
2244 1770 2341 1806 rexit,
2357 1770 2435 1803 alius

1415 1834 1432 1854 a
1449 1823 1609 1866 Stephano
1626 1823 1665 1854 de
1683 1822 1844 1855 Garlanda
1858 1822 2013 1865 dapifero.
2034 1824 2136 1855 Causa
2150 1822 2243 1865 hujus
2261 1822 2433 1855 infestatio-

1414 1877 1461 1907 nis
1487 1888 1625 1908 secessus
1643 1876 1794 1919 Stephani
1814 1887 1832 1907 a
1847 1877 1953 1914 curia,
1982 1876 2127 1907 Ecclesiae
2151 1876 2290 1908 libertas.
2317 1876 2434 1908 Eadem
2468 1868 2469 1871 Ἰ
2488 1893 2490 1902 ν

1414 1929 1560 1969 fortuna,
1581 1930 1706 1961 easdem
1725 1930 1790 1961 fere
1813 1929 1854 1961 ob
1878 1940 2007 1968 0311535,
2029 1929 2160 1972 contigit
2181 1930 2320 1962 Heni-ico
2337 1933 2434 1962 Seno-

1414 1983 1523 2021 nensi‚
1555 1994 1593 2014 ex
1618 1983 1750 2026 epistola
1774 1985 1830 2015 49.
1858 1983 1915 2014 His
1940 1982 2051 2014 litteris
2073 1993 2136 2014 non
2159 1982 2259 2014 flexus
2278 1989 2324 2014 est
2342 1983 2436 2026 Regis
2468 1995 2470 1997 ’

1415 2037 1538 2068 animus
1549 2061 1556 2075 ‚
1577 2037 1666 2079 cujus
1680 2036 1779 2067 silium
1797 2035 1997 2079 Philippum,
2017 2037 2082 2079 jam
2098 2047 2203 2079 regem
2217 2036 2433 2079 designatum,
2466 2033 2470 2039 ⁴

1415 2090 1456 2122 ob
1474 2091 1505 2122 id
1524 2098 1626 2123 morte
1646 2102 1663 2122 a
1682 2094 1752 2122 Deo
1765 2091 1950 2122 mulctatum
1964 2089 2081 2122 ferunt.
2096 2091 2218 2122 Mirum
2236 2096 2283 2122 est
2301 2101 2338 2122 eo
2351 2101 2435 2122 mor-

1415 2151 1469 2176 tuo
1484 2156 1629 2187 proceres
1643 2151 1673 2176 et
1687 2144 1851 2188 episcopos
1865 2144 1904 2175 de
1917 2143 2119 2187 impedienda
2132 2144 2284 2176 Ludovici
2296 2147 2316 2176 J
2318 2144 2436 2176 unioris
2465 2144 2469 2182 ς’

1414 2198 1611 2229 successione
1639 2198 1808 2240 cogitasse,
1828 2204 1906 2229 teste
1922 2197 2094 2236 Orderico‚
2117 2197 2150 2228 in
2175 2197 2257 2229 libro
2279 2200 2339 2236 13,
2360 2208 2432 2240 pag.
2465 2219 2470 2230 2

1418 2255 1483 2283 895
1502 2263 1571 2294 sqq.
1594 2252 1678 2283 Mira
1692 2252 1725 2283 in
1738 2251 1853 2283 sanctis
1870 2251 1944 2283 viris
1960 2251 2086 2283 dicendi
2098 2251 2245 2291 libertas,
2261 2251 2436 2295 intrepidus

1412 2305 1540 2347 justitiae
1561 2306 1663 2344 zelus,
1687 2316 1750 2347 quo
1776 2316 1834 2347 pro
1851 2304 1989 2348 episcopi
2016 2304 2198 2337 defensione
2222 2305 2371 2337 adversus
2385 2315 2435 2336 re-

1418 2370 1487 2401 gem
1504 2358 1638 2390 humiles
1655 2358 1801 2389 monachi
1823 2359 1984 2401 insurgere
2003 2369 2068 2390 non
2086 2365 2242 2390 verentur.
2263 2359 2324 2391 Sed
2337 2359 2437 2401 qualis

1418 2412 1511 2444 suerit
1533 2412 1696 2444 Ludovico
1722 2412 1873 2454 Stephani
1894 2412 2076 2444 parisiensis
2100 2412 2239 2455 episcopi
2263 2411 2436 2444 insectandi

1416 2466 1496 2497 ratio
1508 2490 1515 2504 ,
1536 2476 1574 2497 ex
1594 2465 1730 2507 antiquis
1748 2465 1960 2497 monumentis
1975 2476 2041 2497 non
2057 2465 2100 2497 ita
2116 2465 2207 2497 facile
2220 2472 2267 2497 est
2279 2465 2432 2498 divinare.

1417 2523 1497 2551 Rem
1522 2526 1694 2561 utcumque
1713 2519 1892 2551 Bel-nardus
1912 2519 2051 2551 insinuat
2069 2519 2102 2551 in
2122 2519 2214 2551 simili
2234 2530 2329 2551 causa
2349 2522 2435 2561 Hen-

1416 2572 1471 2604 rici
1497 2572 1722 2615 archiepiscopi
1747 2572 1954 2611 Senonensis,
1983 2574 2075 2616 epist.
2108 2575 2164 2611 49,
2193 2573 2233 2604 ad
2261 2573 2436 2605 Honorium

1416 2637 1531 2668 papam

1418 2694 1434 2705 υ
1451 2680 1483 2710 111
1499 2680 1652 2723 episcopis
1665 2680 1793 2722 justitiae
1810 2680 2008 2722 persequitur
2024 2681 2138 2712 zelum.
2161 2696 2176 2707 n
2194 2680 2290 2722 Quod
2304 2681 2436 2724 amplius

1417 2733 1579 2764 declarans
1610 2734 1679 2765 ait.-
1702 2750 1715 2761 «
1744 2734 1807 2776 Qui
1836 2740 1909 2765 ante
1937 2734 1969 2765 in
1993 2734 2104 2766 habitu
2131 2740 2266 2776 actuque
2295 2733 2435 2766 saeculari

1419 2801 1432 2813 n
1452 2786 1597 2818 honorati
1625 2794 1698 2819 sunt
1726 2788 1893 2826 sublimes,
1912 2787 2044 2830 judicati
2069 2788 2195 2826 fideles,
2221 2787 2321 2819 habiti
2346 2787 2435 2819 fami·

1418 2855 1433 2866 υ
1453 2840 1561 2880 liares3
1591 2842 1685 2873 modo
1716 2841 1833 2873 inimici
1859 2841 1931 2873 facti
1960 2848 2033 2874 sunt
2061 2841 2154 2884 digne
2179 2852 2236 2873 suo
2262 2841 2435 2873 sacerdotio
2463 2849 2467 2856 “

1418 2909 1431 2921 u
1452 2902 1672 2927 conversantes
1685 2920 1692 2934 ‚
1722 2902 1752 2927 et
1770 2906 1827 2938 per
1846 2896 1950 2926 onmia
1966 2895 2209 2927 honorificantes
2231 2895 2435 2927 ministerium

1418 2963 1433 2974 »ι
1454 2958 1557 2980 suum.
1579 2964 1592 2976 »
1610 2949 1692 2980 Hinc
1720 2949 1873 2981 Baronius
1894 2948 1935 2980 ad
1963 2960 2081 2980 annum
2106 2952 2191 2981 1127
2220 2955 2321 2980 10111111
2344 2947 2435 2980 latius

1416 3002 1550 3044 explicat
1574 3003 1621 3034 his
1642 3003 1744 3034 verbis
1760 3013 1768 3034 :
1783 3018 1797 3029 «
1822 3002 2024 3034 Profecerant
2039 3002 2192 3045 siquidem
2208 3002 2347 3045 episcopi
2361 3012 2435 3045 pro-

1417 3070 1430 3083 »
1444 3056 1554 3087 111101εο
1568 3057 1757 3088 Senonensis
1771 3056 2023 3089 Cisterciensium
2035 3056 2262 3088 monachorum
2276 3055 2431 3098 exemplo,

1417 3123 1430 3136 »
1449 3115 1542 3152 atque
1561 3109 1663 3141 verbis
1680 3110 1852 3151 litterisque
1871 3110 1970 3141 sancti
1995 3109 2165 3147 Bernardi,
2184 3110 2342 3152 praecipue
2359 3119 2433 3141 vero
2464 3126 2466 3129 v

1417 3177 1429 3189 »
1450 3174 1544 3205 quem
1571 3164 1706 3195 diximus
1730 3163 1912 3195 Parisiensis
1928 3163 2112 3206 episcopus,
2138 3170 2232 3205 atque
2256 3161 2433 3194 Parisiensis

1415 3230 1428 3242 »
1450 3216 1548 3248 abbas
1571 3217 1834 3260 Sancti-Dionysii
1857 3218 2022 3259 Sugerius,
2041 3217 2096 3259 qui
2117 3216 2341 3248 monasterium
2356 3215 2434 3247 illud

1415 3284 1428 3297 »
1449 3271 1621 3302 monastica
1647 3270 1772 3313 penitus
1792 3271 1957 3313 disciplina
1980 3271 2137 3310 solutum,
2162 3270 2261 3302 fibula
2284 3268 2432 3312 regularis

1414 3339 1426 3350 η
1443 3323 1648 3355 observantia?
1663 3331 1746 3356 arcte
1760 3325 1988 3356 constrinxerat
2003 3335 2010 3356 :
2023 3335 2086 3367 quo
2099 3324 2227 3356 nomine
2239 3323 2298 3367 ipsi
2308 3328 2431 3355 sanctus

1414 3392 1428 3402 »
1466 3377 1628 3409 ternardus
1642 3377 1842 3420 congaudens
1853 3402 1860 3415 ‚
1877 3378 2112 3420 gratulatoriam
2126 3377 2166 3410 ad
2178 3388 2250 3409 eum
2263 3377 2349 3409 dedit
2365 3375 2428 3419 epi-

1558 2638 1565 2657 :
1589 2641 1601 2653 «
1621 2630 1708 2665 Rex,
1734 2642 1746 2654 »
1773 2626 1892 2668 inquit,
1925 2641 1938 2653 «
1969 2638 2035 2659 non
2055 2633 2119 2659 tam
2139 2627 2320 2670 episcopos,
2342 2636 2436 2669 quam
2466 2643 2467 2651 1

2466 2420 2495 3034 ahta-§azm3—ffi—go

2477 3114 2491 3220 ⁴0-ss
2476 3047 2491 3084 36„
