2517 3936
626 337 682 391 S.
739 339 1166 395 BERNARDI
1217 342 1584 400 ABBATIS

126 545 307 642 DE
387 540 870 644 LAUDE
950 548 1401 650 NOVAE
1479 554 2078 658 MILITJAE

773 795 856 841 AD
890 797 1152 845 MILITES
1191 800 1428 846 TEMPLI

1024 981 1183 1016 LIBER.

504 1169 1747 1196 wgaeffi———s———w
1805 1190 1813 1191 ff

411 1362 715 1402 PROLOGUS.

19 1496 22 1498 ’
55 1490 211 1525 Hucom
224 1487 334 1524 militi
348 1486 501 1533 Christi,
514 1494 552 1523 et
568 1487 750 1537 magistro
758 1490 795 1524 M
800 1487 902 1524 ilitiae
917 1487 1068 1534 Christi,

108 1550 334 1585 BERNARDUS
355 1547 617 1586 Clarae-Vallis
642 1547 725 1584 solo
750 1547 908 1584 nomine
932 1546 1067 1593 abbas,

107 1607 255 1646 bonum
273 1616 466 1645 certamen
490 1615 647 1644 certare.

109 1730 246 1777 Semel,
263 1738 301 1767 et
316 1729 500 1776 secundo,
523 1737 560 1766 et
576 1730 702 1776 tertio,
721 1730 760 1766 ni
781 1730 905 1777 fallor,
925 1730 1067 1780 petiisti

57 1803 78 1827 a
96 1803 170 1837 me,
193 1794 304 1840 Hugo
326 1790 565 1836 charissime,
585 1797 628 1826 ut
651 1789 719 1826 tihi
737 1790 887 1840 tuisque
904 1792 1067 1828 commi-

54 1850 238 1888 litonibus
272 1849 478 1887 scriberem
512 1850 791 1888 exhortationis
820 1864 1062 1897 sermonem,

55 1919 92 1947 et
129 1910 312 1948 adversus
346 1910 521 1948 hostilem
556 1911 822 1960 tyrannidem,
855 1912 945 1962 quia
982 1913 1063 1949 lan-

55 1984 158 2008 ceam
187 1985 266 2008 non
295 1971 454 2017 liceret,
484 1971 613 2007 stilum
640 1970 831 2008 vibrarem
862 1988 869 2009 :
894 1985 1064 2010 asserens

53 2030 162 2068 vobis
183 2045 261 2069 non
287 2045 425 2082 parum
448 2031 529 2069 fore
555 2031 756 2081 adjutorii,
789 2033 933 2083 siquos
950 2033 1064 2070 armis

54 2105 133 2129 non
146 2092 475 2142 possum‚“litteris
493 2092 715 2128 animarem.
730 2093 869 2130 Distuli
888 2107 978 2131 sane
996 2095 1063 2130 ali-

55 2152 227 2202 quandiu
260 2167 268 2189 :

54 2213 203 2263 petitio,
221 2212 288 2249 sed
311 2225 358 2249 ne
377 2212 471 2248 levis
491 2225 739 2262 praecepsque
763 2214 983 2263 culparetur
1004 2228 1065 2251 as-

56 2273 196 2319 sensio,
215 2273 246 2310 si
263 2272 368 2323 quod
382 2273 518 2309 melius
536 2273 671 2309 melior
685 2273 845 2323 implere
863 2275 1067 2319 sufficeret,

55 2346 329 2384 praesumerem
362 2332 587 2383 imperitus,
621 2341 657 2369 et
685 2347 745 2370 res
775 2334 981 2371 admodum
1005 2349 1068 2372 ne-

57 2394 217 2431 cessaria
243 2407 314 2445 per
342 2407 402 2431 me
430 2394 557 2431 minus
579 2394 677 2432 forte
703 2396 904 2432 commoda
932 2396 1070 2433 redde-

57 2462 176 2491 retur.
195 2457 338 2491 Verum
369 2453 505 2491 videns
534 2467 594 2491 me
627 2455 740 2504 longa
773 2456 860 2492 satis
891 2456 1069 2505 hujusce-

57 2514 162 2552 modi
186 2515 469 2565 exspectatione
493 2515 715 2552 frustratum
735 2532 744 2562 3
774 2529 820 2553 ne
844 2515 922 2566 jam
951 2518 1069 2567 magis

57 2575 158 2612 nolle
176 2603 185 2621 ,
216 2588 330 2625 quam
363 2588 442 2612 non
472 2589 582 2625 posse
611 2575 784 2622 viderer,
815 2577 968 2614 tandem
997 2591 1067 2628 ego

56 2635 211 2685 quidem
244 2634 349 2685 quod
387 2635 498 2685 potui
531 2635 602 2672 feci
633 2649 640 2670 :
668 2636 788 2673 lector
813 2636 984 2687 judicet,
1018 2653 1063 2675 au

57 2695 230 2732 satisfeci.
251 2698 477 2744 Quanquam
504 2695 573 2731 etsi
599 2695 659 2731 cui
688 2696 785 2733 forte
815 2705 879 2733 aut
909 2698 1065 2735 minime

57 2755 225 2805 placeat,
257 2763 322 2791 aut
347 2767 427 2791 non
459 2754 638 2801 sufficiat;
673 2769 752 2792 non
792 2764 917 2793 tamen
948 2758 1068 2794 inter-

5 2848 7 2860 ,
59 2823 115 2852 est
139 2828 223 2852 mea
241 2844 251 2862 ,
279 2815 346 2864 qui
383 2823 457 2851 tuae
478 2828 550 2865 pro
579 2829 664 2852 meo
689 2829 823 2866 sapere
857 2830 934 2853 non
965 2817 1067 2855 defui

61 2876 258 2913 voluntati.

440 2994 619 3034 CAPUT
650 2996 682 3033 I.

350 3122 399 3151 De
422 3119 516 3151 laude
540 3129 630 3151 novae
655 3118 783 3150 militiae.

118 3234 149 3270 l.
175 3236 325 3270 Novum
348 3233 491 3270 militiae
519 3246 638 3283 genus
659 3242 786 3270 ortum
811 3246 935 3283 nuper
960 3233 1068 3269 audi—

62 3301 123 3329 tur
148 3294 186 3330 in
221 3294 330 3330 terris
344 3323 354 3342 ,
375 3302 413 3330 et
432 3294 470 3330 in
491 3294 554 3330 illa
576 3294 753 3344 regione,
777 3307 890 3343 quam
919 3294 1006 3329 olim
1027 3293 1064 3329 in

63 3366 174 3390 carne
194 3367 361 3405 praesens
383 3353 551 3390 visitavit
570 3355 706 3392 Oriens
722 3366 770 3390 ex
787 3354 863 3390 alto
881 3368 887 3389 :
905 3361 945 3388 ut
968 3353 1066 3389 unde

1101 1363 1125 1383 '¹³
1142 1374 1230 1402 tunc
1245 1367 1282 1402 in
1301 1367 1523 1404 fortitudine
1537 1382 1670 1405 manus
1686 1383 1760 1405 sua:
1783 1372 2021 1409 tenebrarum
2040 1377 2141 1423 prin-

1088 1428 1113 1460 A
1136 1426 1238 1476 cipes
1256 1426 1498 1472 exturbavit,
1520 1428 1607 1465 inde
1636 1437 1672 1464 et
1702 1429 1816 1465 modo
1845 1431 2011 1480 ipsorum
2036 1437 2142 1471 saud<

1137 1485 1232 1530 lites,
1252 1486 1349 1523 filios
1370 1486 1604 1536 diffidentiae‚
1625 1489 1661 1525 in
1684 1503 1797 1526 manu
1815 1491 1968 1529 sortium
1987 1506 2140 1531 suorum

1137 1545 1337 1596 dissipatos
1369 1549 1619 1595 exterminet,
1652 1549 1788 1587 faciens
1815 1551 1926 1588 etiam
1955 1567 2055 1591 nunc
2079 1570 2139 1592 rv-

1136 1605 1397 1656 demptionem
1432 1607 1554 1658 plebis
1599 1623 1673 1646 suae
1693 1639 1701 1655 ,
1742 1619 1778 1647 et
1816 1625 1966 1649 rursum
1996 1617 2141 1665 erigens

1135 1680 1256 1703 cornu
1283 1668 1414 1705 salutis
1446 1668 1556 1706 nobis
1585 1670 1623 1706 in
1654 1670 1768 1707 domo
1788 1672 1910 1708 David
1934 1676 2040 1722 pueri
2071 1679 2137 1712 sui.

1134 1730 1299 1774 Novum,
1322 1729 1491 1778 inquam,
1508 1730 1650 1767 militiae
1665 1743 1796 1779 genus,
1818 1741 1853 1768 et
1874 1734 2016 1770 saeculis
2038 1736 2140 1772 inex—-

1134 1796 1285 1837 pertuul
1320 1803 1326 1824 ε
1364 1802 1438 1837 qua
1459 1790 1610 1838 gemino
1638 1792 1780 1839 pariter
1805 1793 1983 1829 conflictu
2015 1796 2139 1832 iul'ati-

1134 1846 1309 1896 gabiliter
1334 1846 1569 1895 decertatur,
1601 1858 1680 1886 tum
1714 1850 1893 1889 adversus
1921 1867 2071 1891 carnem
2104 1867 2139 1892 vt

1133 1908 1354 1957 sanguinem
1371 1938 1379 1953 ,
1404 1918 1482 1945 tum
1512 1918 1644 1946 contra
1666 1910 1873 1959 spiritualia
1900 1915 2076 1962 nequitiae
2102 1918 2139 1952 iu

1132 1967 1348 2005 coelestibus
1360 1968 1389 2004 *.
1406 1972 1452 2005 Et
1468 1968 1621 2018 quidem
1637 1968 1702 2005 ubi
1716 1970 1803 2006 solis
1815 1971 1957 2008 viribus
1970 1977 2140 2024 corporis

1131 2042 1320 2079 corporeo
1336 2030 1483 2066 fortiter
1505 2030 1602 2066 hosti
1620 2030 1816 2077 resistitur,
1838 2031 1875 2067 id
1898 2033 2050 2081 quidem
2071 2050 2139 2085 ego

1131 2098 1207 2126 tam
1240 2103 1318 2127 non
1344 2090 1476 2140 judico
1508 2091 1665 2136 mirum,
1693 2104 1806 2140 quam
1827 2105 1895 2128 nec
1916 2106 2040 2131 rarum
2061 2099 2137 2133 exi-

301 2165 380 2189 non
415 2152 519 2202 quod
555 2153 838 2190 contemnenda
870 2154 1066 2191 videretur
1086 2153 1110 2186 B
1132 2150 1256 2186 StimO.
1281 2151 1353 2188 Sed
1382 2160 1419 2187 et
1445 2151 1600 2200 quando
1621 2151 1736 2187 animi
1765 2152 1902 2188 Virtute
1932 2154 2028 2190 vitiis
2059 2158 2135 2193 sive

1135 2210 1331 2248 daemoniis
1370 2210 1512 2248 bellum
1555 2211 1758 2258 indicitur,
1792 2226 1837 2248 ue
1880 2213 1951 2250 hoc.
1983 2217 2133 2265 quidem

1137 2270 1309 2308 mirabile
1329 2301 1337 2316 ,
1371 2272 1438 2307 etsi
1466 2270 1655 2307 laudabile
1684 2270 1842 2308 dixerim
1862 2302 1870 2318 ,
1895 2286 1976 2309 cum
2001 2276 2133 2324 plenus

1137 2331 1333 2368 monachis
1355 2340 1533 2368 cernatur
1551 2331 1727 2367 mundus.
1743 2333 1924 2369 Caeterum
1938 2348 2021 2370 cum
2037 2345 2134 2373 uter-

1137 2405 1211 2442 que
1236 2392 1351 2429 homo
1380 2406 1449 2429 suo
1476 2393 1634 2442 quisque
1666 2392 1789 2441 gladio
1811 2402 1985 2441 potenter
2001 2399 2134 2432 acciu-

1137 2454 1250 2503 gitur,
1271 2467 1340 2491 suo
1363 2455 1516 2504 cingulo
1537 2453 1942 2502 nobiliterinsignitum
1965 2458 2046 2504 quis
2063 2458 2132 2495 hoc

1137 2528 1215 2551 non
1246 2516 1405 2551 {estimet
1441 2515 1544 2550 omni
1574 2513 1820 2550 admiratione
1849 2514 2129 2562 dignissimum,

1136 2574 1240 2623 quod
1268 2574 1363 2611 adeo
1407 2574 1523 2623 liquet
1553 2586 1631 2609 esse
1667 2572 1885 2608 insolitum?
1916 2577 2130 2623 Impavidus

1134 2635 1308 2684 profecto
1336 2634 1443 2670 miles
1461 2663 1469 2678 ,
1500 2642 1536 2669 et
1556 2633 1658 2669 omui
1684 2645 1728 2667 ex
1750 2640 1857 2680 parte
1878 2647 2043 2679 securus,
2066 2639 2129 2686 qui

1136 2703 1175 2730 ut
1204 2708 1343 2744 corpus
1375 2694 1479 2740 ferri,
1518 2694 1568 2729 sic
1602 2692 1768 2728 animum
1808 2691 1893 2728 lidei
1929 2694 2041 2731 lorica
2072 2698 2132 2733 in-

1136 2755 1278 2791 duitur.
1303 2755 1480 2803 [trisque
1502 2753 1678 2789 nimirum
1711 2752 1878 2789 munitus
1904 2757 2036 2803 armis,
2062 2772 2130 2795 nec

1135 2815 1348 2851 daemonem
1372 2816 1487 2860 timet,
1509 2827 1577 2850 nec
1597 2812 1802 2849 hominem.
1825 2816 1898 2849 Nec
1918 2828 2009 2851 vero
2029 2831 2132 2854 mor-

1136 2884 1209 2912 tem
1239 2874 1438 2919 formidat,
1470 2874 1534 2923 qui
1567 2873 1662 2908 mori
1688 2872 1886 2909 desiderat.
1906 2876 2004 2922 Quid
2030 2879 2130 2915 euim

1089 2946 1115 2979 C
1138 2936 1193 2972 vel
1222 2935 1379 2979 vivens,
1401 2934 1459 2970 vel
1497 2933 1661 2969 moriens
1701 2940 1869 2977 metuat,
1907 2936 1966 2971 cui
2004 2938 2130 2975 vivere

1137 2995 1305 3033 Christus
1342 3002 1397 3030 est
1414 3022 1422 3039 ,
1459 3001 1496 3029 et
1531 2993 1626 3028 mori
1663 2992 1836 3028 lucrum?
1866 2997 1945 3031 Stat
1976 2997 2128 3045 quidem

1137 3055 1298 3091 fidenter
1314 3052 1551 3102 libenterque
1572 3066 1643 3102 pro
1661 3052 1832 3098 Christo,
1854 3053 1918 3089 sed
1941 3057 2053 3104 magis
2070 3071 2131 3093 cu-

1138 3116 1191 3165 pit
1207 3114 1372 3159 dissolvi,
1396 3122 1433 3150 et
1456 3126 1534 3150 esse
1551 3126 1636 3149 cum
1654 3112 1801 3150 Christo
1824 3128 1830 3148 :
1855 3113 1924 3149 hoc
1944 3115 2040 3150 enim
2056 3129 2130 3151 me-

1136 3175 1218 3210 lius.
1234 3173 1359 3211 Securi
1379 3173 1492 3222 igitur
1504 3172 1714 3222 procedite,
1729 3171 1875 3217 milites,
1889 3179 1925 3207 et
1942 3173 2129 3222 intrepido

1136 3234 1262 3270 animo
1284 3233 1455 3269 inimicos
1478 3232 1598 3268 crucis
1625 3231 1759 3267 Christi
1792 3231 2013 3279 propellite,
2039 3232 2129 3266 certi

1134 3294 1222 3343 quia
1242 3306 1365 3342 neque
1396 3306 1516 3338 mors,
1539 3305 1660 3341 neque
1680 3291 1755 3326 vita
1775 3299 1952 3339 poterunt
1974 3303 2038 3326 vos
2068 3303 2128 3326 se-

1136 3367 1269 3404 parare
1289 3367 1306 3389 a
1324 3354 1503 3390 charitate
1518 3353 1606 3397 Dei,
1631 3364 1715 3400 quae
1736 3358 1789 3386 est
1808 3351 1842 3386 in
1860 3350 2004 3386 Christo
2021 3354 2129 3397 Jesu,
