2565 3952
83 179 130 215 57
835 171 1095 208 PiiAErATio
1133 171 1426 208 GENERALIS.
2133 178 2181 213 ss

83 271 316 313 Henricum
342 267 599 310 cardinalem
624 266 872 321 episcopum
906 264 1205 306 Albanensem.
1227 264 1464 320 Utramque
1492 265 1767 319 scriptionem
1786 265 1856 307 hic
1884 265 2013 309 habes
2032 267 2077 309 in
2099 268 2184 310 fine

81 351 187 393 tomi
216 350 337 391 sexti.

141 431 227 471 LX.
250 431 314 470 De
341 432 555 470 conventu
585 424 971 475 Autissiodorensi,
1002 423 1080 478 qui
1113 422 1166 464 ab
1199 434 1288 464 uno
1320 424 1581 463 memoratur
1616 422 1795 474 Ottone,
1827 422 1935 463 nihil
1970 423 2183 478 singulare

82 509 370 563 comperimus
397 506 498 548 :sed
523 510 670 547 contra
695 518 781 546 000
808 516 944 559 pauca
972 502 1024 544 de
1051 501 1292 543 l’arisiensi.
1314 500 1521 542 Habitum
1534 500 1668 542 fuisse
1700 520 1715 535 «
1746 501 1791 541 in
1814 500 2079 543 solemnitate
2104 516 2182 557 pa-

89 607 104 623 »
133 587 265 629 schali
296 606 311 622 »
341 585 474 627 tradit
502 584 751 636 Gausridus,
775 596 821 624 66
841 581 1022 637 proinde
1043 593 1154 622 anno
1178 582 1287 623 1147
1316 593 1324 619 :
1354 578 1708 634 quandoquidem
1733 579 1963 621 concilium
1982 581 2186 624 Remense

89 684 105 701 «ι
129 665 323 707 mediana
357 663 690 717 Quadragesima
724 682 739 698 »
777 663 876 703 anni
916 661 1133 716 sequentis
1170 659 1255 701 fuit
1295 658 1582 711 celebratum,
1622 672 1675 701 ex
1714 660 1897 711 Ottone,
1933 664 1974 701 et
2012 660 2189 715 quidem

89 764 105 779 «
135 743 358 786 undecimo
392 742 593 784 kalendas
613 742 780 797 aprilis,
807 762 823 777 »
847 755 899 784 ex
925 740 1175 797 Appendice
1211 739 1265 781 ad
1289 738 1570 793 Sigebertum.
1603 757 1618 772 «
1645 740 1795 793 Itaque
1818 751 1961 780 coram
1980 739 2187 782 Pontifiee

89 842 104 858 »
130 822 244 878 apud
271 823 456 864 Parisios
479 835 621 864 coram
648 822 960 875 cardinalibus,
998 820 1235 876 episcopis,
1269 818 1449 873 aliisque
1471 816 1789 859 venerabilibus
1808 822 1849 859 et
1871 817 2051 860 eruditis
2082 819 2187 860 viris

89 921 104 937 »
130 903 296 944 sistitur
335 901 578 955 Gilbertus,
618 900 671 942 de
701 901 768 942 his
796 900 995 956 capitulis
1028 910 1330 953 responsurus
1353 896 1405 938 Id
1424 900 1565 937 actum
1594 908 1671 951 per
1693 895 1859 951 aliquot
1881 895 1986 938 dies.
2021 896 2191 938 Produ-

88 1002 104 1018 »
130 987 288 1025 cuntur
312 987 460 1024 contra
487 995 585 1024 eum
608 981 695 1023 duo
717 982 940 1035 magistri,
961 979 1098 1022 Adam
1120 976 1173 1019 de
1194 977 1521 1026 Parvo-Ponte,
1545 975 1614 1016 vir
1640 974 1835 1028 subtilis,
1866 979 1908 1016 et
1939 976 2191 1017 Parisiensis

88 1079 104 1095 »
130 1060 325 1102 Ecclesiae
358 1060 586 1101 canonicus
624 1064 815 1100 recenter
841 1058 998 1110 factus3
1032 1062 1073 1100 et
1102 1060 1230 1113 Hugo
1259 1057 1311 1099 de
1329 1054 1712 1111 Campo-Florido,
1731 1055 2005 1097 cancellarius
2032 1056 2158 1110 Regis
2176 1088 2187 1109 ,

89 1158 104 1174 »
133 1144 275 1181 sancte
307 1138 588 1192 affirmantes,
621 1151 666 1180 se
694 1139 836 1193 aliqua
866 1150 1015 1180 eorum
1047 1151 1099 1179 ex
1120 1139 1297 1193 proprio
1327 1136 1417 1192 ejus
1447 1149 1520 1178 ore
1548 1135 1731 1177 audisse.
1765 1136 1942 1177 Interim
1967 1134 2073 1176 dum
2090 1135 2191 1176 hinc

89 1238 104 1253 »
134 1217 234 1260 inde
267 1217 403 1259 multa
431 1217 513 1259 sibi
531 1217 834 1272 objicerentur,
854 1219 965 1259 inter
990 1222 1141 1259 caetera
1164 1217 1321 1259 dixisse
1334 1215 1522 1257 traditur
1542 1231 1551 1256 z
1574 1214 1790 1257 Confiteor
1806 1215 1976 1255 Patrem
2000 1213 2082 1255 alio
2103 1226 2192 1255 esse

89 1317 105 1333 »
134 1299 318 1350 Patrem,
339 1297 421 1338 alio
439 1298 580 1339 Deum
599 1309 609 1348 ;
630 1308 708 1337 nec
726 1301 869 1337 tamen
892 1308 981 1337 6556
1006 1296 1112 1349 1106,
1141 1301 1182 1338 et
1205 1296 1299 1337 hoc.
1322 1296 1497 1336 Dictum
1516 1293 1691 1348 indigne
1718 1293 1819 1334 tulit
1847 1295 1868 1335 J
1873 1293 2043 1334 oslenus
2066 1295 2193 1334 Sues-

89 1397 104 1412 »
134 1377 340 1418 sionensis
360 1376 598 1431 episcopus.
620 1376 721 1418 Haec
745 1375 884 1431 prima
904 1374 973 1417 die
993 1375 1280 1429 contigerunt.
1306 1373 1403 1416 Alia
1420 1372 1489 1415 die
1513 1377 1757 1424 accusatus,
1783 1371 1902 1426 quod
1931 1372 1975 1413 in
1993 1384 2120 1426 prosa
2141 1370 2195 1413 de

88 1474 104 1491 »ι
133 1456 338 1497 Τ11011616
361 1460 448 1497 1165
476 1467 677 1510 personas
708 1455 792 1496 tria
820 1454 1053 1509 singularia
1080 1457 1296 1506 vocasset3
1321 1451 1644 1505 Rotomagensis
1669 1449 2013 1504 archiepiscopus
2039 1449 2052 1505 ζ
2067 1451 2194 1504 Hugo

89 1555 105 1571 »
133 1536 284 1577 tertius
303 1535 339 1577 is
356 1533 465 1591 6161)
487 1547 658 1577 6605610
682 1535 954 1589 aggravavit,
976 1533 1148 1585 (116605,
1167 1534 1307 1574 Deum
1324 1533 1467 1587 potius
1486 1530 1640 1572 debere
1657 1529 1743 1572 dici
1760 1542 1897 1571 unum
1921 1529 2149 1583 singulare.
2175 1548 2190 1564 »

84 1617 149 1658 Ita
169 1616 258 1658 fere
281 1617 382 1659 Otto
399 1616 624 1671 episcopus
644 1616 926 1670 Frisingensis
945 1648 955 1669 ,
980 1614 1034 1657 de
1050 1619 1264 1657 conventu
1283 1611 1512 1654 Parisiensi
1529 1608 1558 1652 ¹.

141 1697 252 1738 LXI.
274 1696 408 1738 Paulo
446 1696 568 1738 aliter
599 1695 835 1737 Gaufridus
867 1695 920 1737 de
948 1708 998 1737 60
1027 1695 1136 1750 agit,
1165 1694 1237 1736 601
1260 1691 1477 1748 synodum
1498 1688 1811 1731 Viterbiensem
1843 1689 1889 1729 in
1906 1687 2051 1730 eadem
2071 1700 2197 1729 causa

83 1775 271 1817 habitam
301 1775 539 1830 praemittit.
576 1774 759 1817 Gilberti
791 1775 843 1817 ad
877 1774 1130 1817 Pontificem
1163 1773 1396 1814 delatorem
1430 1782 1567 1812 unum
1607 1772 1815 1810 memorat
1848 1766 2197 1809 archidiaconum

84 1854 346 1907 Arnaldum,
383 1855 454 1896 cui
488 1867 723 1909 cognomen
752 1855 909 1897 tribuit
935 1852 1289 1908 Qui-non-ridet.
1313 1853 1366 1893 In
1399 1853 1615 1891 conventu
1650 1860 1753 1888 vero
1789 1847 2018 1888 Parisiensi
2061 1858 2199 1886 unum

84 1931 275 1974 Gilberto
292 1931 584 1974 adversarium
606 1934 787 1988 opponit
802 1932 1086 1986 Bernardum,
1107 1951 1122 1966 «
1142 1931 1212 1973 cui
1237 1942 1362 1972 0111116
1382 1928 1602 1983 negotium
1623 1926 1795 1979 Christi,
1820 1924 2083 1979 ubicumque
2099 1936 2199 1965 eum

90 2030 106 2046 »
130 2011 376 2066 contigisset
409 2011 567 2066 adesse,
594 2017 802 2068 tanquam
836 2015 1012 2055 omnino
1030 2012 1279 2068 proprium,
1306 2009 1505 2064 protinus
1528 2004 1816 2047 incumbebat.
1837 2004 2086 2058 Requisitus
2108 2003 2197 2057 epi-

90 2110 106 2126 »
133 2103 287 2145 scopus
314 2095 363 2132 ut
399 2103 520 2132 suam
550 2091 685 2146 ipsius
716 2092 761 2134 in
794 2093 992 2134 Boetium
1019 2092 1353 2147 expositionem,
1378 2088 1423 2130 in
1447 2099 1533 2142 qua
1556 2090 1752 2141 suspecta
1778 2084 2107 2126 continebantur
2125 2095 2197 2124 66-

92 2189 108 2205 »
129 2169 291 2225 pitula,
322 2169 535 2224 proferret
561 2184 570 2210 :
600 2169 653 2211 ad
686 2183 838 2212 manus
868 2184 911 2212 se
946 2184 1034 2213 non
1067 2171 1225 2212 habere
1254 2166 1490 2224 respondit.
1530 2165 1720 2219 Negabat
1764 2168 1905 2205 autem
1943 2163 2167 2217 episcopus
2185 2195 2196 2215 ,

91 2267 107 2283 »
133 2246 328 2290 docuisse
355 2248 423 2289 vel
457 2247 690 2289 credidisse
714 2248 948 2303 aliquando
972 2262 1041 2302 56,
1076 2249 1145 2290 vel
1176 2249 1329 2290 litteris
1358 2245 1701 2298 commendasse,
1725 2243 1845 2299 quod
1876 2242 2079 2284 divinitas
2111 2254 2200 2282 non

90 2347 106 2362 ι»
135 2331 244 2369 esset
271 2328 408 2380 Deus,
430 2331 509 2368 etc.
535 2328 631 2368 Huc
662 2332 791 2369 testes
821 2328 1087 2383 producebat
1109 2341 1131 2370 6
1155 2326 1379 2382 discipulis
1411 2326 1499 2367 suis
1517 2325 1789 2380 potissimum
1807 2323 1941 2376 duos,
1967 2321 2200 2364 Rotolduin

92 2424 108 2440 »
131 2405 290 2447 scilicet
315 2405 616 2446 Ebroicensem
637 2406 904 2461 episcopum,
925 2412 1073 2461 postea
1093 2409 1470 2460 Rotomagensem3
1493 2410 1534 2446 61
1557 2404 1810 2458 magistrum
1830 2404 2007 2444 Ivoncm
2033 2402 2197 2443 Carno-

93 2504 108 2520 »
130 2488 317 2535 tensem,
348 2484 480 2525 alium
509 2485 599 2525 sine
626 2484 760 2526 dubio
790 2485 843 2526 ab
867 2485 1026 2527 illustri
1055 2478 1129 2527 illo
1151 2487 1282 2527 Ivone
1308 2485 1506 2539 episcopo
1527 2481 1790 2524 Carnotensi.
1819 2500 1834 2515 »
1858 2480 2065 2521 Existimo
2082 2478 2198 2520 hunc

87 2576 175 2606 6556
191 2564 446 2618 magistrum
468 2566 670 2617 Ivonem,
702 2566 958 2607 canonicum
989 2566 1231 2620 regularem
1260 2564 1439 2606 abbatiae
1464 2560 1816 2604 Sancti-Victoris
1843 2559 1959 2614 apud
1982 2558 2195 2610 Parisios,

88 2642 240 2686 deinde
257 2643 515 2686 cardinalem
535 2644 587 2685 ab
605 2646 856 2686 Innocentio
877 2646 919 2686 II
933 2650 1149 2699 creatum,
1171 2645 1225 2687 ad
1244 2657 1375 2700 quem
1391 2641 1599 2684 Bernardi
1616 2640 1794 2696 epistola
1816 2639 2045 2681 centesima
2065 2651 2199 2679 nona-

88 2723 246 2777 gesima
260 2724 398 2765 tertia.
418 2725 470 2765 In
485 2723 552 2765 his
574 2723 921 2766 altercationibus
935 2724 1135 2766 Pontifex
1152 2724 1288 2779 jubet,
1309 2722 1564 2778 praedictum
1582 2720 1743 2762 librum
1761 2719 1909 2761 afferri
1929 2717 1983 2760 ad
2001 2717 2199 2760 futurum

88 2801 329 2855 concilium,
361 2819 377 2837 «
401 2802 520 2858 quod
551 2802 700 2845 eodem
722 2815 833 2844 anno
865 2804 911 2844 in
943 2803 1114 2845 civitate
1147 2804 1381 2845 Remorum
1414 2801 1627 2845 celebrare
1658 2798 1927 2855 proponebat
1951 2813 1961 2839 ι
1989 2817 2004 2833 »
2029 2797 2200 2839 tametsi

90 2879 268 2922 dilatum
305 2885 369 2923 est
396 2882 441 2923 in
472 2881 713 2924 medianam
742 2881 1123 2937 Quadragesimam
1152 2883 1253 2924 anni
1286 2881 1551 2937 insequentis
1567 2911 1578 2933 ,
1603 2877 1677 2921 sed
1700 2879 1814 2920 intra
1834 2890 1971 2919 unum
1993 2888 2153 2918 annum
2175 2888 2199 2916 a

90 2964 301 3001 conventu
319 2960 562 3014 Parisiensi,
584 2973 714 3016 quem
732 2962 777 3003 10
795 2962 903 3003 festo
923 2962 1112 3017 paschali
1129 2961 1394 3017 praecedente
1416 2959 1614 3002 habitum
1633 2958 1834 3001 diximus.

148 3039 279 3080 LXII.
303 3040 519 3081 «Interim
555 3041 727 3082 missam
765 3040 820 3082 ab
848 3045 1022 3083 auctore
1054 3043 1366 3098 expositionem
1400 3042 1446 3083 in
1469 3041 1667 3083 Boetium
1697 3036 2002 3087 Godescalcus,
2021 3039 2125 3076 tunc
2153 3034 2198 3074 in

98 3135 114 3151 »
136 3117 597 3175 Monte-Sancti-Eligii
627 3132 763 3176 prope
802 3119 1026 3163 Atrebates
1059 3121 1213 3175 abbas,
1255 3119 1532 3176 postmodum
1565 3116 1757 3173 ejusdem
1790 3115 1910 3158 urbis
1947 3115 2194 3169 episcopuS,

99 3214 114 3230 »
137 3197 316 3252 Eugenii
337 3198 540 3242 mandato
559 3200 788 3254 examinat,
811 3205 853 3243 et
869 3213 921 3242 ex
940 3213 987 3243 ea
1010 3200 1197 3256 capitula
1219 3203 1415 3254 suspecta
1434 3198 1574 3251 elicit,
1597 3201 1726 3251 atque
1744 3208 1794 3237 ex
1812 3194 1934 3235 libris
1953 3196 2196 3234 sanctorum

139 3354 145 3371 ¹
167 3355 271 3394 Otto,
290 3355 333 3387 de
353 3356 446 3388 Frid.
467 3357 528 3389 lib.
551 3361 558 3388 1
576 3382 583 3398 ,
603 3368 703 3400 capp.
724 3363 781 3399 51,
802 3363 851 3391 522.
