2517 3936
58 218 154 257 1077

702 220 766 254 DE
795 219 1226 256 CONSIDERATIOMi
1256 221 1400 256 LIBER
1431 224 1472 255 V.

50 302 239 347 apparent
265 293 312 330 ad
333 293 674 331 commonitionem
704 295 935 332 mortalium.
969 293 1115 331 Inde⁴¹³
1131 297 1247 329 locum
1271 295 1512 332 habitationis
1530 300 1666 346 glorioe
1687 308 1763 338 law

2036 229 2131 265 1078

1834 303 1933 350 Quid
1962 305 1992 340 si
2020 313 2136 342 totam

52 365 107 394 est
141 354 333 400 fortassis,
364 353 469 403 quod
502 367 588 390 cum
623 354 663 390 in
693 356 906 405 Evangeliis
937 355 1059 403 legas,
1084 356 1112 388 A
1131 367 1169 390 se
1195 354 1347 403 colligat
1365 356 1513 402 anima,
1537 365 1573 392 et
1590 357 1757 395 reductis
1777 360 1974 399 affectibus
1998 378 2018 399 c
2045 378 2137 400 cun-

51 419 175 454 Eritnt
188 419 297 463 signa
317 416 354 450 in
372 417 448 450 sole
462 423 499 449 et
519 416 608 450 luna
628 423 664 450 et
679 418 794 451 stellis
806 444 817 460 ,
840 415 955 465 paulo
977 423 1063 464 post

51 475 168 514 habes
183 503 192 521 ,
228 477 327 511 Nam
361 479 519 511 virtutes
555 477 732 510 coelormn
772 475 1013 511 movebuntur
1029 481 1062 520 ¹3

52 537 91 574 111
110 535 293 574 nimirum
321 535 496 585 spiritus,
516 548 587 585 per
609 548 706 584 quos
727 535 833 584 signa
858 536 965 571 fiunt.
988 538 1062 571 Pu-

53 605 175 634 temus
199 599 410 632 potestates
436 594 654 644 superiores
679 594 761 631 istis
775 623 784 640 ,
806 607 969 643 quarum
985 593 1064 629 vir—

53 663 132 692 tute
150 662 319 705 potestas
341 652 588 690 tenebrarum
605 652 888 703 comprimitur,
907 659 945 687 et
960 663 1065 687 coer-

52 723 159 752 cetur
177 714 393 764 malignitas
423 713 519 750 aeris
541 711 679 762 hujus,
706 725 755 748 ne
774 719 962 761 quantum
982 710 1066 746 vult

52 783 208 822 noceat3
240 787 289 811 ne
324 773 550 823 malignari,
571 773 645 809 nisi
678 780 722 809 ut
750 771 897 821 prosit,
929 770 1063 820 possit.

31 839 34 846 '
52 838 235 873 Putemus
249 834 493 884 Principatus
508 833 567 870 his
579 846 736 883 quoque
756 832 934 882 praelatos
946 860 956 877 ,
972 844 1066 880 quo-

53 909 138 933 rum
159 894 423 932 moderamine
453 903 491 931 et
518 894 704 944 sapientia
735 892 861 929 omnis
886 891 925 927 in
955 891 1066 928 terris

52 955 292 1009 principatus
334 953 607 998 constituitur,
646 952 814 1002 regitur,
852 951 1063 997 limitatur,

53 1013 304 1058 transfertur,
334 1013 556 1059 mutilatur,
578 1020 761 1048 mutatur.
783 1015 966 1048 Putemus
986 1014 1067 1047 Do-

1131 414 1198 450 ctis
1232 415 1348 461 locis,
1384 415 1524 464 quibus
1555 417 1694 465 captivi
1732 426 1907 456 tenentur
1922 451 1931 467 ,
1968 423 2137 459 timendo

1131 486 1216 522 quae
1239 487 1314 509 non
1338 483 1514 524 oportet,
1535 475 1698 511 amando
1717 489 1800 525 quse
1818 491 1893 514 non
1918 480 2045 524 dccet,
2065 481 2136 517 ‹lo—

1130 534 1245 570 lendo
1274 548 1393 579 vane,
1425 535 1626 583 gaudendo
1658 537 1814 583 vanius,
1846 552 1930 574 cum
1958 540 2015 576 bis
2036 541 2137 577 ineat

1130 602 1210 630 tota
1235 594 1411 632 libertate
1436 596 1605 631 volatum
1621 625 1629 641 ,
1659 597 1783 645 pulset
1804 598 1948 646 impetu
1967 600 2134 648 spiritus,

1131 662 1169 690 et
1186 653 1223 689 in
1246 654 1481 703 pinguedine
1511 656 1640 705 gratiae
1665 656 1868 693 illabatur?
1889 662 2023 695 Nonne
2053 673 2137 695 cum

1132 715 1292 763 coeperit
1320 715 1480 752 circuire
1508 716 1650 753 lucidas
1683 718 1918 763 mansiones,
1950 727 1986 755 et
2017 719 2140 755 sinum

1131 774 1238 810 illum
1257 775 1369 811 etiam
1383 774 1545 812 Abrahae
1560 777 1746 813 curiosius
1759 778 2003 827 perscrutari,
2020 787 2056 814 ct
2071 779 2140 815 sub

1131 834 1266 879 altari,
1289 834 1558 884 quodcumque
1586 836 1680 872 illud
1710 838 1818 883 est*‚
1841 845 2050 886 martyrum
2076 851 2139 873 re-

1132 894 1254 931 visere
1274 896 1417 932 animas
1430 925 1439 942 ,
1464 896 1501 932 in
1522 896 1644 946 prima
1659 897 1755 933 stola
1771 897 1974 934 secundam
1996 898 2141 948 patien-

1134 954 1275 991 tissime
1293 964 1556 1005 exspectantes
1569 985 1578 1002 ,
1608 956 1729 993 multo
1747 957 1864 1006 magis
1881 966 1970 993 tunc
1987 955 2142 993 instabit

1132 1015 1294 1064 loquens
1309 1029 1394 1052 cum
1414 1016 1603 1065 propheta
1624 1030 1631 1052 :
1663 1017 1783 1052 Ullum
1797 1021 1894 1065 petii
1914 1031 1937 1051 (l
1956 1020 2115 1052 Domino
2130 1030 2141 1051 :

53 1074 282 1111 minationes
301 1073 398 1110 adeo
418 1073 566 1110 cunctis
588 1072 875 1123 supereminere
898 1071 1066 1121 praefatis
1086 1074 1113 1107 Β
1133 1077 1232 1112 lianc
1258 1081 1460 1125 requiram,
1484 1086 1522 1112 lit
1545 1077 1750 1113 inhabitem
1783 1082 1822 1113 in
1848 1080 1956 1113 domo
1988 1080 2142 1113 Domini

53 1133 254 1172 ordinibus
266 1162 276 1179 ,
300 1142 344 1171 ut
362 1142 537 1184 respectu
555 1134 693 1170 horum
717 1133 844 1170 caeteri
863 1132 1067 1169 videantur

53 1207 186 1233 omnes
203 1194 518 1231 administratorii
539 1194 715 1244 spiritus,
738 1202 775 1230 et
791 1193 838 1230 ad
852 1194 964 1240 istos,
987 1202 1069 1230 tan-

52 1268 167 1307 quam
187 1255 234 1292 ad
265 1255 463 1302 dominos,
489 1255 623 1292 referri
656 1255 843 1305 regimina
867 1254 1068 1304 Principa-

54 1324 161 1353 tuum
175 1345 185 1362 ,
212 1316 400 1352 tutamina
428 1319 667 1353 Potestatum
683 1343 694 1362 ,
716 1315 960 1366 operationes
980 1315 1068 1352 Vir-

54 1384 200 1422 tutum,
222 1375 478 1413 revelationes
499 1375 827 1425 Archangelorum
841 1403 851 1421 ,
881 1387 1009 1411 curam
1031 1381 1069 1410 et

52 1435 336 1487 providentiam
373 1436 623 1486 Angelorum.
669 1439 853 1474 Putemus
890 1435 1067 1472 Thronos

53 1496 129 1534 alto
158 1496 272 1533 etiam
304 1495 353 1533 ab
381 1495 440 1532 his
461 1496 631 1533 evolasse
661 1508 831 1541 recessu,
864 1496 996 1545 quiex
1020 1509 1066 1532 eo

54 1556 159 1606 quod
179 1555 334 1604 sedent,
350 1556 495 1593 Throni
513 1556 695 1594 dicuntur
706 1572 716 1603 3
738 1565 775 1593 et
791 1570 838 1593 ex
855 1569 901 1593 eo
913 1556 1064 1603 sedent,

53 1617 158 1669 quod
185 1617 293 1655 sedet
311 1617 352 1654 in
374 1617 428 1654 eis
444 1621 561 1655 Deus.
594 1621 727 1668 Neque
749 1618 850 1655 enim
875 1618 1009 1655 sedere
1028 1618 1068 1655 in

53 1678 131 1725 eis,
166 1678 233 1728 qui
263 1691 343 1715 non
377 1677 577 1725 sederent,
609 1687 751 1729 posset.
776 1678 925 1727 Quaeris
952 1677 1067 1727 quid³

53 1738 156 1776 illam
177 1739 339 1776 sentiam
362 1739 597 1776 sessionem?
628 1742 823 1777 Summam
851 1739 1070 1789 tranquilli-

54 1807 191 1847 tatem,
221 1799 515 1850 placidissimam
537 1799 780 1836 serenitatem
797 1828 806 1846 ,
828 1812 961 1849 pacem
985 1812 1070 1848 quae

1134 1136 1303 1172 omnibus
1323 1136 1449 1173 (liebus
1476 1142 1568 1173 vitoe
1587 1151 1700 1182 mc‘oe,
1720 1147 1757 1172 ut
1782 1139 1934 1173 videam
1958 1140 2139 1173 volunta-

1134 1206 1204 1233 tem
1225 1201 1400 1242 Domini,
1420 1213 1465 1234 uc
1486 1202 1632 1234 visitem
1653 1201 1827 1246 templum
1849 1200 1926 1244 ejus
1942 1198 1981 1233 4?
1998 1197 2139 1246 Quidni

1135 1257 1186 1294 ibi
1203 1258 1378 1295 videatur
1399 1272 1465 1295 eor
1484 1259 1584 1295 Dei?
1609 1258 1743 1307 quidni
1771 1257 1823 1294 ibi
1847 1257 2032 1308 probetur
2056 1271 2140 1307 (111εει

1135 1317 1182 1353 sit
1208 1318 1387 1354 voluntas
1416 1318 1486 1354 Dei
1514 1317 1634 1361 bona,
1654 1326 1691 1354 et
1713 1317 1966 1367 beneplacens
1981 1346 1990 1364 ,
2008 1326 2045 1354 et
2057 1330 2143 1367 per-

1136 1378 1261 1415 fecta?
1290 1382 1394 1414 Bona
1411 1378 1449 1414 in
1471 1391 1509 1414 se
1522 1407 1531 1424 ,
1552 1378 1707 1428 placens
1727 1378 1765 1414 in
1786 1377 2002 1422 effectibus,
2022 1377 2143 1414 bene-—

1133 1439 1288 1488 placens
1310 1437 1547 1484 fruentibus,
1572 1438 1740 1487 perfecta
1757 1437 1933 1487 perfectis
1947 1466 1955 1482 ,
1983 1446 2020 1473 et
2051 1437 2143 1473 nihil

1133 1500 1233 1536 ultra
1253 1498 1524 1549 quaerentibus.
1547 1502 1682 1535 Patent
1699 1498 1843 1535 viscera
1858 1497 2140 1542 misericordiae,

1134 1568 1267 1610 patent
1295 1559 1544 1609 cogitationes
1568 1559 1690 1608 pacis,
1720 1558 1861 1594 divitiae
1886 1557 2037 1601 salutis,
2059 1570 2143 1606 my—

1135 1621 1249 1657 steria
1274 1619 1386 1656 bonae
1416 1619 1656 1665 voluntatis,
1693 1617 1937 1666 benignitatis
1975 1629 2112 1652 arcana
2132 1645 2142 1662 ,

1135 1693 1221 1729 quae
1242 1680 1367 1715 clausa
1390 1677 1638 1723 mortalibus,
1672 1678 1782 1714 etiam
1810 1677 1899 1727 ipsis
1925 1676 2053 1713 electis
2077 1689 2143 1712 su-

1137 1748 1265 1790 specta
1295 1747 1394 1775 sunt.
1417 1738 1461 1775 Id
1483 1738 1637 1787 quidem
1659 1737 1876 1782 salubriter,
1902 1750 1949 1773 ne
1971 1736 2145 1772 desinant

1138 1801 1292 1846 timere,
1320 1799 1410 1836 dum
1432 1798 1593 1835 necdum
1613 1798 1725 1848 digne
1747 1810 1872 1834 amare
1893 1796 2019 1833 idonei
2037 1796 2145 1832 inve—

55 1868 261 1911 exsuperat
280 1871 435 1897 omnem
454 1859 705 1898 intellectum.
728 1860 827 1897 Talis
844 1868 900 1896 est
921 1859 987 1909 qui
1008 1873 1070 1896 se-
1091 1860 1117 1897 C
1140 1862 1312 1898 niuntur.

56 1919 121 1957 det
138 1921 178 1958 in
194 1920 360 1958 Thronis
378 1921 568 1958 Dominus
588 1919 749 1957 sabaoth
761 1920 962 1970 ,judicans
982 1934 1070 1957 om—

56 1980 118 2018 nia
147 1994 235 2018 cum
259 1981 558 2030 tranquillitate,
579 1981 883 2031 placidissimus,
907 1981 1071 2018 serenis—

57 2041 174 2078 simus
197 2071 207 2088 ,
237 2041 514 2091 pacatissimus.
553 2044 602 2078 Et
637 2041 728 2078 tales
762 2041 835 2078 sibi
873 2042 1072 2079 constituit

57 2101 257 2149 Thronos,
291 2101 506 2138 simillimos
541 2100 623 2138 sibi.
658 2106 842 2139 Putemus
876 2102 1072 2140 Cherubin

58 2174 104 2199 ex
127 2162 213 2213 ipso
233 2161 430 2212 sapientiae
456 2161 562 2198 fonte
592 2175 658 2198 ore
688 2161 872 2199 Altissimi
892 2161 1074 2198 haurien—

59 2230 130 2266 tes,
151 2230 190 2258 et
218 2221 470 2258 refundentes
501 2221 648 2258 fluenta
680 2222 849 2259 scientiae
884 2222 1074 2259 universis

59 2281 204 2320 civibus
219 2282 308 2319 suis.
334 2285 383 2320 Et
400 2281 490 2319 vide
520 2295 568 2319 ne
596 2283 626 2319 is
647 2283 721 2328 sit,
747 2296 862 2332 quem
884 2282 1075 2333 propheta

32 2387 40 2395 Ι
59 2342 312 2393 loquebatur,
337 2342 509 2379 fluminis
532 2343 697 2393 impetus
725 2343 922 2380 laetificans
942 2343 1075 2379 eivita-

60 2410 135 2439 tem
169 2403 279 2440 Dei2.
316 2406 498 2440 Putemus
529 2404 716 2454 Seraphin
731 2433 740 2449 ,
775 2403 932 2453 spiritus
970 2411 1070 2439 totos

60 2462 190 2500 divino
207 2463 294 2513 igne
316 2476 539 2509 succensos,
561 2462 794 2501 succendere
812 2463 1010 2509 universa,
1028 2470 1070 2499 ut

61 2523 198 2573 singuli
218 2523 321 2561 cives
350 2523 510 2573 singulae
539 2524 614 2560 sint
642 2524 808 2561 lucernae
830 2522 1007 2560 ardentes
1033 2531 1069 2559 et

61 2585 250 2632 lucentes;
286 2584 464 2622 ardentes
499 2585 706 2631 charitate,
738 2585 910 2622 lucentes
940 2584 1073 2634 cogni-

62 2644 178 2684 tione.

114 2706 151 2743 9.
172 2709 204 2745 O
221 2707 388 2757 Eugeni,
410 2720 526 2757 quam
546 2705 695 2743 bonum
720 2714 778 2743 est
800 2719 872 2743 nos
893 2706 955 2742 hic
972 2708 1074 2742 esse!

63 2779 177 2816 quam
195 2767 277 2803 fore
291 2767 447 2814 melius,
469 2767 499 2804 si
521 2766 677 2817 quando
696 2775 822 2803 tamen
843 2767 915 2803 toti
934 2779 1078 2815 sequa-

64 2839 150 2863 mur
174 2841 252 2877 quo
282 2841 331 2865 ex
361 2836 470 2878 parte
502 2828 788 2878 praecessimus!
821 2827 1077 2864 Praecedimus

65 2886 213 2934 animo,
234 2896 272 2924 et
289 2901 338 2924 ne
365 2888 449 2938 ipso
474 2887 630 2937 quidem
654 2896 733 2924 toto
748 2916 757 2933 ,
778 2887 844 2924 sed
865 2896 973 2939 parte
992 2900 1076 2924 mo—

66 2946 148 2984 dica
165 2947 288 2984 nimis.
311 2948 482 2986 Affectus
497 2947 627 2998 jacent
644 2948 746 2985 mole
762 2962 949 2998 corporea
971 2961 1072 2998 prae-

10 2990 11 3002 i

11 3058 13 3065 χ
66 3007 231 3059 gravati,
253 3018 292 3046 et
311 3009 393 3046 luto
419 3008 654 3052 haerentibus
678 3008 893 3053 desideriis,
918 3008 996 3045 sola
1016 3007 1075 3043 in-

12 3092 13 3100 1
67 3071 175 3109 terim
190 3069 296 3107 arida
319 3078 356 3106 et
377 3069 501 3106 tenuis
528 3069 785 3106 consideratio
809 3068 1006 3118 praevolat.
1029 3071 1075 3104 Et

68 3137 192 3167 tamen
212 3143 260 3167 ex
275 3130 422 3167 tantillo
440 3129 546 3180 quod
567 3129 648 3179 jam
667 3129 780 3166 datur
795 3158 804 3175 ,
835 3128 928 3165 libet
949 3128 1074 3164 excla-

14 3237 15 3245 1
69 3203 170 3229 mare
191 3205 199 3227 ε
223 3193 405 3235 Domine,
428 3193 548 3226 dilexi
567 3192 736 3226 decorem
769 3192 899 3225 dormis
924 3198 1019 3232 ταῶ),
1043 3196 1078 3222 et

117 3330 125 3344 ¹
146 3327 219 3354 Luc.
234 3334 312 3360 xm,
331 3326 387 3359 25,
406 3326 461 3353 26.
478 3342 522 3345 —
541 3327 552 3343 ²
568 3322 649 3354 Psal.
671 3326 856 3354 x1.v,5.-⁴
875 3318 888 3342 3
902 3320 983 3350 Psal.
1001 3330 1079 3352 xxv,
1099 3321 1129 3349 8.

115 3386 127 3399 ³
147 3383 250 3420 Alias,
270 3393 376 3427 quam.

1196 1923 1255 1959 10.
1275 1926 1439 1959 Cernere
1457 1928 1513 1957 est
1527 1920 1567 1956 in
1583 1919 1641 1955 his
1660 1918 1726 1967 qui
1742 1916 1926 1966 Seraphin
1947 1916 2146 1965 appellan-

1139 1992 1224 2029 tur,
1252 1982 1449 2033 quomodo
1467 1989 1567 2018 amet
1581 1978 1763 2030 quiunde
1785 1986 1885 2014 amet
1906 1990 1982 2013 non
2008 1974 2145 2020 habet,

1139 2044 1204 2081 sed
1226 2052 1282 2080 est
1304 2051 1342 2080 et
1373 2042 1438 2092 qui
1469 2042 1562 2078 nihil
1592 2040 1730 2076 horum
1765 2051 1850 2088 quae
1881 2037 2011 2073 fecerit
2040 2034 2143 2071 odit:

1140 2118 1238 2154 quos
1267 2102 1468 2140 salvandos
1502 2101 1610 2146 fecit,
1646 2098 1841 2149 quomodo
1870 2098 2017 2142 foveat,
2051 2107 2148 2144 quo-

1140 2164 1257 2201 modo
1272 2163 1476 2214 provehat,
1495 2159 1692 2210 quomodo
1709 2158 1960 2207 amplexetur,
1984 2166 2148 2205 quomo-

1141 2225 1190 2261 do
1221 2224 1358 2261 delicta
1385 2223 1513 2259 electae
1538 2218 1792 2270 juventutis*,
1818 2225 1855 2253 et
1885 2216 2012 2266 paleas
2039 2214 2148 2263 igno—

1141 2285 1353 2321 rantiarum
1395 2281 1477 2331 ejus
1509 2281 1603 2330 ignis
1641 2279 1703 2315 ille
1742 2288 1993 2320 consumens,
2028 2274 2148 2323 ipsam

1140 2345 1449 2395 purgatissimam
1480 2350 1515 2378 et
1540 2354 1610 2377 suo
1631 2351 1761 2375 amore
1789 2336 2047 2386 dignissimam
2067 2331 2151 2369 red-

1139 2405 1215 2442 dat.
1253 2408 1417 2442 Cernere
1451 2410 1507 2438 est
1536 2401 1574 2436 in
1613 2396 1831 2441 Cherubin,
1855 2395 1921 2445 qui
1948 2391 2148 2444 plenitudo

1138 2466 1305 2503 scientiae
1322 2464 1523 2507 dicuntur,
1544 2464 1667 2498 Deum
1688 2457 1929 2495 scientiarum
1947 2454 2144 2490 dominum

1140 2540 1220 2564 esse
1233 2556 1242 2572 ,
1273 2525 1338 2575 qui
1357 2524 1458 2561 solus
1479 2522 1596 2559 solam
1625 2518 1766 2556 nesciat
1786 2514 2039 2566 ignorantiam
2052 2541 2061 2557 ,
2082 2511 2148 2560 qui

1141 2594 1244 2622 totus
1261 2585 1307 2620 sit
1324 2584 1408 2627 lux,
1430 2589 1467 2618 et
1496 2578 1663 2616 tenebrae
1691 2577 1730 2613 in
1758 2589 1803 2612 eo
1835 2587 1912 2610 non
1942 2573 2016 2609 sint
2035 2571 2148 2615 ullae;

1092 2647 1125 2681 D
1144 2653 1245 2681 totus
1265 2644 1312 2680 sit
1330 2642 1462 2679 oculus
1478 2669 1486 2684 ,
1516 2648 1553 2675 et
1573 2638 1638 2687 qui
1659 2635 1814 2672 minime
1833 2631 2037 2682 aliquando
2058 2628 2151 2665 111111-1

1145 2714 1227 2750 tur,
1250 2704 1338 2753 quia
1374 2701 1528 2738 minime
1561 2697 1773 2741 clauditur,
1794 2693 1859 2743 qui
1879 2701 1987 2729 extra
2007 2703 2045 2726 se
2069 2701 2150 2726 non

1144 2773 1289 2815 quaerat
1310 2765 1438 2800 lumen
1451 2793 1459 2806 ,
1489 2760 1549 2796 cui
1569 2759 1818 2796 admoveatur
1842 2762 1883 2790 ut
1902 2752 2046 2797 videat,
2067 2750 2148 2799 ipse

1144 2827 1209 2876 qui
1227 2825 1330 2861 videt
1345 2853 1353 2869 ,
1373 2824 1452 2873 ipse
1469 2820 1570 2858 unde
1586 2818 1699 2854 videt.
1722 2819 1884 2854 Cernere
1902 2813 2010 2849 estin
2029 2812 2151 2876 Thro-,

1143 2887 1223 2930 nis,
1247 2897 1359 2934 quam
1381 2895 1458 2918 non
1479 2887 1675 2929 suspectus
1699 2875 1803 2913 omni
1830 2871 2059 2911 innocentiae
2083 2883 2150 2919 Ju-

1143 2946 1216 2982 dex
1237 2944 1363 2982 sedeat
1382 2943 1419 2979 in
1441 2941 1497 2977 his
1510 2970 1519 2986 ,
1538 2939 1604 2989 qui
1625 2934 1901 2975 circumvenire
1922 2933 2019 2969 nolit
2032 2960 2042 2978 ,
2072 2930 2150 2967 cir—

1142 3005 1352 3044 cumveniri
1370 3016 1447 3040 non
1468 3003 1609 3051 possit,
1634 2998 1778 3049 quippe
1797 2996 1848 3032 sic
1869 3006 2020 3039 amans,
2041 2999 2079 3028 et
2098 2989 2152 3026 sic

1141 3066 1287 3102 videns.
1306 3067 1382 3101 'Nec
1409 3070 1517 3098 vacat
1541 3059 1656 3097 sessio
1676 3074 1683 3095 :
1704 3053 1987 3105 tranquillitatis
2006 3051 2151 3099 insigne

1143 3134 1210 3162 est.
1231 3128 1286 3161 De
1302 3124 1411 3159 vultu
1436 3121 1500 3158 tali
1514 3120 1702 3170 judicium
1719 3129 1845 3154 meum
1862 3113 2022 3165 prodeat
2035 3117 2127 3159 opto
2139 3136 2149 3154 ,

1144 3185 1204 3221 cui
1225 3183 1314 3220 insit
1335 3196 1454 3227 amor,
1478 3194 1586 3218 error
1600 3179 1718 3225 absit,
1734 3177 1832 3215 absit
1845 3183 1882 3212 et
1898 3168 2147 3224 perturbatio.

1186 3335 1189 3337 -
1207 3315 1220 3340 ’ί
1237 3315 1316 3346 Psal.
1335 3325 1411 3345 xxv]
1428 3339 1434 3348 ,
1455 3317 1483 3344 4.
