2565 3952
8 221 24 449 „Qu—2

19 824 25 846 -
20 760 27 787 -ν
15 481 30 725 «arv-⁴2

90 120 163 158 445

1012 118 1276 154 EPISTOLAE.

88 210 171 235 cum
190 208 270 232 esse
290 210 297 231 :
324 194 389 232 sed
411 208 532 241 nunc,
554 203 596 231 ut
616 195 760 241 sentio,
783 207 944 246 prorsus
963 194 1012 232 ad
1044 194 1104 231 ni-
1114 194 1146 212 ²⁰

2119 125 2196 163 446

1155 195 1250 246 'pro
1283 208 1344 232 me
1376 195 1534 246 scripsi,
1564 196 1594 232 si
1622 195 1722 233 bene
1745 197 1913 234 memini.
1936 199 2010 236 Sed
2031 214 2078 237 ne
2105 204 2197 251 quid

87 259 203 296 hilum
235 256 412 293 redactus
444 269 550 303 sum,
583 256 674 293 dum
709 256 865 293 nescivi.
896 259 974 293 Nec
1006 256 1299 294 enimAnimis.
1325 256 1457 303 Dabo,
1489 257 1520 293 si
1551 265 1710 307 potero,
1746 258 1828 294 zelo
1862 272 1949 295 meo
1979 260 2026 296 de
2059 270 2198 299 ceetero

87 332 145 357 me
176 317 337 354 dixerim
368 318 527 353 omnino
552 317 714 354 nihilum
737 326 827 354 tunc
858 317 992 363 fuisse,
1017 331 1104 354 cum

86 379 186 418 oculi
207 378 354 415 domini
376 378 451 415 mei
484 391 600 428 super
628 391 793 428 puerum
817 391 930 415 suum
952 386 1102 424 0550111,

86 449 122 479 et
140 452 249 477 aures
270 438 354 488 ejus
375 439 421 475 ad
442 452 576 489 preces
600 453 702 476 meas
726 454 734 476 :
755 453 841 476 cum
863 453 978 476 omne
999 439 1105 490 quod

85 499 305 545 scriberem,
327 499 452 536 obviis
482 499 660 537 manibus
687 500 915 550 accepisset,
938 509 975 536 et
993 501 1105 537 vultu

83 560 191 599 hilari
203 559 446 610 perlegisset,
461 559 735 609 benignissime
751 569 866 610 atque
883 560 1105 610 plenissime

83 621 129 660 ad
160 620 291 658 omnia
321 620 516 670 postulata
546 620 800 670 respondens.
824 620 942 658 Modo
974 629 1102 658 autem

83 696 142 721 me
164 681 301 719 merito
322 694 401 717 non
435 681 631 718 modicum
665 681 770 727 dico,
805 681 872 718 sed
905 682 1067 719 nihilum
1094 698 1101 719 :

83 744 263 796 quoniam
281 743 329 781 ab
344 743 427 780 heri
449 751 487 780 et
506 743 788 781 nudiustertius
808 745 946 780 avertit
967 744 1101 781 faciem

83 817 186 843 suam
207 817 229 841 a
253 817 325 840 me.
357 806 434 841 Cur
466 803 566 840 hoc?
598 803 692 853 quid
723 804 908 855 peccavi?
936 805 1102 841 Multum

82 866 215 911 fateor,
246 865 276 901 si
307 864 473 914 pecunia
493 863 696 901 cardinalis
724 865 855 902 lvonis
883 864 997 902 bonae
1018 879 1103 903 me-

82 926 238 964 moriae³
261 938 348 962 meo
371 924 531 962 arbitrio
555 924 761 975 distributa
783 926 872 972 suit,
895 935 934 963 et
958 940 1035 964 non
1057 927 1104 964 ad

81 993 214 1023 nutum
248 985 372 1035 ipsius
397 985 535 1035 :quod
567 986 701 1036 utique
733 986 781 1023 ad
813 1000 924 1024 aures
957 987 1105 1025 domini

81 1044 153 1083 mei
190 1045 306 1082 fuisse
341 1046 556 1096 perlatum,
591 1047 686 1083 mihi
727 1048 889 1084 relatum
922 1057 990 1085 est.
1031 1049 1104 1087 Sed

80 1105 232 1143 confido
252 1106 343 1156 quia
366 1119 472 1144 nunc
505 1106 620 1157 hujus
642 1107 697 1145 rei
720 1109 922 1145 veritatem
957 1123 1104 1160 cogno-

31 1190 33 1195 ·
80 1166 208 1213 scetis,
244 1176 283 1204 et
312 1167 456 1204 'veritas
485 1166 666 1205 liberabit
699 1182 772 1205 me.
795 1173 880 1206 Non
912 1183 997 1206 511111
1026 1179 1103 1207 tam

6 1979 39 2193 .--χ-ὀ
20 1548 41 1937 ,χυ-ὼψσέἱἿ*

79 1226 212 1274 hebes,
234 1236 278 1264 ut
302 1228 478 1278 ignorem
500 1229 679 1265 Ecclesiae
701 1242 804 1275 esse,
829 1229 1020 1280 quidquid
1041 1231 1104 1268 ille

78 1301 203 1327 rerum
225 1302 383 1325 suarum
404 1301 482 1325 non
508 1288 675 1326 dederit.

131 1349 166 1387 2.
197 1349 271 1387 Sed
297 1349 377 1399 jam
413 1349 543 1386 audite
576 1350 805 1401 simpliciter
829 1351 1042 1388 veritatem.
1066 1352 1102 1390 Si

76 1410 275 1448 inventum
294 1410 408 1447 fuerit
427 1410 467 1447 in
491 1424 559 1448 ore
580 1425 667 1448 meo
689 1411 955 1457 mendacium,
976 1412 1103 1462 ipsum

80 1484 120 1509 os
139 1484 266 1508 meum
287 1470 566 1509 condemnabit
582 1485 657 1509 me.
676 1472 841 1521 Quando
858 1472 977 1509 homo
999 1473 1105 1510 exuit

77 1531 289 1579 hominem,
311 1530 450 1569 absens
471 1545 576 1569 eram
590 1561 600 1579 ,
624 1532 704 1569 imo
726 1541 764 1570 et
783 1532 895 1570 valde
918 1542 1102 1571 remotus.

76 1591 213 1632 Audivi
235 1601 363 1629 autem
387 1591 435 1629 ab
464 1593 523 1630 his
552 1593 620 1644 qui
642 1594 861 1640 affuerunt,
887 1594 993 1644 quod
1023 1595 1105 1645 ipse

80 1653 210 1692 iecerit
228 1667 340 1690 suum
362 1662 657 1701 testamentum,
676 1663 714 1692 et
744 1654 850 1705 quod
881 1655 994 1701 fecit,
1017 1655 1107 1692 fecit

81 1723 116 1753 et
133 1714 275 1752 scribi:
299 1723 337 1752 et
357 1715 405 1752 de
431 1715 546 1754 rebus
575 1716 653 1754 suis
684 1730 771 1767 quae
797 1717 942 1764 voluit,
966 1716 1106 1767 quibus

1174 325 1523 367 temperamentum
1538 347 1547 364 ,
1571 317 1766 354 scientiam
1784 333 1792 364 ;
1815 327 1852 354 et
1872 332 2015 368 ponam
2038 320 2197 371 digitum

1174 391 1302 415 meum
1322 392 1440 428 super
1457 392 1499 415 os
1517 392 1658 415 meum.
1679 378 1932 416 Tolerabilius
1951 381 2052 416 enim
2074 382 2198 419 offen-

1174 438 1261 475 dam
1292 432 1442 488 aliquos
1467 439 1700 483 amicorum,
1730 453 1844 489 quam
1867 440 1997 477 multis
2017 441 2198 491 precibus

1174 499 1378 549 defatigem
1411 499 1596 536 christum
1624 500 1794 536 Domini.
1826 503 1874 536 Et
1907 514 2011 537 nunc
2042 516 2198 552 quoque

1171 574 1251 597 non
1269 574 1353 597 sum
1380 573 1496 597 ausus
1516 559 1683 597 scribere
1704 559 1812 597 vobis
1833 560 1881 597 de
1907 561 2199 600 imminentibus

1172 622 1350 659 Ecclesiae
1387 622 1589 672 periculis,
1637 630 1675 658 et
1711 622 1818 671 gravi
1854 622 2058 659 schismate
2092 625 2197 673 quod

1171 683 1370 728 timemus,
1400 695 1444 718 ac
1472 682 1650 732 plurimis
1682 696 1768 732 quae
1794 682 2028 719 sustinemus
2047 684 2197 720 incom-

1171 742 1307 779 modis.
1344 742 1487 792 Scripsi
1518 751 1647 779 autem
1676 743 1816 780 sanctis
1846 743 2038 794 episcopis
2066 754 2196 783 vestro

1171 804 1283 841 lateri
1310 803 1597 841 adhaerentibus
1620 818 1627 841 τ
1649 803 1697 840 ab
1719 805 1812 855 ipsis
1833 805 1966 841 audire
1993 807 2168 856 poteritis
2184 836 2192 852 ,

1173 865 1203 901 si
1223 865 1318 902 scire
1338 864 1546 914 placuerit,
1568 878 1654 914 quae
1675 866 1892 916 scripserim
1915 879 1997 916 ego.

1123 981 1199 1017 Β.Λ
1204 1007 2198 1019 ..........................................................

1328 1118 1716 1176 EPISTOLA
1751 1108 2045 1175 CCXIX.¹’

1171 1294 1220 1316 AD
1242 1281 1361 1317 TRES*
1392 1292 1595 1317 EPISCOPOS
1627 1292 1769 1322 CERIAE,
1800 1292 2019 1317 ALBERICUM
2041 1293 2198 1317 OSTIEN—

1227 1353 1297 1376 SEM
1315 1369 1324 1386 7
1369 1353 1591 1376 STEPHANEM
1637 1351 1910 1374 PRAENESTINL‘M
1938 1339 1968 1383 *9
2018 1353 2199 1377 IGMARUM

1226 1413 1474 1437 TCSCL‘LANUM
1487 1399 1516 1447 *‚
1544 1413 1590 1435 ET
1610 1412 1819 1435 GERARDL‘M
1842 1411 2142 1437 CANCELIARIL'M.

1173 1533 1235 1563 Pro
1260 1530 1427 1562 interdicto
1447 1529 1536 1572 quod
1564 1535 1631 1561 erat
1665 1529 1698 1560 in
1720 1535 1802 1560 terra
1819 1529 1914 1571 Regis
1938 1536 2068 1573 propter
2086 1531 2202 1563 archie-

1474 1585 1641 1628 piscopum
1657 1584 1896 1616 Bituricensem.

1232 1717 1264 1753 l.
1296 1718 1492 1764 Quantum
1523 1714 1668 1750 malum
1689 1713 1852 1750 schisma
1877 1713 1915 1749 in
1937 1714 2105 1750 Ecclesia
2126 1715 2195 1760 sit,

78 1776 217 1824 voluit,
238 1777 320 1828 ipse
341 1776 472 1814 divisit
494 1793 502 1815 :
524 1777 633 1829 quod
654 1778 852 1815 residuum
884 1778 972 1825 fuit,
1001 1778 1100 1815 duo-
1123 1785 1150 1820 C
1173 1785 1211 1814 et
1234 1790 1350 1826 quam
1380 1775 1429 1812 sit
1451 1774 1742 1821 detestandum,
1773 1782 1811 1810 et
1834 1773 2067 1810 omnimodis
2089 1774 2199 1811 devi-

79 1835 146 1875 bus
165 1836 369 1875 abbatibus
389 1838 655 1876 assistentibus
690 1847 782 1877 tunc
813 1838 906 1886 sibi,
939 1848 978 1876 et
1009 1840 1103 1878 mihi

78 1898 218 1948 pariter
230 1899 297 1949 qui
313 1898 450 1936 absens
468 1912 571 1936 eram
584 1929 594 1947 ,
612 1899 866 1937 diw'dendum
888 1901 1099 1949 commisit3

79 1972 122 1997 eo
139 1960 243 2010 quod
265 1960 378 1998 nobis
399 1969 490 1998 nota
511 1970 639 1998 essent
658 1962 742 1999 loca
760 1962 994 2012 pauperiora
1014 1976 1098 2000 san-

79 2028 236 2058 ctorum.
271 2025 394 2059 Porro
416 2021 575 2059 abbates
607 2023 664 2059 illi
691 2022 851 2059 domum
873 2023 1094 2070 venientes,

80 2088 212 2118 etnon
246 2081 490 2119 invenientes
527 2095 588 2118 me
623 2081 840 2133 (detinebar
871 2082 973 2119 enim
1007 2091 1098 2120 tunc

80 2141 257 2192 temporis
293 2155 339 2179 ex
371 2150 502 2179 vestro
530 2142 713 2180 mandato
742 2143 846 2193 pacis
877 2142 1097 2193 quaerendae

32 2222 40 2246 ;
79 2202 263 2255 negotiis),
280 2204 532 2241 nihilominus
544 2205 749 2255 pecuniam
761 2235 770 2251 ,
789 2205 886 2242 sicut
901 2205 954 2242 eis
970 2205 1095 2242 visum

79 2273 147 2313 est,
166 2266 398 2313 diviserunt,
420 2280 480 2304 me
499 2280 577 2304 non
599 2267 724 2304 solum
743 2281 823 2304 non
846 2268 1094 2313 connivente,

44 2347 45 2354 1
81 2323 141 2363 sed
166 2334 204 2363 et
234 2328 431 2365 nesciente
460 2327 556 2378 quid
589 2328 761 2365 fecerint.
793 2327 913 2366 Cedat
939 2327 1044 2377 jam,
1067 2329 1097 2365 si

32 2400 35 2422 ;
78 2385 216 2436 placet,
241 2388 452 2425 manifestae
471 2388 689 2438 indignatio
709 2389 886 2436 veritati,
909 2402 979 2425 nec
1006 2389 1098 2426 mihi

30 2462 41 2484 :1
79 2445 251 2500 deinceps
278 2449 386 2486 frons
415 2458 586 2499 rugetur,
611 2458 678 2487 aut
701 2450 954 2500 supercilium
975 2449 1098 2501 depo-

36 2524 39 2529 ·
79 2516 186 2546 natur
213 2524 222 2548 ε

254 2510 323 2547 sed
358 2510 472 2548 solita
502 2510 636 2548 redeat
665 2511 851 2548 serenitas
883 2510 1028 2548 blando
1061 2520 1100 2548 et

1172 1838 1352 1884 tandum,
1385 1835 1586 1874 evidenter
1617 1835 1815 1885 quondam
1851 1834 2022 1871 ostendit
2056 1835 2201 1872 famosa

1169 1906 1206 1933 et
1236 1895 1431 1933 horrenda
1463 1908 1570 1932 mors
1604 1895 1778 1931 virorum
1810 1894 1988 1940 illorum,
2019 1908 2116 1944 quos
2150 1894 2200 1932 ob

1166 1956 1385 1994 istiusmodi
1406 1964 1554 2006 pestem
1576 1964 1678 1992 terra
1695 1955 1926 2004 deglutiens,
1942 1955 2052 1991 vivos
2074 1964 2199 1992 trans-

1166 2019 1269 2055 misit
1298 2018 1345 2055 ad
1379 2018 1536 2054 inferos.
1571 2015 1750 2055 Ostendit
1795 2025 1832 2052 et
1877 2015 1943 2052 illa
1978 2016 2197 2066 persecutio

1166 2079 1397 2118 Guibertina
1410 2080 1440 2126 *,
1463 2078 1543 2115 sive
1570 2077 1733 2115 Burdini
1761 2077 1973 2122 temeritas,
1997 2090 2095 2127 quos
2116 2090 2190 2113 no-

1165 2150 1243 2178 stra
1270 2140 1350 2190 jam
1381 2149 1558 2190 tempora
1586 2147 1747 2188 experta
1773 2146 1884 2184 sunt,
1907 2137 2008 2174 inter
2030 2151 2190 2187 regnum

1164 2212 1203 2240 et
1233 2202 1489 2240 sacerdotium
1513 2200 1728 2236 dividentes
1756 2199 1867 2249 plaga
1899 2212 1999 2249 pene
2033 2199 2192 2235 incura-

1163 2262 1250 2308 bili,
1272 2271 1310 2299 et
1331 2261 1577 2311 castigatione
1599 2259 1759 2297 crudeli.
1777 2259 1955 2297 Ostendit
1971 2268 2009 2296 et
2025 2260 2088 2296 illa
2105 2273 2192 2309 quae

1164 2337 1291 2374 nuper
1312 2323 1437 2360 adhuc
1459 2330 1548 2372 post
1576 2322 1737 2358 multam
1769 2329 1807 2358 et
1838 2321 2085 2358 multifariam
2117 2324 2191 2358 Ec—

1167 2386 1290 2423 clesiae
1310 2384 1556 2422 vexationem
1578 2392 1616 2420 et
1632 2383 1886 2420 vastationem
1899 2412 1908 2428 ,
1928 2382 2083 2419 tandem
2110 2386 2191 2420 Deo

1166 2449 1372 2485 miserante
1397 2446 1513 2482 finem
1535 2444 1684 2495 accepit
1713 2443 1840 2480 rabies
1869 2444 2043 2480 Leonina
2058 2451 2084 2478 ς.
2104 2447 2190 2480 Me-

1166 2509 1241 2545 rito
1255 2507 1422 2558 proinde
1439 2506 1614 2545 Salvator
1625 2506 1664 2542 in
1682 2505 1891 2554 Evangelio
1909 2519 1916 2540 ;
1940 2507 2026 2548 Voe,
2043 2504 2190 2554 inquit,

32 2598 34 2603 .
78 2566 238 2621 benigno
266 2571 412 2618 vultui,
433 2584 476 2608 ac
507 2584 577 2609 suo
611 2571 740 2609 denuo
770 2572 851 2609 sole
877 2572 963 2609 laeta
985 2571 1314 2614 facielezomini
1342 2571 1401 2605 illi
1425 2581 1501 2616 per
1535 2581 1643 2616 quem
1679 2568 1905 2602 scandalum
1938 2567 2094 2601 veniv!
2128 2568 2193 2602 Vae

79 2629 264 2669 induatur.
552 2668 556 2669 ⁷

129 2692 164 2730 3.
191 2696 288 2731 Nam
319 2693 426 2744 quod
448 2694 540 2732 item
571 2696 746 2746 comperi
776 2695 1016 2745 displicuisse
1037 2708 1097 2732 me

80 2749 118 2787 in
147 2753 271 2791 multis
303 2754 652 2804 scriptitationibus
680 2756 795 2802 meis,
825 2755 899 2792 hoc
933 2768 994 2792 me
1016 2754 1098 2805 jam

80 2820 243 2851 metuere
271 2829 352 2852 non
375 2815 574 2867 oportebit
595 2831 602 2853 :
627 2817 814 2866 quoniam
834 2816 944 2853 facile
965 2830 1098 2854 emen-

81 2870 186 2911 dabo.
206 2875 311 2922 Scio,
335 2877 434 2924 scio,
460 2878 690 2928 praesumpsi
720 2878 808 2928 plus
835 2890 950 2927 quam
979 2891 1098 2928 opor—

40 2966 41 2969 ,
63 2932 165 2981 ;tuit,
183 2945 321 2985 parum
342 2937 545 2975 attendens
562 2939 649 2989 quis
666 2939 729 2976 cui
755 2938 973 2990 scriptitare
994 2952 1099 2989 prae-

40 3018 50 3027 .,
80 3005 291 3034 sumerem:
313 3006 352 3035 et
382 2997 431 3035 ad
457 2997 496 3035 id
530 2999 687 3049 quidem
716 2999 941 3036 audendum
970 3008 1099 3039 yestra

64 3063 138 3091 'me
156 3067 322 3095 armarat
339 3057 576 3109 benignitas,
597 3073 677 3097 non
698 3060 900 3111 negabitis.
926 3060 1100 3111 L'rgebat

81 3111 213 3154 deinde
244 3118 406 3157 charitas
439 3120 653 3158 amicorum
690 3137 698 3159 :
729 3121 872 3158 etenim
904 3134 1100 3172 perpauca

1165 2630 1280 2668 nobis
1303 2630 1370 2680 qui
1397 2629 1581 2675 vivimus,
1609 2628 1792 2678 plangere
1822 2639 1907 2676 quae
1934 2625 2188 2676 pertulimus,

1167 2691 1300 2728 dolere
1333 2703 1420 2740 quae
1452 2690 1656 2735 sentimus,
1689 2696 1853 2724 tremere
1883 2699 1968 2736 quae
1991 2694 2193 2735 exspecta-

1167 2754 1273 2789 mus!
1297 2755 1364 2798 Et,
1387 2750 1494 2801 quod
1513 2749 1625 2800 pejus
1647 2757 1723 2796 est,
1746 2748 1794 2785 ad
1814 2756 1890 2785 tam
1913 2747 2057 2783 malum
2081 2745 2193 2783 habi-

1168 2822 1249 2850 tum
1266 2813 1444 2850 humanae
1466 2824 1526 2849 res
1547 2811 1810 2856 devenerunt,
1832 2817 1875 2846 ut
1895 2821 1966 2845 nec
1986 2808 2041 2844 rei
2062 2807 2193 2844 humi-

1166 2874 1251 2911 liari
1293 2874 1432 2919 velint,
1479 2885 1549 2909 nec
1590 2871 1744 2921 judices
1790 2869 1975 2907 misereri.
2023 2868 2195 2905 Dicimus

1165 2936 1327 2986 iniquis,
1352 2937 1480 2971 Nolite
1501 2938 1634 2981 inique
1655 2945 1790 2982 agere,-
1813 2941 1850 2967 ec
1869 2928 2193 2978 delinquentibus,

1166 2999 1291 3033 Nolite
1314 2998 1489 3032 exaltare
1521 2999 1685 3039 cornu23
1720 3001 1758 3029 et
1790 3005 1871 3029 non
1903 2990 2068 3028 audiunt
2099 3003 2193 3035 nos,

1166 3060 1255 3109 quia
1276 3058 1414 3095 domus
1441 3068 1674 3106 exasperans
1699 3063 1756 3091 est
1772 3052 1797 3090 3.
1820 3052 2090 3103 Supplicamus
2111 3051 2191 3096 his,

1166 3132 1335 3170 quorum
1350 3126 1406 3155 est
1420 3125 1578 3168 peccata
1594 3127 1775 3166 arguere,
1798 3120 2001 3164 peccantes
2019 3122 2192 3155 servare,

129 3252 138 3268 ¹
152 3249 268 3282 Matth.
286 3262 373 3282 xvxu
385 3277 393 3290 ‚
414 3255 447 3284 7.
463 3273 510 3276 -
531 3260 545 3276 ²
559 3255 641 3287 Psal.
661 3267 778 3294 Lxxnr,
800 3259 832 3286 5.
852 3273 896 3277 -—
915 3253 929 3277 3
943 3254 1059 3286 Ezech.
1076 3267 1103 3285 11
1115 3279 1122 3293 ‚
1142 3258 1174 3285 5·

126 3309 140 3324 ²
151 3309 232 3341 Vide
247 3311 394 3354 epistolas
415 3315 492 3353 144,
517 3317 594 3347 193.
610 3335 655 3340 —
669 3315 685 3337 ¹³
700 3315 822 3359 Scripta
839 3326 923 3347 anno
941 3315 1055 3347 Christi
1073 3318 1084 3347 1
1098 3317 1174 3346 143.
1185 3332 1231 3338 -
1245 3318 1259 3334 ⁰
1274 3311 1399 3345 Schima
1419 3310 1503 3342 Petri
1522 3308 1647 3341 LeOUiS·
