2565 3952
89 137 162 176 577
1002 125 1263 160 EPISTOIAE.
2110 129 2187 164 (578

94 229 156 267 ego
169 221 292 251 autem
309 207 536 260 gaudebam,
553 215 590 243 et
605 204 806 256 sperabam
825 203 872 240 de
885 201 1159 240 misericor-⁵³³
1172 201 1294 238 nostri
1313 216 1319 237 ;
1343 214 1412 238 nec
1431 201 1546 237 modo
1564 202 1757 238 charitatis
1777 203 1932 253 inope5‚
1954 205 2019 241 sed
2038 206 2193 255 ingrati-

93 277 148 314 dia
162 273 252 317 Dei,
274 269 378 320 quod
394 266 626 318 quandoque
644 263 918 302 absorberetur
940 263 1100 299 mortale
1121 264 1149 297 A
1171 260 1315 298 tudinis
1347 262 1460 298 etiam
1485 261 1539 297 rei
1569 274 1650 297 esse
1672 263 1941 299 convincimur
1968 278 2083 313 super
2111 281 2191 303 om-

93 351 109 374 1
123 335 209 372 vita.
226 328 500 369 Testimonium
522 326 575 362 illi
598 324 797 375 perhibeo,
811 332 997 373 quantum
1014 323 1101 359 licet

93 395 268 433 &estimare
286 389 480 427 hominem
496 386 543 423 ab
563 387 735 431 homine,
751 385 840 435 quia
858 384 1100 420 conversatio

93 456 167 506 ejus
187 451 288 504 apud
310 463 399 496 nos,
426 457 462 485 et
480 452 561 485 Deo
584 455 690 497 grata
714 446 801 491 suit,
826 454 863 481 et
883 444 1005 481 dulcis
1028 444 1101 480 ho-

92 515 260 555 minibus
280 510 390 550 Unde
409 518 446 546 et
470 508 651 545 discessio
669 506 752 557 ejus
769 507 849 543 sinc
868 505 1003 541 dolore
1020 518 1101 541 esse

92 590 163 615 non
178 573 315 627 potuit.
328 576 468 609 Potens
483 582 535 616 es,
550 569 731 613 Domine,
748 574 976 604 convertere
992 566 1099 615 plan-

91 647 184 676 ctum
202 647 328 672 meum
349 632 388 668 in
406 630 586 681 gaudium
609 629 720 674 mihi,
736 628 766 665 si
786 627 917 663 inveni
939 626 1099 675 gratiam

92 701 126 737 in
151 696 268 735 oculis
297 693 383 730 tuis.
410 695 501 729 Haec
530 691 728 728 hactenus.
751 692 896 727 Caetera
930 701 1100 739 praesen-

92 759 179 815 tium
197 757 294 794 lator
315 754 426 791 latius
445 750 665 803 explicabit.

91 897 1098 915 ιιιιιιιιιιιιιιιιιιιιιιιιιιιιιιιιιιιιιιιιιιιιιιιιιιιιιιιιιιιιιιιιιιιι

151 1022 525 1083 EPISTOLA
585 1018 1026 1080 CCCLXXIV.a

91 1192 135 1215 ΑΙ)
172 1187 330 1213 FRATRES
369 1188 418 1211 DE
454 1188 654 1219 BIBERNIA,
692 1187 732 1208 IN
770 1186 953 1209 TRANSITU
994 1184 1098 1207 BEATI

374 1248 565 1270 aiamcmffi
589 1247 758 1270 EPISCOPI
773 1232 801 1270 b.

89 1373 264 1403 sanctorum
281 1365 404 1397 obitum
430 1364 545 1407 gaudio
563 1364 668 1408 potius
688 1375 781 1406 quam
804 1363 889 1394 luctu
906 1372 1098 1405 prosequen-

132 1424 215 1456 dum.
236 1421 391 1464 Singulari
413 1432 539 1463 quoque
554 1420 615 1452 Dei
637 1419 809 1455 beneficio,
835 1417 1100 1451 Claram-Vallem

132 1478 208 1511 tanti
229 1477 288 1508 viri
302 1482 404 1508 morte
420 1481 452 1507 et
467 1476 629 1518 sepultura
650 1474 850 1506 honoratam.

90 1599 282 1650 Religiosis
308 1597 490 1637 fratribus
506 1597 572 1648 qui
589 1598 628 1634 in
651 1596 837 1634 Hibernia
856 1603 964 1642 sunt,
978 1603 1016 1631 et
1042 1594 1100 1631 his

139 1661 298 1699 maxime
327 1659 709 1710 congregationibus,
737 1671 831 1708 quas
866 1656 987 1693 beatae
1021 1669 1100 1692 me-

138 1721 266 1759 moriae
290 1720 496 1758 Malachias
526 1719 731 1770 episcopus
758 1717 956 1763 fundavit,
985 1717 1101 1753 frater

1170 320 1282 357 uibus
1310 335 1396 371 quae
1414 335 1483 372 per
1509 335 1596 357 eum
1621 321 1732 358 nobis
1755 321 1941 359 beneficia
1963 338 2192 373 provenere,

1168 382 1199 418 si
1230 395 1307 418 non
1330 382 1643 431 congratulamur
1662 382 1715 427 ei,
1749 382 1815 430 qui
1838 382 1884 418 de
1913 383 2043 420 labore
2065 385 2110 421 ad
2136 400 2196 422 re—

1167 442 1318 492 quiem,
1350 442 1396 479 de
1422 443 1596 492 periculo
1617 442 1664 478 ad
1685 442 1948 489 securitatem,
1970 443 2016 480 de
2047 446 2192 481 mundo

1170 503 1319 540 transiit
1349 503 1395 539 ad
1425 506 1587 539 Patrem.
1619 506 1753 552 Itaque
1785 511 1823 538 et
1846 503 1952 552 pium
1986 513 2042 540 est
2072 506 2192 541 Mala—

1167 564 1289 600 chiam
1312 563 1402 600 ssere
1421 563 1659 610 defunctum,
1676 572 1714 599 et
1732 563 1839 613 pium
1864 564 1981 614 magis
1999 565 2192 603 Malachiae

1170 624 1415 675 congaudere
1446 624 1602 660 viventi.
1624 624 1821 674 'Numquid
1854 638 1931 661 non
1964 625 2086 662 vivit?
2107 626 2192 664 Uti-

1169 700 1272 735 que,
1308 694 1346 722 et
1385 685 1506 722 beate.
1531 686 1642 723 Visus
1681 694 1738 722 est
1773 686 1893 722 oculis
1928 686 2190 736 insipientium

1171 746 1290 793 mori,
1312 746 1374 783 ille
1405 755 1531 783 autem
1567 754 1623 783 est
1650 747 1688 783 in
1715 759 1822 796 pace.

1223 808 1258 844 2.
1290 807 1439 845 Dehinc
1461 807 1575 844 etiam
1604 807 1778 844 utilitatis
1810 807 1979 858 propriae
2013 807 2191 844 conside-

1169 869 1266 905 ratio
1290 868 1560 905 exsultandum
1588 866 1699 905 nobis
1717 868 1883 918 suggerit
1905 876 1943 904 et
1965 867 2189 913 laetandum,

1167 930 1272 980 quod
1309 939 1384 967 tam
1418 939 1558 981 potens
1589 943 1679 967 suos
1709 938 1896 980 patronus
1925 929 1972 967 ad
1998 930 2191 966 coelestem

1122 996 1150 1030 B
1171 992 1313 1028 curiam
1330 1021 1338 1037 ‚
1365 1000 1441 1028 tam
1467 991 1587 1028 lidelis
1608 991 1846 1041 praecesserit
1867 991 2100 1027 advocatus:
2124 1004 2190 1026 cu-

1163 1051 1228 1101 jus
1249 1061 1287 1088 et
1318 1052 1601 1089 ferventissima
1631 1052 1796 1089 charitas
1825 1050 1999 1088 oblivisci
2027 1059 2193 1100 nequeat

1168 1113 1356 1159 filiorum,
1379 1122 1415 1150 et
1442 1113 1607 1163 probata
1630 1113 1809 1149 sanctitas
1835 1111 2009 1149 obtineat
2030 1111 2189 1161 gratiam

1168 1173 1272 1223 apud
1296 1178 1431 1211 Deum.
1462 1174 1556 1222 Quis
1585 1174 1687 1210 enim
1721 1187 1824 1210 nunc
1850 1173 2075 1210 Malachiam
2104 1187 2192 1210 san-

1168 1243 1272 1270 ctum
1292 1235 1501 1271 autminus
1522 1248 1634 1285 posse
1655 1234 1858 1285 prodesse,
1877 1243 1942 1271 aut
1959 1234 2084 1271 minus
2101 1247 2191 1271 suos

1168 1295 1326 1345 diligere
1347 1296 1487 1332 audeat
1508 1295 1722 1345 suspicari?
1754 1296 1931 1332 Profecto
1953 1309 2039 1331 cum
2062 1295 2192 1345 dilige-

1169 1363 1276 1392 retur
1295 1356 1422 1406 prius,
1440 1356 1605 1392 certiora
1627 1368 1730 1391 nunc
1749 1369 1826 1392 suae
1843 1356 2060 1392 dilectionis
2074 1369 2095 1391 a
2112 1360 2191 1393 Deo

1168 1416 1270 1467 capit
1291 1417 1582 1467 experimenta:
1602 1425 1640 1453 et
1668 1430 1754 1453 cum
1790 1415 1984 1454 dilexisset
2012 1430 2122 1463 suos,
2154 1418 2191 1454 in

1168 1482 1282 1518 finem
1309 1478 1444 1515 dilexit
1475 1491 1552 1515 eos.
1575 1477 1686 1516 Absit
1707 1487 1833 1515 autem
1862 1487 1902 1515 ut
1931 1487 1994 1515 tua
2023 1492 2145 1526 nunc,
2169 1494 2192 1515 o

1167 1542 1294 1579 anima
1323 1548 1474 1586 sancta,
1499 1539 1625 1577 minus
1651 1540 1786 1577 efficax
1816 1540 2027 1577 aestimetur
2053 1542 2190 1586 oratio,

1167 1601 1324 1653 quando
1356 1602 1538 1651 praesenti
1568 1601 1737 1639 vividius
1773 1602 1991 1652 supplicare
2023 1610 2080 1639 est
2108 1615 2190 1639 ma-

1163 1660 1315 1711 jestati,
1337 1674 1406 1697 nec
1423 1660 1504 1710 jam
1536 1660 1572 1697 in
1601 1661 1676 1697 tide
1697 1661 1891 1707 ambulas,
1911 1661 1974 1698 sed
2004 1662 2042 1698 in
2065 1662 2190 1712 specie

1169 1736 1317 1773 regnas.
1350 1721 1461 1760 Absit
1491 1731 1533 1759 ut
1564 1723 1788 1767 imminuta,
1823 1722 1965 1759 nedum
1998 1724 2192 1760 exinanita

137 1786 359 1822 BERNARDUS
379 1781 638 1819 Clarae-Vallis
656 1788 815 1817 vocatus
832 1777 968 1825 abbas,
987 1781 1104 1815 Para-
1121 1782 1148 1818 C
1172 1791 1235 1820 tua
1270 1783 1332 1820 illa
1362 1791 1436 1819 tam
1470 1796 1635 1833 operosa
1663 1784 1827 1820 charitas
1861 1792 2075 1834 reputetur,
2105 1798 2191 1821 cum

138 1844 222 1881 cleti
250 1843 567 1880 consolationem.

142 1965 172 2002 l.
196 1965 232 2003 Si
248 1963 478 2001 haberemus
498 1963 559 2000 hic
576 1971 795 2000 manentem
812 1962 1004 1999 civitatem
1016 1992 1025 2009 ,
1041 1975 1101 1999 co-

87 2024 303 2076 piosissimis
313 2023 402 2074 jure
415 2024 594 2074 lacrymis
607 2025 892 2075 plangeremus,
905 2023 1017 2060 talem
1030 2036 1101 2060 nos

88 2085 248 2123 amisisse
267 2085 480 2122 concivem.
505 2088 696 2122 Caeterum
724 2084 754 2120 si
785 2084 952 2120 futuram
983 2084 1102 2133 magis

88 2147 309 2197 inquirimus
332 2155 375 2184 ut
395 2154 568 2197 oportet,
593 2154 650 2183 est
667 2144 822 2195 quidem
848 2157 926 2181 non
951 2144 1102 2181 modica

64 2247 68 2249 ,
89 2206 226 2244 doloris
253 2208 402 2244 occasio
435 2215 512 2244 tam
545 2206 760 2243 necessario
792 2205 889 2242 duce
922 2205 1098 2243 destitui:

89 2266 195 2305 debet
212 2277 338 2305 tamen
358 2268 483 2304 zelum
503 2276 719 2318 temperare
737 2266 914 2312 scientia,
937 2275 973 2303 et
994 2266 1101 2303 dolo-

89 2341 163 2366 rem
182 2330 263 2380 spei
284 2329 424 2366 fiducia
441 2328 615 2366 delinire.
633 2331 711 2365 Nec
732 2327 861 2364 mirari
879 2327 1098 2377 quempiam

88 2388 210 2438 decet,
226 2391 256 2427 si
276 2390 459 2441 gemitum
477 2397 683 2440 extorquet
696 2389 877 2434 affectus,
898 2388 928 2425 si
947 2388 1099 2425 desola-

89 2450 138 2488 tio
156 2451 342 2501 lacrymas
362 2451 567 2502 exprimit:
587 2449 746 2487 modum
769 2458 896 2487 tamen
917 2449 1099 2486 adhibere

88 2523 233 2550 necesse
258 2521 333 2560 est,
352 2512 431 2549 imo
461 2525 539 2548 non
563 2511 713 2548 modice
742 2511 857 2547 etiam
885 2510 1097 2556 consolari,

1169 1843 1217 1880 ad
1241 1844 1386 1880 fontem
1414 1844 1537 1894 ipsum
1566 1844 1760 1881 charitatis
1784 1854 1935 1882 aeternae
1956 1845 2191 1895 procumbis,

1170 1905 1284 1955 pleno
1302 1905 1481 1941 hauriens
1500 1919 1585 1951 ore,
1603 1905 1712 1955 cujus
1728 1915 1766 1942 et
1784 1907 1862 1956 ipsa
1880 1906 1986 1956 prius
2004 1907 2193 1943 stillicidia

1168 1964 1333 2002 sitiebas.
1355 1969 1439 2002 Non
1461 1966 1588 2016 potuit
1608 1966 1723 2003 morti
1745 1967 1881 2003 cedere
1903 1966 2066 2004 charitas
2086 1968 2194 2004 fortis

1169 2036 1211 2064 ut
1228 2041 1354 2074 mors,
1370 2027 1448 2064 imo
1468 2035 1505 2063 et
1526 2036 1652 2064 morte
1681 2028 1816 2064 fortior
1835 2028 1928 2078 ipsa.
1949 2032 2041 2065 Nam
2068 2038 2105 2065 et
2125 2029 2193 2066 de—

1169 2087 1309 2125 cedens
1340 2101 1419 2125 non
1449 2097 1531 2124 erat
1552 2088 1758 2125 immemor
1783 2089 1899 2126 vestri
1915 2118 1923 2134 ,
1946 2089 2192 2127 affectuosius

1168 2162 1238 2186 vos
1256 2149 1533 2187 commendans
1551 2153 1654 2196 Deo,
1673 2158 1710 2186 et
1732 2159 1902 2187 nostram
1931 2164 2087 2201 quoque
2106 2152 2189 2188 exi-

1168 2210 1351 2259 guitatem
1380 2210 1492 2247 solita
1510 2211 1574 2248 illa
1599 2223 1666 2247 sua
1688 2211 1982 2248 mansuetudine
2005 2221 2041 2248 et
2061 2212 2190 2249 humi—

1168 2271 1272 2308 litate
1289 2284 1467 2317 exorans,
1493 2280 1534 2308 ut
1561 2272 1678 2308 vestri
1701 2285 1778 2308 non
1807 2271 2125 2310 oblivisceremur
2151 2274 2190 2310 in

1168 2332 1296 2368 finem.
1312 2331 1424 2370 Unde
1445 2341 1482 2368 et
1503 2332 1660 2382 dignum
1678 2332 1858 2370 duximus
1875 2333 2041 2370 scribere
2062 2334 2186 2379 vobis,

1166 2400 1210 2429 ut
1227 2392 1351 2429 sciatis
1373 2406 1442 2429 nos
1469 2400 1507 2429 et
1526 2393 1565 2428 in
1587 2392 1849 2443 spiritualibus
1863 2422 1872 2438 ,
1893 2393 1922 2430 si
1941 2394 2034 2443 quid
2057 2403 2188 2431 nostra

1166 2454 1204 2490 in
1224 2454 1281 2491 his
1296 2453 1482 2503 exiguitas
1498 2468 1568 2504 per
1585 2453 1686 2490 beati
1704 2453 1818 2503 hujus
1836 2455 1957 2492 Patris
1975 2456 2094 2492 nostri
2113 2470 2188 2493 mc-

1168 2515 1239 2552 rita
1268 2528 1438 2564 unquam
1475 2516 1667 2565 potuerit,
1697 2523 1734 2551 et
1768 2516 1804 2551 in
1840 2516 2128 2566 corporalibus,
2156 2517 2185 2554 si

76 2573 273 2613 ‘intuentes
303 2590 381 2613 non
409 2589 495 2626 quae
520 2575 715 2620 videntur,
740 2573 807 2611 sed
823 2587 908 2624 quae
930 2587 1009 2610 non
1035 2573 1096 2610 vi·
1114 2580 1147 2614 D
1164 2575 1321 2626 quando
1344 2576 1441 2612 forte
1463 2578 1734 2627 opportunitas
1757 2576 2009 2627 praeberetur,
2029 2591 2183 2614 omnem

88 2634 232 2674 dentur.
260 2641 352 2687 Quae
378 2638 479 2675 enim
508 2637 705 2684 videntur,
731 2635 958 2686 temporalia
984 2644 1094 2682 sunt3

87 2704 168 2745 quae'
187 2706 312 2736 autem
334 2712 414 2735 non
437 2698 630 2745 videntur,
648 2706 800 2735 aeterna.
822 2698 993 2734 Primum
1015 2695 1097 2746 qui-

88 2755 169 2794 dem
190 2759 535 2809 congratulandum
553 2768 610 2796 est
629 2759 765 2796 animae
784 2766 942 2804 sanctae,
958 2770 1006 2794 ne
1026 2769 1097 2794 nos

87 2827 213 2867 arguat
229 2819 275 2857 de
298 2821 430 2872 inopia
449 2821 656 2867 charitatis,
680 2819 812 2857 dicens
839 2828 877 2856 et
891 2819 973 2870 ipse
990 2818 1095 2868 quod

87 2878 271 2917 Dominus
299 2881 347 2918 ad
369 2882 578 2932 Apostolos
607 2881 658 2918 ait
685 2896 692 2917 :
721 2882 762 2917 Si
794 2882 998 2928 diligeretis
1024 2894 1094 2926 me,

85 2941 292 2986 gauderetis
313 2947 452 2992 utique,
471 2947 565 2992 qula
584 2944 686 2979 vado
706 2944 760 2977 ad
772 2943 926 2977 Pam-m
945 2947 970 2976 ¹.
993 2943 1097 2977 Prae-

87 2999 188 3038 venit
211 3015 281 3040 nos
308 3003 356 3040 ad
383 3007 532 3041 Patrem
560 3003 767 3054 spirituum
795 3002 952 3053 spiritus
978 3002 1097 3052 patris

134 3146 144 3162 ¹
161 3145 255 3175 Joan.
271 3156 344 3183 mv,
363 3148 418 3177 28.

1165 2635 1278 2673 vobis
1297 2637 1602 2673 consolationem
1624 2637 1849 2688 impendere
1870 2646 1950 2674 tota
1977 2638 2184 2675 devotione

1164 2706 1332 2749 paratos.

1218 2760 1255 2797 3.
1286 2763 1334 2796 Et
1355 2773 1458 2796 nunc
1479 2774 1655 2810 quoque,
1677 2760 1932 2808 dilectissimi,
1954 2761 2184 2799 Hibernien-

1164 2819 1213 2856 sis
1244 2820 1422 2857 Ecclesiae
1455 2833 1609 2870 gravem
1643 2820 1742 2858 hanc
1781 2821 2067 2859 destitutionem
2101 2831 2182 2858 toto

1164 2880 1392 2917 miseramur
1417 2881 1556 2918 affeetu
1579 2896 1586 2917 :
1611 2889 1648 2918 et
1667 2895 1713 2918 eo
1741 2882 1904 2932 amplius
1932 2881 2042 2919 vobis
2072 2896 2182 2918 com-

1162 2942 1345 2991 patimur,
1367 2955 1445 2991 quo
1469 2955 1538 2979 nos
1565 2943 1729 2993 amplius
1749 2957 1795 2980 ex
1820 2944 1892 2980 hoc
1913 2945 2092 2981 novimus
2112 2944 2179 2980 dc-

1164 3000 1319 3038 bitores.
1342 3002 1602 3052 Magnilicavit
1629 3004 1730 3041 enim
1755 3005 1946 3042 Dominus
1965 3005 2087 3042 facere
2109 3019 2179 3041 no-

132 3206 146 3223 ῖ
166 3203 251 3236 Alias
267 3205 399 3248 epistola
419 3209 481 3238 311
512 3217 519 3238 ε
538 3217 607 3248 quae
625 3217 700 3238 vero
717 3212 810 3238 antea
825 3208 891 3238 374
909 3212 974 3237 erat
990 3230 997 3243 ‚
1017 3216 1100 3236 nunc
1120 3207 1198 3236 3:28.
1221 3204 1342 3247 Scripta
1368 3217 1450 3238 anno
1468 3207 1582 3240 Christi
1600 3211 1609 3239 1
1625 3210 1700 3240 148.

131 3256 148 3279 b
161 3260 253 3290 Anno
270 3262 281 3290 1
295 3261 356 3291 148
372 3284 379 3297 ,
402 3260 452 3292 die
466 3261 603 3292 secunda
616 3261 798 3292 novembris
820 3261 949 3303 contigit
967 3260 1065 3292 sancti
1088 3262 1254 3295 Malachiae
1272 3258 1395 3298 obium,
1411 3261 1449 3293 de
1466 3273 1528 3304 quo
1542 3262 1575 3293 in
1591 3263 1658 3304 ejus
1671 3262 1745 3293 Vita
1767 3273 1784 3294 a
1808 3262 1967 3294 Bernardo
1982 3263 2093 3305 scripta
2108 3287 2113 3300 ,
2141 3263 2171 3293 in

87 3315 170 3343 tomo
190 3316 222 3345 2.
239 3314 332 3346 Adde
346 3325 504 3348 sermones
518 3316 597 3348 duos
620 3316 659 3348 de
678 3316 788 3348 eodem
802 3342 809 3355 ,
827 3317 858 3348 iu
876 3322 961 3348 tomo
978 3320 1008 3347 3.
