2565 3952
44 3816 51 3952 ——-‚-,
45 3695 48 3790 -4
45 3636 47 3659 -„
44 3588 45 3595 ⁴

63 2219 168 2276 iexi,
201 2237 240 2266 et
271 2236 443 2266 vestrum
477 2228 667 2265 honorem
703 2228 810 2265 volui
844 2243 852 2264 ;

80 135 156 174 449

996 129 1261 165 EPISTOLAE.

2108 139 2127 175 li
2136 141 2186 175 50

80 224 206 251 comes
225 208 412 248 Radulfus
433 216 470 244 et
492 215 591 245 terra
612 206 696 257 ejus
715 215 789 243 tam
809 206 1001 253 indebite,
1020 205 1150 242 im02⁰⁵
1165 213 1377 254 personent
1414 207 1534 243 Patris
1575 206 1860 256 orphanorum,
1888 220 1925 248 ct
1957 214 2102 250 „Iudicis
2127 223 2187 258 vi-

81 283 154 312 tam
186 271 315 309 illicite
349 269 642 306 absolveretur?
677 268 778 317 Quid
810 269 949 304 iterum
985 267 1145 303 vultisA
1165 264 1330 301 duarum
1351 266 1391 301 ¹?
1428 266 1544 302 Plane
1578 266 1635 302 his
1668 266 1802 304 hostiis
1837 269 1956 307 hostis
1990 272 2054 308 ille
2087 275 2185 310 anti-

77 342 275 387 peccatum
308 339 466 382 peccato
497 330 660 373 addere,
693 338 730 367 et
759 330 853 366 iram
884 329 955 367 Dei
982 341 1100 378 super

77 409 146 433 vos
175 392 307 445 (quod
339 390 463 442 absit)
491 391 759 428 accumulare?
788 389 889 438 Quid
925 388 1100 439 peccavit

78 467 205 494 comes
221 451 484 498 Thcobaldus,
503 460 546 488 ut
566 451 661 488 iram
681 459 845 488 vestram
866 463 1018 486 rursum
1035 448 1098 484 in-

78 527 230 554 currere
258 521 472 557 mereatur,
496 512 561 562 qui
583 520 620 548 et
641 511 924 549 absolutionem
948 509 1097 547 comitis

77 576 247 621 Radulfi,
274 575 362 611 licet
386 573 567 623 injustam
584 602 593 618 ,
620 573 718 610 sicut
754 573 878 618 scitis,
903 580 1008 608 tanto
1042 571 1098 607 la—

76 637 170 676 bore
200 643 238 672 et
266 634 490 671 difficultate
518 632 709 679 obtinuit;
733 642 770 670 et
790 632 1001 670 redivivam
1027 645 1096 669 ex-

77 695 461 736 communicationem
479 724 488 741 ,
511 695 686 745 quamvis
699 694 910 744 justissime
933 693 1099 731 redeun-

78 767 173 804 tem,
204 770 274 794 nec
304 756 501 806 quaesivit,
531 768 602 792 nec
630 755 790 805 quaerit,
825 763 960 805 utpote
990 754 1095 804 quod

78 819 211 857 timore
234 825 363 854 vestro
384 816 497 853 etiam
525 815 741 865 abjuravit?
760 817 887 854 Nolite
905 844 913 861 ,
940 829 1071 866 quaeso
1085 845 1094 862 ,

76 879 213 926 nolite,
236 877 392 914 domine
412 877 464 914 mi
491 881 594 923 Rex,
618 877 712 926 Regi
740 886 890 923 vestro,
912 877 988 913 imo
1010 890 1096 913 om-

75 939 179 977 nium
201 937 403 977 Conditori
418 967 427 984 ,
451 946 528 974 tam
550 937 751 974 evidenter
770 938 809 974 in
831 951 901 975 suo
921 950 1040 987 regno
1061 946 1098 974 et

1166 339 1266 375 quus
1289 327 1410 363 nostri
1428 327 1578 375 generis
1603 327 1818 365 oblectatur
1847 345 1854 366 ε
1889 332 2069 380 quoniam
2106 333 2187 383 ipse

1166 387 1358 424 homicida
1383 396 1440 424 est
1472 387 1520 424 ab
1545 388 1655 425 initio
1674 396 1699 426 ².
1726 393 1773 427 Et
1811 391 1930 428 nolite
1963 392 2104 430 frustra
2129 408 2190 429 oc-

1167 448 1361 484 casionem
1383 461 1534 485 sumere
1561 448 1607 485 de
1635 450 1774 486 comite
1793 451 2018 489 Theobaldo
2048 452 2095 489 ad
2123 466 2190 489 cx-

1973 528 1980 548 :
2010 527 2097 550 cum
2131 515 2191 551 vir

1164 570 1227 606 ille
1257 578 1433 619 paratum
1458 584 1496 608 se
1529 571 1650 616 dicat,
1682 581 1720 608 ct
1748 573 1822 610 hoc
1856 573 2090 611 omnimodis
2120 575 2190 612 de-

1165 639 1368 680 precetur,
1402 632 1536 669 venire
1573 632 1621 669 ad
1653 634 1933 671 conventiones
1969 648 2055 684 quae
2091 636 2192 674 inter

1164 705 1234 728 vos
1268 702 1548 740 cucurrerunt,
1578 694 1735 743 quando
1761 696 1858 732 sacta
1877 705 1934 733 est
1954 709 2049 745 pax,
2072 706 2110 734 ct
2133 711 2192 734 se—

1165 753 1335 790 cundum
1358 753 1547 803 judicium
1571 754 1810 804 diligentium
1832 769 1973 793 nomen
1999 766 2191 804 vestrum,

1164 827 1299 851 eorum
1325 815 1469 852 scilicet
1489 815 1555 865 qui
1579 816 1811 853 mediatores
1832 817 1932 854 inter
1949 831 2018 855 vos
2035 819 2192 855 exstite-

1166 884 1274 921 runt,
1294 889 1365 926 per
1382 877 1512 913 onmia
1528 878 1745 914 satisfacere
1762 878 1873 925 velit,
1895 888 1937 915 ut
1954 879 1983 915 si
2004 881 2192 930 praevari-

1166 938 1328 975 cationis
1354 938 1452 975 forte
1479 938 1526 975 ab
1547 939 1639 990 ipsis
1660 940 1767 990 argui
1790 941 1933 991 poterit
1953 940 2090 992 (quod
2110 955 2190 979 non

1166 508 1352 545 cusandas
1379 510 1649 547 excusationes
1676 511 1715 546 in
1743 512 1908 561 peccatis
1927 511 1941 535 3

74 1001 112 1039 in
139 1013 206 1037 sua
224 998 468 1050 possessione
491 999 632 1036 audere
659 999 858 1045 resistere,
881 1007 919 1035 et
940 1012 1097 1036 manum
1117 1001 1146 1036 Β
1166 997 1382 1049 existimat)
1404 1000 1590 1037 continuo
1620 1000 1668 1037 ad
1696 1001 1885 1039 honorem
1906 1011 2079 1040 vestrum
2100 1017 2193 1041 cor-

73 1060 280 1100 extendere
298 1068 374 1096 tam
399 1059 591 1110 frequenti
615 1069 652 1097 et
675 1061 879 1097 temerario
909 1073 1002 1097 ausu
1030 1059 1098 1096 ad—

74 1135 227 1160 versum
248 1120 460 1158 terribilem
475 1150 485 1167 ,
511 1130 549 1158 et
569 1134 656 1158 eum
685 1121 751 1172 qui
772 1121 898 1158 aufert
918 1121 1097 1171 spiritum

73 1182 316 1235 principum,
341 1181 554 1219 terribilem
582 1182 686 1233 apud
707 1195 815 1232 reges
841 1191 964 1219 terrae.
987 1181 1099 1220 Acri-

73 1251 132 1281 ter
161 1243 324 1292 loquor,
348 1243 438 1292 quia
458 1243 608 1280 acriora
628 1242 739 1280 vobis
764 1242 931 1279 formido
958 1257 966 1279 :
992 1241 1097 1292 quod

73 1317 151 1342 non
180 1304 233 1340 ita
261 1302 513 1340 vehementer
542 1303 714 1340 timerem
732 1331 742 1350 ,
778 1303 850 1340 nisi
882 1316 952 1340 vos
977 1303 1096 1340 vehe-

73 1372 222 1403 menter
242 1362 453 1414 diligerem.

72 1471 140 1494 υἱνέ.
145 1482 1099 1494 ι“““““νινι““ωι-,Μνιωυωψιινιηυηιυ--νι-ιυιῃῃῃ

218 1579 598 1642 EPISTOLA
660 1571 947 1643 ccxxi?

451 1720 500 1742 An
529 1706 704 1743 emmim.

478 1809 563 1837 Unde
585 1819 684 1845 supra.

75 1891 218 1936 ‘Graviter
235 1900 432 1935 Ludovicum
451 1911 556 1945 regem
578 1902 699 1945 arguit,
725 1900 811 1945 quod
834 1896 938 1944 pravis
961 1902 1098 1934 consiliis

120 1956 352 1999 adhaerescens,
372 1954 460 2001 pacis
475 1956 606 1989 consilia
624 1962 765 2000 respuat.
788 1960 827 1989 Se
849 1956 976 1999 quidem
994 1957 1098 1989 hacte-

118 2021 178 2044 nus
194 2011 270 2054 regii
292 2011 430 2043 nominis
451 2011 646 2051 studiosum,
673 2011 820 2056 deinceps
840 2012 937 2043 solius
957 2012 1096 2044 veritatis

117 2073 284 2111 pauonum
296 2090 304 2105 ,
322 2076 449 2098 necnon
467 2065 707 2097 malefactorum
726 2066 793 2108 ejus
816 2071 928 2097 testem
952 2065 1031 2098 fore.

128 2167 160 2205 1.
190 2167 268 2206 Scit
295 2171 402 2205 Deus
424 2174 615 2217 quantum
636 2179 707 2203 vos
731 2179 777 2203 ex
800 2180 878 2217 quo
903 2166 1014 2213 novi,
1032 2166 1094 2203 di-

890 2228 993 2265 scitis
1024 2242 1095 2266 vos

74 2297 214 2339 quanto
248 2288 382 2326 labore
397 2318 407 2336 ,
450 2296 672 2339 quantaque
712 2289 972 2326 sollieitudine
1013 2298 1096 2327 toto

75 2363 174 2389 anno
197 2351 396 2403 praeterito
420 2351 640 2402 quaerendae
659 2351 746 2402 paci
766 2360 903 2389 vestrae
926 2351 1094 2399 intendi,

76 2423 149 2448 una
164 2425 252 2449 cum
273 2411 357 2449 aliis
378 2411 557 2449 fidelibus
574 2412 724 2449 vestris.
747 2412 880 2449 Timeo
898 2420 1025 2449 autem
1049 2425 1096 2449 ne

75 2470 153 2509 si'ne
180 2485 294 2510 causa
323 2471 628 2510 laboraverimus
657 2472 697 2509 in
725 2471 847 2510 vobis.
877 2476 955 2510 Vos
984 2486 1096 2509 nam-

76 2544 172 2583 que,
192 2542 235 2571 ut
256 2533 502 2571 manifestum
523 2542 602 2580 est,
625 2547 647 2571 a
663 2533 770 2571 bono
791 2542 829 2571 et
853 2547 948 2571 sano
967 2533 1096 2571 consi-

1164 1059 1288 1109 rigere
1309 1073 1388 1096 non
1409 1069 1623 1098 cunctetur.

1221 1120 1257 1156 2.
1288 1124 1432 1158 Verum
1459 1135 1530 1159 vos
1553 1135 1624 1159 nec
1650 1121 1767 1160 verba
1786 1124 1892 1174 pacis
1915 1124 2102 1175 recipitis,
2121 1138 2193 1163 nec

1166 1189 1277 1230 pacta
1302 1190 1429 1218 vestra
1457 1183 1594 1219 tenetis
1609 1212 1618 1229 ,
1636 1196 1706 1220 nec
1728 1184 1829 1221 sanis
1850 1185 2018 1222 consiliis
2039 1185 2193 1236 acquie-

1166 1243 1270 1279 scitis
1292 1257 1300 1279 :
1324 1243 1390 1280 se‘d
1410 1244 1540 1281 nescio
1559 1258 1636 1294 quo
1652 1245 1722 1282 Dei
1738 1245 1888 1294 judicio
1903 1275 1911 1291 ,
1932 1247 2063 1284 omnia
2080 1247 2192 1284 vobis

1163 1302 1216 1339 ita
1237 1303 1387 1341 vertitis
1407 1304 1445 1340 in
1468 1317 1717 1354 perversum,
1737 1314 1780 1342 ut
1801 1305 1947 1356 probra
1975 1307 2163 1344 honorem
2180 1336 2191 1352 ‚

1163 1362 1352 1400 honorem
1372 1363 1518 1414 probra
1535 1364 1701 1412 ducati53
1722 1374 1804 1402 tuta
1821 1366 1984 1403 timeatis
1997 1396 2006 1413 ,
2023 1367 2193 1405 timenda

1162 1425 1419 1463 contemnatis
1450 1440 1457 1462 :
1483 1434 1521 1462 et
1548 1425 1655 1476 quod
1680 1426 1770 1463 olim
1799 1436 1932 1464 sancto
1959 1436 1997 1464 et
2023 1429 2193 1478 glorioso

1165 1486 1246 1536 regi
1274 1486 1398 1524 David
1427 1486 1526 1525 Joab
1558 1488 1699 1537 legitur
1729 1487 2006 1539 exprobrasse,
2036 1489 2192 1540 diligitis

1164 1560 1230 1584 eos
1250 1548 1316 1597 qui
1333 1561 1403 1585 vos
1423 1548 1610 1596 oderunt,
1626 1557 1664 1586 et
1679 1549 1770 1586 odio
1790 1549 1938 1587 habetis
1955 1563 2022 1588 eos
2040 1551 2106 1600 qui
2123 1564 2192 1588 vos

1163 1608 1324 1659 diligere
1348 1610 1486 1647 volunt
1501 1611 1530 1647 ³⁸.
1550 1614 1684 1660 Neque
1706 1611 1808 1648 enim
1837 1612 1902 1662 qui
1920 1625 1990 1649 vos
2010 1612 2194 1663 instigant

1163 1671 1335 1721 priorem
1356 1671 1497 1709 iterare
1519 1672 1704 1709 malitiam
1726 1672 1910 1711 adversus
1934 1687 2013 1711 non
2036 1687 2193 1712 meren-

1165 1732 1261 1779 tem,
1296 1734 1478 1783 ‘quaerunt
1503 1734 1542 1771 in
1571 1734 1644 1771 hoe
1675 1734 1865 1771 honorem
1900 1744 2097 1783 vestrum,
2125 1736 2192 1774 sed

1164 1807 1277 1831 suum
1306 1794 1582 1842 commodum
1601 1795 1679 1832 imo
1700 1808 1770 1832 nec
1789 1808 1900 1833 suum
1919 1796 2167 1834 commodum
2181 1826 2192 1843 ,

1166 1855 1233 1893 sed
1257 1854 1400 1893 diaboli
1424 1856 1664 1894 voluntatem
1689 1871 1697 1893 t
1720 1864 1762 1894 ut
1781 1857 1895 1907 Regis
1914 1856 2047 1908 (quod
2068 1856 2192 1909 absit)

1165 1917 1379 1968 potentiam
1398 1918 1577 1968 concepti
1598 1918 1739 1955 furoris
1756 1917 1923 1955 habeant
1938 1918 2170 1956 effectricem
2182 1947 2192 1966 ,

1164 1992 1280 2030 quem
1307 1980 1385 2017 suis
1409 1993 1448 2017 se
1468 1993 1583 2030 posse
1606 1979 1819 2031 adimplere
1836 1978 1985 2017 viribus
2001 1993 2079 2017 non
2096 1993 2194 2016 con—

1164 2041 1308 2085 fidunt,
1324 2041 1469 2078 inimici
1485 2055 1641 2079 coronae
1656 2050 1794 2079 vestrae
1808 2070 1817 2087 ,
1841 2041 1950 2092 regni
1966 2041 2194 2079 manifestis-

1165 2102 1249 2139 simi
1277 2101 1507 2140 turbatores.

1219 2165 1254 2202 3.
1286 2168 1338 2201 At
1364 2164 1553 2215 quidquid
1580 2164 1690 2202 vobis
1723 2163 1770 2201 de
1806 2177 1925 2214 regno
1957 2171 2111 2211 vestro,
2141 2163 2192 2201 de

1163 2226 1291 2263 anima
1312 2234 1349 2263 et
1369 2239 1515 2263 corona
1534 2234 1662 2263 vestra
1684 2226 1808 2264 facere
1825 2226 1994 2277 placeat3
2017 2238 2087 2262 nos
2107 2223 2186 2263 Ec-

1164 2287 1287 2324 clesiae
1324 2287 1389 2323 filii
1407 2317 1416 2334 ,
1455 2287 1587 2324 matris
1620 2286 1782 2337 injurias
1796 2317 1805 2335 ,
1843 2295 2129 2338 contemptum,
2155 2295 2193 2324 et

1163 2347 1497 2384 conculcationem
1515 2348 1676 2385 omnino
1698 2348 1938 2385 dissimulare
1958 2361 2038 2385 non
2055 2361 2191 2398 possu-

1164 2421 1248 2445 mus
1263 2437 1272 2454 ,
1294 2421 1380 2458 quae
1402 2408 1456 2444 illi
1477 2417 1618 2459 praeter
1641 2409 1705 2446 illa
1728 2423 1814 2459 quae
1830 2409 1869 2446 in
1889 2423 1973 2446 earn
1987 2408 2067 2458 jam
2088 2423 2191 2460 prae-

1165 2469 1322 2507 cessisse
1337 2468 1853 2520 miserabiliterplangimus,
1868 2469 2009 2506 iterum
2025 2470 2072 2507 de
2087 2483 2190 2507 novo

1163 2531 1304 2581 partim
1323 2530 1480 2575 inferri,
1501 2531 1642 2581 partim
1663 2530 1864 2567 imminere
1883 2531 2081 2568 sentimus.
2099 2534 2192 2568 Pro-

78 2592 127 2631 lit>
149 2594 254 2645 quod
271 2595 518 2646 acceperatis,
547 2595 710 2633 nimium
742 2592 822 2633 cito
853 2595 1094 2645 nimiumque
1111 2596 1146 2630 D
1165 2592 1263 2628 fecto
1298 2590 1484 2628 stabimus
1514 2599 1552 2628 et
1580 2590 1840 2641 pugnabimus
1870 2605 1993 2641 usque
2018 2590 2066 2628 ad
2089 2601 2193 2627 mor-

77 2653 208 2694 leviter
240 2657 392 2694 resilitis
416 2671 425 2694 :
456 2666 494 2694 et
524 2657 573 2694 ad
601 2658 702 2695 mala
730 2658 882 2708 priora,
908 2670 995 2707 quae
1023 2657 1120 2694 du-·

79 2714 166 2753 dum
187 2730 266 2754 non
292 2717 488 2755 immerito
515 2727 759 2769 perpetrasse
791 2731 862 2755 vos
888 2717 1099 2769 plangeba-

78 2775 143 2824 fis,
165 2777 288 2815 adhuc
313 2777 539 2816 recentibus
567 2779 642 2815 illis
670 2779 815 2829 plagis,
848 2792 1025 2825 rursum,
1054 2787 1098 2816 ut

80 2837 216 2885 audio,
239 2839 370 2877 nescio
395 2853 474 2890 quo
497 2839 688 2877 diabolico
719 2839 880 2877 consilio
895 2868 904 2885 ,
944 2839 1097 2876 festina-

40 2947 41 2955 *
79 2897 135 2936 tis.
162 2902 196 2936 A
227 2912 306 2949 quo
337 2900 440 2937 enim
467 2900 540 2937 nisi
563 2914 584 2937 a
611 2900 768 2938 diabolo
789 2900 1002 2951 procedere
1021 2901 1096 2938 hoc

39 2958 41 2970 '
78 2959 274 2997 consilium
307 2959 496 3007 dixerim,
525 2975 596 3012 per
627 2961 734 3012 quod
766 2962 808 2998 fit
836 2970 879 2998 ut
908 2961 1096 3016 incendi-is

40 3054 41 3066 ¹
79 3017 281 3067 incendia,
323 3022 539 3060 homicidiis
576 3022 786 3060 homicidia
829 3022 1021 3060 addantur

1048 3023 1062 3038 ᾖ
1085 3038 1094 3046 0

79 3079 220 3119 clamor
248 3081 375 3120 denuo
402 3096 642 3134 pauperum,
668 3092 707 3121 et
744 3083 908 3134 gemitus
939 3097 1098 3134 compe-

81 3139 242 3181 ditorum
260 3172 270 3191 ,
311 3153 350 3182 et
399 3145 552 3196 sanguis
601 3146 894 3183 interfectorum
941 3144 1098 3182 auribus

1168 2661 1245 2690 tem
1258 2682 1268 2699 ,
1291 2653 1321 2689 si
1340 2652 1393 2689 ita
1414 2652 1651 2703 oportuerit,
1671 2665 1742 2702 pro
1764 2660 1884 2689 matre
1903 2661 2056 2699 nostra,
2075 2652 2191 2689 armis

1166 2713 1308 2765 quibus
1330 2714 1440 2760 licet,
1460 2726 1540 2750 non
1562 2713 1678 2751 scutis
1695 2722 1733 2750 et
1753 2713 1907 2763 gladiis,
1926 2713 1993 2751 sed
2008 2713 2191 2765 precibus

1165 2774 1399 2826 fletibusque
1426 2774 1474 2812 ad
1503 2777 1642 2812 Deum.
1669 2778 1718 2812 Et
1743 2787 1814 2824 ego
1841 2773 1995 2824 quidem
2011 2803 2021 2821 ,
2041 2774 2108 2825 qui
2128 2787 2190 2811 me

1164 2838 1322 2875 memini
1354 2845 1496 2888 praeter
1527 2836 1770 2887 quotidianas
1802 2849 1957 2887 preces,
1988 2849 2084 2886 quas
2117 2849 2190 2887 pro

1162 2912 1258 2950 pace
1289 2907 1328 2936 et
1359 2898 1480 2935 salute
1506 2905 1633 2934 vestra
1656 2906 1770 2947 atque
1797 2910 1917 2947 regno
1949 2910 2080 2934 coram
2110 2900 2193 2934 Do-

1163 2961 1269 2998 mino
1288 2959 1452 3011 supplex
1472 2958 1562 3008 ipso
1579 2966 1674 2995 teste
1697 2957 1906 2995 fundebam
1921 2986 1930 3003 ,
1953 2957 2070 2994 etiam
2087 2956 2191 3007 apud

1164 3022 1300 3060 Sedem
1339 3020 1591 3072 apostolicam
1619 3020 1759 3057 litteris
1792 3028 1830 3056 et
1864 3019 2010 3057 nuntiis
2037 3031 2189 3056 causam

1166 3091 1332 3120 vestram
1360 3081 1498 3131 egisse,
1520 3081 1667 3128 fateor,
1684 3094 1808 3131 usque
1832 3094 1931 3131 pene
1951 3080 1998 3117 ad
2020 3080 2189 3130 proprise

1165 3143 1410 3182 conscientiae
1439 3142 1633 3180 laesionem
1649 3173 1658 3191 ,
1677 3151 1715 3180 et
1739 3142 1859 3194 ipsius
1888 3141 2027 3180 summi
2056 3140 2190 3178 Ponti-

129 3269 138 3284 ¹
158 3265 240 3296 Psal.
257 3277 367 3306 ωιτη,
387 3271 421 3299 6.
439 3286 485 3291 -
499 3274 513 3290 ²
527 3271 624 3301 Joan.
639 3279 720 3308 vm,
742 3270 798 3300 44.
814 3287 860 3291 —
875 3265 889 3290 3
907 3267 989 3299 Psal.
1009 3278 1084 3306 cxx„
1112 3269 1144 3298 4.
1162 3284 1205 3289 —-
1226 3264 1382 3305 411Reg.
1407 3274 1462 3294 xix
1476 3288 1483 3301 ‚
1509 3268 1540 3294 6.

127 3328 141 3345 ²
156 3325 273 3368 Sciipta
293 3337 376 3359 anno
396 3327 511 3360 Christi
530 3330 632 3361 1142.

244 3400 335 3422 Tou.
368 3400 396 3424 1.

1945 3383 1986 3416 15
