2565 3952
86 135 159 173 525

999 131 1027 164 E
1033 130 1263 165 PlSTOLAE.

2104 131 2181 167 52ss

135 212 170 249 4.
188 213 354 259 Tempus
373 216 430 245 est
448 216 490 244 ut
510 221 587 243 non
611 206 815 244 obliviscar
837 206 924 243 mei.
945 203 1150 244 Clamat²⁴⁸
1164 205 1241 242 lum
1265 206 1418 255 loquor,
1439 206 1505 256 qui
1526 205 1651 242 aicbat
1673 222 1679 241 :
1703 207 1855 254 Auferte
1879 211 2020 242 malum
2043 222 2093 243 ea:
2114 223 2181 244 υυ-

85 272 131 311 ad
157 283 224 307 vos
254 282 338 306 mea
367 275 612 304 monstruosa
633 267 728 313 vita,
763 279 847 303 mea
877 279 1094 303 aernninosa
1114 266 1141 298 A
1162 264 1255 302 bis·³.
1279 269 1414 316 Itaque
1436 266 1671 302 miseremini
1691 266 1786 311 illis,
1805 275 1842 303 et
1860 280 1938 303 non
1960 266 2178 316 praejudicet

84 330 325 372 conscientia.
350 332 429 378 Ego
463 328 565 365 enim
597 327 773 378 quaedam
808 327 989 364 chimaera
1020 327 1094 363 mei

84 389 226 435 saeculi,
258 401 328 425 nec
357 387 537 424 clericum
566 399 681 436 gero,
712 400 782 423 nec
810 387 961 424 laicum.
997 390 1092 424 Nam

83 449 255 491 monachi
268 447 497 499 jamdudum
515 448 604 485 exui
628 449 961 485 conversationem
976 477 985 493 ,
1015 460 1095 484 non

82 511 263 551 habitum.
285 509 383 547 Nolo
417 507 584 546 scribere
617 509 665 546 de
697 523 758 546 mc
790 510 896 560 quod
928 523 997 547 vos
1024 522 1095 560 per

83 572 173 611 alios
191 569 340 608 audisse
362 570 538 607 existimo
553 600 562 616 ,
585 570 676 621 quid
699 571 872 616 actitem,
897 571 992 621 quid
1012 579 1094 608 stu-

82 634 206 679 deam,
233 645 303 683 per
334 645 419 681 quae
448 631 670 669 discrimina
700 645 830 669 verser
850 633 889 669 in
920 632 1090 678 mundo,

81 694 156 732 imo
180 706 248 743 per
286 705 372 742 quae
399 691 524 741 jacter
550 693 776 743 praecipitia.
812 694 849 731 Si
882 693 1093 743 quominus

80 753 251 799 audistis,
284 765 424 804 precor
458 761 502 789 ut
540 753 764 803 inquiratis,
804 762 842 791 et
880 753 1093 791 secundum

80 814 182 867 quod
211 813 408 851 audieritis
426 843 435 860 ‚
465 822 504 851 ct
538 814 739 852 consilium
771 814 1024 865 impendatis,
1056 824 1094 852 et

80 876 292 916 orationum
315 875 508 926 suffragia.

79 1018 712 1030 “=·===··=m====swum===1xxx===zv==xxnxsxsn
733 1022 950 1031 ==2=====2==n==
969 1021 1080 1031 ===x==22

255 1142 635 1231 EPISTOLA
696 1144 912 1202 com:

260 1302 310 1324 AD
341 1301 525 1326 DOMINUM
555 1302 756 1325 EL'GENIL‘M
788 1303 917 1326 ΡΑΡΑΜ.

78 1419 250 1458 &Menses
265 1419 438 1453 monachos
449 1431 508 1464 pro
525 1421 636 1453 merito
653 1421 783 1464 punitos
801 1421 834 1453 in
849 1422 979 1464 gratiam
996 1422 1094 1465 recipi

237 1474 341 1518 cupit,
365 1480 397 1507 et
415 1485 487 1507 cum
506 1475 719 1507 AEduensibus
747 1477 921 1508 conciliari.

77 1600 344 1639 Amantissimo
385 1601 486 1652 patri
523 1610 561 1639 et
604 1601 765 1639 domino
800 1605 1001 1648 Euonmo,
1025 1602 1096 1640 Dei

129 1661 248 1710 gratia
285 1675 437 1699 summo
472 1663 672 1710 Pontifici,
710 1664 829 1700 frater
867 1666 1096 1701 Bssnmssnns

127 1723 386 1762 Clarae-Vallis
405 1723 529 1762 dictus
552 1723 692 1772 abbas,
711 1725 908 1762 modicum
933 1725 970 1762 id
989 1725 1096 1776 quod

127 1791 192 1821 cst.

125 1914 341 1951 Balmenses
358 1914 536 1952 monachi
555 1915 724 1966 graviter
740 1915 989 1966 deliquerunt
1001 1946 1010 1964 ,
1029 1916 1095 1954 sed

79 1987 154 2012 non
169 1974 367 2025 impune*.
381 1974 502 2013 Vobis
518 1989 591 2026 pro
608 1976 682 2013 hoc
697 1977 782 2027 ipso
800 1978 881 2014 laus
901 1986 939 2014 et
955 1977 1097 2028 gratia-

17 2060 20 2062 ·
75 2027 159 2073 'rum
180 2036 278 2073 actio
304 2035 353 2073 ab
384 2037 567 2074 universa
595 2036 759 2075 debetur
786 2039 978 2084 Ecclesia,
1005 2038 1094 2088 quia

77 2108 153 2134 non
172 2096 347 2144 siluistis,
367 2111 446 2135 non
468 2098 735 2136 dissimulastis
748 2129 757 2145 ‚
780 2113 859 2136 non
881 2100 1091 2150 quievistis.

75 2156 313 2204 Efferbuistis
341 2167 384 2196 ut
413 2158 599 2197 debuistis
624 2175 631 2196 :
653 2161 916 2210 percussistis,
949 2161 1014 2198 sed
1052 2170 1094 2198 ut

78 2219 266 2256 sanaretis.
293 2219 408 2268 Quod
430 2221 461 2257 si
489 2220 741 2258 obliviscatur
768 2222 939 2259 misereri
969 2222 1095 2259 domi-

79 2291 166 2326 nus,
186 2288 224 2316 et
243 2280 439 2317 contineat
459 2281 498 2318 in
521 2281 578 2318 ira
595 2295 660 2320 sua
683 2282 966 2320 misericordias
987 2296 1094 2331 suas,

80 2340 177 2377 unde
190 2341 355 2379 sanitas?
366 2342 612 2381 Fiducialiter
626 2344 792 2394 proinde
806 2353 894 2394 post
904 2343 1093 2394 judicium

77 2399 377 2439 misericordiam
405 2404 698 2454 praestolamur,
719 2413 762 2441 ut
791 2405 1095 2442 misericordiam

80 2459 315 2510 etjudicium
334 2472 533 2502 cantemus
549 2465 729 2503 Domino.
746 2465 915 2512 Scimus,
934 2467 1092 2512 scimus,

80 2534 155 2559 non
176 2522 345 2561 deviabit
363 2525 564 2563 Vicarius*
581 2540 603 2564 a
618 2527 789 2578 vestigiis
806 2527 889 2577 ejus
907 2541 952 2564 cu
954 2526 1018 2577 jus
1036 2528 1095 2564 vi-

1161 327 1343 376 iniquitas
1385 327 1660 364 sceleratorum
1700 326 1858 376 justitiae
1902 328 2181 364 innocentium.

1162 389 1253 423 Haec
1276 386 1382 433 dico,
1405 387 1493 437 quia
1517 400 1630 424 causa
1657 396 1713 423 est
1736 387 1789 423 cis
1813 400 1901 423 cum
1923 387 2182 424 AEduensibus

1161 448 1200 484 in
1232 449 1439 498 praesentia
1468 456 1604 485 vestrae
1637 447 1865 497 Majestatis,
1900 457 1937 484 et
1964 448 2103 484 timent
2136 461 2183 484 nc

1162 517 1300 546 noceat
1323 508 1394 546 sibi
1414 509 1595 558 iniquitas
1612 510 1789 546 aliorum.
1813 511 1910 546 Sane
1930 508 1969 545 id
1990 508 2184 558 praecipue

1162 567 1435 615 obsecramus,
1477 578 1519 606 ut
1554 569 1773 607 concordiae
1806 579 1844 606 et
1888 569 1976 620 paci
2010 570 2182 620 ipsorum

1161 643 1319 680 operam
1357 631 1466 668 detis.
1498 632 1682 681 Utrisque
1716 631 1904 681 siquidem
1939 630 2039 667 benc
2070 630 2186 666 volu-

1161 705 1267 738 mus,
1288 700 1403 742 atque
1423 692 1474 728 ita
1499 692 1672 742 utrisque
1694 692 1887 729 credimus
1907 690 2103 742 expedire.

1162 837 2183 848 ===================================================================

1329 958 1708 1016 EPISTOLA
1772 946 2024 1016 CCLII.b

1351 1128 1398 1149 AD
1429 1127 1614 1160 EL‘MDEM,
1646 1127 1718 1150 PRO
1747 1127 1995 1150 EBORACLNSL

1164 1252 1375 1289 Sententiam,
1398 1256 1508 1282 contra
1522 1250 1754 1282 Ebot-accusem
1771 1251 1837 1293 jam
1854 1252 1930 1283 olim
1948 1251 1988 1282 ab
2003 1251 2188 1283 Innocentio

1211 1306 1325 1344 latam,
1348 1305 1475 1337 tandem
1494 1305 1687 1336 exsecutioni
1704 1305 1847 1336 mandari
1866 1306 2021 1348 postulat,
2041 1316 2081 1336 ne
2106 1304 2188 1336 mala

1209 1361 1277 1403 ejus
1291 1370 1388 1403 opera
1404 1359 1613 1391 dissimulanti
1627 1360 1771 1391 Pontifici
1786 1360 1992 1402 imputentur.

1217 1482 1332 1519 Saevit
1352 1482 1533 1519 frustrata
1552 1480 1713 1519 ambitio
1727 1512 1735 1528 ‚
1759 1482 1837 1519 imo
1859 1482 2060 1533 desperata
2082 1483 2183 1521 furit.

1163 1544 1292 1582 Currit
1306 1543 1353 1580 ad
1369 1544 1549 1593 laqueum
1568 1543 1685 1580 homo
1703 1544 1950 1593 perditionis,
1966 1553 2004 1581 et
2017 1545 2184 1582 debitam

1159 1603 1239 1655 jam
1263 1605 1356 1642 olim
1379 1606 1418 1642 in
1440 1618 1479 1641 se.
1506 1604 1737 1641 sententiam
1764 1605 2020 1643 damnationis
2041 1607 2187 1643 accelc⁴

1164 1674 1236 1703 rat.
1255 1667 1323 1703 Vel
1342 1679 1446 1703 nunc
1462 1666 1665 1702 manifesta
1681 1674 1771 1702 sunt
1789 1674 1947 1716 peccata
1963 1666 2063 1716 ejus,
2085 1681 2187 1718 prae-

1166 1727 1341 1765 cedentia
1363 1726 1635 1777 adjudicium.
1658 1727 1854 1777 Anticipat
1875 1740 2033 1764 manuni
2063 1729 2189 1765 succi-

1113 1787 1140 1822 C
1161 1789 1258 1826 soris
1275 1789 1392 1826 arbor
1409 1788 1613 1825 maledicta
1635 1796 1673 1825 et
1690 1788 1848 1838 spinosa
1860 1818 1869 1835 ,
1888 1797 1925 1825 et
1942 1799 2184 1828 cunctantem

1163 1851 1327 1888 securim
1347 1851 1385 1887 in
1413 1859 1535 1887 semet
1557 1858 1759 1901 provocat.
1785 1852 1890 1888 Heu!
1913 1864 2027 1900 quam
2044 1850 2187 1900 justius

1164 1912 1228 1950 illa
1256 1912 1491 1962 jamdudum
1523 1910 1723 1948 cecidisset
1740 1918 1753 1932 ⁰
1768 1940 1777 1958 ,
1808 1925 1923 1961 quani
1954 1913 2074 1949 sancti
2110 1913 2184 1960 illi,

1164 1987 1262 2024 quos
1286 1982 1421 2011 contra
1436 1972 1500 2022 jus
1523 1981 1561 2009 et
1585 1972 1639 2009 fas
1661 1972 1758 2008 male
1780 1972 1918 2009 stando
1936 1973 2097 2023 dejecit?
2116 1978 2185 2012 Et-

1164 2036 1266 2072 enim
1298 2035 1329 2072 si
1357 2047 1436 2072 non
1459 2042 1597 2080 staret,
1621 2041 1766 2070 stantes
1788 2034 1945 2071 mininie
1973 2035 2185 2085 dejecisset.

1163 2099 1211 2133 Et
1232 2095 1286 2132 illi
1307 2095 1465 2146 quidem
1495 2095 1534 2131 in
1556 2095 1779 2131 innocentia
1800 2107 1891 2141 sua,
1913 2104 1951 2132 et
1970 2109 2042 2146 pro
2072 2097 2186 2135 inno—

1164 2158 1289 2194 centia
1311 2165 1546 2194 corruerunt
1561 2156 1598 2202 *,
1622 2157 1745 2193 multo
1765 2156 1901 2193 melius
1922 2166 2066 2195 stantes
2089 2174 2097 2195 :
2120 2160 2185 2196 sed

1163 2219 1318 2268 sangnis
1339 2218 1522 2255 innoxius
1540 2217 1587 2254 de
1604 2231 1723 2254 manu
1742 2217 1897 2254 illorum
1917 2219 2053 2268 procul
2068 2219 2186 2257 dubio

1163 2280 1384 2330 requiretur
1397 2308 1406 2325 ,
1426 2279 1492 2329 qui
1508 2280 1608 2316 vires
1626 2279 1786 2316 furtivas
1804 2288 1878 2316 tam
1898 2280 2024 2317 noxiae
2043 2280 2186 2329 arbori,

1164 2354 1212 2378 ne
1247 2341 1376 2378 statim
1412 2349 1614 2378 corrueret
1628 2370 1637 2386 ,
1671 2340 2002 2378 ministraverunt.
2039 2343 2185 2380 Clamat

1164 2410 1299 2439 contra
1314 2415 1449 2439 eorum
1464 2401 1590 2452 capita
1604 2401 1758 2450 sanguis
1772 2410 1992 2438 sanctorum
2009 2403 2056 2439 de
2073 2412 2186 2450 terra,

1164 2477 1331 2514 quorum
1353 2463 1491 2500 animae
1510 2463 1550 2499 in
1572 2475 1690 2499 manu
1710 2462 1782 2499 Dei
1807 2471 1918 2509 sunt,
1941 2472 1978 2499 et
1999 2477 2076 2500 non
2100 2473 2186 2502 tan-

1163 2533 1226 2575 get
1239 2538 1305 2562 eos
1319 2532 1556 2561 tormentum
1572 2522 1735 2559 malitiae.
1752 2526 2026 2561 Verumtamen
2040 2525 2187 2563 viscera

80 2583 198 2623 carius
227 2593 302 2634 est3
323 2587 507 2624 nimirum
537 2602 625 2625 cum
652 2589 712 2625 ille
742 2588 842 2626 dicat
865 2603 873 2625 :
898 2591 976 2636 Qui
1001 2590 1097 2625 miln'
1115 2584 1147 2619 D
1164 2600 1248 2623 mea
1269 2594 1380 2623 erant
1402 2601 1409 2622 :
1433 2585 1553 2622 effusa
1575 2592 1684 2631 sunt3
1707 2597 1786 2621 non
1808 2585 1954 2635 recipio
1982 2585 2029 2623 de
2056 2586 2185 2625 verbis

81 2648 286 2693 ministrat,
315 2661 374 2683 me
403 2656 623 2698 seqtcatur1.
656 2649 759 2687 Dicit
791 2658 918 2687 autem
949 2649 997 2686 de
1028 2650 1095 2686 illo

80 2705 266 2756 propheta
293 2722 302 2746 ε
331 2710 424 2755 Quis
453 2712 524 2746 scit
546 2714 578 2746 sl
610 2719 846 2747 convertatur
866 2719 903 2747 et
927 2715 1096 2761 ignoscat

81 2767 193 2812 Deus,
209 2777 248 2804 et
265 2771 457 2819 relinquat
466 2780 554 2820 post
570 2786 609 2807 se
623 2770 920 2808 benedictionem
931 2774 968 2808 ²?
983 2775 1093 2809 Hanc

81 2823 127 2862 de
144 2828 278 2866 vestris
299 2842 456 2881 quoque
478 2830 757 2881 posterioribus
774 2832 957 2869 audacter
970 2831 1093 2882 exigi-

82 2899 177 2926 mus.
196 2889 380 2941 Alioquin
406 2905 486 2929 non
514 2892 624 2930 decet
644 2901 687 2930 ut
714 2893 883 2944 perdatis
906 2894 1096 2930 innocen-

82 2955 156 2985 tem
184 2963 270 2989 cum
299 2953 434 3004 impio.
455 2954 606 2992 Etenim
637 2954 704 3005 qui
729 2955 872 2992 malum
896 2955 1092 3000 fecerunt,

82 3007 168 3047 facti
184 3010 230 3048 de
246 3013 374 3051 medio
388 3024 486 3052 sunt.
505 3015 607 3066 Quid
623 3024 759 3063 restat,
779 3016 851 3053 nisi
869 3024 911 3053 ut
925 3016 1095 3066 reliquiae

82 3069 192 3108 salvae
221 3074 339 3111 fiant?
362 3075 506 3123 Quidni
540 3077 739 3114 salventur
770 3077 838 3127 qui
867 3075 1096 3114 obedierunt

82 3128 210 3179 vobis,
224 3133 291 3183 qui
306 3133 537 3173 obedierunt
550 3137 826 3188 praedecessori
839 3139 991 3174 vestro?
1003 3140 1099 3175 Pau-

131 3264 141 3280 ¹
159 3262 254 3293 Joan.
272 3273 338 3299 κει,
361 3267 416 3295 26.
439 3283 480 3287 -—<
499 3271 511 3287 ²
532 3266 738 3304 Joetu,14.
757 3284 801 3289 -υ
817 3265 949 3298 ³1Cor.
966 3278 998 3304 v,
1021 3272 1073 3300 13.

1165 2648 1488 2686 consolationem.
1513 2647 1592 2684 Etsi
1620 2655 1779 2697 possent
1802 2660 1883 2684 esse
1911 2648 2184 2699 qualicumque

1165 2710 1301 2748 solatio
1323 2709 1402 2746 sive
1432 2707 1604 2745 remedio
1619 2737 1628 2754 ,
1655 2707 1841 2758 deliciunt
1862 2716 1988 2745 tamen
2012 2723 2092 2760 prae
2114 2710 2184 2747 do—

1161 2773 1265 2818 lore,
1296 2784 1465 2808 moerore
1496 2769 1813 2820 praecluduntur,
1845 2770 2185 2822 interrumpuntur

1161 2831 1405 2882 singultibus.
1418 2835 1550 2870 Unum
1566 2839 1713 2875 tamen,
1730 2830 1934 2881 ipsumque
1949 2840 2182 2878 extremum,

1164 2892 1271 2944 quod
1302 2893 1437 2942 utique
1470 2891 1589 2941 magis
1626 2890 1793 2928 scribere
1807 2921 1816 2938 ,
1853 2905 1967 2942 quam
2001 2893 2183 2944 proloqui

1163 2966 1345 3005 possum,
1381 2951 1507 2989 adhuc
1541 2951 1671 2989 audite
1687 2981 1696 2998 ,
1730 2953 1790 2988 vel
1822 2953 1953 3002 potius
1986 2953 2110 3004 legite.
2146 2956 2182 2992 Si

1164 3014 1289 3052 adhuc
1305 3013 1453 3051 steterit
1466 3029 1475 3060 ;
1490 3013 1589 3063 proh
1606 3013 1739 3050 dolor!
1754 3013 1988 3059 verendum,
2005 3028 2052 3051 ne
2064 3016 2185 3066 ipsius

1165 3084 1286 3113 status
1303 3076 1350 3112 sit
1367 3083 1494 3112 vester
1509 3088 1618 3112 casus
1635 3090 1642 3111 :
1662 3074 1754 3111 dun]
1774 3075 1964 3125 quidquid
1980 3075 2181 3126 adjecerit,

1166 3145 1302 3189 utpote
1325 3136 1425 3173 mala
1443 3134 1582 3183 arbor,
1604 3149 1690 3186 quae
1718 3149 1796 3173 non
1820 3145 1948 3187 potest
1970 3137 2042 3174 nisi
2062 3139 2182 3174 malos

131 3321 145 3336 ¹
158 3320 279 3364 Scripta
293 3332 377 3354 anno
389 3324 503 3357 Christi
522 3330 532 3357 l
546 3328 623 3358 147.
641 3346 686 3350 -
701 3320 716 3343 ¹³
730 3327 852 3370 Scripta
869 3328 981 3359 eodeni
996 3338 1092 3358 anno.
1111 3344 1154 3349 ——
1172 3332 1187 3347 ὓ
1199 3325 1306 3365 Alias,
1328 3323 1507 3356 excidisset.
