2517 3936
631 212 692 278 S.
732 215 946 281 BERN
959 213 1156 282 ARDl
1220 216 1562 289 ABBATlS

59 438 242 536 DE
341 433 1085 541 GRADIBUS
1179 373 2124 555 HUMILITATIS

740 697 861 750 ET
925 698 1448 754 SUPERBIAE

928 896 1256 937 TRACTATPS.

315 1098 1747 1126 m——fflcssasffi—
1755 1112 1795 1115 *ν

422 1297 682 1333 PRAEFATIO
689 1323 696 1330 .
1068 1310 1109 1328 ⁵⁵.

108 1416 265 1466 Rogasti
283 1429 343 1453 me
357 1445 366 1462 ,
390 1415 506 1453 frater
526 1415 753 1463 Godefride‚
776 1425 818 1453 ut
847 1430 889 1453 ea
912 1430 996 1467 quae
1018 1416 1065 1454 de

55 1467 236 1526 gradibus
272 1476 494 1515 humilitatis
532 1490 661 1514 coram
700 1477 880 1515 fratribus
914 1479 1065 1516 locutus

56 1537 224 1585 fueram,
256 1537 423 1588 pleniori
449 1537 517 1575 tibi
538 1546 699 1575 tractatu
727 1537 965 1576 dissererem.
997 1539 1066 1578 Cui

56 1605 131 1634 tuae
156 1597 335 1649 petitioni
356 1597 489 1648 digne,
510 1606 553 1635 ut
573 1598 732 1649 dignum
752 1608 852 1646 erat,
870 1608 908 1636 et
930 1601 1065 1637 volens

55 1658 300 1705 satisfacere,
333 1667 372 1696 et
402 1659 540 1697 timens
571 1673 650 1697 non
687 1673 822 1711 posse3
857 1661 1066 1711 evangelici

55 1719 203 1757 consilii
238 1733 409 1768 memor,
440 1733 520 1757 non
549 1721 679 1772 prius,
716 1721 859 1767 fateor,
900 1721 1068 1772 incipere

55 1793 169 1817 ausus
188 1793 293 1826 sum,
316 1794 431 1830 quam
450 1781 586 1818 sedens
606 1782 850 1832 computavi,
870 1781 900 1818 si
920 1782 1069 1818 suffice-

56 1848 144 1877 rent
174 1849 351 1891 sumptus
381 1840 429 1878 ad
455 1841 776 1892 perficiendum1.
811 1845 905 1880 Cum
939 1850 1065 1879 autem

56 1900 219 1938 charitas
236 1901 339 1938 hunc
355 1901 456 1939 foras
476 1902 639 1939 misisset
657 1903 833 1940 timorem
847 1932 857 1949 ,
875 1916 953 1952 quo
975 1902 1066 1939 mihi

56 1960 238 1999 timebam
270 1961 380 1999 illudi
401 1961 448 1999 de
480 1975 598 2013 opere
619 1976 698 1999 non
733 1961 1065 2008 consummando;

54 2021 288 2060 subintravit
310 2023 407 2060 alius
428 2023 543 2060 timor
564 2023 611 2060 de
632 2023 846 2070 contrario,
868 2036 945 2073 quo
967 2023 1066 2072 coepi

1518 1364 1694 1403 CAPUT
1726 1366 1757 1403 I.

1201 1487 1357 1520 Christum
1371 1498 1436 1519 esse
1452 1488 1533 1519 viam
1552 1487 1730 1520 humilitatis
1741 1513 1748 1526 ,
1764 1499 1824 1530 qua
1838 1492 2016 1532 pervenitur
2029 1494 2068 1524 ad

1552 1542 1725 1574 veritatem.

1191 1663 1225 1699 1.
1256 1665 1471 1699 Locuturus
1491 1674 1581 1711 ergo
1611 1661 1657 1698 de
1676 1661 1855 1711 gradibus
1889 1663 2130 1711 humilitatis,

1134 1734 1231 1771 quos
1255 1720 1388 1758 beatus
1410 1721 1636 1758 Benedictus
1665 1734 1741 1757 non
1766 1723 2039 1771 numerandos,
2067 1727 2131 1763 sed

1135 1782 1397 1819 ascendendos
1417 1781 1602 1832 proponit
1616 1788 1646 1827 ²3
1668 1782 1773 1831 prius
1791 1783 1950 1819 ostendo
1967 1813 1976 1830 ,
1998 1786 2026 1821 si
2043 1799 2133 1835 pos-

1135 1857 1238 1891 sum,
1257 1857 1334 1893 quo
1355 1856 1424 1893 per
1441 1843 1526 1878 illos
1542 1842 1842 1892 perveniendum
1861 1844 1929 1887 sit,
1949 1853 1990 1880 ut
2006 1846 2133 1884 audito

1134 1905 1261 1941 fructu
1286 1903 1570 1955 perventionis,
1594 1903 1718 1939 minus
1737 1911 1865 1952 gravet
1884 1903 1992 1940 labor
2012 1919 2136 1943 ascen-

1133 1965 1262 2002 sionis.
1285 1964 1474 2014 Proponit
1497 1963 1625 2013 itaque
1652 1963 1839 1999 Dominus
1861 1963 1970 2001 nobis
1990 1965 2059 2002 viae
2082 1967 2134 2003 la-

1133 2024 1265 2062 borem
1284 2054 1292 2070 ,
1320 2023 1462 2060 laboris
1496 2022 1708 2059 mercedem
1731 2036 1738 2058 :
1763 2024 1841 2071 Ego
1864 2036 1966 2067 sum,
1990 2025 2131 2075 inquit,

56 2082 189 2121 timere
207 2083 360 2134 gravius
383 2084 597 2134 periculum
621 2083 667 2120 de
688 2083 809 2133 gloria
829 2083 859 2120 si
880 2082 1064 2133 perfecis-
1086 2087 1113 2121 Β
1134 2087 1220 2129 via,
1242 2090 1403 2128 veritas,
1427 2092 1463 2119 et
1483 2088 1566 2119 vita
1580 2081 1605 2119 3.
1631 2083 1737 2119 Viam
1759 2081 1846 2118 dicit
1867 2083 2126 2133 humilitatem,

55 2156 134 2181 sem
150 2173 160 2190 ,
190 2157 305 2194 quam
336 2144 383 2182 de
403 2144 613 2194 ignominia
643 2144 674 2181 si
694 2143 929 2181 defecissem.
951 2143 1065 2181 Unde

55 2204 156 2242 inter
188 2204 291 2242 hunc
325 2205 500 2242 timorem
534 2213 571 2242 et
606 2205 847 2250 charitatem,
887 2205 994 2241 velut
1026 2204 1065 2241 in

54 2265 223 2315 quodam
239 2264 344 2303 bivio
362 2266 509 2317 positus
522 2295 532 2312 ,
549 2265 613 2302 diu
629 2265 799 2303 haesitavi
811 2295 820 2312 ,
836 2265 897 2302 cui
915 2265 1065 2302 viarum

55 2334 139 2363 tuto
159 2339 219 2363 me
237 2326 453 2374 crederem3
481 2336 654 2365 metuens
673 2335 740 2364 aut
766 2325 962 2376 loquendo
984 2326 1063 2363 uti—

53 2385 140 2424 liter
160 2385 207 2423 de
236 2386 470 2433 humilitate,
495 2387 578 2438 ipse
598 2387 752 2424 humilis
773 2400 851 2424 non
872 2387 1061 2433 inveniri3

51 2455 119 2484 ant
149 2447 310 2485 tacendo
342 2448 557 2496 humiliter,
589 2449 734 2486 inutilis
758 2448 852 2486 fieri.
890 2451 1061 2498 Cumque

53 2514 228 2544 neutram
256 2507 357 2545 viam
381 2516 522 2555 tutam,
552 2509 775 2546 alterutram
809 2517 934 2546 tamen
967 2508 1060 2546 mihi

54 2567 259 2604 tenendam
280 2581 361 2605 esse
380 2569 663 2619 conspicerem3
687 2569 783 2619 elegi
808 2570 938 2620 potius
967 2569 1058 2616 tibi,

53 2626 84 2664 si
103 2640 219 2677 quem
249 2641 425 2679 possem,
461 2630 746 2667 communicare
783 2630 948 2667 fructum
983 2644 1062 2667 ser-

55 2688 197 2733 monis,
230 2702 346 2739 quam
371 2689 486 2727 tutari
515 2703 576 2727 me
605 2691 727 2728 solum
748 2699 865 2741 portu
891 2691 1030 2728 silentii
1053 2707 1060 2728 :

54 2747 166 2785 simul
199 2748 377 2786 fiduciam
410 2749 574 2799 habens,
616 2751 647 2788 si
677 2751 770 2801 quid
807 2752 925 2798 forte,
958 2751 1063 2799 quod

0 2834 1 2842 1
55 2808 267 2860 approbes,
285 2810 467 2858 dixerim,
490 2811 562 2848 tuis
581 2811 760 2862 precibus
778 2825 889 2863 posse
908 2826 967 2849 me
985 2826 1063 2849 non

31 2890 40 2896 ·
55 2869 277 2920 superbire3
308 2870 366 2907 sin
391 2879 517 2908 autem
537 2870 663 2922 (quod
688 2873 805 2922 magis
829 2871 949 2923 puto)
970 2873 1063 2909 nihil
1085 2884 1112 2920 C
1134 2880 1215 2911 vim
1236 2889 1246 2909 .·
1269 2887 1311 2910 ac
1332 2873 1361 2909 si
1385 2871 1549 2915 diceret,
1572 2872 1650 2917 Ego
1671 2880 1750 2904 sum
1775 2867 1855 2912 via,
1886 2880 1969 2916 quae
1992 2867 2038 2903 ad
2061 2880 2126 2904 ve-

57 2938 123 2967 tuo
144 2931 273 2968 studio
294 2931 451 2982 dignum
476 2932 692 2980 effecerim,
715 2932 761 2969 de
789 2933 908 2971 nihilo
926 2947 1063 2985 super-

56 2989 139 3028 bire
159 3004 235 3029 non
257 3005 382 3044 posse.

110 3379 120 3395 ¹
139 3378 214 3406 Luc.
234 3385 304 3413 xxv,
327 3379 381 3407 28.
409 3395 453 3400 ——
478 3383 491 3399 2
509 3381 587 3420 Reg.
605 3388 672 3420 cap.
692 3381 722 3410 7.
739 3397 781 3402 —-
798 3376 812 3400 3
829 3383 921 3412 Joan.
946 3389 1010 3415 xiv,
1031 3382 1061 3407 6.
1084 3395 1117 3398 —-
1138 3375 1150 3401 4
1172 3373 1286 3406 Matth.
1316 3383 1364 3409 xi,
1386 3374 1438 3402 29.
1455 3388 1496 3391 —
1513 3367 1525 3389 5
1545 3371 1636 3399 Joan.
1662 3376 1742 3399 vm,

222 3447 312 3472 TOM.
347 3448 392 3472 11.

1133 2159 1218 2196 quae
1253 2145 1357 2182 ducit
1393 2144 1440 2182 ad
1469 2143 1678 2180 veritatem.
1712 2143 1839 2180 Altera
1869 2142 1994 2190 labor,
2018 2146 2130 2183 altera

1133 2208 1277 2243 fructus
1307 2205 1448 2242 laboris
1470 2212 1537 2241 est.
1568 2203 1679 2241 Unde
1709 2203 1842 2249 sciam,
1872 2203 2133 2256 inquis‚quod

1132 2267 1186 2304 ibi
1210 2266 1256 2304 de
1285 2266 1496 2303 humilitate
1521 2266 1671 2301 locutus
1700 2265 1766 2309 sit,
1799 2277 1880 2300 curn
1912 2264 2131 2303 indetermi—

1133 2337 1220 2365 nate
1254 2328 1411 2372 dixerit,
1442 2329 1525 2376 Ego
1557 2340 1635 2362 sum
1670 2327 1758 2362 via?
1791 2324 1891 2362 Audi
1931 2327 2129 2375 apertius:

1130 2393 1270 2426 Discite
1291 2403 1315 2425 α
1347 2402 1404 2425 me
1423 2391 1513 2437 quia
1533 2391 1633 2422 mitis
1654 2400 1734 2422 sum
1756 2395 1791 2422 et
1811 2387 1957 2421 humilis
1977 2389 2087 2422 corde
2100 2388 2126 2423 4.

1129 2455 1174 2490 Se
1195 2464 1286 2500 ergo
1304 2448 1487 2500 proponit
1514 2446 1735 2484 humilitatis
1756 2446 1991 2495 exemplum,
2017 2459 2126 2483 man—

1128 2510 1339 2548 suetudinis
1364 2510 1535 2546 formam.
1564 2506 1600 2544 Si
1623 2505 1778 2542 imitaris
1806 2518 1914 2550 eum,
1940 2519 2015 2542 non
2048 2520 2121 2542 am-

1128 2570 1237 2607 bulas
1270 2570 1308 2606 in
1345 2567 1529 2613 tenebris,
1562 2565 1625 2603 sed
1651 2564 1806 2602 habebis
1842 2565 1967 2601 lumen
1995 2566 2080 2602 vitae
2098 2565 2122 2602 5.

1129 2631 1228 2681 Quid
1257 2639 1313 2668 est
1343 2631 1471 2666 lumen
1500 2628 1609 2672 vitae,
1640 2625 1710 2662 nisi
1736 2625 1897 2670 verita53
1924 2637 2007 2673 quae
2037 2625 2125 2662 illu-

1132 2693 1280 2729 minans
1307 2703 1459 2728 omnem
1490 2687 1682 2724 hominem
1715 2685 1929 2721 venientem
1959 2685 1997 2721 in
2024 2685 2125 2722 hunc

1131 2753 1339 2797 mundum,
1360 2748 1524 2787 ostendit
1548 2747 1613 2784 ubi
1640 2747 1687 2783 sit
1701 2759 1789 2782 vera
1807 2745 1909 2781 vita?
1925 2745 2016 2782 Ideo
2038 2759 2123 2782 cum

1132 2813 1306 2857 dixisset,
1337 2813 1418 2859 Ego
1447 2823 1527 2845 sum
1550 2810 1613 2843 via
1633 2816 1667 2842 et
1685 2810 1849 2850 veritas,
1874 2805 2062 2851 subdidit,
2092 2816 2129 2842 ec

1132 2935 1279 2972 ritatem
1302 2932 1398 2968 duco
1417 2945 1424 2967 :
1447 2942 1517 2979 ego
1535 2941 1617 2965 sum
1634 2927 1789 2971 veritas,
1808 2939 1892 2975 quae
1909 2926 2021 2962 vitam
2041 2939 2127 2976 pro-

1132 2995 1265 3031 mitto:
1282 3004 1351 3041 ego
1375 3002 1456 3027 sum
1477 2988 1573 3033 vita,
1597 2998 1709 3035 quam
1732 2985 1794 3021 do.
1818 2986 1912 3019 Hoec
1933 2994 1988 3020 est
2002 2989 2125 3028 enlm,

1132 3055 1196 3101 ait,
1215 3058 1298 3090 vita
1313 3059 1468 3092 (eterna,
1487 3056 1527 3084 ut
1541 3054 1762 3096 cognoscant
1786 3054 1820 3080 te
1843 3058 1972 3081 verum
1990 3047 2103 3079 Deum
2118 3057 2131 3086 ,-

1134 3124 1170 3151 et
1185 3126 1292 3162 quem
1315 3113 1447 3148 misisti
1461 3109 1588 3144 Jesam
1614 3107 1793 3143 Christum
1809 3103 1836 3141 5.
1855 3104 1921 3141 Vel
1937 3104 2006 3148 sic,
2025 3102 2130 3152 quasi

1136 3183 1177 3211 tu
1198 3173 1298 3210 dicas
1317 3187 1325 3208 ε
1346 3170 1452 3207 Viam
1471 3166 1671 3205 considero
1685 3194 1695 3211 ‚
1715 3164 1753 3201 id
1780 3172 1835 3201 est
1850 3163 2098 3200 humilitatem
2119 3174 2126 3195 :

1138 3235 1301 3271 fructum
1322 3230 1517 3275 desidero,
1533 3227 1743 3264 veritatem.
1762 3223 1833 3262 Sed
1848 3222 1937 3272 quid
1962 3221 1990 3257 si
2008 3228 2130 3256 tantus

1771 3358 2131 3394 1:2.—·*1d..xx11,3.

1884 3417 1894 3432 l

1880 3419 1920 3451 41
