2517 3920
845 460 926 507 SA
946 460 1130 506 NCTI
1186 455 1581 504 BERNARDI
1639 454 1964 502 ABBATIS

959 634 1539 707 EPISTULARUM
1587 636 1847 702 INDEX

656 830 792 880 PRO
830 825 1242 878 ARGUMENTI
1280 821 1683 887 QUALITATE
1720 821 2156 874 DISPOSITUS.·

1111 1034 1466 1057 —d——GQQ

493 1236 764 1277 EPISTOLAE
798 1235 1236 1279 ECCLESIASTICAE.

384 1345 434 1377 De
453 1342 558 1375 Rebus
574 1340 785 1387 theologicis,
804 1346 834 1373 et
856 1339 895 1373 (le
914 1341 1101 1386 Disciplina
1114 1343 1343 1377 ecclesiastica.

363 1458 414 1489 De
443 1459 602 1499 tempore
631 1462 701 1497 quo
731 1451 839 1496 coepit
868 1451 1025 1497 obligare
1053 1454 1275 1499 Baptismus,
1308 1459 1367 1495 77,

411 1510 520 1544 modo
539 1511 718 1542 Tractatus
739 1511 780 1541 11
800 1508 838 1540 iu
859 1512 957 1542 tomo
973 1515 1005 1543 2.

364 1568 475 1612 Super
495 1565 686 1609 Evangelio
704 1566 820 1601 Lucae,
852 1568 934 1601 155.

361 1624 414 1657 De
434 1621 547 1655 forma
565 1620 750 1666 Baptismi,
775 1623 853 1655 103.

362 1679 491 1711 Contra
531 1686 664 1709 errores
701 1676 794 1709 Petri
831 1674 1038 1715 Abaelardi,
1070 1681 1233 1713 187-195
1249 1706 1256 1718 ,
1279 1682 1368 1719 326,

411 1736 499 1771 327,
521 1734 687 1764 330333.

363 1791 492 1822 Contra
510 1798 644 1822 errores
663 1786 807 1820 Arualdi
827 1786 1036 1827 Brixiensis,
1060 1791 1141 1828 195,
1165 1792 1246 1825 196.

365 1846 493 1877 Contra
512 1844 702 1876 Henricum
722 1842 927 1876 haereticum
941 1869 948 1881 ‚
972 1847 1054 1883 211,
1079 1849 1159 1881 212.

366 1903 495 1934 Contra
516 1899 684 1938 schisma,
707 1900 787 1932 219.

362 1956 501 1989 Judaeos
517 1967 590 1989 non
606 1966 676 1988 esse
690 1954 952 2000 persequendos
966 1983 974 1995 ,
997 1960 1077 1990 365.

364 2013 416 2045 De
432 2010 527 2046 bello
541 2016 663 2045 contra
679 2011 794 2045 hostes
811 2011 995 2051 Ecclesiae,
1014 2015 1096 2049 256,
1120 2015 1200 2047 363.

364 2068 417 2100 De
436 2068 511 2110 ejus
531 2077 687 2100 successu
704 2094 711 2106 ,
730 2072 811 2105 288,
837 2069 917 2100 386.

366 2124 419 2156 De
437 2122 641 2167 poenitentia
669 2121 715 2156 ob
738 2121 918 2155 defectum
946 2122 981 2155 in
999 2123 1102 2156 Missa
1120 2123 1350 2157 commissum
1365 2151 1373 2164 ,

416 2182 472 2210 69.
591 2166 598 2173 '

366 2235 418 2267 De
436 2233 656 2278 poenitentiis
680 2232 726 2266 ob
745 2233 896 2266 crimina
914 2233 1141 2279 imponendis
1156 2261 1164 2273 ,
1187 2236 1245 2274 (31,
1267 2238 1326 2268 62.

366 2291 418 2322 De
436 2288 692 2335 impedimento
708 2288 929 2322 matrimonii
948 2288 995 2321 ob
1011 2289 1373 2334 consanguinitatem,

418 2348 497 2378 3711,

371 2402 500 2433 Contra
518 2399 706 2434 divortium
728 2404 762 2432 et
778 2399 918 2445 nuptias
934 2405 1013 2445 post
1029 2399 1163 2446 ipsum,
1189 2403 1273 2440 216,
1291 2405 1373 2439 220,

420 2461 501 2490 221.

373 2512 423 2544 De
448 2511 613 2555 qualitate
631 2510 833 2543 dixinorum
858 2510 1062 2544 officiorum
1077 2537 1085 2550 ‚
1107 2514 1189 2545 398.

372 2569 423 2600 De
439 2567 674 2613 conceptione
690 2566 801 2599 heatae
819 2565 938 2598 Mai-iae
953 2593 960 2605 ,
979 2569 1061 2603 171.

372 2624 423 2656 De
443 2622 528 2656 sesto
545 2621 832 2656 Machabaeorum
845 2648 852 2661 ,
870 2626 928 2657 98.

372 2679 544 2712 Adversus
562 2677 730 2710 clericum
746 2677 977 2721 conjugatum
998 2680 1031 2709 et
1048 2675 1199 2709 militem
1215 2702 1223 2713 ,
1246 2679 1326 2709 203.

375 2733 546 2767 Adversus
587 2743 647 2766 eos
685 2733 747 2777 qui
791 2730 964 2765 beneficia
1003 2730 1122 2776 pueris
1165 2730 1375 2769 conferunt,

425 2792 514 2828 271,
539 2793 619 2825 [126.

378 2846 505 2878 Contra
525 2843 645 2877 turbas
674 2843 918 2883 ecclesiarum,
938 2845 1005 2877 156
1027 2870 1035 2882 ,
1059 2846 1146 2883 157,
1169 2848 1237 2876 230
1252 2870 1260 2882 ,
1287 2846 1355 2877 318
1369 2869 1377 2882 ,

425 2905 504 2936 151.

376 2957 504 2988 Contra
537 2954 708 2987 occisores
745 2954 975 2992 clericorum,
1012 2957 1190 2988 158-163.

375 3012 443 3044 Pro
461 3009 600 3044 diversis
631 3009 740 3042 causis
770 3009 1026 3049 ecclesiasticis,
1048 3014 1092 3045 19
1107 3037 1114 3048 ,
1137 3014 1180 3043 20
1195 3037 1202 3043 .
1228 3015 1289 3049 22,
1313 3013 1376 3045 30,

425 3069 482 3105 59,
514 3069 598 3104 251,
624 3066 706 3103 261,
727 3068 812 3103 262,
835 3069 917 3104 270,
938 3069 1020 3100 233.
1044 3070 1126 3105 235,
1151 3070 1231 3102 311.

377 3123 444 3155 I’ro
467 3119 608 3164 juribus
633 3119 859 3152 ecclesiarum
886 3130 945 3153 seu
977 3121 1297 3160 monasteriorum,
1320 3124 1377 3160 11,

425 3178 561 3216 15,16,
586 3179 643 3214 13,
669 3177 906 3215 1161203,
930 3179 1118 3213 20“ι,352.

377 3242 427 3274 De
446 3235 727 3283 exemptionibus
744 3237 1040 3269 monasteriorum
1056 3264 1063 3272 ,
1084 3241 1165 3277 179,
1188 3242 1271 3278 183,
1294 3242 1375 3271 323.

423 3382 435 3395 “
455 3380 632 3412 Numeriem
653 3385 733 3410 notre
750 3378 911 3421 epistolam
931 3378 1106 3418 designaut.

1609 1236 1659 1268 De
1674 1246 1798 1268 suinmo
1812 1233 1970 1279 Pontifice
1983 1240 2014 1268 et
2027 1234 2122 1268 curia
2139 1235 2298 1270 Romana.

1440 1345 1654 1378 Hortatoriae
1685 1345 1728 1379 ad
1767 1344 2033 1391 suscipiendum
2063 1346 2334 1387 Innocentium,
2367 1352 2448 1386 121-
2472 1352 2482 1356 ’
2510 1325 2511 1332 ¹

1489 1405 1577 1441 131,
1602 1406 1767 1437 tas-Mo.

1441 1458 1758 1502 Congratulatoriae
1784 1458 1826 1492 de
1843 1457 1994 1502 Eugenii
2014 1458 2206 1497 electione,
2227 1463 2296 1492 237
2311 1485 2319 1499 ,
2340 1463 2422 1495 238.

1439 1514 1508 1546 Pro
1543 1513 1835 1548 reconciliatione
1862 1510 2115 1547 'Romanorum
2153 1525 2234 1548 cum
2266 1515 2446 1560 Eugenio,
2508 1515 2511 1520 ⁴

1487 1573 1570 1608 243,
1590 1572 1672 1604 211.

1440 1626 1493 1658 De
1511 1630 1625 1658 morte
1643 1624 1803 1668 ejusdem
1823 1624 1974 1669 Eugenii
1988 1651 1996 1658 .
2015 1628 2098 1662 137.

1439 1682 1508 1714 Pro
1527 1681 1723 1714 reverentia
1739 1691 1820 1725 erga
1840 1680 2047 1714 Pontificem
2063 1707 2071 1720 ‚
2093 1683 2177 1721 176,
2200 1685 2281 1715 183.

1440 1737 1666 1771 Paraeneticae
1693 1736 1736 1770 ad
1764 1736 1972 1770 Pontificem
1990 1747 2056 1782 pro
2075 1736 2283 1771 defensione
2309 1748 2452 1785 oppres·
2487 1732 2511 1787 ‘¹'

1489 1803 1609 1826 sorum
1625 1820 1633 1833 ,
1655 1797 1737 1832 198,
1760 1794 1843 1833 199,
1864 1797 1948 1832 217,
2027 1833 2029 1839 ,

1441 1849 1509 1882 Pro
1526 1858 1612 1893 pace
1628 1846 1876 1894 procuranda,
1900 1851 1979 1881 358.

1441 1905 1510 1937 Pro
1528 1903 1749 1937 monasteriis
1761 1930 1770 1943 ,
1792 1908 1873 1937 273.

1443 1959 1700 1993 Admonitoriae
1719 1959 1762 1992 ad
1778 1958 2028 1993 cancellarium
2048 1963 2177 1993 sanctae
2196 1960 2368 1994 Romanae
2387 1962 2453 1995 Ec-

1493 2015 1626 2056 clesiae,
1650 2020 1735 2056 311,
1757 2018 1838 2051 362.

1445 2073 1578 2106 Contra
1592 2071 1782 2117 quemdam
1801 2071 1956 2116 legatum
1972 2097 1980 2110 ,
1997 2075 2080 2105 290.

1825 2185 1876 2217 De
1895 2183 2081 2229 Episcopis.

1446 2295 1514 2328 Pro
1533 2293 1706 2327 electione
1732 2293 1910 2340 episcopi,
1931 2297 2014 2327 202.

1446 2352 1515 2385 Pro
1533 2349 1807 2385 confirmatione
1824 2349 2090 2396 episcoporum,
2110 2352 2168 2388 13,
2190 2352 2358 2389 170-172,
2372 2351 2441 2386 219
2458 2352 2468 2358 ’

1495 2411 1576 2442 318.

1446 2461 1685 2497 Deliberativa
1699 2489 1707 2502 ,
1725 2472 1769 2495 an
1789 2461 2028 2507 acceptandus
2046 2460 2268 2506 episcopatus
2281 2487 2289 2500 ,
2310 2464 2343 2495 8.

1448 2521 1577 2553 Contra
1612 2517 1784 2563 quasdam
1815 2517 2023 2555 electiones,
2061 2519 2145 2555 155,
2166 2517 2352 2556 161-170,
2372 2519 2454 2557 250,
2502 2519 2511 2557 5¹

1494 2579 1576 2613 275,
1607 2578 1691 2613 280,
1730 2577 1903 2611 328-[230.

1448 2631 1500 2663 De
1525 2634 1621 2662 recta
1641 2628 1849 2674 episcopalis
1875 2627 2056 2673 dignitatis
2075 2626 2398 2669 administratione,
2419 2628 2440 2662 9

1495 2689 1553 2725 10,
1580 2690 1780 2724 25-23,12.

1447 2740 1701 2774 Exhortatoriae
1720 2740 1763 2774 ad
1781 2740 2039 2779 humilitatem,
2063 2742 2130 2775 392
2144 2765 2152 2778 ‚
2173 2740 2256 2774 393.

1449 2795 1764 2840 Congratulatoriae
1779 2793 1827 2829 ob
1843 2805 1966 2841 pacem
1983 2798 2209 2840 procuratam
2221 2819 2230 2834 ,
2253 2795 2309 2828 29.

1451 2850 1766 2894 Congratulatoriae
1789 2849 1837 2884 ob
1860 2860 2018 2885 amorem
2036 2859 2236 2896 pauperum
2253 2854 2287 2884 et
2304 2858 2455 2895 pauper·
2501 2846 2504 2861 ¹

1496 2905 1595 2945 tatis,
1619 2911 1660 2939 23
1678 2932 1686 2945 ‚
1710 2909 1767 2940 21.

1451 2961 1773 2996 Commendatoriae
1790 2971 1856 3007 pro
1874 2959 2038 2994 Remensi
2058 2959 2344 3005 archiepiscopo,
2364 2961 2453 2998 217.

1499 3021 1568 3053 281
1582 3044 1590 3057 ,
1616 3020 1768 3053 131-133
1782 3043 1790 3057 ,
1823 3019 1990 3051 136-138.

1451 3073 1773 3106 Connnendatoriae
1786 3082 1851 3118 pro
1867 3071 1942 3105 aliis
1956 3070 2127 3116 episcopis
2140 3097 2148 3110 ,
2163 3074 2232 3107 291
2243 3092 2253 3096 -
2268 3071 2335 3104 296
2349 3096 2358 3108 .
2373 3071 2453 3109 502,
2502 3094 2503 3098 ,

1500 3132 1591 3168 305,
1615 3132 1680 3162 307
1699 3155 1707 3168 ,
1729 3132 1818 3167 339,
1842 3131 1932 3167 340,
1954 3130 2047 3167 312,
2070 3130 2151 3162 128.

1452 3184 1519 3216 Pro
1538 3182 1710 3229 episcopis
1728 3182 1915 3229 depositis,
1937 3185 2006 3216 212
2024 3208 2032 3221 ,
2049 3183 2139 3222 216,
2157 3185 2240 3215 257.

1455 3238 1695 3283 Apologeticae
1711 3238 1959 3284 cpiscoporum
1978 3236 2072 3283 apud
2090 3247 2205 3282 regeS,
2228 3240 2271 3273 15
2285 3262 2292 3275 ,
2312 3237 2373 3275 16,
2394 3236 2450 3270 [⁸7-
