2517 3920
380 161 478 198 1219
1035 161 1313 197 ADMONITIO
1341 162 1391 195 IN
1422 159 1724 196 OPUSCULUM
1751 160 1796 195 V.
2355 162 2460 202 1220‘

427 239 467 276 7.
487 236 564 276 Sed
590 237 673 275 haec
701 238 792 275 satis
815 236 866 275 ad
891 236 1168 276 illustrandam
1184 236 1418 289 Apologiam
1438 243 1667 286 sequentem
1682 265 1691 283 ,
1719 247 1844 285 quam
1866 235 1907 272 in
1937 234 2036 273 duas
2061 244 2192 287 partes
2216 236 2455 291 distinguere

371 317 584 355 possumus
609 320 618 341 ε
643 304 684 341 in
700 317 874 355 quarum
889 304 1020 354 prima
1038 304 1310 355 corripiuntur
1327 301 1595 340 cistercienses
1612 331 1621 348 ‚
1650 299 1760 352 quod
1779 300 2099 340 Cluniacensium
2116 303 2304 341 institutis
2318 303 2454 343 detra-

372 368 540 415 herent;
564 369 606 406 in
626 368 797 408 secunda
822 368 1142 407 Cluniacensium
1161 367 1457 420 superfluitates
1478 374 1716 418 arguuntur.
1748 364 1843 404 Ideo
1871 366 1970 404 duas
1989 366 2172 418 epistolas
2197 377 2310 406 vocat
2336 368 2456 409 codex

372 433 787 483 Majoris-Monasterii
805 465 815 483 ‚
845 435 886 472 iu
908 448 989 485 quo
1013 435 1067 472 ita
1084 434 1284 485 inscriptio
1302 433 1446 485 legitur
1469 448 1479 469 ε
1502 450 1518 465 «
1543 432 1688 483 Incipit
1703 431 2002 484 Apologeticuin
2019 432 2157 471 domni
2177 432 2367 471 Bernardi
2384 434 2455 472 ab·

375 516 394 533 »
418 499 520 538 batis
535 508 671 538 contra
689 499 1006 538 cisterciensium
1030 498 1289 537 detractiones
1305 528 1314 546 ‚
1337 498 1387 536 ad
1408 497 1675 537 Guillelmum
1694 497 1879 536 abbatem
1897 515 1906 536 ε
1926 497 2148 550 dividitque
2175 508 2387 538 tractatum
2412 501 2453 539 in

374 582 391 598 n
411 563 511 604 duas
526 565 721 616 epistolas.
755 583 770 599 ι
800 565 1061 604 Praemittitur
1075 564 1240 615 epistola
1267 564 1504 615 octogesima
1524 571 1666 614 quarta
1689 562 1813 601 instar
1835 562 2144 613 praefatiunculae
2162 593 2171 611 ,
2196 577 2278 614 quo
2296 565 2455 604 nomine

371 642 459 668 eain
488 629 711 669 Bel-nardus
736 630 914 683 designat
940 632 981 668 in
999 629 1163 681 epistola
1187 630 1421 682 octogesima
1450 629 1591 680 quinta
1616 637 1655 667 et
1681 629 1723 666 in
1749 628 1915 680 epistola
1934 629 2169 681 octogesima
2188 637 2339 668 octava.
2373 629 2455 669 Hoc

369 695 610 747 opusculum
628 695 840 748 Rotomagi
861 696 1040 747 primum
1056 709 1138 733 una
1166 708 1259 733 cum
1287 703 1457 734 tractatu
1479 693 1528 733 de
1556 694 1757 746 Praecepto
1778 702 1818 732 et
1845 694 2147 746 Dispensatione
2164 725 2173 743 ‚
2203 703 2324 746 atque
2345 694 2456 735 libris

372 760 421 799 de
448 760 789 809 Consideratione‚
819 760 970 812 absque
998 760 1264 813 designatione
1291 761 1384 798 anni
1404 759 1615 812 vulgatum
1638 768 1696 798 est
1711 759 1786 798 sub
1806 759 1882 799 hoc
1900 760 2018 799 titulo
2045 777 2054 798 :
2078 778 2094 794 α
2128 759 2272 812 Incipit
2296 759 2456 799 libellus

376 844 393 860 »
414 826 604 865 Bernardi
629 826 782 865 abbatis
799 825 848 865 de
865 824 1152 864 concordantia
1181 833 1359 864 statuum
1381 824 1676 877 religiosorum,
1704 826 1773 876 qui
1800 839 1873 877 pro
1889 833 2067 877 tempore
2087 840 2159 865 suo
2185 834 2311 864 erant.
2332 842 2350 859 ι»
2371 824 2455 864 Suh

371 891 512 930 eodem
528 892 646 931 titulo
665 892 772 931 idem
799 892 899 931 liber
920 890 1135 942 aliquando
1165 890 1394 929 laudatura
1416 889 1619 928 willelmo
1649 889 1845 929 monacho
1875 891 1917 928 in
1939 890 2042 930 libro
2069 890 2239 929 Florum
2258 904 2306 929 ex
2324 899 2455 929 sancto

374 956 591 995 Bernardo.
