2565 3952
58 186 129 224 137

985 186 1248 223 EPISTOLAE.

109 264 169 302 12.
192 262 265 301 Sed
285 262 380 313 quid
405 262 452 300 ad
475 275 536 300 me
552 292 561 310 ‚
583 262 738 313 inquis?
759 262 829 300 Ille
849 261 989 300 viderit
1011 262 1071 300 cui
1090 261 1103 279 ⁹

2088 193 2160 229 13³

1109 261 1122 279 ²
1140 263 1258 309 vixit,
1282 275 1416 314 passus
1437 276 1476 301 es
1494 264 1689 315 elongari,
1708 265 1760 302 ita
1782 275 1823 303 ut
1843 268 1878 303 in
1901 267 2048 306 foveam
2068 285 2163 321 quo-

53 326 144 364 mihi
164 324 430 363 contradicere
452 325 506 362 fas
538 338 617 361 non
646 333 739 362 erat.
770 328 856 362 Non
879 333 936 361 est
963 323 1076 361 disci-
1094 325 1126 359 A
1143 338 1218 375 que
1239 333 1328 375 post
1348 338 1436 361 eum
1452 353 1461 371 ,
1483 338 1561 362 non
1585 326 1740 375 quidem
1766 328 1874 365 caecis
1891 357 1899 373 ,
1919 330 1984 366 sed
2006 333 2161 381 apertis,

51 387 164 438 pulus
181 398 298 436 super
321 386 563 436 magistrum.
586 385 795 422 Docendus
809 414 818 431 ,
837 397 915 421 non
937 384 1077 421 doctu-

52 461 140 494 rus,
158 446 242 496 ejus
271 447 380 484 lateri
407 446 663 484 adhaerebam.
695 446 810 496 Sequi
833 445 973 493 debui,
996 459 1076 483 non

52 508 188 559 praeire
204 517 483 559 praeceptorem
506 508 670 545 auditor.
690 511 721 546 Ο
743 509 903 545 istorum
924 517 1071 559 tempo—

54 583 136 607 rum
157 570 274 607 Paule
295 570 457 620 simplex
474 599 483 616 ,
504 570 534 607 si
556 577 683 606 tamen
708 578 746 606 et
763 569 826 606 ille
850 570 1013 606 alterum
1032 582 1070 606 se

53 629 121 668 tibi
146 629 381 668 exhibuisset
403 631 613 667 Antonium
629 659 638 677 ‚
660 638 704 667 ut
723 629 912 680 quidquid
932 630 993 667 vel
1015 630 1072 667 le—

52 691 151 728 viter
170 690 218 727 de
234 689 346 727 labiis
367 688 450 740 ejus
467 690 719 741 procederet,
739 704 892 728 necesse
909 703 987 726 non
1008 690 1073 727 ha-

52 751 161 789 beres
183 750 394 797 discutere,
419 751 483 788 sed
507 751 588 788 sine
606 751 852 788 cunctatione
874 750 921 787 ad
942 750 1073 787 omnia

52 813 144 850 nihil
164 812 340 850 haesitans
356 811 557 850 obedires!
578 816 610 851 Ο
631 813 864 850 monachum
883 812 1072 850 obedien-

52 874 237 911 tissimum
250 903 260 921 ,
278 874 341 911 cui
361 887 409 911 ex
424 873 663 924 quibuslibet
683 874 880 911 seniorum
902 872 1072 911 verbulis

51 949 98 973 ne
112 949 232 973 unum
248 935 405 986 quidem
420 936 498 973 iota
516 937 783 986 praetervolet!
804 939 889 974 'Non
909 935 1073 973 attendit

50 997 161 1047 quale
186 997 234 1035 sit
261 997 368 1048 quod
388 998 615 1048 praecipitur
631 1026 640 1044 ‚
663 998 737 1035 hoc
761 998 844 1035 solo
867 1005 1072 1034 contentus

1143 398 1252 422 more
1272 385 1442 432 Balaam,
1465 386 1586 423 oculis
1608 386 1744 423 cadere
1766 401 1845 424 non
1867 399 2067 428 cunctatus
2088 392 2136 429 sis
2155 409 2162 429 :

1145 453 1251 492 tune,
1268 446 1442 496 inquam,
1461 446 1568 483 illum
1586 456 1652 483 tuo
1668 447 1719 484 ita
1731 446 1925 486 beandum
1941 452 2085 499 putasti
2097 452 2163 488 ob-

1139 506 1295 557 sequio,
1316 515 1359 543 ut
1375 515 1500 544 morte
1520 507 1575 544 illi
1594 508 1811 558 graviorem
1834 509 2053 549 exhibueris
2070 512 2164 549 obc-

1143 568 1352 605 dientiam?
1381 572 1533 607 Revera
1565 583 1668 608 nunc
1696 572 1901 621 experior,
1932 587 2047 623 quam
2075 588 2165 612 vera

1143 630 1192 668 sit
1211 630 1275 667 illa
1296 631 1484 667 sententia
1503 645 1510 667 :
1535 634 1685 668 Inimici
1705 632 1882 680 hominis,
1906 636 2102 672 domestici
2122 639 2166 672 I‘l-

1143 693 1214 727 lius
1229 691 1257 728 ⁴'.
1281 691 1340 730 Sic
1363 691 1494 741 itaque
1515 692 1696 740 sentiens,
1718 693 1771 730 sic
1788 694 1965 732 conscius
1983 695 2065 746 ipse
2081 696 2163 741 tihi,

1142 764 1296 799 nonne,
1319 751 1349 788 si
1370 752 1471 803 sapis
1488 782 1497 799 ,
1525 753 1666 803 gemis3
1690 762 1727 791 et
1745 755 1775 791 si
1796 768 1876 792 non
1897 755 2059 807 desipis,
2084 767 2163 795 tre—

1141 812 1236 849 mis?
1268 814 1422 864 Quippe
1459 812 1570 864 cujus
1605 814 1826 853 obedientia
1859 830 1938 854 non
1966 831 2073 866 meo,
2098 819 2164 856 sed

1140 874 1322 912 Veritatis
1343 874 1515 924 judicio,
1542 874 1655 926 pejor
1679 876 1837 914 inventa
1866 887 1923 916 est
1942 879 2164 917 homicidio.

1200 936 1260 973 13.
1287 936 1325 974 Si
1350 936 1432 974 haec
1453 951 1532 974 non
1562 938 1733 988 ignoras,
1760 940 1959 990 quomodo
1986 955 2065 978 non
2087 950 2165 979 tre-

1141 997 1282 1048 pidas?
1303 998 1409 1047 quod
1438 998 1468 1036 si
1499 999 1687 1050 trepidas,
1719 1001 1917 1050 quomodo
1938 1015 2017 1039 non
2038 1016 2167 1040 emen—

52 1059 142 1109 quia
173 1059 400 1110 praecipitur
423 1065 451 1095 ²¹.
477 1062 524 1096 Et
555 1059 637 1097 haec
662 1067 720 1096 est
743 1057 964 1095 obedientia
993 1058 1074 1095 sine
1097 1061 1122 1095 B
1142 1057 1233 1095 dare
1260 1058 1440 1096 festinas?
1469 1060 1654 1110 Alioquin
1685 1062 1839 1111 qualem
1870 1063 1959 1100 hinc
1995 1063 2043 1100 ad
2070 1065 2165 1102 illud

52 1133 172 1156 mora.
194 1120 231 1157 Si
252 1120 303 1157 ita
324 1128 503 1171 oportet,
529 1120 612 1157 sine
635 1132 748 1157 causa
775 1119 915 1170 legitur
937 1118 975 1156 in
999 1122 1073 1156 Ec-

52 1181 189 1220 clesia:
212 1183 355 1218 Omnia
366 1182 541 1232 probate,
561 1183 666 1231 quod
679 1181 816 1218 boman
836 1190 890 1216 est
910 1189 1030 1216 tenete
1046 1186 1072 1217 ¹.

51 1243 89 1280 Si
108 1243 160 1280 ita
185 1252 363 1294 oportet,
386 1244 581 1281 deleamus
604 1243 685 1293 jam
707 1243 754 1280 de
773 1242 872 1279 libro
896 1246 1074 1292 Evange—

51 1304 111 1351 lii,
144 1308 274 1341 Estote
286 1307 494 1354 prudentes
510 1310 608 1341 sicut
624 1313 816 1353 seipenles
829 1333 840 1348 ,
858 1304 1074 1340 sufficiente

51 1365 197 1416 quippe
220 1365 327 1415 quod
360 1365 552 1415 sequitur,
586 1373 622 1401 et
659 1367 854 1414 simplices
882 1368 982 1400 sicut
1010 1378 1075 1400 co·-

52 1425 194 1462 lumboe
211 1431 237 1462 ².
259 1430 336 1464 Nec
354 1425 442 1463 dico
462 1439 483 1463 a
501 1424 664 1463 subditis
685 1425 867 1462 mandata
884 1424 1073 1476 praeposi-

52 1495 179 1524 torum
210 1500 291 1524 esse
314 1486 585 1536 dijudicanda,
615 1485 682 1523 ubi
704 1485 756 1523 nil
773 1485 905 1536 juberi
932 1485 1073 1536 depre—

53 1547 234 1585 henditur
272 1547 413 1585 divinis
456 1547 696 1585 contrarium
734 1547 920 1585 institutis
962 1561 970 1584 :
1006 1546 1072 1584 sed

52 1609 303 1647 necessariam
329 1623 458 1647 assero
485 1618 524 1646 et
542 1609 810 1660 prudentiam,
833 1622 909 1659 qua
935 1608 1074 1646 adver-

53 1678 153 1707 tatur
170 1671 200 1708 si
225 1670 319 1721 quid
344 1670 595 1717 adversatur3
617 1679 655 1708 et
678 1670 915 1717 libertatem,
940 1683 1016 1720 qua
1037 1677 1075 1706 et

52 1732 217 1782 ingenue
235 1739 516 1769 contemnatur.
539 1734 727 1770 Caeterum
754 1731 845 1778 iste,
863 1731 964 1768 Nihil
981 1761 990 1778 ,
1012 1731 1074 1768 in-

52 1793 159 1843 quit,
180 1791 304 1830 habeo
325 1792 566 1842 interrogare
588 1807 596 1830 :
626 1792 770 1830 viderit
791 1793 854 1829 ille
875 1791 967 1842 quid
983 1791 1075 1842 jus-

1142 1119 1312 1157 tribunal
1351 1121 1562 1158 terrificum
1599 1123 1874 1160 conscientiam
1905 1133 2059 1174 portas,
2099 1124 2166 1162 ubi

1137 1179 1260 1229 judex
1279 1189 1374 1218 teste
1395 1195 1474 1218 non
1490 1182 1658 1232 indiget,
1683 1182 1751 1220 ubi
1767 1184 1908 1221 veritas
1929 1184 2082 1222 discutit
2105 1186 2168 1222 in—

1143 1241 1357 1288 tentiones,
1381 1242 1448 1280 ubi
1469 1243 1667 1293 inquisitio
1696 1245 1898 1295 culparum
1919 1246 2102 1296 pertingit
2120 1248 2168 1284 ad

1142 1301 1274 1339 abdita
1296 1303 1446 1349 cordis,
1467 1303 1535 1340 ubi
1557 1304 1724 1354 denique
1745 1306 2022 1343 secretissimos
2043 1321 2170 1344 reces-

1143 1375 1207 1399 sus
1224 1363 1413 1400 mentium
1433 1363 1588 1401 divinus
1611 1365 1674 1401 ille
1695 1365 1899 1416 investigat
1926 1366 2106 1415 intuitus,
2131 1379 2168 1406 et

1143 1423 1191 1460 ad
1220 1423 1391 1462 subitum
1414 1425 1523 1462 illum
1550 1426 1646 1463 Solis
1666 1425 1825 1475 justitiae
1857 1427 2066 1478 fulgorem,
2083 1430 2167 1466 ani-

1142 1499 1293 1522 marum
1319 1487 1482 1537 expansi
1514 1487 1640 1533 sinus,
1670 1496 1810 1525 cuncta
1838 1488 1917 1525 sive
1938 1487 2060 1537 bona,
2089 1491 2168 1527 sive

1141 1547 1241 1583 mala
1258 1556 1445 1585 evomunt
1463 1561 1549 1598 quae
1567 1547 1768 1585 celabant?
1789 1548 1868 1596 Ibi,
1889 1550 2006 1587 frater
2022 1551 2144 1588 Adam
2158 1581 2167 1599 ,

1143 1609 1324 1647 facientes
1342 1618 1379 1647 et
1397 1610 1683 1648 consentientes
1704 1611 1789 1661 pari
1808 1625 1920 1661 poena
1941 1612 2167 1662 punientur.

1142 1669 1200 1708 Ibi
1222 1671 1325 1708 fures
1346 1680 1384 1709 et
1404 1672 1497 1709 socii
1516 1672 1645 1709 furum
1667 1672 1830 1709 similem
1853 1681 1942 1710 sunt
1967 1676 2168 1725 excepturi

1143 1733 1386 1770 sententiam.
1418 1732 1477 1770 Ibi
1512 1747 1583 1784 par
1609 1732 1796 1770 subibunt
1822 1733 2012 1783 judicium
2044 1737 2169 1787 etqui

1144 1793 1305 1841 lactant,
1337 1802 1376 1832 et
1393 1794 1459 1844 qui
1481 1794 1675 1831 lactantur
1697 1803 1932 1845 peccatores.
1958 1798 2076 1846 Perge
2097 1797 2169 1847 igi-

52 1853 153 1890 serit.
184 1854 274 1901 Dic,
305 1867 456 1904 quaeso,
490 1854 520 1890 si
553 1853 643 1890 dato
674 1853 712 1890 in
755 1866 892 1890 manus
929 1853 1075 1903 gladi0‚
1099 1856 1125 1892 C
1144 1864 1207 1892 tur
1219 1855 1299 1906 jam
1322 1856 1468 1904 dicere,
1490 1856 1592 1905 Quid
1609 1856 1656 1894 ad
1672 1870 1733 1894 me
1748 1858 1762 1893 Ρ
1780 1857 1843 1894 ille
1862 1857 2015 1895 viderit.
2041 1863 2168 1909 Tange

52 1926 162 1950 suum
188 1922 223 1950 te
242 1913 566 1964 armarijussisset
589 1914 627 1950 in
641 1912 821 1964 jugulum
834 1943 844 1960 ,
867 1913 1078 1964 acquievis-

51 1977 137 2012 ses?
169 1983 236 2012 aut
255 1976 286 2012 si
313 1989 352 2013 se
381 1984 448 2013 tuo
468 1976 654 2013 voluisset
677 1975 847 2026 impulsu
877 1976 915 2012 in
946 1975 1075 2024 ignem

50 2037 111 2074 vel
127 2037 169 2074 in
189 2050 329 2087 aquam
351 2037 591 2088 praecipitem
613 2036 715 2084 dari,
740 2036 1075 2087 obtemperasses?

6 2114 12 2117 ·
50 2102 188 2136 Nonne
209 2099 323 2136 etiam
349 2097 396 2135 ab
417 2098 475 2135 his
496 2112 574 2135 non
593 2098 801 2149 prohibere
819 2112 905 2135 cum
930 2098 1072 2149 possis,

49 2159 89 2196 in
111 2159 256 2197 crimen
280 2159 347 2196 tibi
375 2168 578 2210 reputatur
608 2159 832 2196 homicidii?
856 2164 935 2209 Age
957 2173 1071 2209 ergo,

50 2221 138 2259 vide
155 2235 204 2259 ne
225 2222 324 2259 forte
343 2221 414 2259 sub
438 2230 629 2272 praetextu
648 2221 880 2258 obedientiae
898 2222 935 2258 in
955 2222 1072 2272 quid-

50 2282 153 2332 piam
184 2283 218 2320 ei
238 2283 392 2333 gravius
417 2283 649 2320 inservieris.
677 2286 762 2320 Non
786 2283 940 2333 ignoras
969 2292 1073 2320 certe

50 2343 135 2393 quis
159 2343 299 2381 dixerit
318 2344 435 2397 (nam
467 2345 559 2382 mihi
584 2344 675 2381 hinc
704 2344 863 2381 fortasse
885 2358 963 2381 non
986 2358 1073 2382 cre-

50 2403 184 2456 deres)
217 2405 401 2456 expedire
433 2405 613 2443 scandala
646 2404 873 2442 facientibus
900 2405 1069 2456 demergi

49 2465 178 2515 potius
206 2466 246 2503 in
282 2467 522 2517 profundum
550 2466 666 2504 maris
687 2467 713 2503 3.
742 2469 820 2505 Cur
853 2467 926 2504 hoc
954 2467 1069 2514 dixit,

50 2527 123 2564 nisi
143 2528 233 2578 quia
262 2529 477 2580 significare
498 2529 624 2566 voluit
656 2537 733 2565 tam
757 2529 888 2579 gravia
913 2528 1000 2566 illos
1031 2529 1071 2566 in

49 2597 249 2638 posterum
276 2604 433 2628 manere
463 2599 676 2636 tormenta,
701 2598 744 2627 ut
768 2590 822 2627 eis
849 2598 1073 2640 comparata

51 2662 155 2688 mors
187 2653 433 2703 temporalis,
466 2666 538 2690 nec
563 2652 726 2704 poenalis
753 2664 835 2689 esse
869 2651 1070 2699 videatur,

1144 1917 1269 1969 picem
1285 1948 1294 1965 ,
1317 1926 1355 1956 et
1376 1918 1436 1956 dic
1450 1948 1460 1966 ,
1483 1922 1570 1957 Non
1589 1932 1673 1956 sum
1690 1919 1916 1969 inquinatus
1931 1919 1979 1957 ab
2001 1934 2054 1957 ea.
2074 1920 2169 1958 Abs-

1144 1979 1269 2016 conde
1303 1979 1432 2030 ignem
1472 1980 1511 2017 in
1534 1980 1620 2017 sinu
1657 1989 1744 2027 tuo,
1779 1989 1817 2017 et
1853 1989 1889 2017 te
1914 1980 2060 2031 jactato
2090 1996 2169 2019 non

1143 2040 1267 2078 aduri.
1289 2044 1394 2078 Pone
1413 2041 1579 2092 denique
1596 2041 1817 2092 portionem
1835 2050 1940 2079 tuam
1959 2057 2046 2079 cum
2064 2043 2171 2080 adul-

1146 2102 1258 2149 teris,
1291 2102 1464 2153 nihilque
1498 2111 1563 2139 tua
1602 2103 1789 2140 interesse
1820 2112 1968 2154 putato.
2003 2109 2089 2142 Non
2117 2105 2168 2142 ita

1143 2163 1260 2201 Isaias
1288 2179 1295 2201 :
1326 2163 1524 2215 redarguit
1553 2164 1654 2201 enin]
1682 2178 1721 2202 se
1747 2165 1875 2216 ipsum
1892 2195 1901 2212 ‚
1933 2180 2011 2203 non
2044 2168 2168 2204 solum

1142 2225 1231 2274 quia
1252 2225 1334 2275 ipse
1350 2224 1596 2273 immundus,
1618 2225 1685 2263 sed
1703 2235 1740 2263 et
1760 2227 1867 2277 quod
1888 2228 2012 2265 socius
2030 2229 2077 2266 sit
2097 2229 2169 2265 im-

1142 2285 1392 2323 mundorum.
1422 2288 1547 2333 Quia,
1573 2286 1774 2337 inquiens,
1793 2293 1856 2325 vir
1866 2292 2034 2338 pollutus
2056 2289 2169 2326 labiis*

1143 2360 1209 2396 ego
1241 2361 1342 2392 sum,
1377 2357 1412 2383 et
1440 2352 1478 2383 isc
1515 2350 1639 2384 medio
1661 2352 1797 2398 populi
1834 2353 2034 2387 immunda
2063 2350 2167 2387 labia

1140 2407 1312 2444 habentis*
1338 2422 1404 2457 ego
1428 2408 1568 2446 habito.
1597 2409 1810 2460 Redarguit
1839 2420 1966 2448 autem
1996 2426 2035 2449 se
2057 2412 2167 2449 dixe—

1140 2468 1211 2505 rim
1229 2498 1238 2515 ,
1258 2482 1336 2505 non
1366 2469 1455 2519 quia
1487 2484 1574 2506 cum
1604 2471 1712 2508 malis
1741 2471 1952 2519 habitaret,
1983 2472 2048 2509 sed
2076 2474 2166 2523 quia

1140 2530 1239 2566 mala
1272 2543 1352 2567 non
1386 2530 1638 2581 redarguerit.
1673 2533 1733 2570 Sic
1767 2547 1934 2583 namque
1965 2534 2017 2570 ait
2049 2549 2057 2570 :

1140 2592 1248 2636 milei,
1271 2596 1360 2640 (suia
1382 2598 1483 2628 tacui
1501 2592 1534 2629 ⁵!
1557 2593 1720 2641 Quando
1737 2608 1830 2631 vero
1845 2595 1926 2644 ipse
1945 2595 2087 2632 malum
2110 2596 2166 2632 sa—

1141 2665 1227 2689 cere
1249 2653 1532 2703 acquiesceret,
1563 2654 1670 2704 quod
1692 2668 1730 2692 se
1758 2655 1797 2691 in
1827 2655 1909 2692 aliis
1929 2669 2007 2692 non
2031 2655 2164 2693 redar-

2098 2537 2166 2570 Va)

51 2710 117 2748 sed
136 2712 366 2750 commoda?
386 2713 488 2763 Quid
521 2726 613 2764 ergo
633 2727 721 2750 eum
747 2712 926 2750 scandala
946 2713 1070 2750 facere
1087 2716 1121 2750 D
1139 2713 1264 2763 gnisse
1303 2714 1500 2765 redarguit
1521 2717 1535 2751 Ρ
1574 2716 1675 2765 Quid
1711 2716 1813 2753 enim
1855 2716 1969 2753 etiam
2005 2717 2129 2754 David
2151 2718 2165 2753 ?

47 2769 204 2820 juvisti?
241 2772 376 2823 juvisti
413 2774 515 2812 enim
553 2774 752 2825 sequendo
786 2774 893 2810 illum
911 2803 920 2820 ,
954 2773 1072 2810 obse-

51 2833 205 2881 quendo
234 2834 302 2871 illi.
336 2838 476 2872 Nonne
506 2835 658 2882 utilius,
690 2834 803 2884 juxta
832 2835 1070 2886 praemissam

51 2893 226 2932 Veritatis
257 2896 483 2933 sententiam
503 2926 512 2943 ,
551 2897 692 2933 molam
733 2896 937 2933 asinariam
968 2897 1070 2948 collo

53 2950 134 3001 ejus
158 2955 413 3005 suspenderes
432 2986 442 3003 ,
478 2965 515 2994 et
547 2957 600 2994 sic
633 2970 720 2993 eum
754 2957 998 3007 demergeres
1030 2949 1070 2994 in

52 3013 287 3062 profundum
305 3017 444 3054 maris?
465 3017 567 3066 Quid
585 3020 699 3068 ergo?
717 3021 773 3055 Tu
795 3018 857 3055 ille
882 3017 1072 3055 obedien-

54 3073 217 3113 tissimus
237 3076 449 3128 discipulus
463 3108 472 3125 ,
495 3079 603 3116 illum
625 3087 776 3129 patrem
801 3087 838 3116 et
857 3089 1072 3131 praecepto-

53 3144 134 3170 rem
159 3143 265 3174 tuum
282 3166 292 3183 ‚
318 3151 433 3188 quem
455 3152 503 3176 ne
521 3148 668 3190 puncto
689 3139 844 3189 quidem
866 3140 1070 3190 temporis,

53 3194 113 3231 vel
132 3203 350 3236 transverso
358 3229 369 3247 ,
386 3209 428 3238 ut
444 3200 602 3249 dicitur,
621 3200 749 3252 pedis,
768 3214 789 3238 a
810 3209 864 3248 te,
887 3201 1072 3252 quamdiu

1140 2787 1272 2811 nonne
1288 2775 1401 2812 alieni
1419 2776 1649 2826 contagione
1677 2777 1824 2827 peccati
1846 2790 1884 2814 se
1909 2786 2080 2814 senserat
2103 2778 2165 2813 in—

1139 2835 1291 2884 quinari
1320 2849 1455 2886 posse,
1500 2850 1586 2874 cum
1619 2837 1788 2884 diceret,
1831 2838 1922 2874 Cum
1953 2837 2165 2874 hominibus

1138 2896 1384 2945 (morantibus
1419 2902 1685 2947 iniquilatem,
1719 2908 1755 2935 et
1781 2914 1855 2935 mm
1882 2899 2163 2936 communicabo

1140 2971 1222 2993 cum
1245 2960 1372 2994 electis
1395 2972 1520 2994 eorum
1535 2957 1577 2996 ⁶?
1594 2959 1760 3010 denique
1779 2969 1816 2997 et
1838 2969 1922 2998 orat
1943 2961 2086 3007 dicens,
2105 2961 2164 2997 Ab

1140 3021 1295 3055 occultis
1313 3023 1407 3055 meis
1436 3022 1578 3056 munda
1600 3035 1678 3066 me,
1711 3024 1886 3065 Domine,
1908 3030 1945 3057 et
1959 3021 2007 3057 ab
2027 3024 2164 3057 alienis

1132 3094 1255 3130 parce
1270 3094 1370 3116 servo
1389 3090 1449 3116 mo
1463 3088 1489 3117 7.
1506 3081 1619 3120 [nde
1636 3082 1751 3119 etiam
1767 3083 1956 3119 malorum
1969 3113 1977 3129 ,
1995 3095 2161 3132 quorun]

1139 3141 1264 3178 noluit
1298 3142 1532 3192 participare
1571 3143 1715 3179 malum
1739 3172 1749 3189 ,
1788 3143 1935 3180 studuit
1971 3143 2162 3179 declinare

1140 3202 1392 3240 consortium.
1412 3203 1476 3239 Ait
1496 3204 1638 3240 etenim
1659 3219 1666 3240 2
1692 3205 1777 3240 ivon
1795 3206 1877 3240 secli
1901 3217 1981 3239 curn
2004 3205 2161 3238 concilio

103 3333 114 3349 ¹
136 3331 150 3360 1
166 3328 275 3363 Thess.
293 3343 332 3371 v,
353 3335 408 3365 21.
430 3352 476 3357 —
495 3339 508 3356 ²
527 3334 644 3368 Matth.
667 3348 709 3375 x,
729 3338 781 3368 16.
807 3355 849 3359 ——
872 3334 886 3358 3
908 3337 956 3369 Id.
976 3350 1085 3383 xvm,
1109 3344 1140 3372 6.
1156 3357 1201 3361 —
1219 3338 1232 3365 4
1251 3338 1396 3370 Michaeae
1423 3351 1489 3377 vn,
1513 3344 1544 3371 6.
1566 3360 1610 3363 —
1632 3337 1732 3371 5hai.
1762 3351 1815 3378 vr,
1838 3343 1866 3370 ὸ.
1885 3358 1927 3362 -
1947 3336 1961 3359 6
1980 3337 2059 3369 Psal.
2078 3348 2158 3374 cu,

55 3382 87 3413 4.
107 3401 150 3405 —
166 3389 180 3413 7
204 3385 284 3417 Psal.
307 3390 500 3426 xv111,13,
523 3391 574 3420 14.

1162 3396 1175 3411 ²
1192 3394 1280 3426 Alias
1297 3393 1382 3426 deest
1397 3393 1457 3425 hoc
1478 3393 1666 3425 membrum.
