<?xml version="1.0" encoding="UTF-8"?>
<!DOCTYPE html PUBLIC "-//W3C//DTD XHTML 1.0 Transitional//EN"
    "http://www.w3.org/TR/xhtml1/DTD/xhtml1-transitional.dtd">
<html xmlns="http://www.w3.org/1999/xhtml" xml:lang="en" lang="en">
 <head>
  <title>
</title>
<meta http-equiv="Content-Type" content="text/html;charset=utf-8" />
  <meta name='ocr-system' content='tesseract 3.04.00' />
  <meta name='ocr-capabilities' content='ocr_page ocr_carea ocr_par ocr_line ocrx_word'/>
</head>
<body>
  <div class='ocr_page' id='page_1' title='image "./operaomniapostho01bernuoft_0567.png"; bbox 0 0 2517 3936; ppageno 0'>
   <div class='ocr_carea' id='block_1_1' title="bbox 90 188 184 225">
    <p class='ocr_par' dir='ltr' id='par_1_1' title="bbox 90 188 184 225">
     <span class='ocr_line' id='line_1_1' title="bbox 90 188 184 225; baseline 0 -1"><span class='ocrx_word' id='word_1_1' title='bbox 90 188 184 225; x_wconf 84' lang='lat'>1117</span> 
     </span>
    </p>
   </div>
   <div class='ocr_carea' id='block_1_2' title="bbox 138 264 1139 312">
    <p class='ocr_par' dir='ltr' id='par_1_2' title="bbox 138 264 1139 312">
     <span class='ocr_line' id='line_1_2' title="bbox 138 264 1139 312; baseline 0.003 -11"><span class='ocrx_word' id='word_1_2' title='bbox 138 265 199 302; x_wconf 78' lang='lat'>22.</span> <span class='ocrx_word' id='word_1_3' title='bbox 238 264 385 300; x_wconf 87' lang='lat' dir='ltr'>Timcat</span> <span class='ocrx_word' id='word_1_4' title='bbox 422 275 512 312; x_wconf 76' lang='lat' dir='ltr'>ergo</span> <span class='ocrx_word' id='word_1_5' title='bbox 557 273 595 300; x_wconf 88' lang='lat' dir='ltr'>et</span> <span class='ocrx_word' id='word_1_6' title='bbox 633 265 703 302; x_wconf 88' lang='lat' dir='ltr'>iste</span> <span class='ocrx_word' id='word_1_7' title='bbox 743 267 912 303; x_wconf 90' lang='lat' dir='ltr'>nemoris</span> <span class='ocrx_word' id='word_1_8' title='bbox 949 267 1139 304; x_wconf 78' lang='lat' dir='ltr'>aurem.⁴⁸</span> 
     </span>
    </p>
   </div>
   <div class='ocr_carea' id='block_1_3' title="bbox 633 189 1624 234">
    <p class='ocr_par' dir='ltr' id='par_1_3' title="bbox 633 189 1624 234">
     <span class='ocr_line' id='line_1_3' title="bbox 633 189 1624 234; baseline 0.008 -11"><span class='ocrx_word' id='word_1_9' title='bbox 633 189 919 226; x_wconf 78' lang='lat' dir='ltr'>TRACTATUS</span> <span class='ocrx_word' id='word_1_10' title='bbox 948 190 1014 225; x_wconf 88' lang='lat' dir='ltr'>DE</span> <span class='ocrx_word' id='word_1_11' title='bbox 1043 192 1237 227; x_wconf 83' lang='lat' dir='ltr'>OFFICIO</span> <span class='ocrx_word' id='word_1_12' title='bbox 1270 195 1624 234; x_wconf 72' lang='lat' dir='ltr'>EPISCOPORI&#39;M.</span> 
     </span>
    </p>
   </div>
   <div class='ocr_carea' id='block_1_4' title="bbox 1143 267 1157 285">
    <p class='ocr_par' dir='ltr' id='par_1_4' title="bbox 1143 267 1157 285">
     <span class='ocr_line' id='line_1_4' title="bbox 1143 267 1157 285; baseline 0 0"><span class='ocrx_word' id='word_1_13' title='bbox 1143 267 1157 285; x_wconf 76' lang='grc'><strong>9</strong></span> 
     </span>
    </p>
   </div>
   <div class='ocr_carea' id='block_1_5' title="bbox 1223 207 2168 328">
    <p class='ocr_par' dir='ltr' id='par_1_5' title="bbox 1223 207 2168 328">
     <span class='ocr_line' id='line_1_5' title="bbox 2070 207 2168 242; baseline -0.02 -1"><span class='ocrx_word' id='word_1_14' title='bbox 2070 207 2079 241; x_wconf 94' lang='lat' dir='ltr'>l</span> <span class='ocrx_word' id='word_1_15' title='bbox 2099 208 2110 242; x_wconf 91' lang='lat' dir='ltr'>l</span> <span class='ocrx_word' id='word_1_16' title='bbox 2126 208 2168 242; x_wconf 60' lang='lat'>13</span> 
     </span>
     <span class='ocr_line' id='line_1_6' title="bbox 1223 270 2167 328; baseline 0.014 -21"><span class='ocrx_word' id='word_1_17' title='bbox 1223 270 1284 307; x_wconf 78' lang='lat'>23.</span> <span class='ocrx_word' id='word_1_18' title='bbox 1303 273 1564 309; x_wconf 87' lang='lat' dir='ltr'>Contremisco</span> <span class='ocrx_word' id='word_1_19' title='bbox 1589 282 1690 310; x_wconf 84' lang='lat' dir='ltr'>totus</span> <span class='ocrx_word' id='word_1_20' title='bbox 1704 304 1713 320; x_wconf 90' lang='lat'>,</span> <span class='ocrx_word' id='word_1_21' title='bbox 1737 284 1858 323; x_wconf 85' lang='lat' dir='ltr'>tuam,</span> <span class='ocrx_word' id='word_1_22' title='bbox 1878 280 2039 317; x_wconf 78' lang='lat' dir='ltr'>Domine</span> <span class='ocrx_word' id='word_1_23' title='bbox 2059 286 2145 319; x_wconf 82' lang='lat' dir='ltr'>Jcsu</span> <span class='ocrx_word' id='word_1_24' title='bbox 2159 312 2167 328; x_wconf 90' lang='lat'>,</span> 
     </span>
    </p>
   </div>
   <div class='ocr_carea' id='block_1_6' title="bbox 83 323 2170 389">
    <p class='ocr_par' dir='ltr' id='par_1_6' title="bbox 83 323 2170 389">
     <span class='ocr_line' id='line_1_7' title="bbox 83 323 2170 389; baseline 0.009 -29"><span class='ocrx_word' id='word_1_25' title='bbox 83 325 229 374; x_wconf 76' lang='lat' dir='ltr'>Lingua</span> <span class='ocrx_word' id='word_1_26' title='bbox 255 323 342 360; x_wconf 90' lang='lat' dir='ltr'>licet</span> <span class='ocrx_word' id='word_1_27' title='bbox 371 336 562 372; x_wconf 86' lang='lat' dir='ltr'>manuque</span> <span class='ocrx_word' id='word_1_28' title='bbox 587 324 842 370; x_wconf 80' lang='lat' dir='ltr'>cessantibus,</span> <span class='ocrx_word' id='word_1_29' title='bbox 866 326 948 363; x_wconf 89' lang='lat' dir='ltr'>auri</span> <span class='ocrx_word' id='word_1_30' title='bbox 969 335 1095 363; x_wconf 89' lang='lat' dir='ltr'>tamen</span> <span class='ocrx_word' id='word_1_31' title='bbox 1114 330 1141 362; x_wconf 88' lang='lat' dir='ltr'><strong>A</strong></span> <span class='ocrx_word' id='word_1_32' title='bbox 1165 330 1350 378; x_wconf 80' lang='lat' dir='ltr'>quantillo</span> <span class='ocrx_word' id='word_1_33' title='bbox 1372 343 1525 379; x_wconf 86' lang='lat' dir='ltr'>possum</span> <span class='ocrx_word' id='word_1_34' title='bbox 1559 332 1698 368; x_wconf 85' lang='lat' dir='ltr'>intuitu</span> <span class='ocrx_word' id='word_1_35' title='bbox 1728 336 1968 375; x_wconf 86' lang='lat' dir='ltr'>considerans</span> <span class='ocrx_word' id='word_1_36' title='bbox 1996 341 2170 389; x_wconf 78' lang='lat' dir='ltr'>majesta-</span> 
     </span>
    </p>
   </div>
   <div class='ocr_carea' id='block_1_7' title="bbox 77 382 1098 1035">
    <p class='ocr_par' dir='ltr' id='par_1_7' title="bbox 77 382 1098 1035">
     <span class='ocr_line' id='line_1_8' title="bbox 83 382 1097 433; baseline 0.002 -12"><span class='ocrx_word' id='word_1_37' title='bbox 83 384 226 433; x_wconf 89' lang='lat' dir='ltr'>ubique</span> <span class='ocrx_word' id='word_1_38' title='bbox 246 382 423 433; x_wconf 83' lang='lat' dir='ltr'>praesenti</span> <span class='ocrx_word' id='word_1_39' title='bbox 447 382 494 418; x_wconf 91' lang='lat' dir='ltr'>de</span> <span class='ocrx_word' id='word_1_40' title='bbox 515 395 758 432; x_wconf 86' lang='lat' dir='ltr'>quacumque</span> <span class='ocrx_word' id='word_1_41' title='bbox 782 386 875 422; x_wconf 80' lang='lat' dir='ltr'>silva</span> <span class='ocrx_word' id='word_1_42' title='bbox 897 385 1097 423; x_wconf 84' lang='lat' dir='ltr'>latebrosae</span> 
     </span>
     <span class='ocr_line' id='line_1_9' title="bbox 83 442 1098 494; baseline 0.002 -12"><span class='ocrx_word' id='word_1_43' title='bbox 83 443 316 494; x_wconf 79' lang='lat' dir='ltr'>duplicitatis</span> <span class='ocrx_word' id='word_1_44' title='bbox 351 450 389 479; x_wconf 91' lang='lat' dir='ltr'>et</span> <span class='ocrx_word' id='word_1_45' title='bbox 419 442 584 492; x_wconf 85' lang='lat' dir='ltr'>spinosae</span> <span class='ocrx_word' id='word_1_46' title='bbox 621 444 835 481; x_wconf 79' lang='lat' dir='ltr'>calliditatis</span> <span class='ocrx_word' id='word_1_47' title='bbox 868 447 1026 483; x_wconf 85' lang='lat' dir='ltr'>tacentis</span> <span class='ocrx_word' id='word_1_48' title='bbox 1061 456 1098 484; x_wconf 90' lang='lat' dir='ltr'>et</span> 
     </span>
     <span class='ocr_line' id='line_1_10' title="bbox 83 502 1095 554; baseline 0.002 -14"><span class='ocrx_word' id='word_1_49' title='bbox 83 503 314 554; x_wconf 89' lang='lat' dir='ltr'>quiescentis</span> <span class='ocrx_word' id='word_1_50' title='bbox 342 515 409 539; x_wconf 90' lang='lat' dir='ltr'>cor</span> <span class='ocrx_word' id='word_1_51' title='bbox 439 502 631 551; x_wconf 88' lang='lat' dir='ltr'>loquitur,</span> <span class='ocrx_word' id='word_1_52' title='bbox 666 503 845 552; x_wconf 81' lang='lat' dir='ltr'>cogitatio</span> <span class='ocrx_word' id='word_1_53' title='bbox 879 506 1095 543; x_wconf 82' lang='lat' dir='ltr'>confitetur.</span> 
     </span>
     <span class='ocr_line' id='line_1_11' title="bbox 83 561 1096 612; baseline -0.001 -11"><span class='ocrx_word' id='word_1_54' title='bbox 83 567 248 602; x_wconf 80' lang='lat' dir='ltr'>Pravum</span> <span class='ocrx_word' id='word_1_55' title='bbox 269 570 327 600; x_wconf 92' lang='lat' dir='ltr'>est</span> <span class='ocrx_word' id='word_1_56' title='bbox 358 575 425 599; x_wconf 91' lang='lat' dir='ltr'>cor</span> <span class='ocrx_word' id='word_1_57' title='bbox 454 561 620 598; x_wconf 89' lang='lat' dir='ltr'>hominis</span> <span class='ocrx_word' id='word_1_58' title='bbox 649 570 686 598; x_wconf 91' lang='lat' dir='ltr'>et</span> <span class='ocrx_word' id='word_1_59' title='bbox 714 562 1044 612; x_wconf 82' lang='lat' dir='ltr'>imperscrutabile</span> <span class='ocrx_word' id='word_1_60' title='bbox 1064 572 1096 610; x_wconf 89' lang='lat'>¹,</span> 
     </span>
     <span class='ocr_line' id='line_1_12' title="bbox 82 622 1097 674; baseline -0.001 -12"><span class='ocrx_word' id='word_1_61' title='bbox 82 625 136 662; x_wconf 87' lang='lat' dir='ltr'>ita</span> <span class='ocrx_word' id='word_1_62' title='bbox 154 632 196 661; x_wconf 90' lang='lat' dir='ltr'>ut</span> <span class='ocrx_word' id='word_1_63' title='bbox 212 636 326 661; x_wconf 90' lang='lat' dir='ltr'>nemo</span> <span class='ocrx_word' id='word_1_64' title='bbox 346 622 438 659; x_wconf 87' lang='lat' dir='ltr'>sciat</span> <span class='ocrx_word' id='word_1_65' title='bbox 450 651 459 669; x_wconf 93' lang='lat'>,</span> <span class='ocrx_word' id='word_1_66' title='bbox 478 635 563 672; x_wconf 86' lang='lat' dir='ltr'>quae</span> <span class='ocrx_word' id='word_1_67' title='bbox 578 622 721 659; x_wconf 86' lang='lat' dir='ltr'>suntin</span> <span class='ocrx_word' id='word_1_68' title='bbox 738 622 912 669; x_wconf 87' lang='lat' dir='ltr'>homine,</span> <span class='ocrx_word' id='word_1_69' title='bbox 932 624 1005 660; x_wconf 85' lang='lat' dir='ltr'>nisi</span> <span class='ocrx_word' id='word_1_70' title='bbox 1019 625 1097 674; x_wconf 87' lang='lat' dir='ltr'>spi-</span> 
     </span>
     <span class='ocr_line' id='line_1_13' title="bbox 83 682 1095 734; baseline -0.001 -12"><span class='ocrx_word' id='word_1_71' title='bbox 83 685 178 722; x_wconf 84' lang='lat' dir='ltr'>ritus</span> <span class='ocrx_word' id='word_1_72' title='bbox 197 684 362 721; x_wconf 87' lang='lat' dir='ltr'>hominis</span> <span class='ocrx_word' id='word_1_73' title='bbox 382 683 501 733; x_wconf 87' lang='lat' dir='ltr'>quiin</span> <span class='ocrx_word' id='word_1_74' title='bbox 524 696 570 719; x_wconf 90' lang='lat' dir='ltr'>eo</span> <span class='ocrx_word' id='word_1_75' title='bbox 591 691 666 729; x_wconf 75' lang='lat' dir='ltr'>est,</span> <span class='ocrx_word' id='word_1_76' title='bbox 688 682 754 719; x_wconf 90' lang='lat' dir='ltr'>sed</span> <span class='ocrx_word' id='word_1_77' title='bbox 773 696 843 720; x_wconf 92' lang='lat' dir='ltr'>nec</span> <span class='ocrx_word' id='word_1_78' title='bbox 866 683 947 733; x_wconf 88' lang='lat' dir='ltr'>ipse</span> <span class='ocrx_word' id='word_1_79' title='bbox 969 684 1095 734; x_wconf 90' lang='lat' dir='ltr'>plene.</span> 
     </span>
     <span class='ocr_line' id='line_1_14' title="bbox 81 742 1097 793; baseline -0.004 -10"><span class='ocrx_word' id='word_1_80' title='bbox 81 749 177 783; x_wconf 80' lang='lat' dir='ltr'>Nam</span> <span class='ocrx_word' id='word_1_81' title='bbox 201 757 288 781; x_wconf 89' lang='lat' dir='ltr'>cum</span> <span class='ocrx_word' id='word_1_82' title='bbox 313 743 523 793; x_wconf 84' lang='lat' dir='ltr'>Apostolus</span> <span class='ocrx_word' id='word_1_83' title='bbox 551 742 715 788; x_wconf 77' lang='lat' dir='ltr'>diceret,</span> <span class='ocrx_word' id='word_1_84' title='bbox 738 743 837 778; x_wconf 76' lang='lat' dir='ltr'>Mihi</span> <span class='ocrx_word' id='word_1_85' title='bbox 847 757 920 791; x_wconf 83' lang='lat' dir='ltr'>pro</span> <span class='ocrx_word' id='word_1_86' title='bbox 942 748 1097 779; x_wconf 76' lang='lat' dir='ltr'>minimo</span> 
     </span>
     <span class='ocr_line' id='line_1_15' title="bbox 82 802 1098 850; baseline -0.001 -9"><span class='ocrx_word' id='word_1_87' title='bbox 82 814 148 850; x_wconf 81' lang='lat' dir='ltr'>est,</span> <span class='ocrx_word' id='word_1_88' title='bbox 171 813 209 841; x_wconf 83' lang='lat' dir='ltr'>ut</span> <span class='ocrx_word' id='word_1_89' title='bbox 227 818 252 840; x_wconf 86' lang='lat' dir='ltr'>a</span> <span class='ocrx_word' id='word_1_90' title='bbox 271 803 379 840; x_wconf 74' lang='lat' dir='ltr'>vobis</span> <span class='ocrx_word' id='word_1_91' title='bbox 389 805 556 850; x_wconf 75' lang='lat' dir='ltr'>judicer,</span> <span class='ocrx_word' id='word_1_92' title='bbox 580 812 646 838; x_wconf 78' lang='grc' dir='ltr'><em>ιιιιί</em></span> <span class='ocrx_word' id='word_1_93' title='bbox 666 802 714 838; x_wconf 78' lang='grc' dir='ltr'>αἱ)</span> <span class='ocrx_word' id='word_1_94' title='bbox 737 804 900 839; x_wconf 79' lang='lat' dir='ltr'>humano</span> <span class='ocrx_word' id='word_1_95' title='bbox 928 806 1010 847; x_wconf 81' lang='lat' dir='ltr'>die;</span> <span class='ocrx_word' id='word_1_96' title='bbox 1027 804 1098 840; x_wconf 79' lang='lat' dir='ltr'>ad-</span> 
     </span>
     <span class='ocr_line' id='line_1_16' title="bbox 77 863 1098 914; baseline -0.001 -13"><span class='ocrx_word' id='word_1_97' title='bbox 77 863 170 914; x_wconf 74' lang='lat' dir='ltr'>Jecit</span> <span class='ocrx_word' id='word_1_98' title='bbox 185 878 193 901; x_wconf 90' lang='lat'><strong>:</strong></span> <span class='ocrx_word' id='word_1_99' title='bbox 211 865 286 900; x_wconf 80' lang='lat' dir='ltr'>Sed</span> <span class='ocrx_word' id='word_1_100' title='bbox 296 877 364 900; x_wconf 78' lang='lat' dir='ltr'>nec</span> <span class='ocrx_word' id='word_1_101' title='bbox 380 877 447 913; x_wconf 81' lang='lat' dir='ltr'>ego</span> <span class='ocrx_word' id='word_1_102' title='bbox 463 877 522 899; x_wconf 80' lang='lat' dir='ltr'>me</span> <span class='ocrx_word' id='word_1_103' title='bbox 538 863 809 911; x_wconf 76' lang='lat' dir='ltr'>ipsumjudico.</span> <span class='ocrx_word' id='word_1_104' title='bbox 826 865 978 912; x_wconf 76' lang='lat' dir='ltr'>Quare?</span> <span class='ocrx_word' id='word_1_105' title='bbox 992 867 1098 912; x_wconf 88' lang='lat' dir='ltr'>Quo-</span> 
     </span>
     <span class='ocr_line' id='line_1_17' title="bbox 82 923 1098 974; baseline -0.001 -13"><span class='ocrx_word' id='word_1_106' title='bbox 82 924 184 961; x_wconf 85' lang='lat' dir='ltr'>niam</span> <span class='ocrx_word' id='word_1_107' title='bbox 216 937 294 960; x_wconf 90' lang='lat' dir='ltr'>non</span> <span class='ocrx_word' id='word_1_108' title='bbox 321 936 476 974; x_wconf 88' lang='lat' dir='ltr'>possum</span> <span class='ocrx_word' id='word_1_109' title='bbox 493 953 502 969; x_wconf 92' lang='lat'>‚</span> <span class='ocrx_word' id='word_1_110' title='bbox 524 923 594 969; x_wconf 87' lang='lat' dir='ltr'>ait,</span> <span class='ocrx_word' id='word_1_111' title='bbox 615 932 735 960; x_wconf 87' lang='lat' dir='ltr'>ratam</span> <span class='ocrx_word' id='word_1_112' title='bbox 756 924 817 960; x_wconf 76' lang='lat' dir='ltr'>vel</span> <span class='ocrx_word' id='word_1_113' title='bbox 847 924 928 974; x_wconf 88' lang='lat' dir='ltr'>ipse</span> <span class='ocrx_word' id='word_1_114' title='bbox 961 923 1008 961; x_wconf 94' lang='lat' dir='ltr'>de</span> <span class='ocrx_word' id='word_1_115' title='bbox 1037 938 1098 961; x_wconf 91' lang='lat' dir='ltr'>me</span> 
     </span>
     <span class='ocr_line' id='line_1_18' title="bbox 81 983 1097 1035; baseline -0.001 -14"><span class='ocrx_word' id='word_1_116' title='bbox 81 984 255 1035; x_wconf 87' lang='lat' dir='ltr'>proferre</span> <span class='ocrx_word' id='word_1_117' title='bbox 286 983 526 1021; x_wconf 82' lang='lat' dir='ltr'>sententiam.</span> <span class='ocrx_word' id='word_1_118' title='bbox 549 985 629 1032; x_wconf 76' lang='lat' dir='ltr'>Ego</span> <span class='ocrx_word' id='word_1_119' title='bbox 650 988 749 1019; x_wconf 82' lang='lat' dir='ltr'>em&#39;m</span> <span class='ocrx_word' id='word_1_120' title='bbox 773 985 870 1020; x_wconf 76' lang='lat' dir='ltr'>m&#39;lu&#39;l</span> <span class='ocrx_word' id='word_1_121' title='bbox 888 984 983 1020; x_wconf 66' lang='lat' dir='ltr'>milti</span> <span class='ocrx_word' id='word_1_122' title='bbox 1010 999 1097 1020; x_wconf 82' lang='lat' dir='ltr'>con-</span> 
     </span>
    </p>
   </div>
   <div class='ocr_carea' id='block_1_8' title="bbox 1164 390 2170 1044">
    <p class='ocr_par' dir='ltr' id='par_1_8' title="bbox 1164 390 2170 1044">
     <span class='ocr_line' id='line_1_19' title="bbox 1166 390 2170 451; baseline 0.015 -27"><span class='ocrx_word' id='word_1_123' title='bbox 1166 397 1240 425; x_wconf 86' lang='lat' dir='ltr'>tem</span> <span class='ocrx_word' id='word_1_124' title='bbox 1254 418 1263 434; x_wconf 88' lang='lat'>,</span> <span class='ocrx_word' id='word_1_125' title='bbox 1278 390 1488 438; x_wconf 76' lang='lat' dir='ltr'>praescrtim</span> <span class='ocrx_word' id='word_1_126' title='bbox 1506 404 1591 426; x_wconf 90' lang='lat' dir='ltr'>cum</span> <span class='ocrx_word' id='word_1_127' title='bbox 1609 393 1790 429; x_wconf 86' lang='lat' dir='ltr'>recordor</span> <span class='ocrx_word' id='word_1_128' title='bbox 1803 422 1812 438; x_wconf 91' lang='lat'>,</span> <span class='ocrx_word' id='word_1_129' title='bbox 1830 395 1867 431; x_wconf 91' lang='lat' dir='ltr'>in</span> <span class='ocrx_word' id='word_1_130' title='bbox 1886 400 2036 445; x_wconf 85' lang='lat' dir='ltr'>quantis</span> <span class='ocrx_word' id='word_1_131' title='bbox 2054 401 2170 451; x_wconf 77' lang='lat' dir='ltr'>ipsius</span> 
     </span>
     <span class='ocr_line' id='line_1_20' title="bbox 1165 449 2169 500; baseline 0.014 -16"><span class='ocrx_word' id='word_1_132' title='bbox 1165 449 1372 498; x_wconf 87' lang='lat' dir='ltr'>aliquando</span> <span class='ocrx_word' id='word_1_133' title='bbox 1393 458 1637 500; x_wconf 87' lang='lat' dir='ltr'>contemptor</span> <span class='ocrx_word' id='word_1_134' title='bbox 1665 453 1886 490; x_wconf 74' lang='lat' dir='ltr'>exstiterim.</span> <span class='ocrx_word' id='word_1_135' title='bbox 1910 458 1981 493; x_wconf 83' lang='lat' dir='ltr'>Sed</span> <span class='ocrx_word' id='word_1_136' title='bbox 2011 468 2047 495; x_wconf 88' lang='lat' dir='ltr'>ct</span> <span class='ocrx_word' id='word_1_137' title='bbox 2069 474 2169 497; x_wconf 87' lang='lat' dir='ltr'>nunc</span> 
     </span>
     <span class='ocr_line' id='line_1_21' title="bbox 1165 507 2166 567; baseline 0.014 -25"><span class='ocrx_word' id='word_1_138' title='bbox 1165 521 1250 543; x_wconf 84' lang='lat' dir='ltr'>cum</span> <span class='ocrx_word' id='word_1_139' title='bbox 1267 507 1346 557; x_wconf 86' lang='lat' dir='ltr'>jam</span> <span class='ocrx_word' id='word_1_140' title='bbox 1367 522 1388 544; x_wconf 92' lang='lat' dir='ltr'>a</span> <span class='ocrx_word' id='word_1_141' title='bbox 1406 509 1498 545; x_wconf 85' lang='lat' dir='ltr'>facie</span> <span class='ocrx_word' id='word_1_142' title='bbox 1516 509 1721 558; x_wconf 83' lang='lat' dir='ltr'>majestatis</span> <span class='ocrx_word' id='word_1_143' title='bbox 1740 512 1816 561; x_wconf 76' lang='lat' dir='ltr'>fugi</span> <span class='ocrx_word' id='word_1_144' title='bbox 1842 514 1886 549; x_wconf 87' lang='lat' dir='ltr'>ad</span> <span class='ocrx_word' id='word_1_145' title='bbox 1909 529 2028 563; x_wconf 67' lang='lat' dir='ltr'>genua</span> <span class='ocrx_word' id='word_1_146' title='bbox 2047 520 2166 567; x_wconf 83' lang='lat' dir='ltr'>picta-</span> 
     </span>
     <span class='ocr_line' id='line_1_22' title="bbox 1165 567 2167 624; baseline 0.012 -22"><span class='ocrx_word' id='word_1_147' title='bbox 1165 567 1230 613; x_wconf 87' lang='lat' dir='ltr'>tis,</span> <span class='ocrx_word' id='word_1_148' title='bbox 1244 567 1337 617; x_wconf 87' lang='lat' dir='ltr'>quid</span> <span class='ocrx_word' id='word_1_149' title='bbox 1355 569 1516 618; x_wconf 90' lang='lat' dir='ltr'>amplius</span> <span class='ocrx_word' id='word_1_150' title='bbox 1533 569 1652 606; x_wconf 75' lang='lat' dir='ltr'>facio?</span> <span class='ocrx_word' id='word_1_151' title='bbox 1666 574 1810 607; x_wconf 66' lang='lat' dir='ltr'>Vereor</span> <span class='ocrx_word' id='word_1_152' title='bbox 1823 585 1870 608; x_wconf 91' lang='lat' dir='ltr'>ne</span> <span class='ocrx_word' id='word_1_153' title='bbox 1883 574 1947 622; x_wconf 88' lang='lat' dir='ltr'>qui</span> <span class='ocrx_word' id='word_1_154' title='bbox 1965 576 2167 624; x_wconf 87' lang='lat' dir='ltr'>aliquando</span> 
     </span>
     <span class='ocr_line' id='line_1_23' title="bbox 1164 627 2168 685; baseline 0.011 -23"><span class='ocrx_word' id='word_1_155' title='bbox 1164 627 1378 664; x_wconf 86' lang='lat' dir='ltr'>contrarius</span> <span class='ocrx_word' id='word_1_156' title='bbox 1408 629 1534 665; x_wconf 76' lang='lat' dir='ltr'>exstiti</span> <span class='ocrx_word' id='word_1_157' title='bbox 1562 629 1769 679; x_wconf 84' lang='lat' dir='ltr'>majestati,</span> <span class='ocrx_word' id='word_1_158' title='bbox 1801 641 1838 668; x_wconf 87' lang='lat' dir='ltr'>ct</span> <span class='ocrx_word' id='word_1_159' title='bbox 1868 647 1969 670; x_wconf 90' lang='lat' dir='ltr'>nuuc</span> <span class='ocrx_word' id='word_1_160' title='bbox 2001 636 2168 685; x_wconf 71' lang='lat' dir='ltr'>ingratus</span> 
     </span>
     <span class='ocr_line' id='line_1_24' title="bbox 1164 687 2167 742; baseline 0.01 -19"><span class='ocrx_word' id='word_1_161' title='bbox 1164 687 1295 736; x_wconf 89' lang='lat' dir='ltr'>pietati</span> <span class='ocrx_word' id='word_1_162' title='bbox 1311 688 1495 725; x_wconf 70' lang='lat' dir='ltr'>inveniar.</span> <span class='ocrx_word' id='word_1_163' title='bbox 1515 689 1614 737; x_wconf 84' lang='lat' dir='ltr'>Quid</span> <span class='ocrx_word' id='word_1_164' title='bbox 1632 691 1731 727; x_wconf 88' lang='lat' dir='ltr'>enim</span> <span class='ocrx_word' id='word_1_165' title='bbox 1751 692 1779 728; x_wconf 93' lang='lat' dir='ltr'>si</span> <span class='ocrx_word' id='word_1_166' title='bbox 1797 703 1944 730; x_wconf 85' lang='lat' dir='ltr'>cessant</span> <span class='ocrx_word' id='word_1_167' title='bbox 1962 708 2094 733; x_wconf 86' lang='lat' dir='ltr'>manus</span> <span class='ocrx_word' id='word_1_168' title='bbox 2106 726 2114 742; x_wconf 88' lang='lat'>,</span> <span class='ocrx_word' id='word_1_169' title='bbox 2133 707 2167 733; x_wconf 77' lang='lat' dir='ltr'>et</span> 
     </span>
     <span class='ocr_line' id='line_1_25' title="bbox 1166 751 2169 801; baseline 0.01 -19"><span class='ocrx_word' id='word_1_170' title='bbox 1166 760 1243 783; x_wconf 90' lang='lat' dir='ltr'>non</span> <span class='ocrx_word' id='word_1_171' title='bbox 1265 756 1384 784; x_wconf 86' lang='lat' dir='ltr'>cessat</span> <span class='ocrx_word' id='word_1_172' title='bbox 1404 752 1564 798; x_wconf 77' lang='lat' dir='ltr'>pectus?</span> <span class='ocrx_word' id='word_1_173' title='bbox 1583 751 1683 798; x_wconf 87' lang='lat' dir='ltr'>Quid</span> <span class='ocrx_word' id='word_1_174' title='bbox 1701 752 1730 787; x_wconf 87' lang='lat' dir='ltr'>si</span> <span class='ocrx_word' id='word_1_175' title='bbox 1749 766 1791 788; x_wconf 86' lang='lat' dir='ltr'>os</span> <span class='ocrx_word' id='word_1_176' title='bbox 1809 751 1887 801; x_wconf 87' lang='lat' dir='ltr'>jam</span> <span class='ocrx_word' id='word_1_177' title='bbox 1909 754 2012 800; x_wconf 82' lang='lat' dir='ltr'>silet,</span> <span class='ocrx_word' id='word_1_178' title='bbox 2031 765 2067 791; x_wconf 83' lang='lat' dir='ltr'>ct</span> <span class='ocrx_word' id='word_1_179' title='bbox 2087 770 2169 793; x_wconf 85' lang='lat' dir='ltr'>nec-</span> 
     </span>
     <span class='ocr_line' id='line_1_26' title="bbox 1165 806 2170 859; baseline 0.01 -17"><span class='ocrx_word' id='word_1_180' title='bbox 1165 806 1256 843; x_wconf 87' lang='lat' dir='ltr'>dum</span> <span class='ocrx_word' id='word_1_181' title='bbox 1279 821 1345 844; x_wconf 91' lang='lat' dir='ltr'>cor</span> <span class='ocrx_word' id='word_1_182' title='bbox 1365 808 1550 857; x_wconf 78' lang='lat' dir='ltr'>quiescit?</span> <span class='ocrx_word' id='word_1_183' title='bbox 1567 810 1604 847; x_wconf 83' lang='lat' dir='ltr'>Si</span> <span class='ocrx_word' id='word_1_184' title='bbox 1627 810 1763 859; x_wconf 72' lang='lat' dir='ltr'>singuli</span> <span class='ocrx_word' id='word_1_185' title='bbox 1779 812 1895 849; x_wconf 85' lang='lat' dir='ltr'>illiciti</span> <span class='ocrx_word' id='word_1_186' title='bbox 1912 822 2037 851; x_wconf 89' lang='lat' dir='ltr'>motus</span> <span class='ocrx_word' id='word_1_187' title='bbox 2056 816 2170 852; x_wconf 89' lang='lat' dir='ltr'>animi</span> 
     </span>
     <span class='ocr_line' id='line_1_27' title="bbox 1165 867 2169 919; baseline 0.008 -17"><span class='ocrx_word' id='word_1_188' title='bbox 1165 867 1239 902; x_wconf 88' lang='lat' dir='ltr'>mei</span> <span class='ocrx_word' id='word_1_189' title='bbox 1260 867 1405 917; x_wconf 74' lang='lat' dir='ltr'>singula</span> <span class='ocrx_word' id='word_1_190' title='bbox 1426 877 1515 905; x_wconf 90' lang='lat' dir='ltr'>sunt</span> <span class='ocrx_word' id='word_1_191' title='bbox 1546 869 1718 918; x_wconf 77' lang='lat' dir='ltr'>quaedam</span> <span class='ocrx_word' id='word_1_192' title='bbox 1740 870 1779 907; x_wconf 87' lang='lat' dir='ltr'>in</span> <span class='ocrx_word' id='word_1_193' title='bbox 1802 880 1836 908; x_wconf 91' lang='lat' dir='ltr'>te</span> <span class='ocrx_word' id='word_1_194' title='bbox 1851 900 1860 917; x_wconf 91' lang='lat'>‚</span> <span class='ocrx_word' id='word_1_195' title='bbox 1883 876 1984 909; x_wconf 88' lang='lat' dir='ltr'>Deus</span> <span class='ocrx_word' id='word_1_196' title='bbox 1999 902 2008 919; x_wconf 90' lang='lat'>,</span> <span class='ocrx_word' id='word_1_197' title='bbox 2033 875 2169 910; x_wconf 72' lang='lat' dir='ltr'>convi-</span> 
     </span>
     <span class='ocr_line' id='line_1_28' title="bbox 1164 927 2166 977; baseline 0.01 -15"><span class='ocrx_word' id='word_1_198' title='bbox 1164 927 1240 972; x_wconf 89' lang='lat' dir='ltr'>cia,</span> <span class='ocrx_word' id='word_1_199' title='bbox 1274 936 1410 977; x_wconf 88' lang='lat' dir='ltr'>utputa</span> <span class='ocrx_word' id='word_1_200' title='bbox 1443 929 1650 966; x_wconf 75' lang='lat' dir='ltr'>iracundiae</span> <span class='ocrx_word' id='word_1_201' title='bbox 1680 939 1805 968; x_wconf 88' lang='lat' dir='ltr'>motus</span> <span class='ocrx_word' id='word_1_202' title='bbox 1840 933 1877 968; x_wconf 93' lang='lat' dir='ltr'>in</span> <span class='ocrx_word' id='word_1_203' title='bbox 1908 935 2166 971; x_wconf 88' lang='lat' dir='ltr'>mansuetudi-</span> 
     </span>
     <span class='ocr_line' id='line_1_29' title="bbox 1164 988 2165 1044; baseline 0.01 -22"><span class='ocrx_word' id='word_1_204' title='bbox 1164 1000 1249 1023; x_wconf 86' lang='lat' dir='ltr'>nem</span> <span class='ocrx_word' id='word_1_205' title='bbox 1264 1017 1274 1034; x_wconf 89' lang='lat'>,</span> <span class='ocrx_word' id='word_1_206' title='bbox 1308 988 1461 1025; x_wconf 72' lang='lat' dir='ltr'>invidiae</span> <span class='ocrx_word' id='word_1_207' title='bbox 1497 989 1536 1025; x_wconf 92' lang='lat' dir='ltr'>in</span> <span class='ocrx_word' id='word_1_208' title='bbox 1572 990 1791 1028; x_wconf 89' lang='lat' dir='ltr'>charitatem</span> <span class='ocrx_word' id='word_1_209' title='bbox 1806 1022 1815 1038; x_wconf 90' lang='lat'>,</span> <span class='ocrx_word' id='word_1_210' title='bbox 1847 993 1886 1029; x_wconf 88' lang='lat' dir='ltr'>in</span> <span class='ocrx_word' id='word_1_211' title='bbox 1916 994 2165 1044; x_wconf 77' lang='lat' dir='ltr'>frugalitatem</span> 
     </span>
    </p>
   </div>
   <div class='ocr_carea' id='block_1_9' title="bbox 80 1045 2167 1099">
    <p class='ocr_par' dir='ltr' id='par_1_9' title="bbox 80 1045 2167 1099">
     <span class='ocr_line' id='line_1_30' title="bbox 80 1045 2167 1099; baseline 0.002 -19"><span class='ocrx_word' id='word_1_212' title='bbox 80 1049 176 1082; x_wconf 78' lang='lat' dir='ltr'>scius</span> <span class='ocrx_word' id='word_1_213' title='bbox 200 1058 392 1091; x_wconf 81' lang='lat' dir='ltr'>sum,non</span> <span class='ocrx_word' id='word_1_214' title='bbox 420 1054 547 1080; x_wconf 79' lang='lat' dir='ltr'>tamen</span> <span class='ocrx_word' id='word_1_215' title='bbox 579 1049 617 1080; x_wconf 82' lang='lat' dir='ltr'>in</span> <span class='ocrx_word' id='word_1_216' title='bbox 650 1045 720 1080; x_wconf 79' lang='lat' dir='ltr'>hoc</span> <span class='ocrx_word' id='word_1_217' title='bbox 738 1045 972 1092; x_wconf 67' lang='lat' dir='ltr'>justficatus</span> <span class='ocrx_word' id='word_1_218' title='bbox 1000 1059 1093 1082; x_wconf 80' lang='lat' dir='ltr'>sum.</span> <span class='ocrx_word' id='word_1_219' title='bbox 1116 1051 1143 1085; x_wconf 88' lang='lat' dir='ltr'>B</span> <span class='ocrx_word' id='word_1_220' title='bbox 1164 1047 1345 1094; x_wconf 78' lang='lat' dir='ltr'>luxuriae,</span> <span class='ocrx_word' id='word_1_221' title='bbox 1380 1049 1627 1099; x_wconf 85' lang='lat' dir='ltr'>turpitudinis</span> <span class='ocrx_word' id='word_1_222' title='bbox 1659 1051 1695 1087; x_wconf 89' lang='lat' dir='ltr'>in</span> <span class='ocrx_word' id='word_1_223' title='bbox 1727 1053 1957 1098; x_wconf 87' lang='lat' dir='ltr'>castitatem,</span> <span class='ocrx_word' id='word_1_224' title='bbox 1989 1063 2025 1090; x_wconf 90' lang='lat' dir='ltr'>et</span> <span class='ocrx_word' id='word_1_225' title='bbox 2053 1055 2167 1091; x_wconf 78' lang='lat' dir='ltr'>innu-</span> 
     </span>
    </p>
   </div>
   <div class='ocr_carea' id='block_1_10' title="bbox 79 1104 1099 1820">
    <p class='ocr_par' dir='ltr' id='par_1_10' title="bbox 79 1104 1099 1820">
     <span class='ocr_line' id='line_1_31' title="bbox 80 1104 1093 1155; baseline -0.001 -12"><span class='ocrx_word' id='word_1_226' title='bbox 80 1110 165 1144; x_wconf 88' lang='lat' dir='ltr'>Non</span> <span class='ocrx_word' id='word_1_227' title='bbox 180 1119 226 1142; x_wconf 87' lang='lat' dir='ltr'>ex</span> <span class='ocrx_word' id='word_1_228' title='bbox 245 1113 326 1142; x_wconf 92' lang='lat' dir='ltr'>toto</span> <span class='ocrx_word' id='word_1_229' title='bbox 344 1104 458 1142; x_wconf 82' lang='lat' dir='ltr'>credo</span> <span class='ocrx_word' id='word_1_230' title='bbox 476 1118 537 1141; x_wconf 85' lang='lat' dir='ltr'>me</span> <span class='ocrx_word' id='word_1_231' title='bbox 552 1105 613 1142; x_wconf 72' lang='lat' dir='ltr'>vel</span> <span class='ocrx_word' id='word_1_232' title='bbox 629 1105 702 1155; x_wconf 89' lang='lat' dir='ltr'>ipsi</span> <span class='ocrx_word' id='word_1_233' title='bbox 718 1105 960 1142; x_wconf 78' lang='lat' dir='ltr'>conscientiae</span> <span class='ocrx_word' id='word_1_234' title='bbox 981 1119 1093 1152; x_wconf 86' lang='lat' dir='ltr'>meae,</span> 
     </span>
     <span class='ocr_line' id='line_1_32' title="bbox 81 1165 1096 1217; baseline 0 -14"><span class='ocrx_word' id='word_1_235' title='bbox 81 1166 224 1217; x_wconf 88' lang='lat' dir='ltr'>quippe</span> <span class='ocrx_word' id='word_1_236' title='bbox 246 1179 331 1203; x_wconf 82' lang='lat' dir='ltr'>cuin</span> <span class='ocrx_word' id='word_1_237' title='bbox 353 1178 401 1202; x_wconf 89' lang='lat' dir='ltr'>ne</span> <span class='ocrx_word' id='word_1_238' title='bbox 420 1165 503 1216; x_wconf 88' lang='lat' dir='ltr'>ipsa</span> <span class='ocrx_word' id='word_1_239' title='bbox 523 1165 679 1215; x_wconf 89' lang='lat' dir='ltr'>quidem</span> <span class='ocrx_word' id='word_1_240' title='bbox 701 1174 816 1215; x_wconf 86' lang='lat' dir='ltr'>queat</span> <span class='ocrx_word' id='word_1_241' title='bbox 836 1179 896 1203; x_wconf 88' lang='lat' dir='ltr'>me</span> <span class='ocrx_word' id='word_1_242' title='bbox 917 1179 1096 1216; x_wconf 86' lang='lat' dir='ltr'>compre-</span> 
     </span>
     <span class='ocr_line' id='line_1_33' title="bbox 81 1225 1094 1275; baseline -0.001 -11"><span class='ocrx_word' id='word_1_243' title='bbox 81 1226 249 1264; x_wconf 89' lang='lat' dir='ltr'>hendere</span> <span class='ocrx_word' id='word_1_244' title='bbox 280 1235 402 1263; x_wconf 83' lang='lat' dir='ltr'>totum</span> <span class='ocrx_word' id='word_1_245' title='bbox 431 1241 439 1262; x_wconf 92' lang='lat'>:</span> <span class='ocrx_word' id='word_1_246' title='bbox 468 1239 540 1263; x_wconf 85' lang='lat' dir='ltr'>nec</span> <span class='ocrx_word' id='word_1_247' title='bbox 567 1234 695 1275; x_wconf 90' lang='lat' dir='ltr'>potest</span> <span class='ocrx_word' id='word_1_248' title='bbox 720 1225 894 1275; x_wconf 90' lang='lat' dir='ltr'>judicare</span> <span class='ocrx_word' id='word_1_249' title='bbox 916 1226 963 1263; x_wconf 92' lang='lat' dir='ltr'>de</span> <span class='ocrx_word' id='word_1_250' title='bbox 993 1235 1094 1274; x_wconf 81' lang='lat' dir='ltr'>toto,</span> 
     </span>
     <span class='ocr_line' id='line_1_34' title="bbox 81 1285 1097 1338; baseline -0.002 -14"><span class='ocrx_word' id='word_1_251' title='bbox 81 1287 148 1338; x_wconf 88' lang='lat' dir='ltr'>qui</span> <span class='ocrx_word' id='word_1_252' title='bbox 163 1295 286 1324; x_wconf 88' lang='lat' dir='ltr'>totum</span> <span class='ocrx_word' id='word_1_253' title='bbox 302 1300 382 1323; x_wconf 90' lang='lat' dir='ltr'>non</span> <span class='ocrx_word' id='word_1_254' title='bbox 399 1285 517 1323; x_wconf 89' lang='lat' dir='ltr'>audit.</span> <span class='ocrx_word' id='word_1_255' title='bbox 544 1288 619 1333; x_wconf 79' lang='lat' dir='ltr'>Qui</span> <span class='ocrx_word' id='word_1_256' title='bbox 633 1295 755 1322; x_wconf 82' lang='lat' dir='ltr'>autem</span> <span class='ocrx_word' id='word_1_257' title='bbox 767 1287 922 1333; x_wconf 76' lang='lat' dir='ltr'>judicat</span> <span class='ocrx_word' id='word_1_258' title='bbox 934 1301 1006 1332; x_wconf 83' lang='lat' dir='ltr'>me,</span> <span class='ocrx_word' id='word_1_259' title='bbox 1022 1289 1097 1322; x_wconf 85' lang='lat' dir='ltr'>Do-</span> 
     </span>
     <span class='ocr_line' id='line_1_35' title="bbox 83 1346 1096 1396; baseline -0.001 -12"><span class='ocrx_word' id='word_1_260' title='bbox 83 1351 204 1384; x_wconf 70' lang='lat' dir='ltr'>minus</span> <span class='ocrx_word' id='word_1_261' title='bbox 239 1357 294 1383; x_wconf 81' lang='lat' dir='ltr'>est</span> <span class='ocrx_word' id='word_1_262' title='bbox 324 1353 351 1383; x_wconf 88' lang='lat'>².</span> <span class='ocrx_word' id='word_1_263' title='bbox 385 1346 597 1394; x_wconf 83' lang='lat' dir='ltr'>Dominus,</span> <span class='ocrx_word' id='word_1_264' title='bbox 630 1346 774 1396; x_wconf 87' lang='lat' dir='ltr'>inquit,</span> <span class='ocrx_word' id='word_1_265' title='bbox 811 1347 921 1396; x_wconf 86' lang='lat' dir='ltr'>eujus</span> <span class='ocrx_word' id='word_1_266' title='bbox 962 1347 1096 1396; x_wconf 90' lang='lat' dir='ltr'>utique</span> 
     </span>
     <span class='ocr_line' id='line_1_36' title="bbox 81 1406 1096 1457; baseline 0 -13"><span class='ocrx_word' id='word_1_267' title='bbox 81 1407 276 1445; x_wconf 90' lang='lat' dir='ltr'>scientiam</span> <span class='ocrx_word' id='word_1_268' title='bbox 307 1420 386 1444; x_wconf 90' lang='lat' dir='ltr'>non</span> <span class='ocrx_word' id='word_1_269' title='bbox 407 1407 562 1457; x_wconf 79' lang='lat' dir='ltr'>effugit,</span> <span class='ocrx_word' id='word_1_270' title='bbox 586 1407 813 1444; x_wconf 89' lang='lat' dir='ltr'>sententiam</span> <span class='ocrx_word' id='word_1_271' title='bbox 835 1421 914 1444; x_wconf 92' lang='lat' dir='ltr'>non</span> <span class='ocrx_word' id='word_1_272' title='bbox 941 1406 1096 1444; x_wconf 85' lang='lat' dir='ltr'>subter—</span> 
     </span>
     <span class='ocr_line' id='line_1_37' title="bbox 81 1466 1093 1517; baseline 0 -13"><span class='ocrx_word' id='word_1_273' title='bbox 81 1467 197 1517; x_wconf 83' lang='lat' dir='ltr'>fugit,</span> <span class='ocrx_word' id='word_1_274' title='bbox 218 1467 333 1504; x_wconf 90' lang='lat' dir='ltr'>etiam</span> <span class='ocrx_word' id='word_1_275' title='bbox 359 1466 463 1517; x_wconf 93' lang='lat' dir='ltr'>quod</span> <span class='ocrx_word' id='word_1_276' title='bbox 482 1468 681 1517; x_wconf 84' lang='lat' dir='ltr'>propriam</span> <span class='ocrx_word' id='word_1_277' title='bbox 698 1467 789 1504; x_wconf 90' lang='lat' dir='ltr'>latet</span> <span class='ocrx_word' id='word_1_278' title='bbox 806 1467 1093 1504; x_wconf 86' lang='lat' dir='ltr'>conscientiam.</span> 
     </span>
     <span class='ocr_line' id='line_1_38' title="bbox 79 1527 1095 1577; baseline -0.001 -12"><span class='ocrx_word' id='word_1_279' title='bbox 79 1527 197 1566; x_wconf 87' lang='lat' dir='ltr'>Audit</span> <span class='ocrx_word' id='word_1_280' title='bbox 216 1531 320 1565; x_wconf 87' lang='lat' dir='ltr'>Deus</span> <span class='ocrx_word' id='word_1_281' title='bbox 339 1527 378 1564; x_wconf 91' lang='lat' dir='ltr'>in</span> <span class='ocrx_word' id='word_1_282' title='bbox 393 1527 510 1565; x_wconf 88' lang='lat' dir='ltr'>corde</span> <span class='ocrx_word' id='word_1_283' title='bbox 527 1527 728 1577; x_wconf 83' lang='lat' dir='ltr'>cogitantis</span> <span class='ocrx_word' id='word_1_284' title='bbox 741 1557 751 1574; x_wconf 90' lang='lat'>,</span> <span class='ocrx_word' id='word_1_285' title='bbox 771 1527 877 1577; x_wconf 91' lang='lat' dir='ltr'>quod</span> <span class='ocrx_word' id='word_1_286' title='bbox 893 1541 972 1564; x_wconf 92' lang='lat' dir='ltr'>non</span> <span class='ocrx_word' id='word_1_287' title='bbox 989 1527 1095 1564; x_wconf 81' lang='lat' dir='ltr'>audit</span> 
     </span>
     <span class='ocr_line' id='line_1_39' title="bbox 80 1587 1095 1639; baseline 0 -14"><span class='ocrx_word' id='word_1_288' title='bbox 80 1589 140 1626; x_wconf 79' lang='lat' dir='ltr'>vel</span> <span class='ocrx_word' id='word_1_289' title='bbox 161 1589 242 1639; x_wconf 90' lang='lat' dir='ltr'>ipse</span> <span class='ocrx_word' id='word_1_290' title='bbox 263 1588 330 1638; x_wconf 90' lang='lat' dir='ltr'>qui</span> <span class='ocrx_word' id='word_1_291' title='bbox 347 1588 499 1638; x_wconf 83' lang='lat' dir='ltr'>cogitat.</span> <span class='ocrx_word' id='word_1_292' title='bbox 521 1587 665 1625; x_wconf 86' lang='lat' dir='ltr'>Aderat</span> <span class='ocrx_word' id='word_1_293' title='bbox 684 1589 786 1625; x_wconf 82' lang='lat' dir='ltr'>auris</span> <span class='ocrx_word' id='word_1_294' title='bbox 806 1588 1009 1638; x_wconf 76' lang='lat' dir='ltr'>Prophetae</span> <span class='ocrx_word' id='word_1_295' title='bbox 1030 1587 1095 1625; x_wconf 88' lang='lat' dir='ltr'>ab·</span> 
     </span>
     <span class='ocr_line' id='line_1_40' title="bbox 80 1648 1093 1700; baseline 0.001 -14"><span class='ocrx_word' id='word_1_296' title='bbox 80 1649 197 1687; x_wconf 89' lang='lat' dir='ltr'>sentis</span> <span class='ocrx_word' id='word_1_297' title='bbox 213 1649 273 1686; x_wconf 88' lang='lat' dir='ltr'>ori</span> <span class='ocrx_word' id='word_1_298' title='bbox 291 1649 431 1686; x_wconf 86' lang='lat' dir='ltr'>furtive</span> <span class='ocrx_word' id='word_1_299' title='bbox 456 1649 647 1700; x_wconf 85' lang='lat' dir='ltr'>poscentis</span> <span class='ocrx_word' id='word_1_300' title='bbox 667 1649 870 1699; x_wconf 87' lang='lat' dir='ltr'>pecuniam</span> <span class='ocrx_word' id='word_1_301' title='bbox 892 1648 906 1671; x_wconf 80' lang='lat'>3</span> <span class='ocrx_word' id='word_1_302' title='bbox 935 1665 942 1687; x_wconf 93' lang='lat'>:</span> <span class='ocrx_word' id='word_1_303' title='bbox 965 1658 1002 1686; x_wconf 90' lang='lat' dir='ltr'>et</span> <span class='ocrx_word' id='word_1_304' title='bbox 1022 1663 1093 1700; x_wconf 84' lang='lat' dir='ltr'>ego</span> 
     </span>
     <span class='ocr_line' id='line_1_41' title="bbox 80 1709 1093 1760; baseline 0 -14"><span class='ocrx_word' id='word_1_305' title='bbox 80 1709 363 1760; x_wconf 88' lang='lat' dir='ltr'>quantumlibet</span> <span class='ocrx_word' id='word_1_306' title='bbox 398 1709 439 1746; x_wconf 91' lang='lat' dir='ltr'>in</span> <span class='ocrx_word' id='word_1_307' title='bbox 468 1710 621 1746; x_wconf 89' lang='lat' dir='ltr'>occulto</span> <span class='ocrx_word' id='word_1_308' title='bbox 651 1709 790 1746; x_wconf 87' lang='lat' dir='ltr'>laedere</span> <span class='ocrx_word' id='word_1_309' title='bbox 822 1709 991 1759; x_wconf 80' lang='lat' dir='ltr'>cogitans</span> <span class='ocrx_word' id='word_1_310' title='bbox 1028 1719 1093 1746; x_wconf 87' lang='lat' dir='ltr'>aut</span> 
     </span>
     <span class='ocr_line' id='line_1_42' title="bbox 79 1769 1099 1820; baseline 0 -14"><span class='ocrx_word' id='word_1_311' title='bbox 79 1769 301 1820; x_wconf 83' lang='lat' dir='ltr'>proximum</span> <span class='ocrx_word' id='word_1_312' title='bbox 315 1769 494 1820; x_wconf 89' lang='lat' dir='ltr'>nequiter</span> <span class='ocrx_word' id='word_1_313' title='bbox 505 1799 515 1816; x_wconf 92' lang='lat'>,</span> <span class='ocrx_word' id='word_1_314' title='bbox 529 1777 595 1806; x_wconf 89' lang='lat' dir='ltr'>aut</span> <span class='ocrx_word' id='word_1_315' title='bbox 609 1769 774 1819; x_wconf 85' lang='lat' dir='ltr'>turpiter</span> <span class='ocrx_word' id='word_1_316' title='bbox 787 1782 848 1805; x_wconf 88' lang='lat' dir='ltr'>me</span> <span class='ocrx_word' id='word_1_317' title='bbox 861 1769 1007 1820; x_wconf 91' lang='lat' dir='ltr'>ipsum,</span> <span class='ocrx_word' id='word_1_318' title='bbox 1020 1783 1099 1806; x_wconf 91' lang='lat' dir='ltr'>non</span> 
     </span>
    </p>
   </div>
   <div class='ocr_carea' id='block_1_11' title="bbox 1160 1108 2170 1817">
    <p class='ocr_par' dir='ltr' id='par_1_11' title="bbox 1160 1108 2170 1817">
     <span class='ocr_line' id='line_1_43' title="bbox 1162 1108 2169 1164; baseline 0.009 -21"><span class='ocrx_word' id='word_1_319' title='bbox 1162 1121 1266 1144; x_wconf 89' lang='lat' dir='ltr'>mera</span> <span class='ocrx_word' id='word_1_320' title='bbox 1284 1108 1341 1145; x_wconf 84' lang='lat' dir='ltr'>his</span> <span class='ocrx_word' id='word_1_321' title='bbox 1360 1109 1493 1146; x_wconf 83' lang='lat' dir='ltr'>similia</span> <span class='ocrx_word' id='word_1_322' title='bbox 1505 1140 1514 1156; x_wconf 89' lang='lat'>,</span> <span class='ocrx_word' id='word_1_323' title='bbox 1530 1124 1613 1160; x_wconf 77' lang='lat' dir='ltr'>quae</span> <span class='ocrx_word' id='word_1_324' title='bbox 1629 1111 1675 1148; x_wconf 91' lang='lat' dir='ltr'>de</span> <span class='ocrx_word' id='word_1_325' title='bbox 1694 1126 1848 1149; x_wconf 82' lang='lat' dir='ltr'>coenoso</span> <span class='ocrx_word' id='word_1_326' title='bbox 1864 1114 1944 1150; x_wconf 87' lang='lat' dir='ltr'>lacu</span> <span class='ocrx_word' id='word_1_327' title='bbox 1965 1115 2169 1164; x_wconf 81' lang='lat' dir='ltr'>prurientis</span> 
     </span>
     <span class='ocr_line' id='line_1_44' title="bbox 1161 1168 2168 1220; baseline 0.01 -18"><span class='ocrx_word' id='word_1_328' title='bbox 1161 1168 1328 1217; x_wconf 87' lang='lat' dir='ltr'>pectoris</span> <span class='ocrx_word' id='word_1_329' title='bbox 1349 1169 1421 1205; x_wconf 89' lang='lat' dir='ltr'>mei</span> <span class='ocrx_word' id='word_1_330' title='bbox 1449 1170 1559 1206; x_wconf 87' lang='lat' dir='ltr'>etiam</span> <span class='ocrx_word' id='word_1_331' title='bbox 1587 1184 1688 1207; x_wconf 89' lang='lat' dir='ltr'>nunc</span> <span class='ocrx_word' id='word_1_332' title='bbox 1709 1172 1940 1210; x_wconf 87' lang='lat' dir='ltr'>incessanter</span> <span class='ocrx_word' id='word_1_333' title='bbox 1963 1174 2168 1220; x_wconf 86' lang='lat' dir='ltr'>ebulliunt,</span> 
     </span>
     <span class='ocr_line' id='line_1_45' title="bbox 1162 1227 2168 1284; baseline 0.008 -21"><span class='ocrx_word' id='word_1_334' title='bbox 1162 1227 1392 1265; x_wconf 87' lang='lat' dir='ltr'>inundantes</span> <span class='ocrx_word' id='word_1_335' title='bbox 1413 1238 1449 1265; x_wconf 88' lang='lat' dir='ltr'>et</span> <span class='ocrx_word' id='word_1_336' title='bbox 1480 1230 1732 1280; x_wconf 71' lang='lat' dir='ltr'>impingentes</span> <span class='ocrx_word' id='word_1_337' title='bbox 1752 1232 1789 1267; x_wconf 92' lang='lat' dir='ltr'>in</span> <span class='ocrx_word' id='word_1_338' title='bbox 1811 1234 2050 1270; x_wconf 86' lang='lat' dir='ltr'>serenitatem</span> <span class='ocrx_word' id='word_1_339' title='bbox 2076 1248 2168 1284; x_wconf 84' lang='lat' dir='ltr'>prac-</span> 
     </span>
     <span class='ocr_line' id='line_1_46' title="bbox 1164 1288 2168 1341; baseline 0.009 -18"><span class='ocrx_word' id='word_1_340' title='bbox 1164 1288 1342 1336; x_wconf 80' lang='lat' dir='ltr'>fulgentis</span> <span class='ocrx_word' id='word_1_341' title='bbox 1369 1289 1496 1325; x_wconf 63' lang='lat' dir='ltr'>vultus</span> <span class='ocrx_word' id='word_1_342' title='bbox 1530 1290 1583 1326; x_wconf 88' lang='lat' dir='ltr'>tui</span> <span class='ocrx_word' id='word_1_343' title='bbox 1608 1306 1615 1326; x_wconf 90' lang='lat'>:</span> <span class='ocrx_word' id='word_1_344' title='bbox 1644 1291 1735 1340; x_wconf 89' lang='lat' dir='ltr'>quid</span> <span class='ocrx_word' id='word_1_345' title='bbox 1757 1305 1935 1341; x_wconf 80' lang='lat' dir='ltr'>magnum</span> <span class='ocrx_word' id='word_1_346' title='bbox 1967 1294 2036 1330; x_wconf 81' lang='lat' dir='ltr'>feci</span> <span class='ocrx_word' id='word_1_347' title='bbox 2068 1296 2168 1331; x_wconf 88' lang='lat' dir='ltr'>solos</span> 
     </span>
     <span class='ocr_line' id='line_1_47' title="bbox 1164 1347 2169 1404; baseline 0.007 -20"><span class='ocrx_word' id='word_1_348' title='bbox 1164 1347 1343 1385; x_wconf 84' lang='lat' dir='ltr'>cohibere</span> <span class='ocrx_word' id='word_1_349' title='bbox 1371 1357 1492 1395; x_wconf 79' lang='lat' dir='ltr'>artus,</span> <span class='ocrx_word' id='word_1_350' title='bbox 1521 1359 1626 1386; x_wconf 88' lang='lat' dir='ltr'>actus</span> <span class='ocrx_word' id='word_1_351' title='bbox 1655 1352 1866 1401; x_wconf 75' lang='lat' dir='ltr'>corrigere?</span> <span class='ocrx_word' id='word_1_352' title='bbox 1897 1354 1933 1390; x_wconf 85' lang='lat' dir='ltr'>Si</span> <span class='ocrx_word' id='word_1_353' title='bbox 1962 1354 2027 1390; x_wconf 80' lang='lat' dir='ltr'>lias</span> <span class='ocrx_word' id='word_1_354' title='bbox 2058 1364 2169 1404; x_wconf 85' lang='lat' dir='ltr'>atque</span> 
     </span>
     <span class='ocr_line' id='line_1_48' title="bbox 1163 1406 2170 1458; baseline 0.008 -16"><span class='ocrx_word' id='word_1_355' title='bbox 1163 1406 1405 1456; x_wconf 85' lang='lat' dir='ltr'>hujusmodi,</span> <span class='ocrx_word' id='word_1_356' title='bbox 1421 1422 1514 1457; x_wconf 90' lang='lat' dir='ltr'>quas</span> <span class='ocrx_word' id='word_1_357' title='bbox 1527 1438 1536 1455; x_wconf 92' lang='lat'>,</span> <span class='ocrx_word' id='word_1_358' title='bbox 1557 1410 1646 1446; x_wconf 86' lang='lat' dir='ltr'>soris</span> <span class='ocrx_word' id='word_1_359' title='bbox 1673 1410 1759 1446; x_wconf 86' lang='lat' dir='ltr'>licet</span> <span class='ocrx_word' id='word_1_360' title='bbox 1775 1424 1931 1458; x_wconf 66' lang='lat' dir='ltr'>vacans,</span> <span class='ocrx_word' id='word_1_361' title='bbox 1948 1412 2050 1449; x_wconf 89' lang='lat' dir='ltr'>intus</span> <span class='ocrx_word' id='word_1_362' title='bbox 2076 1414 2170 1450; x_wconf 84' lang='lat' dir='ltr'>acti-</span> 
     </span>
     <span class='ocr_line' id='line_1_49' title="bbox 1164 1469 2169 1519; baseline 0.006 -16"><span class='ocrx_word' id='word_1_363' title='bbox 1164 1475 1243 1503; x_wconf 86' lang='lat' dir='ltr'>tare</span> <span class='ocrx_word' id='word_1_364' title='bbox 1265 1480 1343 1504; x_wconf 92' lang='lat' dir='ltr'>non</span> <span class='ocrx_word' id='word_1_365' title='bbox 1365 1481 1469 1505; x_wconf 86' lang='lat' dir='ltr'>cesso</span> <span class='ocrx_word' id='word_1_366' title='bbox 1483 1498 1492 1515; x_wconf 94' lang='lat'>,</span> <span class='ocrx_word' id='word_1_367' title='bbox 1510 1469 1727 1519; x_wconf 86' lang='lat' dir='ltr'>iniquitates</span> <span class='ocrx_word' id='word_1_368' title='bbox 1743 1470 2022 1519; x_wconf 69' lang='lat' dir='ltr'>observaveris,</span> <span class='ocrx_word' id='word_1_369' title='bbox 2044 1486 2066 1509; x_wconf 93' lang='lat' dir='ltr'>o</span> <span class='ocrx_word' id='word_1_370' title='bbox 2087 1476 2169 1509; x_wconf 90' lang='lat' dir='ltr'>Do-</span> 
     </span>
     <span class='ocr_line' id='line_1_50' title="bbox 1162 1527 2169 1581; baseline 0.004 -18"><span class='ocrx_word' id='word_1_371' title='bbox 1162 1527 1287 1573; x_wconf 87' lang='lat' dir='ltr'>mine,</span> <span class='ocrx_word' id='word_1_372' title='bbox 1311 1528 1396 1577; x_wconf 89' lang='lat' dir='ltr'>quis</span> <span class='ocrx_word' id='word_1_373' title='bbox 1425 1528 1652 1566; x_wconf 80' lang='lat' dir='ltr'>sustinebit?</span> <span class='ocrx_word' id='word_1_374' title='bbox 1672 1534 1731 1566; x_wconf 76' lang='lat' dir='ltr'>An</span> <span class='ocrx_word' id='word_1_375' title='bbox 1762 1531 1860 1567; x_wconf 88' lang='lat' dir='ltr'>forte</span> <span class='ocrx_word' id='word_1_376' title='bbox 1885 1530 1964 1580; x_wconf 85' lang='lat' dir='ltr'>jam</span> <span class='ocrx_word' id='word_1_377' title='bbox 1997 1546 2073 1568; x_wconf 91' lang='lat' dir='ltr'>non</span> <span class='ocrx_word' id='word_1_378' title='bbox 2100 1547 2169 1581; x_wconf 70' lang='lat' dir='ltr'>ago</span> 
     </span>
     <span class='ocr_line' id='line_1_51' title="bbox 1160 1587 2170 1640; baseline 0.006 -16"><span class='ocrx_word' id='word_1_379' title='bbox 1160 1587 1246 1633; x_wconf 88' lang='lat' dir='ltr'>illa,</span> <span class='ocrx_word' id='word_1_380' title='bbox 1269 1588 1335 1625; x_wconf 90' lang='lat' dir='ltr'>sed</span> <span class='ocrx_word' id='word_1_381' title='bbox 1355 1589 1506 1638; x_wconf 73' lang='lat' dir='ltr'>patior?</span> <span class='ocrx_word' id='word_1_382' title='bbox 1529 1594 1704 1639; x_wconf 70' lang='lat' dir='ltr'>Aguntur</span> <span class='ocrx_word' id='word_1_383' title='bbox 1725 1590 1876 1640; x_wconf 88' lang='lat' dir='ltr'>quidem</span> <span class='ocrx_word' id='word_1_384' title='bbox 1901 1592 1940 1628; x_wconf 89' lang='lat' dir='ltr'>in</span> <span class='ocrx_word' id='word_1_385' title='bbox 1967 1606 2045 1638; x_wconf 87' lang='lat' dir='ltr'>me,</span> <span class='ocrx_word' id='word_1_386' title='bbox 2065 1593 2130 1630; x_wconf 86' lang='lat' dir='ltr'>sed</span> <span class='ocrx_word' id='word_1_387' title='bbox 2150 1607 2170 1629; x_wconf 90' lang='lat' dir='ltr'>a</span> 
     </span>
     <span class='ocr_line' id='line_1_52' title="bbox 1161 1650 2169 1698; baseline 0.004 -14"><span class='ocrx_word' id='word_1_388' title='bbox 1161 1662 1220 1685; x_wconf 88' lang='lat' dir='ltr'>me</span> <span class='ocrx_word' id='word_1_389' title='bbox 1238 1661 1317 1685; x_wconf 93' lang='lat' dir='ltr'>non</span> <span class='ocrx_word' id='word_1_390' title='bbox 1346 1658 1528 1698; x_wconf 73' lang='lat' dir='ltr'>aguntur,</span> <span class='ocrx_word' id='word_1_391' title='bbox 1547 1650 1576 1686; x_wconf 89' lang='lat' dir='ltr'>si</span> <span class='ocrx_word' id='word_1_392' title='bbox 1598 1663 1675 1686; x_wconf 88' lang='lat' dir='ltr'>non</span> <span class='ocrx_word' id='word_1_393' title='bbox 1697 1652 1906 1688; x_wconf 73' lang='lat' dir='ltr'>consentio.</span> <span class='ocrx_word' id='word_1_394' title='bbox 1927 1655 2022 1690; x_wconf 89' lang='lat' dir='ltr'>Sane</span> <span class='ocrx_word' id='word_1_395' title='bbox 2043 1653 2071 1689; x_wconf 90' lang='lat' dir='ltr'>si</span> <span class='ocrx_word' id='word_1_396' title='bbox 2097 1653 2169 1690; x_wconf 91' lang='lat' dir='ltr'>mei</span> 
     </span>
     <span class='ocr_line' id='line_1_53' title="bbox 1160 1709 2169 1759; baseline 0.005 -14"><span class='ocrx_word' id='word_1_397' title='bbox 1160 1722 1238 1746; x_wconf 88' lang='lat' dir='ltr'>non</span> <span class='ocrx_word' id='word_1_398' title='bbox 1256 1710 1398 1746; x_wconf 90' lang='lat' dir='ltr'>fuerint</span> <span class='ocrx_word' id='word_1_399' title='bbox 1416 1709 1623 1755; x_wconf 87' lang='lat' dir='ltr'>dominata,</span> <span class='ocrx_word' id='word_1_400' title='bbox 1644 1719 1734 1747; x_wconf 86' lang='lat' dir='ltr'>tunc</span> <span class='ocrx_word' id='word_1_401' title='bbox 1751 1711 2011 1749; x_wconf 82' lang='lat' dir='ltr'>immaculatus</span> <span class='ocrx_word' id='word_1_402' title='bbox 2028 1726 2114 1759; x_wconf 84' lang='lat' dir='ltr'>ero,</span> <span class='ocrx_word' id='word_1_403' title='bbox 2132 1722 2169 1750; x_wconf 87' lang='lat' dir='ltr'>et</span> 
     </span>
     <span class='ocr_line' id='line_1_54' title="bbox 1166 1769 2166 1817; baseline 0.004 -12"><span class='ocrx_word' id='word_1_404' title='bbox 1166 1769 1432 1806; x_wconf 82' lang='lat' dir='ltr'>immaculatus</span> <span class='ocrx_word' id='word_1_405' title='bbox 1462 1784 1589 1806; x_wconf 85' lang='lat' dir='ltr'>coram</span> <span class='ocrx_word' id='word_1_406' title='bbox 1611 1783 1656 1806; x_wconf 90' lang='lat' dir='ltr'>eo</span> <span class='ocrx_word' id='word_1_407' title='bbox 1670 1800 1679 1817; x_wconf 81' lang='lat'>,</span> <span class='ocrx_word' id='word_1_408' title='bbox 1699 1784 1777 1807; x_wconf 90' lang='lat' dir='ltr'>non</span> <span class='ocrx_word' id='word_1_409' title='bbox 1797 1772 1917 1808; x_wconf 89' lang='lat' dir='ltr'>solum</span> <span class='ocrx_word' id='word_1_410' title='bbox 1938 1772 1966 1808; x_wconf 87' lang='lat' dir='ltr'>si</span> <span class='ocrx_word' id='word_1_411' title='bbox 1988 1786 2144 1810; x_wconf 84' lang='lat' dir='ltr'>caruero</span> <span class='ocrx_word' id='word_1_412' title='bbox 2158 1802 2166 1817; x_wconf 92' lang='lat'>,</span> 
     </span>
    </p>
   </div>
   <div class='ocr_carea' id='block_1_12' title="bbox 78 1829 2170 1881">
    <p class='ocr_par' dir='ltr' id='par_1_12' title="bbox 78 1829 2170 1881">
     <span class='ocr_line' id='line_1_55' title="bbox 78 1829 2170 1881; baseline 0 -13"><span class='ocrx_word' id='word_1_413' title='bbox 78 1844 214 1868; x_wconf 86' lang='lat' dir='ltr'>verear</span> <span class='ocrx_word' id='word_1_414' title='bbox 243 1844 377 1868; x_wconf 89' lang='lat' dir='ltr'>aurem</span> <span class='ocrx_word' id='word_1_415' title='bbox 410 1844 600 1881; x_wconf 87' lang='lat' dir='ltr'>nusquam</span> <span class='ocrx_word' id='word_1_416' title='bbox 635 1830 856 1867; x_wconf 82' lang='lat' dir='ltr'>absentem?</span> <span class='ocrx_word' id='word_1_417' title='bbox 882 1831 1097 1868; x_wconf 85' lang='lat' dir='ltr'>Tremenda</span> <span class='ocrx_word' id='word_1_418' title='bbox 1117 1833 1143 1869; x_wconf 94' lang='lat' dir='ltr'>C</span> <span class='ocrx_word' id='word_1_419' title='bbox 1165 1829 1232 1866; x_wconf 90' lang='lat' dir='ltr'>sed</span> <span class='ocrx_word' id='word_1_420' title='bbox 1258 1838 1294 1866; x_wconf 88' lang='lat' dir='ltr'>et</span> <span class='ocrx_word' id='word_1_421' title='bbox 1312 1830 1341 1867; x_wconf 90' lang='lat' dir='ltr'>si</span> <span class='ocrx_word' id='word_1_422' title='bbox 1358 1829 1614 1867; x_wconf 71' lang='lat' dir='ltr'>observavero</span> <span class='ocrx_word' id='word_1_423' title='bbox 1629 1844 1688 1867; x_wconf 92' lang='lat' dir='ltr'>me</span> <span class='ocrx_word' id='word_1_424' title='bbox 1704 1830 1750 1867; x_wconf 88' lang='lat' dir='ltr'>ab</span> <span class='ocrx_word' id='word_1_425' title='bbox 1764 1831 1959 1880; x_wconf 88' lang='lat' dir='ltr'>iniquitate</span> <span class='ocrx_word' id='word_1_426' title='bbox 1977 1845 2070 1868; x_wconf 88' lang='lat' dir='ltr'>mea.</span> <span class='ocrx_word' id='word_1_427' title='bbox 2088 1836 2170 1869; x_wconf 66' lang='lat' dir='ltr'>Mea</span> 
     </span>
    </p>
   </div>
   <div class='ocr_carea' id='block_1_13' title="bbox 79 1891 1098 2603">
    <p class='ocr_par' dir='ltr' id='par_1_13' title="bbox 79 1891 1098 2603">
     <span class='ocr_line' id='line_1_56' title="bbox 79 1891 1093 1942; baseline -0.001 -14"><span class='ocrx_word' id='word_1_428' title='bbox 79 1904 238 1942; x_wconf 87' lang='lat' dir='ltr'>prorsus</span> <span class='ocrx_word' id='word_1_429' title='bbox 252 1892 354 1928; x_wconf 86' lang='lat' dir='ltr'>auris</span> <span class='ocrx_word' id='word_1_430' title='bbox 368 1900 406 1928; x_wconf 89' lang='lat' dir='ltr'>et</span> <span class='ocrx_word' id='word_1_431' title='bbox 420 1891 646 1937; x_wconf 73' lang='lat' dir='ltr'>reverenda,</span> <span class='ocrx_word' id='word_1_432' title='bbox 662 1891 722 1927; x_wconf 89' lang='lat' dir='ltr'>cui</span> <span class='ocrx_word' id='word_1_433' title='bbox 741 1904 818 1927; x_wconf 92' lang='lat' dir='ltr'>non</span> <span class='ocrx_word' id='word_1_434' title='bbox 834 1899 955 1928; x_wconf 90' lang='lat' dir='ltr'>cessat</span> <span class='ocrx_word' id='word_1_435' title='bbox 971 1891 1093 1941; x_wconf 89' lang='lat' dir='ltr'>quies,</span> 
     </span>
     <span class='ocr_line' id='line_1_57' title="bbox 79 1950 1093 2001; baseline 0 -13"><span class='ocrx_word' id='word_1_436' title='bbox 79 1964 158 1989; x_wconf 89' lang='lat' dir='ltr'>non</span> <span class='ocrx_word' id='word_1_437' title='bbox 178 1959 278 1988; x_wconf 88' lang='lat' dir='ltr'>tacet</span> <span class='ocrx_word' id='word_1_438' title='bbox 296 1951 501 1988; x_wconf 88' lang='lat' dir='ltr'>silentium.</span> <span class='ocrx_word' id='word_1_439' title='bbox 525 1951 701 2001; x_wconf 89' lang='lat' dir='ltr'>Denique</span> <span class='ocrx_word' id='word_1_440' title='bbox 721 1951 772 1988; x_wconf 91' lang='lat' dir='ltr'>ait</span> <span class='ocrx_word' id='word_1_441' title='bbox 793 1966 801 1988; x_wconf 80' lang='lat' dir='ltr'><strong><em>z</em></strong></span> <span class='ocrx_word' id='word_1_442' title='bbox 822 1950 979 1999; x_wconf 74' lang='lat' dir='ltr'>Auferte</span> <span class='ocrx_word' id='word_1_443' title='bbox 1006 1966 1093 1988; x_wconf 83' lang='lat' dir='ltr'>ma-</span> 
     </span>
     <span class='ocr_line' id='line_1_58' title="bbox 81 2011 1093 2061; baseline 0.002 -14"><span class='ocrx_word' id='word_1_444' title='bbox 81 2014 155 2048; x_wconf 78' lang='lat' dir='ltr'>lum</span> <span class='ocrx_word' id='word_1_445' title='bbox 181 2015 449 2061; x_wconf 79' lang='lat' dir='ltr'>cogitationmn</span> <span class='ocrx_word' id='word_1_446' title='bbox 481 2021 690 2049; x_wconf 79' lang='lat' dir='ltr'>vestrarum</span> <span class='ocrx_word' id='word_1_447' title='bbox 722 2011 769 2047; x_wconf 84' lang='lat' dir='ltr'>ab</span> <span class='ocrx_word' id='word_1_448' title='bbox 799 2015 919 2048; x_wconf 73' lang='lat' dir='ltr'>oculis</span> <span class='ocrx_word' id='word_1_449' title='bbox 946 2017 1038 2048; x_wconf 78' lang='lat' dir='ltr'>meis</span> <span class='ocrx_word' id='word_1_450' title='bbox 1065 2013 1093 2049; x_wconf 72' lang='lat'>⁴&#39;.</span> 
     </span>
     <span class='ocr_line' id='line_1_59' title="bbox 79 2071 1095 2122; baseline 0 -12"><span class='ocrx_word' id='word_1_451' title='bbox 79 2072 153 2111; x_wconf 88' lang='lat' dir='ltr'>Sed</span> <span class='ocrx_word' id='word_1_452' title='bbox 179 2072 273 2122; x_wconf 91' lang='lat' dir='ltr'>quid</span> <span class='ocrx_word' id='word_1_453' title='bbox 297 2080 354 2109; x_wconf 89' lang='lat' dir='ltr'>est</span> <span class='ocrx_word' id='word_1_454' title='bbox 371 2071 477 2122; x_wconf 90' lang='lat' dir='ltr'>quod</span> <span class='ocrx_word' id='word_1_455' title='bbox 496 2072 610 2118; x_wconf 91' lang='lat' dir='ltr'>dicit,</span> <span class='ocrx_word' id='word_1_456' title='bbox 634 2071 682 2108; x_wconf 81' lang='lat' dir='ltr'>ab</span> <span class='ocrx_word' id='word_1_457' title='bbox 703 2075 820 2108; x_wconf 80' lang='lat' dir='ltr'>oculis</span> <span class='ocrx_word' id='word_1_458' title='bbox 846 2075 962 2109; x_wconf 56' lang='lat' dir='ltr'>meis?</span> <span class='ocrx_word' id='word_1_459' title='bbox 991 2087 1036 2110; x_wconf 91' lang='lat' dir='ltr'>an</span> <span class='ocrx_word' id='word_1_460' title='bbox 1058 2081 1095 2110; x_wconf 92' lang='lat' dir='ltr'>et</span> 
     </span>
     <span class='ocr_line' id='line_1_60' title="bbox 81 2132 1094 2179; baseline 0 -9"><span class='ocrx_word' id='word_1_461' title='bbox 81 2141 211 2170; x_wconf 87' lang='lat' dir='ltr'>nostra</span> <span class='ocrx_word' id='word_1_462' title='bbox 229 2136 333 2170; x_wconf 90' lang='lat' dir='ltr'>Deus</span> <span class='ocrx_word' id='word_1_463' title='bbox 357 2146 437 2169; x_wconf 91' lang='lat' dir='ltr'>non</span> <span class='ocrx_word' id='word_1_464' title='bbox 465 2133 588 2170; x_wconf 89' lang='lat' dir='ltr'>solum</span> <span class='ocrx_word' id='word_1_465' title='bbox 611 2132 736 2179; x_wconf 84' lang='lat' dir='ltr'>audit,</span> <span class='ocrx_word' id='word_1_466' title='bbox 760 2132 826 2170; x_wconf 89' lang='lat' dir='ltr'>sed</span> <span class='ocrx_word' id='word_1_467' title='bbox 847 2142 884 2170; x_wconf 90' lang='lat' dir='ltr'>et</span> <span class='ocrx_word' id='word_1_468' title='bbox 899 2133 1004 2170; x_wconf 66' lang='lat' dir='ltr'>videt</span> <span class='ocrx_word' id='word_1_469' title='bbox 1034 2148 1094 2170; x_wconf 89' lang='lat' dir='ltr'>ar-</span> 
     </span>
     <span class='ocr_line' id='line_1_61' title="bbox 80 2193 1096 2244; baseline 0.001 -14"><span class='ocrx_word' id='word_1_470' title='bbox 80 2195 197 2230; x_wconf 82' lang='lat' dir='ltr'>cana?</span> <span class='ocrx_word' id='word_1_471' title='bbox 215 2194 354 2242; x_wconf 83' lang='lat' dir='ltr'>Quales</span> <span class='ocrx_word' id='word_1_472' title='bbox 381 2193 505 2239; x_wconf 87' lang='lat' dir='ltr'>oculi,</span> <span class='ocrx_word' id='word_1_473' title='bbox 528 2194 595 2243; x_wconf 91' lang='lat' dir='ltr'>qui</span> <span class='ocrx_word' id='word_1_474' title='bbox 616 2195 928 2244; x_wconf 85' lang='lat' dir='ltr'>contemplantur</span> <span class='ocrx_word' id='word_1_475' title='bbox 955 2195 1096 2244; x_wconf 74' lang='lat' dir='ltr'>cogita-</span> 
     </span>
     <span class='ocr_line' id='line_1_62' title="bbox 80 2253 1097 2301; baseline 0.001 -11"><span class='ocrx_word' id='word_1_476' title='bbox 80 2253 222 2290; x_wconf 88' lang='lat' dir='ltr'>tiones!</span> <span class='ocrx_word' id='word_1_477' title='bbox 242 2257 330 2291; x_wconf 83' lang='lat' dir='ltr'>Non</span> <span class='ocrx_word' id='word_1_478' title='bbox 357 2261 448 2290; x_wconf 85' lang='lat' dir='ltr'>sunt</span> <span class='ocrx_word' id='word_1_479' title='bbox 466 2254 646 2290; x_wconf 89' lang='lat' dir='ltr'>coloratae</span> <span class='ocrx_word' id='word_1_480' title='bbox 659 2283 669 2299; x_wconf 93' lang='lat'>,</span> <span class='ocrx_word' id='word_1_481' title='bbox 690 2262 733 2290; x_wconf 91' lang='lat' dir='ltr'>ut</span> <span class='ocrx_word' id='word_1_482' title='bbox 754 2253 977 2301; x_wconf 88' lang='lat' dir='ltr'>videantur,</span> <span class='ocrx_word' id='word_1_483' title='bbox 999 2255 1097 2292; x_wconf 89' lang='lat' dir='ltr'>sicut</span> 
     </span>
     <span class='ocr_line' id='line_1_63' title="bbox 80 2314 1096 2365; baseline 0 -13"><span class='ocrx_word' id='word_1_484' title='bbox 80 2327 151 2352; x_wconf 88' lang='lat' dir='ltr'>nec</span> <span class='ocrx_word' id='word_1_485' title='bbox 179 2323 317 2352; x_wconf 89' lang='lat' dir='ltr'>sonant</span> <span class='ocrx_word' id='word_1_486' title='bbox 343 2323 387 2351; x_wconf 92' lang='lat' dir='ltr'>ut</span> <span class='ocrx_word' id='word_1_487' title='bbox 412 2314 629 2351; x_wconf 88' lang='lat' dir='ltr'>audiantur.</span> <span class='ocrx_word' id='word_1_488' title='bbox 649 2315 781 2352; x_wconf 87' lang='lat' dir='ltr'>Solent</span> <span class='ocrx_word' id='word_1_489' title='bbox 801 2315 933 2351; x_wconf 85' lang='lat' dir='ltr'>sentiri</span> <span class='ocrx_word' id='word_1_490' title='bbox 950 2329 971 2352; x_wconf 90' lang='lat' dir='ltr'>a</span> <span class='ocrx_word' id='word_1_491' title='bbox 993 2317 1096 2365; x_wconf 83' lang='lat' dir='ltr'>cogi-</span> 
     </span>
     <span class='ocr_line' id='line_1_64' title="bbox 82 2374 1096 2422; baseline 0 -10"><span class='ocrx_word' id='word_1_492' title='bbox 82 2382 207 2422; x_wconf 82' lang='lat' dir='ltr'>tante,</span> <span class='ocrx_word' id='word_1_493' title='bbox 234 2388 315 2411; x_wconf 90' lang='lat' dir='ltr'>non</span> <span class='ocrx_word' id='word_1_494' title='bbox 343 2374 466 2412; x_wconf 89' lang='lat' dir='ltr'>audiri</span> <span class='ocrx_word' id='word_1_495' title='bbox 494 2374 541 2411; x_wconf 89' lang='lat' dir='ltr'>ab</span> <span class='ocrx_word' id='word_1_496' title='bbox 565 2375 826 2420; x_wconf 76' lang='lat' dir='ltr'>auscultante,</span> <span class='ocrx_word' id='word_1_497' title='bbox 850 2388 927 2412; x_wconf 91' lang='lat' dir='ltr'>non</span> <span class='ocrx_word' id='word_1_498' title='bbox 950 2388 970 2412; x_wconf 87' lang='lat' dir='ltr'>a</span> <span class='ocrx_word' id='word_1_499' title='bbox 1000 2389 1096 2412; x_wconf 93' lang='lat' dir='ltr'>con-</span> 
     </span>
     <span class='ocr_line' id='line_1_65' title="bbox 81 2433 1098 2484; baseline 0.002 -14"><span class='ocrx_word' id='word_1_500' title='bbox 81 2434 289 2484; x_wconf 90' lang='lat' dir='ltr'>templante</span> <span class='ocrx_word' id='word_1_501' title='bbox 316 2433 449 2471; x_wconf 90' lang='lat' dir='ltr'>videri.</span> <span class='ocrx_word' id='word_1_502' title='bbox 476 2433 613 2471; x_wconf 87' lang='lat' dir='ltr'>Merito</span> <span class='ocrx_word' id='word_1_503' title='bbox 648 2442 775 2470; x_wconf 90' lang='lat' dir='ltr'>tamen</span> <span class='ocrx_word' id='word_1_504' title='bbox 806 2435 997 2471; x_wconf 88' lang='lat' dir='ltr'>Dominus</span> <span class='ocrx_word' id='word_1_505' title='bbox 1028 2436 1098 2472; x_wconf 88' lang='lat' dir='ltr'>scit</span> 
     </span>
     <span class='ocr_line' id='line_1_66' title="bbox 83 2492 1098 2542; baseline 0.001 -13"><span class='ocrx_word' id='word_1_506' title='bbox 83 2492 330 2542; x_wconf 84' lang='lat' dir='ltr'>cogitationes</span> <span class='ocrx_word' id='word_1_507' title='bbox 349 2492 551 2529; x_wconf 91' lang='lat' dir='ltr'>hominum</span> <span class='ocrx_word' id='word_1_508' title='bbox 572 2493 756 2542; x_wconf 85' lang='lat' dir='ltr'>quoniam</span> <span class='ocrx_word' id='word_1_509' title='bbox 777 2506 884 2529; x_wconf 77' lang='lat' dir='ltr'>vanae</span> <span class='ocrx_word' id='word_1_510' title='bbox 902 2501 1002 2530; x_wconf 89' lang='lat' dir='ltr'>sunt.</span> <span class='ocrx_word' id='word_1_511' title='bbox 1022 2496 1098 2531; x_wconf 90' lang='lat' dir='ltr'>Cur</span> 
     </span>
     <span class='ocr_line' id='line_1_67' title="bbox 82 2552 1098 2603; baseline 0 -13"><span class='ocrx_word' id='word_1_512' title='bbox 82 2553 182 2589; x_wconf 85' lang='lat' dir='ltr'>enim</span> <span class='ocrx_word' id='word_1_513' title='bbox 205 2553 390 2600; x_wconf 89' lang='lat' dir='ltr'>nesciret,</span> <span class='ocrx_word' id='word_1_514' title='bbox 408 2566 502 2603; x_wconf 91' lang='lat' dir='ltr'>quas</span> <span class='ocrx_word' id='word_1_515' title='bbox 516 2561 554 2589; x_wconf 89' lang='lat' dir='ltr'>et</span> <span class='ocrx_word' id='word_1_516' title='bbox 567 2552 674 2590; x_wconf 87' lang='lat' dir='ltr'>audit</span> <span class='ocrx_word' id='word_1_517' title='bbox 685 2582 694 2599; x_wconf 88' lang='lat'>,</span> <span class='ocrx_word' id='word_1_518' title='bbox 712 2562 750 2589; x_wconf 88' lang='lat' dir='ltr'>et</span> <span class='ocrx_word' id='word_1_519' title='bbox 763 2553 896 2590; x_wconf 75' lang='lat' dir='ltr'>videt?</span> <span class='ocrx_word' id='word_1_520' title='bbox 912 2554 980 2590; x_wconf 89' lang='lat' dir='ltr'>His</span> <span class='ocrx_word' id='word_1_521' title='bbox 996 2567 1098 2603; x_wconf 83' lang='lat' dir='ltr'>prae—</span> 
     </span>
    </p>
   </div>
   <div class='ocr_carea' id='block_1_14' title="bbox 1160 1889 2171 2602">
    <p class='ocr_par' dir='ltr' id='par_1_14' title="bbox 1160 1889 2171 2602">
     <span class='ocr_line' id='line_1_68' title="bbox 1161 1889 2171 1940; baseline 0.003 -14"><span class='ocrx_word' id='word_1_522' title='bbox 1161 1889 1322 1926; x_wconf 74' lang='lat' dir='ltr'>dixerim</span> <span class='ocrx_word' id='word_1_523' title='bbox 1335 1919 1345 1936; x_wconf 95' lang='lat'>,</span> <span class='ocrx_word' id='word_1_524' title='bbox 1362 1903 1439 1925; x_wconf 91' lang='lat' dir='ltr'>non</span> <span class='ocrx_word' id='word_1_525' title='bbox 1460 1890 1547 1939; x_wconf 87' lang='lat' dir='ltr'>quia</span> <span class='ocrx_word' id='word_1_526' title='bbox 1565 1890 1680 1935; x_wconf 82' lang='lat' dir='ltr'>facio,</span> <span class='ocrx_word' id='word_1_527' title='bbox 1705 1890 1769 1927; x_wconf 85' lang='lat' dir='ltr'>sed</span> <span class='ocrx_word' id='word_1_528' title='bbox 1785 1891 1873 1940; x_wconf 87' lang='lat' dir='ltr'>quia</span> <span class='ocrx_word' id='word_1_529' title='bbox 1890 1892 2068 1928; x_wconf 87' lang='lat' dir='ltr'>sustineo.</span> <span class='ocrx_word' id='word_1_530' title='bbox 2082 1895 2171 1929; x_wconf 92' lang='lat' dir='ltr'>Cor-</span> 
     </span>
     <span class='ocr_line' id='line_1_69' title="bbox 1160 1951 2170 2001; baseline 0.003 -15"><span class='ocrx_word' id='word_1_531' title='bbox 1160 1963 1233 2000; x_wconf 87' lang='lat' dir='ltr'>pus</span> <span class='ocrx_word' id='word_1_532' title='bbox 1258 1959 1365 2000; x_wconf 76' lang='lat' dir='ltr'>gesto</span> <span class='ocrx_word' id='word_1_533' title='bbox 1394 1951 1550 1997; x_wconf 84' lang='lat' dir='ltr'>mortis,</span> <span class='ocrx_word' id='word_1_534' title='bbox 1571 1964 1800 2001; x_wconf 87' lang='lat' dir='ltr'>carnemque</span> <span class='ocrx_word' id='word_1_535' title='bbox 1831 1952 2005 2001; x_wconf 88' lang='lat' dir='ltr'>peccati:</span> <span class='ocrx_word' id='word_1_536' title='bbox 2035 1953 2170 1989; x_wconf 82' lang='lat' dir='ltr'>sufficit</span> 
     </span>
     <span class='ocr_line' id='line_1_70' title="bbox 1161 2010 2169 2061; baseline 0.001 -15"><span class='ocrx_word' id='word_1_537' title='bbox 1161 2010 1311 2046; x_wconf 89' lang='lat' dir='ltr'>interim</span> <span class='ocrx_word' id='word_1_538' title='bbox 1343 2010 1455 2055; x_wconf 82' lang='lat' dir='ltr'>mihi,</span> <span class='ocrx_word' id='word_1_539' title='bbox 1479 2010 1506 2047; x_wconf 90' lang='lat' dir='ltr'>si</span> <span class='ocrx_word' id='word_1_540' title='bbox 1530 2023 1607 2046; x_wconf 89' lang='lat' dir='ltr'>non</span> <span class='ocrx_word' id='word_1_541' title='bbox 1640 2019 1771 2060; x_wconf 74' lang='lat' dir='ltr'>regnet</span> <span class='ocrx_word' id='word_1_542' title='bbox 1800 2020 1998 2061; x_wconf 88' lang='lat' dir='ltr'>peccatum</span> <span class='ocrx_word' id='word_1_543' title='bbox 2021 2012 2059 2048; x_wconf 88' lang='lat' dir='ltr'>in</span> <span class='ocrx_word' id='word_1_544' title='bbox 2086 2026 2169 2050; x_wconf 90' lang='lat' dir='ltr'>meo</span> 
     </span>
     <span class='ocr_line' id='line_1_71' title="bbox 1162 2071 2169 2123; baseline 0.003 -16"><span class='ocrx_word' id='word_1_545' title='bbox 1162 2071 1314 2108; x_wconf 88' lang='lat' dir='ltr'>mortali</span> <span class='ocrx_word' id='word_1_546' title='bbox 1335 2084 1510 2120; x_wconf 89' lang='lat' dir='ltr'>corpore.</span> <span class='ocrx_word' id='word_1_547' title='bbox 1534 2071 1592 2108; x_wconf 88' lang='lat' dir='ltr'>Sic</span> <span class='ocrx_word' id='word_1_548' title='bbox 1623 2084 1763 2121; x_wconf 87' lang='lat' dir='ltr'>corpus</span> <span class='ocrx_word' id='word_1_549' title='bbox 1783 2072 1932 2108; x_wconf 88' lang='lat' dir='ltr'>crimini</span> <span class='ocrx_word' id='word_1_550' title='bbox 1957 2085 2032 2109; x_wconf 89' lang='lat' dir='ltr'>non</span> <span class='ocrx_word' id='word_1_551' title='bbox 2052 2086 2169 2123; x_wconf 87' lang='lat' dir='ltr'>repu-</span> 
     </span>
     <span class='ocr_line' id='line_1_72' title="bbox 1163 2130 2170 2181; baseline 0.002 -14"><span class='ocrx_word' id='word_1_552' title='bbox 1163 2139 1286 2176; x_wconf 87' lang='lat' dir='ltr'>tatur,</span> <span class='ocrx_word' id='word_1_553' title='bbox 1311 2144 1380 2167; x_wconf 86' lang='lat' dir='ltr'>nec</span> <span class='ocrx_word' id='word_1_554' title='bbox 1402 2130 1506 2180; x_wconf 89' lang='lat' dir='ltr'>quod</span> <span class='ocrx_word' id='word_1_555' title='bbox 1526 2130 1670 2167; x_wconf 85' lang='lat' dir='ltr'>habitat</span> <span class='ocrx_word' id='word_1_556' title='bbox 1686 2131 1724 2166; x_wconf 91' lang='lat' dir='ltr'>in</span> <span class='ocrx_word' id='word_1_557' title='bbox 1750 2144 1795 2167; x_wconf 89' lang='lat' dir='ltr'>eo</span> <span class='ocrx_word' id='word_1_558' title='bbox 1813 2141 2010 2181; x_wconf 89' lang='lat' dir='ltr'>peccatum</span> <span class='ocrx_word' id='word_1_559' title='bbox 2033 2146 2040 2167; x_wconf 76' lang='grc' dir='ltr'>ε</span> <span class='ocrx_word' id='word_1_560' title='bbox 2063 2134 2092 2169; x_wconf 86' lang='lat' dir='ltr'>si</span> <span class='ocrx_word' id='word_1_561' title='bbox 2114 2142 2170 2169; x_wconf 82' lang='lat' dir='ltr'>ta—</span> 
     </span>
     <span class='ocr_line' id='line_1_73' title="bbox 1164 2190 2170 2235; baseline 0.001 -8"><span class='ocrx_word' id='word_1_562' title='bbox 1164 2204 1251 2227; x_wconf 85' lang='lat' dir='ltr'>men</span> <span class='ocrx_word' id='word_1_563' title='bbox 1268 2204 1347 2227; x_wconf 90' lang='lat' dir='ltr'>non</span> <span class='ocrx_word' id='word_1_564' title='bbox 1366 2190 1552 2235; x_wconf 88' lang='lat' dir='ltr'>delector,</span> <span class='ocrx_word' id='word_1_565' title='bbox 1578 2191 1608 2226; x_wconf 85' lang='lat' dir='ltr'>si</span> <span class='ocrx_word' id='word_1_566' title='bbox 1630 2199 1754 2227; x_wconf 91' lang='lat' dir='ltr'>tamen</span> <span class='ocrx_word' id='word_1_567' title='bbox 1775 2204 1853 2227; x_wconf 92' lang='lat' dir='ltr'>non</span> <span class='ocrx_word' id='word_1_568' title='bbox 1874 2190 2034 2228; x_wconf 72' lang='lat' dir='ltr'>exhibeo</span> <span class='ocrx_word' id='word_1_569' title='bbox 2051 2205 2170 2228; x_wconf 90' lang='lat' dir='ltr'>mem—</span> 
     </span>
     <span class='ocr_line' id='line_1_74' title="bbox 1162 2250 2166 2300; baseline 0 -12"><span class='ocrx_word' id='word_1_570' title='bbox 1162 2250 1232 2288; x_wconf 80' lang='lat' dir='ltr'>bra</span> <span class='ocrx_word' id='word_1_571' title='bbox 1247 2264 1330 2288; x_wconf 85' lang='lat' dir='ltr'>mea</span> <span class='ocrx_word' id='word_1_572' title='bbox 1344 2280 1353 2297; x_wconf 87' lang='lat'>‚</span> <span class='ocrx_word' id='word_1_573' title='bbox 1379 2265 1482 2288; x_wconf 87' lang='lat' dir='ltr'>arma</span> <span class='ocrx_word' id='word_1_574' title='bbox 1502 2251 1704 2300; x_wconf 81' lang='lat' dir='ltr'>iniquitati.</span> <span class='ocrx_word' id='word_1_575' title='bbox 1725 2254 1798 2288; x_wconf 88' lang='lat' dir='ltr'>Pro</span> <span class='ocrx_word' id='word_1_576' title='bbox 1818 2251 1888 2288; x_wconf 91' lang='lat' dir='ltr'>hac</span> <span class='ocrx_word' id='word_1_577' title='bbox 1909 2251 2033 2288; x_wconf 87' lang='lat' dir='ltr'>orabit</span> <span class='ocrx_word' id='word_1_578' title='bbox 2051 2252 2097 2288; x_wconf 89' lang='lat' dir='ltr'>ad</span> <span class='ocrx_word' id='word_1_579' title='bbox 2118 2261 2166 2298; x_wconf 87' lang='lat' dir='ltr'>te,</span> 
     </span>
     <span class='ocr_line' id='line_1_75' title="bbox 1163 2311 2168 2362; baseline 0 -14"><span class='ocrx_word' id='word_1_580' title='bbox 1163 2326 1186 2348; x_wconf 94' lang='lat' dir='ltr'>o</span> <span class='ocrx_word' id='word_1_581' title='bbox 1208 2312 1445 2358; x_wconf 83' lang='lat' dir='ltr'>misericors,</span> <span class='ocrx_word' id='word_1_582' title='bbox 1467 2312 1590 2361; x_wconf 68' lang='lat' dir='ltr'>quivis</span> <span class='ocrx_word' id='word_1_583' title='bbox 1611 2311 1723 2347; x_wconf 88' lang='lat' dir='ltr'>etiam</span> <span class='ocrx_word' id='word_1_584' title='bbox 1751 2320 1902 2348; x_wconf 88' lang='lat' dir='ltr'>sanctus</span> <span class='ocrx_word' id='word_1_585' title='bbox 1929 2312 1968 2348; x_wconf 92' lang='lat' dir='ltr'>in</span> <span class='ocrx_word' id='word_1_586' title='bbox 2000 2320 2168 2362; x_wconf 87' lang='lat' dir='ltr'>tempore</span> 
     </span>
     <span class='ocr_line' id='line_1_76' title="bbox 1164 2371 2167 2422; baseline 0.001 -15"><span class='ocrx_word' id='word_1_587' title='bbox 1164 2380 1386 2422; x_wconf 83' lang='lat' dir='ltr'>opportuno</span> <span class='ocrx_word' id='word_1_588' title='bbox 1404 2371 1418 2389; x_wconf 44' lang='grc' dir='ltr'>’ἱ</span> <span class='ocrx_word' id='word_1_589' title='bbox 1449 2386 1456 2407; x_wconf 90' lang='grc'>;</span> <span class='ocrx_word' id='word_1_590' title='bbox 1488 2371 1649 2421; x_wconf 71' lang='lat' dir='ltr'>supplex</span> <span class='ocrx_word' id='word_1_591' title='bbox 1677 2371 1878 2418; x_wconf 86' lang='lat' dir='ltr'>nimirum,</span> <span class='ocrx_word' id='word_1_592' title='bbox 1901 2371 2004 2420; x_wconf 88' lang='lat' dir='ltr'>quod</span> <span class='ocrx_word' id='word_1_593' title='bbox 2027 2373 2167 2408; x_wconf 87' lang='lat' dir='ltr'>malum</span> 
     </span>
     <span class='ocr_line' id='line_1_77' title="bbox 1163 2430 2166 2478; baseline -0.001 -10"><span class='ocrx_word' id='word_1_594' title='bbox 1163 2432 1320 2478; x_wconf 73' lang='lat' dir='ltr'>sentiat,</span> <span class='ocrx_word' id='word_1_595' title='bbox 1345 2441 1381 2468; x_wconf 89' lang='lat' dir='ltr'>et</span> <span class='ocrx_word' id='word_1_596' title='bbox 1403 2432 1648 2467; x_wconf 83' lang='lat' dir='ltr'>nihilominus</span> <span class='ocrx_word' id='word_1_597' title='bbox 1668 2439 1838 2478; x_wconf 86' lang='lat' dir='ltr'>sanctus,</span> <span class='ocrx_word' id='word_1_598' title='bbox 1864 2430 1954 2467; x_wconf 89' lang='lat' dir='ltr'>dum</span> <span class='ocrx_word' id='word_1_599' title='bbox 1971 2444 2048 2467; x_wconf 90' lang='lat' dir='ltr'>non</span> <span class='ocrx_word' id='word_1_600' title='bbox 2075 2445 2166 2467; x_wconf 85' lang='lat' dir='ltr'>con—</span> 
     </span>
     <span class='ocr_line' id='line_1_78' title="bbox 1163 2490 2167 2541; baseline -0.003 -13"><span class='ocrx_word' id='word_1_601' title='bbox 1163 2492 1300 2528; x_wconf 88' lang='lat' dir='ltr'>sentiat</span> <span class='ocrx_word' id='word_1_602' title='bbox 1318 2507 1325 2528; x_wconf 90' lang='lat'>:</span> <span class='ocrx_word' id='word_1_603' title='bbox 1351 2492 1510 2541; x_wconf 76' lang='lat' dir='ltr'>supplex</span> <span class='ocrx_word' id='word_1_604' title='bbox 1532 2505 1602 2541; x_wconf 88' lang='lat' dir='ltr'>pro</span> <span class='ocrx_word' id='word_1_605' title='bbox 1621 2491 1811 2540; x_wconf 86' lang='lat' dir='ltr'>periculo,</span> <span class='ocrx_word' id='word_1_606' title='bbox 1834 2498 1984 2526; x_wconf 89' lang='lat' dir='ltr'>sanctus</span> <span class='ocrx_word' id='word_1_607' title='bbox 2000 2504 2070 2539; x_wconf 89' lang='lat' dir='ltr'>pro</span> <span class='ocrx_word' id='word_1_608' title='bbox 2091 2490 2167 2526; x_wconf 74' lang='lat' dir='ltr'>vir—</span> 
     </span>
     <span class='ocr_line' id='line_1_79' title="bbox 1164 2550 2166 2602; baseline -0.004 -13"><span class='ocrx_word' id='word_1_609' title='bbox 1164 2561 1243 2589; x_wconf 88' lang='lat' dir='ltr'>tute</span> <span class='ocrx_word' id='word_1_610' title='bbox 1266 2568 1272 2589; x_wconf 88' lang='lat'><strong>:</strong></span> <span class='ocrx_word' id='word_1_611' title='bbox 1293 2562 1442 2589; x_wconf 85' lang='lat' dir='ltr'>sanctus</span> <span class='ocrx_word' id='word_1_612' title='bbox 1460 2553 1570 2602; x_wconf 87' lang='lat' dir='ltr'>plane</span> <span class='ocrx_word' id='word_1_613' title='bbox 1591 2560 1702 2600; x_wconf 87' lang='lat' dir='ltr'>atque</span> <span class='ocrx_word' id='word_1_614' title='bbox 1730 2550 1884 2595; x_wconf 81' lang='lat' dir='ltr'>beatus,</span> <span class='ocrx_word' id='word_1_615' title='bbox 1903 2550 1968 2598; x_wconf 90' lang='lat' dir='ltr'>qui</span> <span class='ocrx_word' id='word_1_616' title='bbox 1988 2550 2166 2586; x_wconf 84' lang='lat' dir='ltr'>condele-</span> 
     </span>
    </p>
   </div>
   <div class='ocr_carea' id='block_1_15' title="bbox 81 2610 2164 2664">
    <p class='ocr_par' dir='ltr' id='par_1_15' title="bbox 81 2610 2164 2664">
     <span class='ocr_line' id='line_1_80' title="bbox 81 2610 2164 2664; baseline -0.002 -14"><span class='ocrx_word' id='word_1_617' title='bbox 81 2613 192 2664; x_wconf 87' lang='lat' dir='ltr'>cipue</span> <span class='ocrx_word' id='word_1_618' title='bbox 213 2613 365 2650; x_wconf 89' lang='lat' dir='ltr'>duobus</span> <span class='ocrx_word' id='word_1_619' title='bbox 391 2613 583 2660; x_wconf 88' lang='lat' dir='ltr'>sensibus,</span> <span class='ocrx_word' id='word_1_620' title='bbox 603 2613 643 2650; x_wconf 90' lang='lat' dir='ltr'>id</span> <span class='ocrx_word' id='word_1_621' title='bbox 662 2622 718 2650; x_wconf 87' lang='lat' dir='ltr'>est</span> <span class='ocrx_word' id='word_1_622' title='bbox 744 2614 842 2650; x_wconf 61' lang='lat' dir='ltr'>visui</span> <span class='ocrx_word' id='word_1_623' title='bbox 863 2622 901 2650; x_wconf 92' lang='lat' dir='ltr'>et</span> <span class='ocrx_word' id='word_1_624' title='bbox 921 2613 1091 2658; x_wconf 88' lang='lat' dir='ltr'>auditui,</span> <span class='ocrx_word' id='word_1_625' title='bbox 1116 2624 1148 2657; x_wconf 86' lang='lat' dir='ltr'>D</span> <span class='ocrx_word' id='word_1_626' title='bbox 1164 2622 1286 2650; x_wconf 87' lang='lat' dir='ltr'>ctatus</span> <span class='ocrx_word' id='word_1_627' title='bbox 1303 2614 1375 2663; x_wconf 72' lang='lat' dir='ltr'>legi</span> <span class='ocrx_word' id='word_1_628' title='bbox 1396 2614 1463 2651; x_wconf 74' lang='lat' dir='ltr'>Dei</span> <span class='ocrx_word' id='word_1_629' title='bbox 1480 2612 1685 2649; x_wconf 88' lang='lat' dir='ltr'>secundum</span> <span class='ocrx_word' id='word_1_630' title='bbox 1711 2610 1930 2647; x_wconf 87' lang='lat' dir='ltr'>interiorem</span> <span class='ocrx_word' id='word_1_631' title='bbox 1951 2610 2164 2655; x_wconf 86' lang='lat' dir='ltr'>hominem,</span> 
     </span>
    </p>
   </div>
   <div class='ocr_carea' id='block_1_16' title="bbox 81 2672 1095 3204">
    <p class='ocr_par' dir='ltr' id='par_1_16' title="bbox 81 2672 1095 3204">
     <span class='ocr_line' id='line_1_81' title="bbox 82 2672 1095 2723; baseline 0.002 -15"><span class='ocrx_word' id='word_1_632' title='bbox 82 2685 194 2710; x_wconf 88' lang='lat' dir='ltr'>nemo</span> <span class='ocrx_word' id='word_1_633' title='bbox 215 2673 330 2710; x_wconf 84' lang='lat' dir='ltr'>fidem</span> <span class='ocrx_word' id='word_1_634' title='bbox 347 2680 457 2723; x_wconf 88' lang='lat' dir='ltr'>putat</span> <span class='ocrx_word' id='word_1_635' title='bbox 473 2685 553 2709; x_wconf 87' lang='lat' dir='ltr'>esse</span> <span class='ocrx_word' id='word_1_636' title='bbox 567 2672 793 2722; x_wconf 83' lang='lat' dir='ltr'>negandam.</span> <span class='ocrx_word' id='word_1_637' title='bbox 812 2678 894 2711; x_wconf 84' lang='lat' dir='ltr'>Hoc</span> <span class='ocrx_word' id='word_1_638' title='bbox 911 2687 981 2711; x_wconf 83' lang='lat' dir='ltr'>nos</span> <span class='ocrx_word' id='word_1_639' title='bbox 999 2674 1095 2710; x_wconf 82' lang='lat' dir='ltr'>scire</span> 
     </span>
     <span class='ocr_line' id='line_1_82' title="bbox 83 2733 1095 2782; baseline 0.001 -13"><span class='ocrx_word' id='word_1_640' title='bbox 83 2742 302 2770; x_wconf 87' lang='lat' dir='ltr'>constanter</span> <span class='ocrx_word' id='word_1_641' title='bbox 321 2733 575 2779; x_wconf 89' lang='lat' dir='ltr'>adstruimus,</span> <span class='ocrx_word' id='word_1_642' title='bbox 597 2733 703 2782; x_wconf 90' lang='lat' dir='ltr'>quod</span> <span class='ocrx_word' id='word_1_643' title='bbox 722 2733 890 2770; x_wconf 69' lang='lat' dir='ltr'>vidimus</span> <span class='ocrx_word' id='word_1_644' title='bbox 919 2742 957 2770; x_wconf 85' lang='lat' dir='ltr'>et</span> <span class='ocrx_word' id='word_1_645' title='bbox 982 2733 1095 2770; x_wconf 85' lang='lat' dir='ltr'>audi-</span> 
     </span>
     <span class='ocr_line' id='line_1_83' title="bbox 81 2792 1093 2844; baseline -0.001 -14"><span class='ocrx_word' id='word_1_646' title='bbox 81 2792 216 2830; x_wconf 78' lang='lat' dir='ltr'>vimus.</span> <span class='ocrx_word' id='word_1_647' title='bbox 247 2793 387 2830; x_wconf 86' lang='lat' dir='ltr'>Merito</span> <span class='ocrx_word' id='word_1_648' title='bbox 422 2793 552 2842; x_wconf 87' lang='lat' dir='ltr'>itaque</span> <span class='ocrx_word' id='word_1_649' title='bbox 580 2806 659 2829; x_wconf 91' lang='lat' dir='ltr'>non</span> <span class='ocrx_word' id='word_1_650' title='bbox 687 2802 768 2830; x_wconf 88' lang='lat' dir='ltr'>erat</span> <span class='ocrx_word' id='word_1_651' title='bbox 796 2807 894 2844; x_wconf 90' lang='lat' dir='ltr'>opus</span> <span class='ocrx_word' id='word_1_652' title='bbox 925 2793 1093 2831; x_wconf 90' lang='lat' dir='ltr'>Domino</span> 
     </span>
     <span class='ocr_line' id='line_1_84' title="bbox 81 2853 1094 2904; baseline 0 -14"><span class='ocrx_word' id='word_1_653' title='bbox 81 2855 171 2890; x_wconf 90' lang='lat' dir='ltr'>Jesu</span> <span class='ocrx_word' id='word_1_654' title='bbox 184 2882 194 2900; x_wconf 93' lang='lat'>‚</span> <span class='ocrx_word' id='word_1_655' title='bbox 216 2862 259 2891; x_wconf 93' lang='lat' dir='ltr'>ut</span> <span class='ocrx_word' id='word_1_656' title='bbox 277 2854 363 2904; x_wconf 91' lang='lat' dir='ltr'>quis</span> <span class='ocrx_word' id='word_1_657' title='bbox 382 2853 643 2890; x_wconf 88' lang='lat' dir='ltr'>testimonium</span> <span class='ocrx_word' id='word_1_658' title='bbox 663 2853 885 2903; x_wconf 87' lang='lat' dir='ltr'>perhiberet</span> <span class='ocrx_word' id='word_1_659' title='bbox 905 2854 951 2890; x_wconf 90' lang='lat' dir='ltr'>de</span> <span class='ocrx_word' id='word_1_660' title='bbox 968 2854 1094 2890; x_wconf 89' lang='lat' dir='ltr'>homi—</span> 
     </span>
     <span class='ocr_line' id='line_1_85' title="bbox 83 2913 1091 2965; baseline 0 -15"><span class='ocrx_word' id='word_1_661' title='bbox 83 2926 130 2951; x_wconf 91' lang='lat' dir='ltr'>ne</span> <span class='ocrx_word' id='word_1_662' title='bbox 142 2928 154 2960; x_wconf 91' lang='lat'>;</span> <span class='ocrx_word' id='word_1_663' title='bbox 168 2914 250 2965; x_wconf 88' lang='lat' dir='ltr'>ipse</span> <span class='ocrx_word' id='word_1_664' title='bbox 266 2914 447 2952; x_wconf 89' lang='lat' dir='ltr'>nimirum</span> <span class='ocrx_word' id='word_1_665' title='bbox 464 2913 608 2952; x_wconf 89' lang='lat' dir='ltr'>sciebat</span> <span class='ocrx_word' id='word_1_666' title='bbox 624 2928 709 2964; x_wconf 84' lang='lat' dir='ltr'>quae</span> <span class='ocrx_word' id='word_1_667' title='bbox 725 2924 852 2952; x_wconf 90' lang='lat' dir='ltr'>essent</span> <span class='ocrx_word' id='word_1_668' title='bbox 866 2915 904 2951; x_wconf 89' lang='lat' dir='ltr'>in</span> <span class='ocrx_word' id='word_1_669' title='bbox 922 2914 1091 2951; x_wconf 89' lang='lat' dir='ltr'>homine.</span> 
     </span>
     <span class='ocr_line' id='line_1_86' title="bbox 87 2973 1093 3025; baseline 0.001 -15"><span class='ocrx_word' id='word_1_670' title='bbox 87 2974 190 3020; x_wconf 84' lang='lat' dir='ltr'>Quid</span> <span class='ocrx_word' id='word_1_671' title='bbox 207 2980 388 3025; x_wconf 77' lang='lat' dir='ltr'>cogitatis,</span> <span class='ocrx_word' id='word_1_672' title='bbox 408 2975 479 3022; x_wconf 90' lang='lat' dir='ltr'>ait,</span> <span class='ocrx_word' id='word_1_673' title='bbox 504 2978 610 3011; x_wconf 80' lang='lat' dir='ltr'>mala</span> <span class='ocrx_word' id='word_1_674' title='bbox 634 2979 673 3010; x_wconf 79' lang='lat' dir='ltr'>in</span> <span class='ocrx_word' id='word_1_675' title='bbox 702 2975 873 3011; x_wconf 74' lang='lat' dir='ltr'>cordibus</span> <span class='ocrx_word' id='word_1_676' title='bbox 897 2979 1031 3011; x_wconf 75' lang='lat' dir='ltr'>vestris</span> <span class='ocrx_word' id='word_1_677' title='bbox 1053 2973 1093 3010; x_wconf 80' lang='lat'>⁵?</span> 
     </span>
     <span class='ocr_line' id='line_1_87' title="bbox 81 3033 1093 3084; baseline -0.001 -13"><span class='ocrx_word' id='word_1_678' title='bbox 81 3035 353 3084; x_wconf 86' lang='lat' dir='ltr'>Respondebat</span> <span class='ocrx_word' id='word_1_679' title='bbox 372 3048 450 3072; x_wconf 90' lang='lat' dir='ltr'>non</span> <span class='ocrx_word' id='word_1_680' title='bbox 469 3033 711 3072; x_wconf 87' lang='lat' dir='ltr'>sermonibus</span> <span class='ocrx_word' id='word_1_681' title='bbox 725 3063 734 3080; x_wconf 92' lang='lat'>,</span> <span class='ocrx_word' id='word_1_682' title='bbox 758 3034 824 3072; x_wconf 91' lang='lat' dir='ltr'>sed</span> <span class='ocrx_word' id='word_1_683' title='bbox 854 3034 1093 3084; x_wconf 83' lang='lat' dir='ltr'>cogitationi-</span> 
     </span>
     <span class='ocr_line' id='line_1_88' title="bbox 81 3093 1091 3145; baseline 0 -14"><span class='ocrx_word' id='word_1_684' title='bbox 81 3093 164 3132; x_wconf 90' lang='lat' dir='ltr'>bus.</span> <span class='ocrx_word' id='word_1_685' title='bbox 182 3095 373 3134; x_wconf 80' lang='lat' dir='ltr'>Audiebat</span> <span class='ocrx_word' id='word_1_686' title='bbox 392 3109 471 3133; x_wconf 90' lang='lat' dir='ltr'>non</span> <span class='ocrx_word' id='word_1_687' title='bbox 496 3094 722 3145; x_wconf 86' lang='lat' dir='ltr'>loquentes,</span> <span class='ocrx_word' id='word_1_688' title='bbox 744 3095 899 3133; x_wconf 78' lang='lat' dir='ltr'>videbat</span> <span class='ocrx_word' id='word_1_689' title='bbox 920 3108 998 3135; x_wconf 88' lang='lat' dir='ltr'>non</span> <span class='ocrx_word' id='word_1_690' title='bbox 1020 3107 1091 3144; x_wconf 83' lang='lat' dir='ltr'>ap-</span> 
     </span>
     <span class='ocr_line' id='line_1_89' title="bbox 83 3163 271 3204; baseline 0.011 -13"><span class='ocrx_word' id='word_1_691' title='bbox 83 3163 271 3204; x_wconf 90' lang='lat' dir='ltr'>parentes.</span> 
     </span>
    </p>
   </div>
   <div class='ocr_carea' id='block_1_17' title="bbox 1159 2670 2167 3142">
    <p class='ocr_par' dir='ltr' id='par_1_17' title="bbox 1160 2670 2167 2903">
     <span class='ocr_line' id='line_1_90' title="bbox 1163 2670 2165 2723; baseline -0.005 -12"><span class='ocrx_word' id='word_1_692' title='bbox 1163 2674 1209 2710; x_wconf 83' lang='lat' dir='ltr'>de</span> <span class='ocrx_word' id='word_1_693' title='bbox 1230 2674 1351 2720; x_wconf 88' lang='lat' dir='ltr'>malo,</span> <span class='ocrx_word' id='word_1_694' title='bbox 1375 2673 1479 2723; x_wconf 89' lang='lat' dir='ltr'>quod</span> <span class='ocrx_word' id='word_1_695' title='bbox 1501 2674 1550 2709; x_wconf 86' lang='lat' dir='ltr'>ita</span> <span class='ocrx_word' id='word_1_696' title='bbox 1572 2674 1690 2708; x_wconf 69' lang='lat' dir='ltr'>inesse</span> <span class='ocrx_word' id='word_1_697' title='bbox 1708 2671 1859 2720; x_wconf 85' lang='lat' dir='ltr'>corpori</span> <span class='ocrx_word' id='word_1_698' title='bbox 1882 2670 2012 2715; x_wconf 86' lang='lat' dir='ltr'>sentit,</span> <span class='ocrx_word' id='word_1_699' title='bbox 2035 2679 2077 2706; x_wconf 88' lang='lat' dir='ltr'>ut</span> <span class='ocrx_word' id='word_1_700' title='bbox 2095 2671 2165 2707; x_wconf 89' lang='lat' dir='ltr'>nisi</span> 
     </span>
     <span class='ocr_line' id='line_1_91' title="bbox 1163 2730 2165 2784; baseline -0.005 -13"><span class='ocrx_word' id='word_1_701' title='bbox 1163 2734 1305 2784; x_wconf 85' lang='lat' dir='ltr'>pariter</span> <span class='ocrx_word' id='word_1_702' title='bbox 1326 2748 1412 2770; x_wconf 89' lang='lat' dir='ltr'>cum</span> <span class='ocrx_word' id='word_1_703' title='bbox 1433 2747 1596 2783; x_wconf 88' lang='lat' dir='ltr'>corpore</span> <span class='ocrx_word' id='word_1_704' title='bbox 1614 2745 1740 2769; x_wconf 81' lang='lat' dir='ltr'>carere</span> <span class='ocrx_word' id='word_1_705' title='bbox 1767 2744 1845 2767; x_wconf 90' lang='lat' dir='ltr'>non</span> <span class='ocrx_word' id='word_1_706' title='bbox 1864 2730 2002 2780; x_wconf 86' lang='lat' dir='ltr'>possit,</span> <span class='ocrx_word' id='word_1_707' title='bbox 2030 2732 2165 2767; x_wconf 84' lang='lat' dir='ltr'>merito</span> 
     </span>
     <span class='ocr_line' id='line_1_92' title="bbox 1161 2793 2167 2839; baseline -0.004 -8"><span class='ocrx_word' id='word_1_708' title='bbox 1161 2808 1241 2831; x_wconf 86' lang='lat' dir='ltr'>sese</span> <span class='ocrx_word' id='word_1_709' title='bbox 1260 2795 1497 2839; x_wconf 86' lang='lat' dir='ltr'>consolatur,</span> <span class='ocrx_word' id='word_1_710' title='bbox 1515 2802 1551 2829; x_wconf 91' lang='lat' dir='ltr'>et</span> <span class='ocrx_word' id='word_1_711' title='bbox 1572 2793 1624 2828; x_wconf 88' lang='lat' dir='ltr'>ait</span> <span class='ocrx_word' id='word_1_712' title='bbox 1645 2807 1651 2827; x_wconf 93' lang='lat'><strong>:</strong></span> <span class='ocrx_word' id='word_1_713' title='bbox 1669 2795 1756 2828; x_wconf 76' lang='lat' dir='ltr'>lam</span> <span class='ocrx_word' id='word_1_714' title='bbox 1784 2805 1857 2826; x_wconf 81' lang='lat' dir='ltr'>mm</span> <span class='ocrx_word' id='word_1_715' title='bbox 1879 2805 1943 2839; x_wconf 80' lang='lat' dir='ltr'>ego</span> <span class='ocrx_word' id='word_1_716' title='bbox 1962 2804 2096 2839; x_wconf 73' lang='lat' dir='ltr'>operor</span> <span class='ocrx_word' id='word_1_717' title='bbox 2120 2794 2167 2827; x_wconf 84' lang='lat' dir='ltr'>il—</span> 
     </span>
     <span class='ocr_line' id='line_1_93' title="bbox 1160 2853 1989 2903; baseline -0.005 -13"><span class='ocrx_word' id='word_1_718' title='bbox 1160 2857 1238 2899; x_wconf 76' lang='lat' dir='ltr'>lad,</span> <span class='ocrx_word' id='word_1_719' title='bbox 1259 2857 1326 2890; x_wconf 77' lang='lat' dir='ltr'>setl</span> <span class='ocrx_word' id='word_1_720' title='bbox 1344 2857 1445 2903; x_wconf 77' lang='lat' dir='ltr'>quod</span> <span class='ocrx_word' id='word_1_721' title='bbox 1459 2853 1603 2890; x_wconf 76' lang='lat' dir='ltr'>habitat</span> <span class='ocrx_word' id='word_1_722' title='bbox 1624 2857 1662 2888; x_wconf 77' lang='lat' dir='ltr'>in</span> <span class='ocrx_word' id='word_1_723' title='bbox 1684 2861 1949 2900; x_wconf 76' lang='lat' dir='ltr'>mepeccattcm</span> <span class='ocrx_word' id='word_1_724' title='bbox 1963 2858 1989 2887; x_wconf 80' lang='grc'>7.</span> 
     </span>
    </p>

    <p class='ocr_par' dir='ltr' id='par_1_18' title="bbox 1159 2911 2167 3142">
     <span class='ocr_line' id='line_1_94' title="bbox 1215 2911 2163 2961; baseline -0.005 -9"><span class='ocrx_word' id='word_1_725' title='bbox 1215 2915 1277 2951; x_wconf 69' lang='lat'>24.</span> <span class='ocrx_word' id='word_1_726' title='bbox 1299 2919 1568 2952; x_wconf 80' lang='lat' dir='ltr'>Verumtamen</span> <span class='ocrx_word' id='word_1_727' title='bbox 1595 2912 1731 2949; x_wconf 89' lang='lat' dir='ltr'>delicta</span> <span class='ocrx_word' id='word_1_728' title='bbox 1751 2912 1835 2961; x_wconf 89' lang='lat' dir='ltr'>quis</span> <span class='ocrx_word' id='word_1_729' title='bbox 1853 2911 2051 2961; x_wconf 75' lang='lat' dir='ltr'>intelligit?</span> <span class='ocrx_word' id='word_1_730' title='bbox 2070 2915 2163 2949; x_wconf 67' lang='lat' dir='ltr'>Nam</span> 
     </span>
     <span class='ocr_line' id='line_1_95' title="bbox 1159 2972 2167 3024; baseline -0.004 -13"><span class='ocrx_word' id='word_1_731' title='bbox 1159 2975 1189 3011; x_wconf 90' lang='lat' dir='ltr'>si</span> <span class='ocrx_word' id='word_1_732' title='bbox 1210 2987 1359 3024; x_wconf 85' lang='lat' dir='ltr'>possem</span> <span class='ocrx_word' id='word_1_733' title='bbox 1377 2974 1501 3010; x_wconf 90' lang='lat' dir='ltr'>dicere</span> <span class='ocrx_word' id='word_1_734' title='bbox 1520 2987 1606 3010; x_wconf 89' lang='lat' dir='ltr'>cum</span> <span class='ocrx_word' id='word_1_735' title='bbox 1627 2973 1746 3010; x_wconf 88' lang='lat' dir='ltr'>Paulo</span> <span class='ocrx_word' id='word_1_736' title='bbox 1759 3001 1768 3018; x_wconf 91' lang='lat'>‚</span> <span class='ocrx_word' id='word_1_737' title='bbox 1788 2972 1893 3022; x_wconf 91' lang='lat' dir='ltr'>quod</span> <span class='ocrx_word' id='word_1_738' title='bbox 1910 2972 2063 3022; x_wconf 89' lang='lat' dir='ltr'>quidem</span> <span class='ocrx_word' id='word_1_739' title='bbox 2086 2973 2167 3008; x_wconf 93' lang='lat' dir='ltr'>lon-</span> 
     </span>
     <span class='ocr_line' id='line_1_96' title="bbox 1160 3032 2161 3084; baseline -0.005 -13"><span class='ocrx_word' id='word_1_740' title='bbox 1160 3048 1205 3084; x_wconf 78' lang='lat' dir='ltr'>ge</span> <span class='ocrx_word' id='word_1_741' title='bbox 1234 3043 1290 3071; x_wconf 83' lang='lat' dir='ltr'>est</span> <span class='ocrx_word' id='word_1_742' title='bbox 1321 3048 1341 3070; x_wconf 89' lang='lat' dir='ltr'>a</span> <span class='ocrx_word' id='word_1_743' title='bbox 1372 3047 1451 3080; x_wconf 84' lang='lat' dir='ltr'>me,</span> <span class='ocrx_word' id='word_1_744' title='bbox 1479 3034 1588 3069; x_wconf 66' lang='lat' dir='ltr'>Nihil</span> <span class='ocrx_word' id='word_1_745' title='bbox 1614 3033 1706 3068; x_wconf 80' lang='lat' dir='ltr'>milei</span> <span class='ocrx_word' id='word_1_746' title='bbox 1733 3037 1901 3068; x_wconf 80' lang='lat' dir='ltr'>conscius</span> <span class='ocrx_word' id='word_1_747' title='bbox 1933 3032 2062 3077; x_wconf 52' lang='grc' dir='ltr'>ιςιυηὸς</span> <span class='ocrx_word' id='word_1_748' title='bbox 2087 3045 2161 3067; x_wconf 90' lang='lat' dir='ltr'>non</span> 
     </span>
     <span class='ocr_line' id='line_1_97' title="bbox 1164 3091 2164 3142; baseline -0.003 -13"><span class='ocrx_word' id='word_1_749' title='bbox 1164 3103 1288 3130; x_wconf 87' lang='lat' dir='ltr'>tamen</span> <span class='ocrx_word' id='word_1_750' title='bbox 1315 3093 1354 3129; x_wconf 89' lang='lat' dir='ltr'>in</span> <span class='ocrx_word' id='word_1_751' title='bbox 1386 3093 1458 3129; x_wconf 90' lang='lat' dir='ltr'>hoc</span> <span class='ocrx_word' id='word_1_752' title='bbox 1490 3106 1570 3129; x_wconf 86' lang='lat' dir='ltr'>esse</span> <span class='ocrx_word' id='word_1_753' title='bbox 1596 3091 1845 3142; x_wconf 81' lang='lat' dir='ltr'>justificatum</span> <span class='ocrx_word' id='word_1_754' title='bbox 1881 3099 2074 3141; x_wconf 85' lang='lat' dir='ltr'>oporteret</span> <span class='ocrx_word' id='word_1_755' title='bbox 2104 3104 2164 3126; x_wconf 89' lang='lat' dir='ltr'>me</span> 
     </span>
    </p>
   </div>
   <div class='ocr_carea' id='block_1_18' title="bbox 1162 3153 2160 3203">
    <p class='ocr_par' dir='ltr' id='par_1_19' title="bbox 1162 3153 2160 3203">
     <span class='ocr_line' id='line_1_98' title="bbox 1162 3153 2160 3203; baseline -0.004 -14"><span class='ocrx_word' id='word_1_756' title='bbox 1162 3153 1314 3203; x_wconf 78' lang='lat' dir='ltr'>gloriari</span> <span class='ocrx_word' id='word_1_757' title='bbox 1338 3168 1345 3189; x_wconf 91' lang='lat'>:</span> <span class='ocrx_word' id='word_1_758' title='bbox 1365 3154 1449 3188; x_wconf 67' lang='lat' dir='ltr'>Xon</span> <span class='ocrx_word' id='word_1_759' title='bbox 1479 3157 1576 3188; x_wconf 79' lang='lat' dir='ltr'>enim</span> <span class='ocrx_word' id='word_1_760' title='bbox 1607 3157 1729 3201; x_wconf 79' lang='lat' dir='ltr'>quise</span> <span class='ocrx_word' id='word_1_761' title='bbox 1757 3157 1876 3201; x_wconf 73' lang='lat' dir='ltr'>ipsum</span> <span class='ocrx_word' id='word_1_762' title='bbox 1906 3153 2160 3194; x_wconf 68' lang='lat' dir='ltr'>commen-(lat,</span> 
     </span>
    </p>
   </div>
   <div class='ocr_carea' id='block_1_19' title="bbox 132 3276 2164 3324">
    <p class='ocr_par' dir='ltr' id='par_1_20' title="bbox 132 3276 2164 3324">
     <span class='ocr_line' id='line_1_99' title="bbox 132 3276 2164 3324; baseline -0.004 -10"><span class='ocrx_word' id='word_1_763' title='bbox 132 3288 143 3302; x_wconf 91' lang='lat'><em>¹</em></span> <span class='ocrx_word' id='word_1_764' title='bbox 160 3285 276 3314; x_wconf 83' lang='lat' dir='ltr'>Jerem.</span> <span class='ocrx_word' id='word_1_765' title='bbox 291 3294 361 3313; x_wconf 81' lang='lat' dir='ltr'>xrn</span> <span class='ocrx_word' id='word_1_766' title='bbox 375 3308 383 3322; x_wconf 86' lang='lat'>,</span> <span class='ocrx_word' id='word_1_767' title='bbox 410 3286 441 3315; x_wconf 83' lang='lat'>9.</span> <span class='ocrx_word' id='word_1_768' title='bbox 458 3302 503 3305; x_wconf 82' lang='lat'>——</span> <span class='ocrx_word' id='word_1_769' title='bbox 520 3288 532 3303; x_wconf 83' lang='lat'><strong>²</strong></span> <span class='ocrx_word' id='word_1_770' title='bbox 551 3287 565 3314; x_wconf 96' lang='lat' dir='ltr'>I</span> <span class='ocrx_word' id='word_1_771' title='bbox 581 3285 654 3315; x_wconf 88' lang='lat' dir='ltr'>Cor.</span> <span class='ocrx_word' id='word_1_772' title='bbox 677 3295 723 3321; x_wconf 77' lang='lat' dir='ltr'>xv,</span> <span class='ocrx_word' id='word_1_773' title='bbox 747 3286 780 3320; x_wconf 89' lang='grc'>3,</span> <span class='ocrx_word' id='word_1_774' title='bbox 808 3286 837 3314; x_wconf 74' lang='lat'>4.</span> <span class='ocrx_word' id='word_1_775' title='bbox 855 3302 898 3305; x_wconf 92' lang='lat'>—</span> <span class='ocrx_word' id='word_1_776' title='bbox 915 3281 928 3305; x_wconf 86' lang='lat'>3</span> <span class='ocrx_word' id='word_1_777' title='bbox 942 3285 987 3314; x_wconf 93' lang='lat' dir='ltr'>IV</span> <span class='ocrx_word' id='word_1_778' title='bbox 1006 3285 1084 3324; x_wconf 79' lang='lat' dir='ltr'>Reg.</span> <span class='ocrx_word' id='word_1_779' title='bbox 1104 3294 1136 3321; x_wconf 84' lang='lat' dir='ltr'>v,</span> <span class='ocrx_word' id='word_1_780' title='bbox 1160 3285 1212 3313; x_wconf 82' lang='lat'>22.</span> <span class='ocrx_word' id='word_1_781' title='bbox 1232 3281 1302 3307; x_wconf 78' lang='lat'>—⁴&#39;</span> <span class='ocrx_word' id='word_1_782' title='bbox 1323 3281 1394 3313; x_wconf 82' lang='lat' dir='ltr'>Isai.</span> <span class='ocrx_word' id='word_1_783' title='bbox 1412 3293 1423 3312; x_wconf 92' lang='lat'>1</span> <span class='ocrx_word' id='word_1_784' title='bbox 1439 3306 1446 3320; x_wconf 96' lang='lat'>,</span> <span class='ocrx_word' id='word_1_785' title='bbox 1472 3285 1522 3312; x_wconf 80' lang='grc'>16,</span> <span class='ocrx_word' id='word_1_786' title='bbox 1549 3300 1591 3304; x_wconf 89' lang='lat'><em>-</em></span> <span class='ocrx_word' id='word_1_787' title='bbox 1609 3279 1622 3302; x_wconf 85' lang='lat'><strong>⁵</strong></span> <span class='ocrx_word' id='word_1_788' title='bbox 1640 3279 1755 3312; x_wconf 81' lang='lat' dir='ltr'>Matih.</span> <span class='ocrx_word' id='word_1_789' title='bbox 1774 3290 1809 3310; x_wconf 74' lang='lat' dir='ltr'>IX</span> <span class='ocrx_word' id='word_1_790' title='bbox 1822 3304 1829 3317; x_wconf 93' lang='lat'>‚</span> <span class='ocrx_word' id='word_1_791' title='bbox 1848 3281 1922 3309; x_wconf 74' lang='lat'>4.-—</span> <span class='ocrx_word' id='word_1_792' title='bbox 1944 3276 1959 3298; x_wconf 81' lang='lat'>6</span> <span class='ocrx_word' id='word_1_793' title='bbox 1975 3277 2052 3308; x_wconf 85' lang='lat' dir='ltr'>Psal.</span> <span class='ocrx_word' id='word_1_794' title='bbox 2066 3287 2164 3314; x_wconf 75' lang='lat' dir='ltr'>xxxx,</span> 
     </span>
    </p>
   </div>
   <div class='ocr_carea' id='block_1_20' title="bbox 86 3334 831 3375">
    <p class='ocr_par' dir='ltr' id='par_1_21' title="bbox 86 3334 831 3375">
     <span class='ocr_line' id='line_1_100' title="bbox 86 3334 831 3375; baseline -0.001 -9"><span class='ocrx_word' id='word_1_795' title='bbox 86 3340 116 3366; x_wconf 86' lang='grc'>6.</span> <span class='ocrx_word' id='word_1_796' title='bbox 134 3354 178 3358; x_wconf 84' lang='grc'>-</span> <span class='ocrx_word' id='word_1_797' title='bbox 194 3343 208 3367; x_wconf 90' lang='lat'>7</span> <span class='ocrx_word' id='word_1_798' title='bbox 225 3339 320 3368; x_wconf 85' lang='lat' dir='ltr'>Rom.</span> <span class='ocrx_word' id='word_1_799' title='bbox 343 3348 410 3375; x_wconf 74' lang='lat' dir='ltr'>vu,</span> <span class='ocrx_word' id='word_1_800' title='bbox 438 3339 490 3368; x_wconf 81' lang='lat'>17.</span> <span class='ocrx_word' id='word_1_801' title='bbox 511 3355 555 3360; x_wconf 91' lang='lat'>—</span> <span class='ocrx_word' id='word_1_802' title='bbox 575 3334 588 3358; x_wconf 82' lang='lat'>8</span> <span class='ocrx_word' id='word_1_803' title='bbox 606 3340 620 3368; x_wconf 92' lang='lat'><em>1</em></span> <span class='ocrx_word' id='word_1_804' title='bbox 642 3339 780 3374; x_wconf 78' lang='lat' dir='ltr'>(Ior.1v‚</span> <span class='ocrx_word' id='word_1_805' title='bbox 801 3339 831 3366; x_wconf 61' lang='lat'>4.</span> 
     </span>
    </p>
   </div>
  </div>
 </body>
</html>
