2517 3936
94 215 188 252 1257

88 293 148 330 vel
175 291 331 330 serenda
345 320 354 338 ‚
382 291 441 327 vel
462 291 684 338 inferenda,
704 301 741 329 ct
763 294 854 330 nihil
874 294 1010 332 habeat
1029 296 1124 332 cri-⁵

89 353 200 392 minis
227 352 258 400 *,
290 360 328 389 et
359 352 571 402 plurimum
601 353 731 401 gloriae
765 363 968 391 mercatur.
1002 356 1099 393 Hinc

86 414 232 464 quippe
263 412 411 450 Christo
427 441 436 458 ‚
464 411 555 448 inde
577 412 747 449 Christus
770 415 981 463 acquiritur
1000 430 1006 451 z
1033 416 1098 464 qui

88 474 268 512 nimirum
285 480 325 510 et
347 472 512 509 libenter
535 472 673 522 accipit
694 473 812 510 hostis
843 483 1006 511 mortem
1028 488 1099 525 pro

87 535 246 580 ultione,
266 542 304 571 et
323 532 505 570 libentius
525 532 673 583 praebet
695 547 733 570 se
755 534 879 584 ipsum
899 535 1008 572 militi
1029 549 1099 585 pro

86 595 362 632 consolatione.
390 594 525 639 Miles,
559 593 738 643 inquam,
773 594 911 632 Christi
945 608 1100 631 securus

86 655 292 702 interimit,
333 655 464 692 interit
492 654 674 692 securior.
712 654 791 691 Sibi
831 662 985 705 praestat
1014 668 1100 691 cum

86 715 240 763 interit,
263 715 414 754 Christo
445 729 532 753 cum
558 714 754 752 interimit.
773 718 859 752 Non
891 715 991 751 enim
1021 715 1102 751 sine

85 791 198 815 causa
225 777 396 829 gladium
422 785 563 828 portat.
596 778 668 814 Dei
688 777 829 814 etenim
857 776 1028 813 minister
1043 785 1099 813 est

83 837 132 875 ad
151 837 359 876 vindictam
374 837 682 884 malefactorum,
698 836 850 874 laudem
867 849 959 873 vero
977 835 1099 872 bono-

85 911 184 935 rum.
206 901 304 936 Sane
324 911 412 936 cum
434 897 575 935 occidit
591 898 874 934 malefactorem
891 925 901 942 ,
927 910 1004 933 non
1025 897 1098 933 ho-

84 958 244 1006 micida,
260 959 325 997 sed
339 987 350 1004 ,
373 968 415 996 ut
437 959 487 996 ita
505 958 665 995 dixerim
679 987 687 1003 ,
711 957 906 1003 malicida,
928 965 964 994 et
986 958 1099 1007 plane

82 1019 222 1058 Christi
240 1020 382 1057 vindex
397 1020 437 1057 in
451 1020 507 1057 his
521 1020 586 1070 qui
602 1020 698 1056 male
713 1027 847 1069 agunt,
869 1028 907 1055 et
921 1018 1100 1055 defensor

697 218 1021 255 EXHORTATIO
1053 220 1119 255 AD
1151 223 1345 258 MlLlTES
1373 225 1567 261 'stultum

2065 236 2162 273 1258

1136 297 1262 335 '¹⁶(lerc
1293 302 1549 338 sanctuarium
1577 303 1656 339 Dei.
1684 308 1883 344 Exscratur
1901 310 2044 357 gladius
2066 321 2163 348 uter-

1119 359 1146 391 A
1165 372 1239 408 que
1264 359 1430 395 fidelium
1449 368 1462 382 ³
1488 361 1523 396 iu
1546 363 1711 399 cervices
1738 365 1975 404 inimicorum
1992 399 2001 414 ,
2030 370 2074 406 ad
2097 371 2162 406 dc—

1167 419 1386 455 struendam
1418 433 1568 456 omnem
1599 422 1835 460 altitudinem
1863 429 2102 466 extollentem
2126 445 2163 466 se

1167 478 1348 515 adversus
1369 479 1562 516 scientiam
1582 481 1671 527 Dei,
1701 496 1783 531 quse
1802 492 1856 519 est
1873 486 2160 524 christianorum

1169 537 1285 583 lides;
1321 553 1367 574 nc
1393 542 1542 587 qnando
1574 543 1702 576 (licant
1723 552 1850 591 grates
1872 558 1882 578 .·
1906 545 1973 580 ζ’ὸὶ
1997 557 2047 582 (xxc
2067 551 2165 584 Dius

1168 612 1293 633 eorum
1314 597 1351 634 3?

1222 659 1258 694 6.
1278 658 1424 706 Quibus
1443 660 1609 709 expulsis
1631 663 1930 712 1·‹·vert(·turipse
1952 664 1988 700 in
2009 665 2165 701 haervdi-

1169 727 1283 754 tatem
1305 719 1538 769 domumque
1559 734 1677 768 suam,
1702 722 1748 758 dc
1764 736 1838 771 qua
1854 723 1970 760 iratus
1991 725 2027 760 in
2049 728 2167 761 Evau-

1169 778 1291 827 gelio,
1321 781 1440 824 Ecce,
1475 779 1620 828 inquit,
1656 784 1881 830 relinquetur
1902 782 2007 818 vobis
2041 786 2166 819 domm

1164 848 1290 874 vestm
1308 841 1451 875 (leserat
1466 840 1498 885 43
1519 848 1553 876 et
1571 853 1640 890 per
1660 842 1883 891 prophetam
1902 843 1952 879 ita
1972 845 2170 893 conqueri-

1166 907 1241 944 tur,
1260 901 1408 949 Reliqui
1427 903 1577 937 (lamam
1600 916 1734 947 ineam,
1757 905 1883 939 dimisi
1910 905 2165 941 hereditatem

1166 973 1286 995 meam
1309 959 1321 982 5
1342 976 1348 997 :
1372 961 1621 1012 implebitque
1653 963 1745 999 illud
1764 964 2050 1013 propheticum,
2074 968 2169 1001 Recl-

1166 1024 1254 1056 cmic
1276 1023 1454 1057 Dominus
1476 1026 1654 1071 populum
1671 1037 1788 1066 mum,
1813 1033 1847 1059 et
1866 1024 2030 1060 liberavit
2057 1039 2138 1061 eum
2155 1041 2165 1061 .·

82 1079 379 1118 christianorum
395 1089 617 1131 reputatur.
641 1082 734 1118 Cum
755 1088 882 1116 autem
908 1078 1096 1116 occiditur
1115 1075 1141 1109 Β
1165 1090 1199 1116 et
1221 1084 1373 1117 venient
1390 1091 1426 1117 ec
1441 1082 1678 1118 arsuliabmzc
1696 1087 1732 1118 in
1754 1093 1876 1119 inante
1895 1086 1997 1130 Sion,
2020 1095 2055 1121 et
2068 1100 2165 1135 gau-

82 1140 184 1191 ipse,
204 1155 283 1179 non
304 1142 480 1193 periisse,
509 1141 575 1178 sed
595 1141 815 1192 pervenisse
835 1141 1090 1190 cognoscitur.

83 1204 186 1239 Mors
216 1215 307 1253 ergo
336 1216 450 1253 quam
479 1202 646 1251 irrogat,
669 1201 807 1239 Christi
828 1208 884 1237 est
910 1201 1060 1237 lucrum
1084 1213 1091 1235 :

81 1274 197 1311 quam
218 1263 381 1313 excipit,
402 1275 528 1300 suum.
548 1265 594 1299 In
614 1270 738 1298 morte
758 1261 896 1311 pagani
917 1261 1093 1297 christia-

83 1334 155 1359 nus
185 1323 393 1373 gloriatur,
421 1323 512 1373 quia
540 1323 711 1361 Christus
737 1322 974 1372 glorificatur
1010 1335 1017 1356 :
1053 1321 1092 1358 in

82 1391 206 1421 morte
249 1384 463 1430 christiani,
498 1383 614 1433 Regis
652 1383 859 1420 liberalitas
892 1383 1091 1433 aperitur,

80 1457 168 1481 cum
186 1445 294 1483 miles
311 1444 617 1482 remunerandus
631 1444 821 1481 educitur.
837 1447 959 1481 Porro
977 1457 1094 1494 super

80 1504 149 1542 illo
171 1505 363 1543 laetabitur
378 1505 505 1556 justus
529 1518 617 1542 cum
637 1504 777 1541 viderit
794 1504 1016 1542 vindictam.
1036 1508 1093 1542 De

81 1566 154 1604 isto
180 1567 280 1605 dicet
309 1568 427 1605 homo
454 1582 462 1604 :
489 1568 529 1604 Si
555 1568 680 1615 ntique
711 1575 766 1602 est
781 1564 930 1614 strictus
947 1567 1052 1611 justo
1082 1580 1093 1600 .-

81 1628 207 1676 utique
226 1637 281 1665 est
298 1631 400 1664 Deus
406 1629 587 1675 judicans
605 1641 668 1663 eos
685 1631 724 1663 in
741 1637 842 1663 term
858 1633 882 1664 ¹.
905 1630 990 1664 Non
1007 1626 1093 1676 qui—

81 1687 167 1725 dem
189 1689 250 1726 vel
276 1689 418 1739 Pagani
438 1688 602 1726 necandi
622 1696 748 1725 essent
764 1716 773 1733 ‚
806 1687 837 1724 si
863 1701 941 1737 quo
976 1686 1092 1724 modo

80 1748 192 1786 aliter
225 1758 383 1800 possent
416 1762 438 1786 a
474 1748 593 1785 nimia
628 1748 874 1786 infestatione
914 1761 982 1785 seu
1020 1761 1093 1797 op-

86 1810 288 1858 pressione
317 1809 488 1847 fidelium
518 1808 701 1847 cohiberi.
728 1813 838 1847 Nunc
871 1817 997 1846 autem
1019 1822 1094 1845 me-

1160 1142 1296 1178 (lelnmt
1311 1146 1356 1178 (lc
1373 1143 1478 1179 bonis
1495 1146 1649 1180 Domini
1665 1144 1690 1180 5.
1706 1149 1849 1182 Laetare
1861 1175 1870 1191 ,
1890 1148 2111 1191 Jerusalem,
2127 1155 2164 1183 et

1160 1216 1345 1252 cognosce
1367 1203 1445 1253 jam
1470 1213 1616 1254 tempus
1640 1205 1864 1243 visitationis
1885 1209 1969 1243 tuae.
1991 1206 2159 1245 Gaudete

1160 1272 1196 1301 et
1216 1264 1364 1301 laudate
1386 1266 1494 1301 simul
1511 1295 1519 1311 ,
1538 1265 1684 1302 deserta
1705 1268 1935 1313 Jerusalem,
1959 1269 2045 1317 quia
2069 1282 2161 1304 con-

1159 1325 1301 1362 solatus
1330 1334 1385 1362 est
1402 1326 1589 1362 Dominus
1627 1328 1812 1376 populum
1845 1341 1976 1374 suum,
2004 1329 2163 1365 redemit

1159 1386 1392 1432 Jerusalem;
1422 1387 1571 1436 paravit
1604 1388 1790 1424 Dominus
1822 1387 2019 1425 brachium
2051 1402 2159 1425 suum

1160 1455 1332 1482 sanctum
1348 1447 1385 1482 in
1402 1447 1520 1483 oculis
1533 1447 1702 1483 omnium
1715 1448 1894 1497 gentium.
1906 1448 2020 1497 Virgo
2033 1449 2160 1493 Israel,

1160 1520 1359 1544 corrueras
1375 1536 1383 1551 ,
1408 1516 1445 1544 et
1462 1521 1540 1544 non
1557 1516 1636 1545 erat
1657 1509 1721 1558 qui
1741 1507 1957 1545 sublevaret
1975 1517 2020 1545 te.
2044 1513 2160 1558 Surge

1156 1566 1235 1616 jam
1252 1597 1261 1614 ‚
1281 1577 1459 1605 excutere
1482 1568 1527 1604 de
1554 1569 1733 1618 pulvere,
1757 1569 1882 1617 virgo,
1911 1570 2059 1619 captiva
2090 1570 2162 1606 filia

1161 1629 1264 1666 Sion.
1287 1633 1419 1679 Surge,
1443 1630 1611 1679 inquam,
1635 1638 1671 1666 et
1700 1638 1754 1666 sta
1777 1630 1813 1666 in
1838 1630 1999 1676 excelso,
2018 1639 2055 1666 et
2076 1630 2161 1667 vide

1155 1688 1458 1738 jucunditatem,
1481 1704 1565 1740 quae
1591 1691 1696 1727 venit
1725 1690 1790 1727 tibi
1817 1704 1837 1727 a
1862 1694 1943 1728 Deo
1970 1700 2047 1728 tuo.
2078 1695 2163 1728 Non

1158 1750 1357 1788 vocaberis
1377 1751 1477 1788 ultra
1501 1751 1699 1796 derelicta,
1732 1759 1769 1786 et
1792 1759 1891 1786 terra
1911 1760 1974 1787 tua
1995 1764 2072 1787 non
2092 1765 2161 1787 vo-

1161 1811 1310 1849 cabitur
1332 1812 1494 1862 amplius
1514 1812 1681 1849 desolata
1697 1840 1706 1855 ‚
1725 1811 1813 1860 quia
1836 1811 2062 1860 complacuit
2084 1815 2162 1848 Do-

81 1869 155 1907 lius
189 1878 247 1908 est
264 1878 307 1908 ut
337 1870 583 1916 occidantur,
620 1883 736 1920 quam
770 1877 872 1907 certe
894 1870 1085 1919 relinqua-
1106 1871 1132 1907 C
1156 1872 1260 1909 mino
1275 1873 1312 1908 in
1338 1881 1371 1909 tc
1389 1901 1397 1916 ‚
1421 1881 1458 1908 et
1483 1881 1580 1908 terra
1608 1881 1670 1908 tua
1698 1870 1980 1907 inhabitabitur.
2003 1875 2103 1907 Lex-a
2125 1872 2162 1906 in

86 1938 150 1967 tur
175 1930 282 1981 virga
300 1939 547 1982 peccatorum
568 1943 684 1980 super
702 1938 845 1966 sortem
862 1928 1056 1979 justorum
1080 1945 1088 1966 :

80 2005 129 2029 ne
158 1992 256 2030 forte
277 1993 488 2033 extendant
502 1991 597 2042 justi
623 1991 672 2029 ad
692 1991 933 2042 iniquitatem
957 2005 1090 2029 manus

80 2066 178 2091 suas.

134 2115 171 2151 5.
190 2115 293 2164 Quid
312 2115 438 2152 enim?
453 2115 484 2152 si
505 2123 705 2165 percutere
723 2115 762 2151 in
783 2114 910 2164 gladio
931 2114 1090 2151 omniuo

81 2176 136 2214 fas
155 2190 234 2214 non
254 2186 312 2215 est
341 2177 557 2216 Christiano
572 2206 582 2224 ,
601 2191 670 2214 cur
690 2190 781 2226 ergo
807 2189 934 2227 przeco
961 2176 1093 2213 Salva-

83 2237 175 2275 toris
191 2246 395 2275 contentos
413 2238 494 2275 fore
515 2237 593 2275 suis
613 2237 812 2288 stipendiis
833 2235 1018 2273 militibus
1039 2236 1094 2272 in-

82 2296 179 2334 dixit
200 2304 232 2344 ²;
253 2306 291 2335 et
316 2311 396 2335 non
421 2298 551 2349 potius
574 2311 730 2335 omnem
755 2297 808 2333 eis
841 2297 1012 2333 militiam
1033 2296 1094 2332 in-

83 2358 263 2396 terdixit?
283 2359 320 2396 Si
339 2367 466 2396 autem
488 2357 617 2410 (quod
643 2371 778 2395 verum
803 2356 890 2407 est)
915 2355 1096 2393 omnibus

82 2418 136 2456 sas
154 2427 232 2466 est,
259 2419 306 2456 ad
328 2419 402 2457 hoc
421 2420 548 2471 ipsum
576 2419 759 2456 duntaxat
780 2418 961 2455 divinitus
989 2418 1097 2454 ordi-

82 2479 203 2525 natis,
226 2493 297 2517 nec
316 2479 420 2518 aliud
446 2493 537 2518 sane
555 2479 764 2530 quidquam
787 2479 922 2516 melius
946 2479 1096 2529 profes—

82 2540 150 2587 sis;
171 2539 330 2590 quibus,
350 2555 501 2592 quaeso,
523 2541 672 2592 potius,
692 2554 806 2591 quam
828 2553 992 2590 quorum
1012 2552 1094 2576 ma—

83 2601 197 2639 nibus
219 2610 257 2639 et
282 2601 429 2640 viribus
452 2601 545 2640 urbs
571 2601 806 2639 fortitudinis
832 2609 973 2638 nostrae
1003 2601 1093 2638 Sion

1158 1933 1320 1970 circuitu
1339 1934 1470 1970 oculos
1489 1941 1573 1969 tuos
1591 1941 1627 1968 et
1645 1930 1730 1968 ride
1754 1944 1761 1966 :
1783 1944 1914 1967 omnes
1935 1930 1994 1967 isti
2010 1943 2164 1980 congre-

1157 1993 1234 2043 gati
1272 2002 1359 2030 sunt
1374 2022 1383 2039 ,
1420 2001 1610 2029 venerunt
1646 1991 1725 2028 tibi.
1760 1995 1842 2028 Hoc
1882 1991 1949 2028 tibi
1983 1992 2163 2028 auxilium

1159 2054 1313 2090 missum
1345 2053 1390 2090 de
1411 2062 1555 2090 sancto.
1589 2053 1727 2090 Omino
1753 2066 1825 2103 per
1850 2053 1940 2089 istos
1969 2051 2035 2088 tibi
2063 2051 2162 2100 jam-

1154 2114 1311 2165 jamque
1335 2115 1397 2151 illa
1419 2114 1651 2165 persolvitur
1680 2114 1835 2163 antiqua
1855 2113 2071 2163 promissio,
2086 2114 2162 2147 Po-

1161 2190 1250 2211 nam
1285 2185 1319 2211 te
1346 2180 1384 2211 in
1405 2174 1616 2224 superbiam
1646 2176 1863 2209 sceculoram
1879 2201 1888 2215 ‚
1917 2174 2092 2221 gaudium
2125 2178 2163 2207 iu

1157 2241 1403 2286 generatione
1425 2245 1460 2271 et
1477 2239 1781 2284 generationem,
1804 2243 1839 2269 rt
1864 2246 1970 2281 suges
1995 2234 2054 2267 lac
2071 2246 2163 2281 gen—

1162 2303 1269 2343 tiam,
1291 2307 1326 2333 ct
1345 2299 1554 2333 mammilla
1577 2309 1700 2345 regum
1725 2294 1920 2330 lactaberis
1941 2300 1953 2323 7
1975 2308 1982 2329 :
2003 2301 2038 2329 et
2053 2293 2160 2338 item,

1163 2360 1268 2395 Sicut
1296 2367 1415 2393 mater·
1446 2360 1657 2392 consolatur
1678 2356 1784 2402 filios
1818 2368 1923 2398 sicus,
1945 2359 1996 2389 ita
2026 2362 2061 2388 et
2095 2367 2159 2399 ego

1163 2418 1381 2454 consolabor
1401 2432 1477 2463 vos,
1500 2422 1590 2454 etin
1607 2419 1809 2452 Jerusalem
1831 2413 2112 2449 consolabimini
2133 2412 2158 2448 S.

1163 2478 1327 2516 Videsne
1341 2491 1454 2528 quam
1471 2477 1603 2514 crebra
1618 2484 1785 2512 veterum
1805 2473 2041 2510 attestatione
2061 2485 2156 2508 nova

1162 2538 1402 2589 approbatur
1427 2538 1582 2582 militia,
1612 2545 1648 2572 et
1677 2534 1780 2584 quod
1811 2534 1906 2569 sicut
1932 2531 2156 2575 audivimus,

1162 2601 1214 2637 sic
1238 2600 1413 2637 videmus
1428 2600 1466 2635 in
1484 2598 1635 2634 civitate
1655 2594 1808 2632 Domini
1825 2593 2028 2629 virtutum?
2044 2595 2158 2627 Dum-

84 2674 155 2711 pro
191 2670 326 2700 nostro
360 2662 533 2699 omnium
561 2662 774 2699 munimine
809 2661 1023 2698 retinetur?
1052 2668 1093 2696 ut
1112 2666 1144 2700 D
1163 2661 1279 2698 modo
1312 2674 1401 2698 sane
1433 2656 1691 2709 spiritualibus
1720 2668 1796 2691 non
1826 2652 2047 2703 praejudicet
2067 2665 2156 2687 sen-

85 2721 253 2773 depulsis
281 2722 422 2759 divinae
443 2721 788 2772 transgressoribus
814 2721 929 2771 legis,
960 2735 1093 2758 secura

83 2784 320 2834 ingrediatur
345 2797 438 2834 gens
463 2782 566 2832 justa
583 2811 594 2829 ,
630 2782 850 2820 custodiens
878 2782 1091 2819 veritatem.

83 2846 223 2882 Secure
245 2844 410 2895 proinde
445 2844 680 2894 dissipentur
708 2853 838 2893 gentes
873 2856 958 2893 quae
995 2841 1094 2879 bella

83 2904 240 2952 volunt,
261 2913 300 2942 et
325 2904 600 2942 abscindantur
631 2904 697 2953 qui
733 2917 804 2940 nos
839 2901 1092 2949 conturbant,

84 2973 122 3002 et
137 2965 410 3016 disperdantur
427 2965 474 3002 de
494 2965 646 3002 civitate
665 2963 823 3002 Domini
844 2976 977 3000 omnes
998 2976 1093 3012 ope-

85 3035 211 3064 rantes
229 3026 483 3077 iniquitatem‚
497 3026 562 3076 qui
580 3025 767 3076 repositas
785 3024 823 3061 in
843 3024 1093 3073 Jerosolymis

85 3086 280 3124 christiani
306 3086 442 3137 populi
471 3084 754 3123 inaestimabiles
782 3084 931 3121 divitias
959 3085 1092 3121 tollere

84 3148 268 3198 gestiunt,
296 3155 427 3184 sancta
442 3147 636 3197 polluere,
664 3155 702 3183 et
727 3145 949 3183 haereditate
970 3145 1093 3195 possi—

1159 2722 1263 2760 sibus
1294 2721 1465 2758 litteralis
1487 2716 1769 2768 interpretatio,
1788 2713 1990 2763 quominus
2018 2712 2158 2748 scilicet

1160 2795 1356 2833 speremus
1375 2781 1411 2817 in
1434 2788 1615 2816 aeternum
1632 2806 1641 2822 ,
1668 2773 1852 2825 quidquid
1882 2772 1967 2809 huic
1995 2773 2156 2821 tempori

1159 2840 1406 2892 significando
1434 2852 1480 2875 ex
1506 2836 1779 2886 Prophetarum
1808 2831 1966 2868 vocibus
1994 2844 2159 2881 usurpa-

1160 2916 1244 2939 mus
1266 2917 1273 2938 :
1303 2914 1351 2937 ne
1374 2913 1442 2949 per
1459 2898 1497 2934 id
1514 2896 1617 2946 quod
1636 2895 1818 2939 cernitur,
1839 2900 2037 2929 evanescat
2054 2891 2157 2940 quod

1161 2963 1347 3006 creditur3
1376 2969 1412 2997 et
1434 2958 1511 3008 spei
1535 2957 1661 3006 copias
1679 2955 1878 2992 imminuat
1894 2952 2052 3003 penuria
2078 2951 2154 2995 rei,

1160 3022 1480 3074 praesentiumque
1511 3017 1698 3054 attestatio
1721 3016 1767 3052 sit
1791 3013 1987 3051 evacuatio
2009 3013 2157 3048 futuro-

1160 3097 1256 3120 rum.
1278 3080 1456 3130 Alioquin
1479 3088 1636 3115 terrenae
1655 3076 1816 3113 civitatis
1837 3072 2053 3123 temporalis
2073 3071 2155 3120 glo-

1159 3144 1212 3181 ria
1239 3156 1315 3179 non
1342 3139 1500 3177 destruit
1523 3138 1684 3175 coelestia
1703 3136 1825 3182 bona,
1846 3134 1910 3171 sed
1942 3131 2092 3176 astruit3
2128 3131 2156 3166 si

134 3283 145 3299 ¹
167 3277 248 3309 Psal.
268 3287 358 3315 nvn,
380 3279 432 3307 12.
448 3294 494 3298 -—
510 3281 523 3296 ²
546 3279 620 3308 Luc.
639 3287 699 3313 111,
726 3278 780 3307 14.
794 3295 838 3299 -
855 3273 868 3296 3
886 3275 967 3306 Psal.
986 3286 1088 3312 cx111,
1108 3278 1137 3305 2.
1153 3292 1197 3295 ——
1212 3273 1226 3299 4'
1240 3270 1355 3304 Matth.
1373 3280 1477 3305 xxm,
1499 3272 1553 3299 33.
1570 3286 1612 3290 —-
1629 3266 1641 3289 5
1655 3266 1952 3300 Je1·e111.x11,7.-
1967 3259 1980 3279 Ε
1995 3261 2039 3291 Id.
2061 3271 2153 3295 XXXI,

91 3329 404 3368 11,12.—-715ai.
425 3339 484 3367 Lx,
518 3327 803 3366 15‚16.ffl81d.
827 3331 1001 3365 Lxx·1‚l.'3.

133 3392 145 3406 ⁸
165 3389 339 3432 Spiritualis
352 3388 466 3420 scilieet
479 3400 514 3420 ae
530 3389 696 3421 materialis
712 3400 718 3420 :
737 3389 775 3420 (le
793 3395 925 3429 utroque
940 3388 1068 3429 epistola
1089 3391 1152 3418 25ss
1167 3410 1172 3419 ,
1193 3392 1222 3416 et
1240 3385 1318 3415 libro
1342 3385 1356 3413 >¹1
1374 3383 1411 3413 (le
1427 3379 1679 3412 Consideratione
1691 3403 1697 3413 .
1719 3388 1785 3418 cap.
1808 3380 1824 3407 3
1839 3400 1844 3412 ,
1866 3387 1893 3405 u.
1939 3400 1943 3403 .
