2565 3952
111 108 182 146 481

1036 106 1302 141 EPISTOLAE.

109 185 221 223 etiam
244 182 441 227 Ecclesiae,
460 189 501 218 ut
520 180 702 219 omnibus
729 190 864 219 notum
886 190 962 228 est,
987 181 1040 219 sic
1063 181 1166 218 111-22

2145 115 2223 154 482

1172 181 1310 219 ²stulta
1337 182 1384 220 dc
1410 197 1544 229 causa,
1570 193 1703 222 contra
1734 200 1803 223 vos
1829 187 1877 224 ad
1897 188 2062 228 invicem
2087 207 2224 234 morc-

110 241 430 294 terpretantibus,
449 250 487 278 et
503 242 661 291 angelus
678 243 931 292 resurgentis,
948 251 984 279 et
1002 242 1124 291 angeli
1148 247 1181 280 A
1197 245 1317 281 mini?
1338 258 1408 281 cur
1436 253 1512 282 tam
1536 246 1675 296 puerili
1704 248 1905 284 occasione
1927 250 2090 299 primam
2119 255 2224 294 illam

109 303 347 343 ascendentis
368 303 522 340 Domini
548 316 747 353 praecones
768 304 1008 349 indicarunt,
1036 305 1134 355 ipse-

110 379 184 418 que
203 366 377 402 Salvator
395 365 431 400 in
456 364 520 401 illa
542 365 894 402 transformationis
912 378 990 402 suae
1011 365 1133 415 gloria

111 425 278 465 vestibus
307 424 429 461 niveis
459 425 666 474 praeclarus
699 439 911 476 apparens,
948 426 1129 464 ostendit.

109 486 202 525 Inde
232 485 358 522 bonus
388 493 425 521 et
458 485 593 522 doctus
623 486 682 522 vir
714 487 895 525 Sidonius
929 492 1130 525 Arvernus

110 548 332 600 episcopus,
366 546 624 595 quorumdam
658 546 748 584 vitia
785 548 958 585 mordaci
998 562 1130 598 repre-

110 608 292 647 hensione
319 607 508 652 irridens,
530 607 631 644 inter
649 608 721 645 alia
749 609 888 659 quibus
915 610 954 646 in
978 623 1045 647 eos
1073 610 1130 646 in-

110 668 278 715 vehitur,
297 685 312 700 «
329 667 574 714 Procedant,
597 688 611 701 υ
630 669 775 718 inquit,
793 688 807 703 «
831 669 946 707 albati
964 670 1010 707 ad
1027 685 1132 708 exse-

112 747 128 765 »
146 729 274 781 quias,
290 728 427 779 pullati
454 728 501 765 ad
530 730 708 779 nuptias:
731 749 744 763 n
764 733 973 768 ostendens
999 745 1065 768 eos
1091 732 1132 768 in

110 799 256 830 tantum
297 789 470 827 moribus
505 799 544 827 et
575 799 661 828 actu
702 792 903 839 confusos,
936 801 977 828 ut
1011 807 1133 843 appa-

109 860 233 890 ratum
263 850 464 887 funereum
495 851 676 901 nuptiali,
705 853 917 902 nuptialem
948 853 1132 900 funereo,

109 925 290 967 perverso
314 911 451 949 ordine
474 922 754 963 permutarent.
776 918 871 952 Nam
895 904 961 964 qui
984 928 1131 952 moreni

110 986 353 1012 communem
383 974 570 1024 temporis
590 975 692 1012 illius
714 974 946 1022 servabant,
972 990 1049 1013 non
1076 977 1132 1014 al-

1201 306 1336 342 5101011)
1370 307 1566 343 charitatis
1595 308 1792 345 scinditis?
1814 323 1882 346 cur
1902 311 1983 360 ipsa
2011 313 2227 356 habitacula

1201 367 1412 416 separatis?
1433 381 1503 404 cur
1530 381 1601 404 vos
1634 369 1739 418 ipsos
1776 383 1853 406 non
1883 370 1963 419 jam
1995 375 2135 423 ovino,
2160 379 2227 416 sed

1200 427 1336 477 lupino
1367 428 1482 466 dente
1511 429 1725 466 mordetis?
1744 444 1812 467 cur
1833 431 2058 471 detrahitis?
2079 451 2148 475 cur
2170 440 2228 477 la-

1200 489 1360 526 ceratis?
1382 489 1539 534 Videte,
1561 499 1715 536 cavete,
1745 505 1793 528 ne
1829 492 1903 529 hoc
1935 507 2075 533 nomen
2112 499 2228 536 inno-

1199 550 1357 597 centiae,
1390 564 1468 600 quo
1497 564 1589 587 mes
1621 554 1926 602 nuncupamini,
1962 569 2041 593 non
2070 558 2117 596 de
2153 561 2227 599 illis

1198 624 1268 647 vos
1298 611 1431 658 faciat,
1455 625 1550 662 quas
1582 613 1780 662 positurus
1811 623 1867 651 est
1897 629 2070 655 summus
2092 623 2228 659 Pastor

1199 684 1220 707 a
1243 671 1409 719 dextris,
1432 681 1469 709 et
1491 673 1697 722 dequibus
1717 674 1802 724 ipsc
1817 675 1870 712 ait
1885 705 1894 721 ,
1919 680 2013 713 Oves
2034 693 2133 716 meoe
2156 697 2228 718 υτ)-

1200 746 1278 768 cem
1308 748 1431 769 ineam
1465 736 1648 779 mulsum,
1684 744 1719 770 ct
1747 750 1814 785 ego
1848 740 2035 775 Dominus·
2065 756 2230 791 agnosco

1201 809 1288 839 ras,
1320 805 1357 831 et
1384 806 1593 844 sequamur
1619 811 1705 841 11:⁶3·
1726 807 1761 833 et
1791 813 1858 847 ego
1887 805 2010 837 vllam
2044 813 2229 843 celc‘ruam

1201 857 1248 891 (lo
1281 859 1352 903 eis,
1390 866 1426 892 et
1460 871 1534 892 mm
1564 858 1749 907 peribunt
1785 864 1823 895 in
1862 870 2074 900 (εἰμιἠηηιῐ
2107 868 2228 915 :sed,

1200 917 1305 967 quod
1336 916 1454 965 absit,
1482 918 1690 956 interillas
1717 934 1784 957 vos
1819 923 2048 970 constituat,
2074 926 2120 964 de
2141 930 2232 979 qui-

1201 977 1274 1015 bus
1301 979 1440 1028 legitur
1467 988 1504 1016 et
1527 989 1728 1028 cantatur,
1753 984 1858 1018 Sicm
1877 998 1958 1019 oves
1984 984 2134 1033 illfis‘rsm
2156 1004 2234 1039 lm..

55 1034 59 1039 ¹
109 1034 187 1074 bati
203 1033 252 1071 ad
268 1034 488 1084 exsequias,
510 1035 648 1085 pullati
664 1035 712 1072 ad
735 1037 911 1086 nuptias,
932 1037 997 1074 sed
1016 1037 1132 1074 albati
1151 1037 1177 1070 Β
1199 1045 1264 1075 siti
1297 1050 1413 1086 stctzt;
1447 1055 1546 1077 mors
1577 1045 1753 1092 clzymscet
1781 1058 1843 1079 eos
1858 1051 1883 1081 ².
1907 1047 2070 1085 Cernitis
2106 1051 2232 1089 adhuc

110 1095 156 1134 ad
175 1095 331 1146 nuptias
344 1125 354 1142 ,
380 1096 516 1147 pullati
546 1096 593 1133 ad
613 1097 812 1147 exsequias
838 1098 1104 1148 procedebant
1124 1114 1131 1135 :

109 1165 153 1195 ut
180 1156 298 1194 albati
325 1157 490 1208 nuptiali
515 1158 680 1207 gaudio,
702 1159 839 1208 pullati
871 1160 990 1196 luctui
1021 1160 1134 1196 fune-

109 1206 175 1257 reo
195 1212 490 1255 concordarent.
511 1219 598 1256 Vidi
620 1232 747 1269 nuper
770 1220 850 1269 ipse
871 1220 910 1255 in
941 1221 1134 1270 Hispaniis

109 1279 359 1326 constitutus,
380 1287 417 1315 et
441 1279 652 1316 admiratus
676 1292 784 1326 sum,
807 1281 1009 1330 antiquum
1031 1281 1134 1318 hunc

111 1353 257 1378 morem
280 1339 329 1376 ab
351 1340 532 1390 Hispanis
559 1339 685 1377 adhuc
707 1339 889 1377 omnibus
920 1340 1132 1379 observari.

58 1394 62 1414 '⁸
109 1405 262 1440 Mortua
289 1401 436 1452 quippe
458 1415 580 1438 uxore
599 1402 783 1449 maritus,
809 1411 966 1439 mortuo
995 1404 1135 1440 marito

111 1461 272 1513 conjux,
295 1462 459 1499 mortuis
481 1463 567 1500 filiis
595 1471 747 1513 patres,
769 1464 933 1500 mortuis
960 1464 1137 1514 patribus

112 1524 201 1572 filii,
216 1523 406 1561 defunctis
423 1522 662 1574 quibuslibet
682 1525 855 1574 cognatis
876 1526 1050 1574 cognati,
1073 1540 1137 1562 ex-

113 1585 257 1624 stinctis
277 1584 451 1635 quolibet
472 1598 561 1621 casu
582 1585 714 1622 amicis
730 1586 864 1632 amici,
884 1586 1010 1623 statim
1031 1600 1137 1624 arma

114 1646 326 1698 deponunt,
345 1647 484 1684 sericas
501 1655 628 1684 vestes
641 1677 650 1694 ,
664 1648 959 1697 peregrinarum
975 1649 1136 1699 pellium

113 1705 277 1759 tegmina
300 1707 513 1758 abjiciunt,
543 1716 747 1759 totumque
773 1710 929 1760 penitus
956 1711 1139 1748 multico-

113 1770 234 1808 lorem
256 1783 300 1807 ac
322 1770 537 1821 pretiosum
558 1770 733 1808 habitum
755 1771 997 1818 abdicantes,
1020 1772 1138 1821 nigris

1202 1103 1357 1139 stultam
1374 1116 1456 1140 6556
1475 1117 1649 1151 causam,
1669 1104 1715 1142 de
1733 1106 1864 1143 colore
1882 1106 2107 1158 disputare?
2126 1113 2231 1151 dam-

1201 1161 1368 1199 nabilem
1383 1193 1392 1209 ,
1419 1164 1576 1201 fratrem
1599 1178 1671 1214 pro
1694 1166 1825 1203 colore
1848 1168 1984 1205 odire?
2001 1173 2206 1221 pessimam
2219 1204 2230 1222 ,

1202 1223 1310 1259 fratri
1338 1238 1410 1274 pro
1434 1225 1564 1261 colore
1587 1226 1814 1263 detrahere?
1836 1229 1871 1265 Si
1902 1238 1980 1267 tota
2002 1232 2082 1269 haec
2104 1238 2231 1274 mutui

1204 1296 1317 1320 causa
1339 1292 1421 1320 erat
1445 1284 1612 1331 discidii,
1635 1287 1666 1322 si
1689 1287 1769 1323 sola
1799 1289 1891 1325 tanti
1912 1293 2071 1329 materia
2098 1295 2234 1334 divor-

1205 1344 1268 1390 tii,
1290 1345 1341 1391 si,
1365 1346 1544 1395 inquam,
1570 1347 1783 1385 schismatis
1816 1353 2018 1389 monastici
2046 1354 2127 1393 haec
2154 1359 2235 1396 sola

1205 1414 1244 1442 ct
1267 1414 1347 1443 tota
1368 1416 1450 1444 erat
1476 1409 1627 1445 occasio
1651 1425 1659 1446 ;
1679 1423 1810 1447 11011116
1829 1411 1899 1449 hac
1918 1421 1993 1451 tam
2021 1417 2151 1456 multis
2172 1434 2237 1457 ra-

1207 1467 1377 1505 tionibus
1396 1470 1554 1519 explosa
1568 1500 1577 1516 ,
1596 1469 1771 1508 cordium
1791 1482 2008 1513 vestrorum
2025 1476 2106 1526 J'am
2125 1491 2236 1520 vetus

1205 1529 1369 1566 scissura
1400 1530 1582 1567 unietur?
1608 1546 1740 1569 nonne
1769 1534 1857 1571 laesa
1890 1536 2055 1576 charitas
2078 1542 2236 1581 curabi—

1207 1593 1295 1627 tur?
1317 1605 1449 1629 nonne
1470 1592 1518 1642 ad
1534 1594 1639 1644 pacis
1659 1595 1755 1631 lilios
1770 1599 1988 1647 evangelica
2006 1614 2080 1650 pax
2100 1617 2234 1642 rever-

1207 1654 1337 1690 tetur?
1358 1654 1569 1691 Satisfacite
1592 1655 1710 1705 igitur
1729 1658 1832 1707 paci,
1858 1659 1924 1696 filii
1943 1662 2066 1710 pacis,
2089 1673 2126 1700 et
2144 1680 2230 1704 cum

1207 1728 1251 1751 ea
1280 1724 1513 1766 perpetuum
1543 1716 1667 1753 foedus
1697 1718 1814 1755 inite:
1839 1733 1887 1756 ne
1918 1721 2035 1770 forte,
2065 1725 2095 1761 si
2125 1727 2235 1766 aliter

1208 1777 1293 1822 liat,
1313 1778 1536 1827 proferatur
1554 1778 1789 1829 quandoque
1805 1781 1918 1818 etiam
1938 1793 2074 1822 contra
2087 1800 2157 1825 vos
2176 1788 2235 1826 di-

114 1838 260 1869 tantum
280 1830 499 1881 vilibusque
515 1831 754 1869 indumentis
773 1846 812 1869 se
835 1842 1059 1883 contegunt.
1075 1834 1135 1870 Sic
1154 1837 1180 1872 C
1204 1837 1353 1874 rissima
1375 1837 1437 1874 illa
1465 1838 1668 1889 prophetae
1697 1843 1886 1879 sententia
1911 1858 1918 1880 :
1940 1845 2025 1881 Nan
2054 1857 2109 1884 est
2119 1863 2232 1898 pax,

114 1890 282 1930 crinibus
295 1892 487 1943 propriis,
504 1892 557 1929 sic
571 1891 842 1942 jumentorum
864 1908 1024 1932 suorum
1047 1909 1138 1932 cau—

115 1952 172 1992 dis
196 1953 437 2001 decurtatis,
453 1968 570 2005 seque
598 1965 636 1993 et
656 1956 739 2006 ipsa
771 1965 854 1993 atro
885 1971 1045 2008 prorsus
1067 1971 1136 1995 co-

114 2014 194 2052 lore
225 2014 442 2065 denigrant.
471 2015 626 2054 Talibus
658 2017 785 2055 luctus
817 2018 1012 2056 dolorisve
1042 2019 1137 2056 insi—

115 2075 250 2128 gnibus
266 2075 483 2114 subtractos
499 2078 743 2116 charissimos
761 2079 906 2117 dessent
924 2096 931 2117 :
947 2089 984 2117 et
1000 2081 1138 2131 integri

116 2138 164 2192 ad
181 2138 308 2176 minus
328 2139 499 2189 spatium
521 2140 632 2186 anni,
652 2140 691 2176 in
710 2140 775 2177 tali
796 2154 964 2178 moerore
983 2141 1139 2192 publica

96 2199 195 2251 —lege
214 2209 499 2238 consummant.

122 2300 127 2304 ,
169 2262 230 2300 25.
248 2265 330 2300 Hac
348 2271 454 2300 tanta
477 2263 706 2300 auctoritate
732 2265 793 2301 vel
818 2265 967 2302 ratione
991 2265 1058 2302 tibi
1077 2279 1140 2301 co—

116 2321 263 2374 lorique
298 2332 388 2371 tuo,
426 2324 534 2374 niger
570 2325 778 2373 monache,
819 2327 1036 2375 satisfacio,
1069 2341 1139 2364 nec

118 2392 241 2425 tamen
257 2385 346 2422 ideo
364 2384 442 2422 albi
458 2385 677 2423 albedinem
694 2387 928 2425 condemno.
951 2388 1140 2426 Laudaris

118 2454 178 2492 tu,
200 2447 289 2498 quia
318 2456 472 2498 patrum
498 2456 652 2485 tuorum
683 2458 860 2487 sanctum
889 2464 969 2487 non
998 2451 1055 2487 vis
1076 2464 1140 2487 ex-

118 2509 251 2550 cedere
277 2510 650 2548 moremzlaudatur
677 2520 714 2548 et
738 2512 821 2557 ille,
854 2513 943 2563 quia
976 2513 1138 2550 vestium

118 2568 270 2612 insolito
300 2570 492 2618 candore,
514 2571 574 2608 sui
603 2573 723 2622 magis
746 2586 788 2609 ac
812 2574 930 2623 magis
955 2574 1073 2610 animi
1099 2575 1138 2611 in

118 2703 262 2730 vorem.
279 2693 492 2743 Distinguit
512 2707 551 2732 se
573 2694 865 2744 quodammodo
896 2696 961 2733 tali
988 2697 1138 2744 colore,

119 2765 198 2794 non
226 2766 247 2791 a
273 2755 472 2792 communi
492 2754 624 2807 (quod
654 2757 759 2794 nefas
785 2756 903 2809 esset)
935 2757 1140 2805 charitate,

121 2813 185 2851 sed
213 2828 234 2852 a
262 2816 477 2854 multorum
510 2816 627 2867 hujus
655 2817 802 2855 ordinis
831 2828 921 2856 nota
959 2819 1141 2857 omnibus

122 2875 327 2927 tepiditate.
350 2880 446 2916 Cum
467 2878 517 2916 sis
539 2879 656 2929 igitur
676 2879 748 2916 sub
768 2894 848 2917 uno
870 2889 1025 2931 pastore
1045 2884 1140 2918 Jesu

123 2934 270 2977 Christo
281 2967 293 2985 ,
307 2951 393 2976 cum
408 2938 558 2977 habites
574 2940 612 2977 in
632 2954 710 2977 uno
726 2941 818 2978 ovili
835 2942 1013 2978 Ecclesiae
1025 2972 1035 2989 ,
1051 2956 1140 2979 cum

124 3008 171 3035 ex
186 3011 263 3036 una
293 3000 400 3038 vivas
428 3009 664 3039 aeternorum
696 3002 771 3040 fide
803 3011 841 3040 et
870 3016 957 3053 spe,
992 3012 1066 3040 tam
1101 3013 1142 3041 tu

123 3056 228 3104 albe,
250 3072 364 3109 quam
389 3069 431 3098 tu
457 3062 567 3112 niger
594 3062 802 3109 monache,
830 3063 924 3113 quid
953 3063 1000 3101 de
1027 3065 1143 3103 variis

121 3118 346 3169 velleribus,
366 3130 410 3159 ut
429 3136 569 3173 parurn
598 3125 788 3162 austerius
807 3125 967 3175 loquar,
995 3127 1144 3164 stultis—

125 3180 226 3219 simae
239 3195 332 3221 oves
351 3186 588 3223 causamini?
603 3187 705 3236 Quid
724 3196 800 3225 tam
822 3189 947 3235 nulla,
968 3189 1046 3226 imo
1066 3198 1142 3227 tam

1206 1901 1301 1935 (licit
1321 1902 1421 1935 Deus
1443 1914 1568 1946 meus,
1593 1906 1723 1950 impiis
1738 1900 1763 1938 3.
1790 1906 1836 1940 Et
1849 1903 1928 1953 jam
1944 1936 1952 1951 ,
1970 1910 2052 1945 Deo
2073 1911 2232 1959 gratias,

1206 1960 1354 1997 :estimo
1373 1974 1433 1998 me
1455 1962 1716 2012 quorumdam
1739 1966 1861 2002 nostri
1882 1967 2038 2006 Ordinis
2057 1971 2231 2011 virorum

1204 2021 1383 2071 antiquas
1401 2022 1580 2060 odiorum
1601 2038 1734 2062 causas
1756 2035 1794 2062 et
1814 2027 1980 2066 latebras
1997 2041 2231 2083 penetrasse,

1208 2095 1277 2119 nec
1299 2082 1378 2132 jam
1409 2084 1456 2120 ad
1477 2086 1731 2134 quaerendum
1758 2088 1874 2126 etiam
1897 2091 2062 2130 sollicito
2085 2097 2233 2146 cogita—

1209 2144 1261 2181 tui
1280 2145 1425 2195 aliquid
1451 2159 1663 2197 superesse.
1691 2150 1805 2197 Quod
1833 2151 1862 2187 51
1884 2165 1944 2189 res
1965 2154 2016 2190 ita
2041 2168 2079 2192 se
2098 2156 2232 2206 habet,

1208 2218 1333 2255 neque
1364 2215 1423 2252 tu,
1443 2206 1547 2254 albe,
1570 2209 1722 2259 nigrum
1739 2240 1748 2256 ,
1778 2224 1904 2262 neque
1927 2222 1985 2259 tu,
2010 2216 2119 2266 niger
2149 2233 2233 2257 1110-

1208 2267 1350 2314 nache,
1368 2267 1499 2305 album
1515 2299 1524 2315 ,
1545 2270 1572 2306 si
1595 2273 1820 2324 praescripta
1838 2288 1992 2313 servare
2007 2278 2208 2319 volueritis
2223 2313 2233 2330 ,

1207 2328 1406 2366 infestabis
1425 2346 1432 2367 :
1452 2344 1578 2381 neque
1599 2332 1783 2371 adversus
1806 2336 1961 2374 fratrem
1986 2352 2058 2389 pro
2076 2340 2232 2382 diverso

1208 2391 1535 2428 consuetudinum
1563 2406 1689 2437 more,
1721 2396 1779 2432 vel
1807 2410 1879 2447 pro
1903 2399 2008 2436 vario
2031 2409 2107 2438 tam
2131 2417 2232 2455 saepe

1208 2452 1408 2489 nominato
1444 2454 1595 2501 colore,
1627 2468 1648 2491 a
1679 2464 1779 2492 statu
1812 2458 2004 2496 altissimae
2038 2461 2234 2503 charitatis

1209 2512 1440 2550 moveberis

1266 2574 1328 2611 26.
1351 2574 1425 2612 Sed
1451 2575 1542 2625 quid
1566 2575 1668 2613 dixi?
1685 2578 1886 2627 quomodo
1912 2590 2040 2619 niente
2061 2587 2234 2624 excessi?

44 2527 50 2547 )

43 2590 51 2605 Ι

0 2676 15 2688 ἡ
44 2623 247 2696 '‘iugum‘'
271 2632 478 2683 proposito
505 2633 646 2670 excitat
670 2634 784 2671 etiam
815 2634 888 2671 hoc
918 2635 1037 2672 modo
1060 2635 1138 2672 fer·
1156 2637 1189 2671 D
1207 2633 1274 2671 ubi
1295 2635 1514 2673 intellectus
1535 2637 1682 2674 animi?
1699 2639 1802 2676 unde
1825 2641 1924 2678 acies
1952 2642 2158 2683 obscurata
2182 2662 2193 2682 x
2208 2649 2235 2685 i-

1208 2697 1353 2734 dendi?
1370 2697 1558 2735 Putabam
1584 2713 1645 2736 me
1673 2714 1828 2738 omnem
1852 2703 2120 2744 scandalorum
2154 2722 2236 2746 ma-

1209 2759 1343 2796 teriam
1361 2760 1572 2807 invenisse,
1589 2761 1806 2800 arbitrabar
1820 2778 1880 2801 me
1897 2779 2031 2805 omnes
2052 2769 2234 2809 odiorum

1208 2820 1375 2858 latebras
1401 2821 1602 2859 detexisse.
1636 2824 1886 2874 Suspicabar,
1918 2835 1960 2863 ut
1993 2828 2090 2876 dixi,
2113 2832 2235 2869 solam

1209 2881 1470 2920 diversitatem
1495 2885 1843 2933 consuetudinum,
1869 2888 1988 2926 solam
2011 2891 2236 2930 varietattm

1210 2945 1406 2991 colorum,
1436 2946 1659 2995 qualitatem
1682 2956 1748 2984 aut
1771 2950 2026 2998 quantitatem
2046 2953 2232 3001 vestium,

1211 3015 1278 3043 aut
1306 3019 1479 3043 escarum
1496 3037 1505 3053 ,
1526 3008 1750 3046 charitatem
1782 3010 1883 3048 inter
1908 3013 2119 3052 monachos
2149 3016 2236 3051 1111-

1211 3080 1390 3112 nerasse,
1410 3076 1448 3104 et
1479 3069 1572 3105 tanti
1599 3070 1688 3107 mali
1713 3070 1822 3108 istam
1849 3074 2120 3111 tantummodo
2147 3090 2236 3112 cau-

1211 3142 1291 3165 sam
1313 3129 1490 3167 existere.
1513 3131 1728 3168 Cernebam
1758 3133 1940 3171 festucam
1962 3135 1999 3171 in
2025 3137 2139 3173 oculo
2164 3137 2237 3172 sra-

1213 3190 1315 3227 tris:
1352 3190 1418 3227 sed
1453 3191 1599 3229 trabem
1638 3194 1939 3244 permaximam,
1976 3204 2014 3233 et
2047 3210 2233 3246 quercum

179 3316 188 3331 ¹
203 3314 297 3343 Joan.
316 3325 358 3351 x,
378 3317 420 3346 27
435 3339 443 3353 ‚
460 3318 517 3347 28.
536 3336 582 3339 -—
601 3323 614 3338 ²
634 3318 717 3349 Psal.
738 3329 865 3357 xtvin,
891 3322 1008 3350 11*
1030 3318 1044 3341 3
1068 3321 1142 3352 Isai.
1165 3331 1293 3359 vaiu,
1327 3325 1383 3351 22.

286 3386 378 3408 aon.
413 3388 438 3410 1.

2005 3385 2049 3420 16
