2565 3952
123 157 196 195 349
1042 152 1307 187 nrisToLAE.
2145 166 2165 201 3
2172 168 2224 203 50

1149 228 1405 266 ¹⁴⁵favoribus
1435 238 1472 266 et
1508 230 1734 268 muneribus
1767 233 2010 282 honorandi,
2047 254 2068 276 a
2100 253 2225 281 vestra

120 304 1135 322 ......................................................................
1155 290 1182 323 Α
1204 298 1313 339 pal-te
1338 288 1384 326 de
1405 298 1545 327 caetffln
1569 291 1726 328 audiant
1750 302 1787 329 cf
1810 295 1994 344 recipiant
2011 310 2128 348 prout
2147 316 2228 339 HR-

306 432 682 492 EPISTOLA
728 428 928 490 CXL.a

505 595 551 616 AD
572 595 734 617 EL‘MDEM
741 609 748 616 .

118 710 245 744 Pisanos
258 707 417 740 Pontificis
433 707 589 740 studiosos
611 707 697 750 apud
714 706 898 739 Lotharium
924 707 1134 739 commendat.

172 833 291 871 Miror
323 831 433 882 cujus
459 831 645 868 instinctu
668 831 729 868 vel
751 831 910 868 consilio
932 830 1138 880 vigilantiae

120 903 255 932 vestrae
273 892 420 944 subripi
439 892 626 943 potuerit,
643 900 685 928 ut
702 891 892 937 homines,
913 891 1018 941 digni
1037 899 1139 927 certe

120 955 263 1006 duplici
284 955 434 991 honore
456 962 494 990 et
514 953 654 1003 gratia,
675 953 868 990 contraria
889 966 910 989 a
938 951 1046 989 vobis
1069 965 1139 988 au—

120 1077 245 1115 adhuc
283 1091 440 1114 erexere
481 1076 665 1114 vexillum
701 1075 884 1113 adversus
923 1075 1141 1111 invasorem

118 1138 275 1189 Imperii
293 1136 322 1175 h.
346 1141 469 1186 Quam
483 1136 622 1187 justius
646 1136 686 1173 in
705 1150 770 1174 eos
801 1136 903 1186 regia
922 1135 1143 1173 incanduis-

120 1209 177 1238 set
204 1200 440 1250 indignatio,
467 1199 533 1248 qui
562 1199 752 1248 populum
774 1206 972 1234 strenuum
1004 1205 1041 1233 et
1070 1196 1141 1233 de—

120 1269 255 1297 votum
294 1273 539 1310 quacumque
581 1259 782 1295 occasione
821 1258 1021 1295 offendere
1059 1257 1141 1294 ausi

119 1329 227 1368 sunt,
261 1334 309 1358 eo
344 1321 540 1370 praecipue
573 1329 768 1370 tempore,
800 1333 878 1368 quo
908 1318 1068 1355 accincti
1099 1318 1139 1355 in

120 1382 248 1419 multis
270 1380 438 1418 millibus
463 1381 540 1417 suis
566 1381 740 1417 exierant
759 1392 987 1429 oppugnare
1013 1387 1141 1428 tyran-

121 1455 234 1490 num,
255 1442 388 1479 ulcisci
414 1440 596 1491 injuriam
619 1440 768 1477 domini
797 1440 874 1487 sui,
896 1448 934 1477 et
955 1440 1140 1489 imperia-

120 1504 195 1541 lem
220 1502 418 1540 defensare
440 1503 652 1539 coronam?
672 1505 726 1540 L‘t
748 1502 848 1538 enim
872 1501 1140 1550 congruentis-

122 1564 216 1602 sime
239 1565 426 1614 assignem
453 1563 542 1600 huic
564 1563 670 1614 genti
690 1562 796 1613 quod
822 1564 913 1599 olim
935 1563 981 1599 de
1006 1571 1138 1599 sancto

121 1625 245 1663 David
265 1625 488 1671 dicebatur3
509 1638 686 1675 quaenam
702 1655 710 1671 ,
730 1638 884 1675 quaeso,
902 1625 941 1661 in
958 1625 1139 1662 omnibus

122 1685 356 1733 civitatibus,
391 1686 488 1723 sicut
522 1685 627 1733 Pisa,
666 1685 812 1733 fidelis,
843 1685 1068 1735 egrediens,
1103 1694 1139 1723 et

123 1746 362 1797 regrediens,
395 1754 433 1783 et
455 1759 631 1797 ‘pergens
663 1746 710 1783 ad
744 1747 952 1797 imperium
982 1747 1081 1797 regis
1101 1748 1140 1783 ¹?

1206 350 1268 386 riti
1303 359 1403 387 sunt.
1435 355 1466 389 O
1496 360 1683 401 quantum
1717 367 1892 391 meruere
1923 357 2075 404 Pisani,
2106 375 2230 409 quan-

1207 418 1286 445 tum
1314 410 1440 447 adbuc
1465 411 1602 448 mereri
1625 416 1809 462 possunt!
1832 417 1895 451 Sat
1920 425 1976 452 est
2004 417 2147 456 dictum
2173 436 2234 457 sa-

1208 478 1340 518 pienti.

1208 602 2229 621 ====================================================================

1394 735 1781 793 EPISTOLA
1828 733 2066 798 CXL1.'¹

1286 894 1332 916 AD
1365 895 1606 918 HUMBERTL‘M
1643 897 1811 920 ABBATEM
1843 899 2100 924 ICNIACENSEM
2123 887 2150 923 *-

107 1016 440 1054 direntflPisanos
467 1015 574 1059 dico,
597 1015 662 1065 qui
690 1015 805 1064 primi
828 1023 865 1051 et
890 1014 963 1051 soli
982 1013 1136 1050 interim
1159 1014 1186 1048 B
1206 1012 1353 1044 Graviter
1379 1024 1452 1044 eum
1471 1015 1675 1057 perstringit,
1699 1016 1739 1048 ob
1766 1028 1881 1048 munus
1907 1019 2099 1060 praelationis
2125 1022 2235 1054 incon-

1476 1069 1558 1100 sulto
1587 1081 1623 1101 ac
1649 1076 1766 1102 temere
1794 1071 1970 1105 dimissum.

1267 1199 1298 1236 1.
1323 1203 1459 1236 Pareat
1475 1199 1543 1236 tibi
1558 1201 1807 1250 omnipotens
1824 1205 1928 1239 Deus
1948 1218 1955 1239 ε
1973 1204 2065 1253 quid
2082 1207 2237 1245 voluisti

1211 1261 1358 1297 facere?
1376 1261 1470 1308 Quis
1489 1270 1524 1297 te
1544 1261 1718 1298 erederet
1739 1263 1785 1299 ad
1806 1271 1954 1300 tantum
1975 1278 2233 1318 prorumpere

1211 1321 1373 1367 malum,
1392 1321 1589 1357 hominem
1611 1322 1725 1358 tantis
1745 1322 1951 1372 praeditum
1970 1323 2112 1363 bonis?
2134 1332 2236 1376 Quo-

1208 1380 1326 1417 modo
1357 1382 1485 1431 potuit
1518 1381 1635 1418 arbor
1671 1382 1774 1419 bona
1806 1383 2014 1433 pessimum
2049 1386 2154 1425 hunc
2187 1404 2236 1426 ex

1208 1454 1247 1478 se
1274 1441 1491 1491 producere
1513 1442 1680 1478 fructum
1696 1444 1710 1479 9
1729 1446 1760 1480 O
1782 1457 1897 1493 quam
1933 1445 2112 1485 terribilis
2133 1452 2237 1486 Deus

1208 1503 1246 1538 in
1277 1501 1432 1551 judiciis
1464 1516 1581 1553 super
1616 1504 1714 1540 filios
1746 1504 1970 1541 hominum!
2002 1510 2090 1543 Non
2116 1509 2236 1546 miror

1207 1563 1313 1613 quod
1346 1562 1523 1600 diabolus
1562 1564 1664 1600 istud
1701 1565 1850 1614 potuit,
1889 1565 1954 1602 sed
1984 1568 2090 1617 quod
2126 1573 2232 1607 Deus

1206 1624 1403 1675 permisit,
1428 1625 1573 1675 quippe
1594 1626 1653 1662 cui
1672 1625 1751 1675 jam
1775 1635 1830 1662 tot
1851 1628 1961 1664 annis
1989 1642 2086 1678 pure
2101 1660 2110 1676 ,
2133 1632 2231 1669 sicut

1208 1685 1419 1732 credimus,
1457 1694 1493 1722 et
1525 1685 1663 1723 devote
1696 1687 1872 1724 serviisti.
1906 1689 2007 1736 Quid
2042 1690 2152 1727 faciet
2183 1693 2230 1729 de

1208 1760 1288 1793 me,
1313 1747 1446 1797 utique
1470 1747 1580 1797 pigro
1610 1756 1647 1784 et
1668 1749 1874 1798 negligenti
1899 1763 2031 1797 servo,
2058 1753 2122 1801 qui
2146 1753 2238 1789 fide-

122 1811 258 1846 Nonne
285 1808 325 1845 hi
346 1816 455 1853 sunt,
478 1807 545 1857 qui
568 1821 693 1858 nuper
715 1808 823 1858 regni
846 1809 954 1845 illum
983 1809 1140 1845 unicum
1161 1809 1187 1845 C
1208 1807 1282 1843 lem
1316 1807 1502 1844 famulum
1531 1821 1642 1844 suum
1671 1809 1724 1845 sic
1747 1810 1808 1846 vel
1830 1809 1876 1846 ad
1900 1818 2051 1862 tempus
2075 1813 2236 1850 tradidit

124 1881 166 1906 ac
183 1868 493 1919 potentissimum
518 1867 669 1904 hostem
696 1867 743 1904 ab
765 1867 969 1905 obsidione
985 1872 1140 1918 Neapo-

123 1929 169 1967 lis
187 1929 444 1980 fugaverunt?
460 1932 597 1967 Nonne
614 1928 652 1965 hi
667 1937 775 1974 sunt,
792 1929 856 1979 qui
879 1929 1013 1977 etiam,
1033 1930 1139 1980 quod

122 2004 220 2042 pene
244 1989 471 2039 incredibile
495 1990 601 2027 dictu
625 1999 704 2037 est,
722 1991 761 2027 in
783 2004 860 2028 uno
889 1992 1040 2042 impetu
1071 2006 1140 2030 suo

126 2060 446 2103 expugnaverunt
488 2052 716 2103 Amalfianr,
747 2061 785 2088 ct
825 2053 1073 2101 Rebellen10,
1105 2062 1142 2090 et

70 2131 79 2134 ·
126 2114 288 2161 Scalam,
305 2122 421 2164 atque
438 2114 658 2151 Atturniam
675 2142 685 2159 ,
706 2113 878 2151 civitates
896 2115 1028 2164 utique
1047 2129 1144 2166 opu-

127 2175 352 2212 lentissimas
386 2183 425 2212 et
458 2175 729 2212 munitissimas
747 2191 757 2223 3
785 2175 1043 2226 omnibusque
1077 2176 1144 2226 qui

127 2235 284 2275 antehac
317 2245 586 2284 tentaverunt,
619 2251 742 2288 usque
775 2237 821 2275 ad
854 2237 927 2274 hoc
967 2246 1139 2287 tempus,

128 2306 170 2335 ut
187 2298 313 2346 aiunt,
328 2297 672 2350 inexpugnabiles?
690 2302 813 2348 Quam
833 2298 1007 2348 dignum,
1027 2312 1143 2348 quam

128 2371 300 2409 aequum,
320 2373 436 2410 quam
459 2360 619 2410 plenum
647 2360 797 2397 ratione
826 2368 864 2396 et
886 2359 1035 2408 justitia
1062 2359 1145 2396 fue-

128 2428 206 2467 rat,
222 2428 266 2457 ut
285 2420 455 2457 fidelium
475 2429 596 2466 terra,
616 2421 771 2458 interim
793 2420 928 2457 saltem
951 2419 1041 2456 dum
1062 2420 1144 2457 haec

122 2481 347 2527 actitarent,
375 2480 423 2518 ab
453 2482 559 2518 omni
586 2481 696 2518 hoste
727 2495 862 2518 secura
888 2481 1142 2518 consisteret:

129 2550 208 2579 tum
224 2556 297 2594 pro
317 2543 521 2593 praesentia
541 2543 682 2580 summi
697 2543 1034 2593 Pontificis,quem
1048 2541 1146 2592 jam-

129 2663 275 2701 honore
302 2663 508 2702 servabant
530 2672 568 2701 et
588 2673 764 2711 servant3
788 2672 867 2702 tum
896 2678 967 2715 pro
991 2664 1147 2701 servitio

121 2725 394 2776 -Imperatoris,
411 2739 485 2777 pro
503 2738 580 2775 quo
601 2733 639 2762 et
658 2725 732 2776 ipsi
759 2734 850 2762 tune
877 2725 1062 2776 temporis
1081 2738 1148 2762 ex—

133 2784 333 2823 sulabant?
353 2789 512 2824 Factum
543 2795 601 2823 est
625 2795 752 2823 autem
790 2800 861 2837 per
889 2786 1146 2833 contrarium,

134 2855 176 2884 ut
189 2848 365 2898 gratiam,
387 2848 454 2898 qui
475 2847 745 2895 offenderunt3
770 2856 808 2884 et
821 2848 888 2898 qui
909 2848 1146 2894 servierunt,

133 2906 226 2944 iram
254 2918 505 2947 mererentur.
538 2909 611 2947 Sed
636 2923 707 2947 vos
730 2909 900 2946 fortassis
931 2909 1058 2946 adhue
1080 2908 1151 2946 ista

134 2968 367 3006 nesciebatis.
385 2973 551 3020 Oportet
572 2983 664 3020 ergo
691 2983 815 3017 nunc,
832 2970 991 3020 quando
1009 2983 1068 3006 res
1095 2978 1152 3006 est

135 3036 225 3066 nota
253 3028 383 3078 vobis,
408 3030 487 3067 imo
520 3039 558 3068 et
590 3031 699 3068 decet
729 3040 766 3068 et
793 3030 969 3081 expedit,
1001 3039 1151 3067 mutare

134 3101 203 3127 vos
221 3098 260 3127 et
278 3090 441 3129 verbum
460 3100 498 3129 et
515 3092 687 3130 animum
707 3108 715 3130 :
738 3100 782 3129 ut
800 3093 874 3129 viri
898 3091 1009 3142 regiis
1030 3091 1149 3142 magis

186 3230 197 3246 ¹
215 3228 230 3256 1
244 3228 322 3268 Reg.
340 3238 426 3264 xxu,
448 3230 500 3260 14.
515 3246 559 3251 ——
580 3235 594 3250 ²
610 3231 704 3260 Joan.
730 3240 795 3265 xv,
820 3231 874 3261 25.

1206 1869 1245 1905 in
1267 1870 1434 1906 animam
1456 1870 1702 1907 inimicorum
1725 1869 1834 1920 ejus?
1857 1871 1981 1920 Quid,
2001 1886 2130 1922 quaeso
2146 1904 2155 1920 ,
2176 1889 2235 1912 ra-

1208 1930 1323 1967 tionis
1337 1959 1347 1974 ,
1368 1931 1446 1967 imo
1468 1931 1562 1981 quid
1585 1945 1663 1968 non
1684 1932 1894 1983 impietatis
1916 1932 2031 1970 habet
2051 1934 2132 1971 haec
2148 1935 2235 1986 fuga

1209 2000 1273 2028 tua
1288 2021 1297 2038 ,
1321 1991 1367 2028 de
1389 2006 1464 2042 qua
1487 1993 1553 2029 filii
1574 1993 1726 2042 lugent,
1749 1993 1958 2031 adversarii
1982 1995 2137 2032 rident?
2158 1998 2233 2034 Mi-

1209 2066 1275 2089 ror
1293 2053 1400 2103 quod
1421 2062 1456 2090 te
1478 2067 1556 2090 non
1578 2054 1715 2090 terruit
1736 2054 1898 2091 Arnoldi
1917 2054 2065 2093 abbatis
2079 2063 2092 2078 Ε
2110 2070 2239 2095 exem*

1211 2114 1319 2164 plum
1354 2129 1362 2151 :
1411 2113 1522 2163 cujus
1553 2115 1686 2151 similis
1716 2117 1970 2166 praesumptio
2007 2117 2146 2167 digno,
2177 2120 2242 2156 sed

1211 2175 1391 2226 pavendo
1420 2176 1520 2222 fine,
1542 2184 1585 2212 ut
1605 2175 1704 2212 bene
1734 2176 1964 2223 meministi,
1986 2177 2024 2213 in
2051 2177 2160 2215 brevi
2187 2189 2242 2217 est

1212 2234 1418 2271 vindicata.
1453 2237 1501 2271 Et
1532 2234 1689 2284 quidem
1730 2235 1794 2272 ille
1821 2236 2168 2288 qualemcumque,
2201 2248 2244 2276 ut

1212 2294 1311 2332 bene
1342 2295 1434 2331 novi
1471 2308 1541 2345 ego
1556 2324 1565 2341 ,
1606 2295 1739 2332 habuit
1777 2310 1928 2334 causam
1947 2328 1956 2344 ,
2003 2307 2044 2335 tu
2083 2301 2242 2338 nullam.

1212 2355 1412 2405 Numquid
1445 2356 1547 2392 enim
1575 2365 1640 2393 aut
1667 2357 1847 2394 monachi
1870 2359 1944 2395 tuis
1966 2369 2077 2396 erant
2100 2361 2242 2399 inobe-

1214 2416 1362 2453 dientes
1383 2416 1574 2467 imperiis,
1597 2425 1661 2453 aut
1688 2419 1865 2455 conversi
1892 2432 2026 2467 segnes
2048 2420 2085 2457 in
2113 2424 2245 2472 operi—

1213 2477 1310 2524 bus,
1342 2486 1405 2514 aut
1432 2478 1549 2514 vicini
1578 2477 1676 2514 forte
1706 2477 1773 2514 tibi
1803 2479 1924 2515 tuisve
1951 2479 2068 2517 rebus
2091 2481 2240 2528 infesti,

1215 2547 1280 2576 aut
1310 2547 1413 2576 certe
1445 2539 1597 2575 modica
1627 2547 1664 2576 et
1692 2553 1770 2575 non
1804 2540 1997 2576 sufficiens
2030 2540 2243 2580 substantia

85 2614 90 2621 ·
130 2601 276 2639 dudum
304 2603 474 2640 exsulem
505 2603 632 2640 Pisani
663 2602 767 2653 apud
802 2616 841 2640 se
867 2617 955 2640 cum
993 2616 1145 2639 summo
1165 2605 1197 2639 D
1216 2600 1576 2650 mundi,quatenus
1598 2600 1816 2649 relinquere
1832 2601 2042 2650 cogereris,
2066 2615 2163 2651 quos
2182 2604 2241 2640 rel

1219 2674 1352 2711 regere
1368 2690 1377 2707 ,
1396 2661 1457 2697 vel
1478 2674 1636 2711 pascere
1658 2674 1735 2697 non
1759 2661 1983 2698 sufficeres?

1272 2724 1306 2760 2.
1329 2722 1424 2760 Vide
1438 2736 1486 2759 ne
1505 2731 1542 2759 et
1563 2731 1597 2760 te
1613 2731 1740 2773 tangat
1753 2736 1829 2760 vox
1845 2723 1909 2759 illa
1926 2723 1996 2760 Dei
2015 2738 2022 2760 :
2045 2724 2146 2769 Quia
2161 2726 2246 2761 odio

1216 2784 1430 2820 habuerunt
1448 2798 1507 2820 me
1526 2790 1647 2834 gratis
1664 2791 1689 2821 ².
1708 2784 1809 2833 Quid
1824 2784 1925 2821 enim
1946 2784 2080 2821 debuit
2100 2784 2169 2822 tibi
2188 2786 2247 2823 fa-

1220 2860 1330 2892 cere,
1363 2854 1402 2882 et
1436 2859 1515 2882 non
1544 2846 1661 2882 fecit?
1683 2845 1842 2883 Vineam
1868 2844 1936 2882 tibi
1957 2846 2147 2895 plantavit
2177 2846 2249 2883 ele-

1221 2916 1319 2944 ctam
1352 2915 1390 2944 et
1419 2906 1752 2957 speciosissimam.
1778 2910 1914 2957 Sepem
1937 2906 1970 2942 ei
1992 2906 2245 2943 circumdedit

1217 2969 1359 3005 votivae
1383 2968 1645 3014 continentiae,
1672 2968 1840 3004 torcular
1862 2967 2150 3004 districtissimae
2169 2966 2244 3002 dis-

1219 3030 1372 3080 ciplinae
1386 3029 1483 3065 fodit
1498 3029 1537 3065 in
1553 3043 1610 3074 ea,
1630 3038 1667 3065 et
1690 3029 1893 3065 {edificavit
1914 3037 2052 3065 sanctae
2070 3040 2241 3077 pauper-

1219 3090 1305 3127 tatis
1328 3090 1462 3126 turrim
1477 3119 1487 3136 ‚
1513 3089 1560 3126 ad
1582 3090 1699 3126 coelos
1723 3103 1844 3139 usque
1866 3089 2162 3139 pertingentem.
2189 3090 2240 3123 Te

184 3286 197 3301 ¹
214 3286 334 3328 Scripta
347 3286 428 3318 circa
446 3298 565 3319 annum
590 3292 600 3320 1
615 3291 690 3320 135.
708 3307 752 3311 -——
768 3281 785 3305 b
799 3289 921 3320 Scilicet
935 3312 942 3325 ‚
959 3289 1143 3331 Rogerium.
1159 3308 1204 3311 —
1222 3294 1235 3309 c
1250 3288 1336 3320 Alias
1349 3312 1356 3324 ,
1373 3284 1536 3317 nivellam,

184 3337 202 3358 ‘¹
226 3339 346 3382 Scripta
362 3351 445 3373 anno
461 3341 576 3373 Christi
603 3347 610 3374 Ι
625 3346 701 3375 138.
716 3362 762 3366 ——
779 3350 792 3364 e
813 3343 953 3382 Scilicet,
968 3343 1179 3380 Morinumdi,
1200 3342 1238 3374 ad
1259 3352 1352 3384 quem
1366 3340 1496 3383 epistola
1515 3343 1544 3370 ⁴3.
