2517 3936
159 206 251 244 1521
810 215 954 251 LIBER
982 216 1047 251 DE
1076 218 1186 252 VITA
1219 220 1252 253 S.
1284 220 1563 257 MALACHIAE.

154 288 256 330 Deo,
275 282 322 321 ad
343 284 482 321 lectum
502 286 717 323 revertitur.
742 288 829 324 Alto
850 289 896 326 de
921 292 1060 328 solario
1085 291 1154 328 de-
1165 291 1195 309 ⁰⁸

155 343 358 380 scendebat
378 342 540 394 pedibus
566 344 664 390 suis,
691 355 726 381 et
747 360 894 384 rursum
911 351 1156 387 nihilominus
1176 352 1202 384 A
1223 352 1428 401 frigerium.
1463 358 1544 390 Jam
1575 356 1795 406 desperatur
1829 363 1873 398 de
1907 366 1979 401 vita
2001 366 2079 414 ejus

155 405 231 441 suis
244 403 405 454 pedibus
419 403 646 440 ascendebat
661 420 668 441 :
686 414 722 442 et
737 406 884 444 dicebat
901 418 1060 446 mortem
1076 423 1155 447 esse

153 464 193 501 in
210 463 349 513 januis.
380 463 472 511 Quis
494 464 595 501 hunc
622 465 816 503 hominem
846 469 1019 506 crederet
1039 470 1155 506 mori—

154 525 313 560 turum?
337 524 446 560 Solus
473 523 554 572 ipse
568 553 578 570 ,
599 532 636 560 et
664 528 767 562 Deus
791 527 829 563 id
850 529 944 565 scire
966 537 1154 578 poterant.

153 585 239 620 Non
253 583 380 620 vultus
390 582 580 632 pallidior,
595 597 673 620 non
688 587 923 624 macilentior
936 588 1154 634 videbatur3

153 655 232 680 non
246 651 378 693 rugata
392 643 515 689 frons,
530 656 608 680 non
622 645 808 682 reconditi
819 648 938 694 oculi,
953 661 1031 683 non
1047 661 1156 685 nares

154 711 367 740 extenuatae
385 731 395 749 ,
426 716 505 739 non
539 712 732 740 contracta
766 705 862 742 labia
879 735 888 752 ‚
924 720 1000 743 non
1034 707 1157 744 adusti

154 763 307 810 dentes,
342 776 420 800 non
453 764 593 800 collum
626 777 779 801 exesum
810 774 847 802 et
880 767 1017 816 gracile
1034 793 1055 813 ,-
1079 781 1154 803 non

161 824 269 861 curvi
301 824 470 872 humeri,
490 838 569 861 non
599 838 686 862 caro
715 826 906 863 exinanita
934 827 971 863 in
995 840 1156 877 corpore

158 884 321 934 reliquo.
344 887 434 921 Haec
455 894 536 922 erat
562 886 679 935 gratia
698 887 872 937 corporis
897 886 997 936 ejus,
1023 895 1060 923 et
1078 887 1157 923 haec

153 944 274 993 gloria
296 945 424 981 vultus
452 944 556 994 ejus,
578 959 662 994 quae
686 959 764 983 non
792 956 1018 991 evacuatur,
1043 960 1090 983 ne
1119 947 1156 982 in

154 1011 278 1041 morte
298 1004 466 1054 quidem.
489 1005 587 1042 Talis
608 1006 734 1054 quoad
757 1006 870 1053 vixit,
896 1007 977 1043 talis
998 1016 1035 1043 et
1053 1020 1158 1043 mor-

155 1071 243 1101 tuus
259 1063 469 1114 apparebat
482 1093 491 1110 ‚
516 1064 658 1101 viventi
675 1065 846 1103 similior.

209 1123 273 1162 72.
296 1124 542 1161 Cucurrimus
563 1138 683 1175 usque
700 1125 773 1162 huc
793 1141 800 1163 ε
819 1126 883 1163 sed
905 1126 1020 1163 modo
1042 1127 1159 1163 heere-

155 1196 259 1229 mus,
282 1184 372 1233 quia
385 1184 586 1221 Malachias
602 1198 754 1222 cursum
773 1188 1065 1224 consummavit.
1082 1190 1161 1224 Stat

154 1242 241 1290 ille,
275 1252 313 1280 et
343 1257 414 1280 nos
435 1244 578 1294 pariter
598 1253 741 1282 stamus
768 1260 855 1283 cum
888 1260 946 1283 eo.
977 1248 1158 1297 Alioquin

155 1303 242 1353 quis
275 1303 438 1340 libenter
473 1313 601 1341 currat
633 1305 680 1342 ad
716 1308 914 1343 mortem?
946 1309 1158 1357 prcesertim

155 1371 280 1411 tuam,
310 1373 419 1414 pater
447 1373 594 1412 sancte,
627 1367 712 1415 quis
739 1368 881 1404 referre
908 1369 1057 1417 possit?
1079 1369 1163 1419 quis

154 1424 247 1461 velit
262 1424 418 1461 audire?
436 1430 615 1463 Attamen
636 1426 838 1465 dileximus
858 1442 929 1466 nos
949 1430 987 1466 in
1008 1430 1104 1476 vita,
1123 1431 1164 1466 in

154 1492 279 1521 morte
301 1497 380 1521 non
397 1485 673 1535 separabimur.
692 1490 862 1533 Fratres,
881 1502 957 1526 non
976 1490 1165 1538 relinqua-

155 1559 240 1583 mus
265 1546 305 1582 in
326 1554 468 1593 morte,
489 1560 603 1596 quem
632 1547 671 1583 in
697 1548 774 1584 vita
794 1551 988 1598 prosecuti
1017 1563 1159 1586 sumus.

155 1605 216 1643 Ab
235 1607 409 1643 ulteriori
438 1607 563 1645 Scotia
592 1621 710 1657 usque
740 1608 814 1645 huc
836 1610 1005 1646 cucurrit
1029 1611 1091 1646 ille
1115 1609 1162 1646 ad

155 1676 319 1704 mortem
346 1681 354 1703 :
380 1680 510 1704 eamus
534 1676 572 1704 et
593 1681 682 1714 nos,
710 1677 748 1705 et
768 1670 978 1706 moriamur
999 1684 1085 1707 cum
1105 1684 1161 1707 e0.

156 1731 320 1778 Oportet
334 1755 343 1773 ,
366 1736 521 1777 oportet
538 1727 664 1764 dicere
676 1757 685 1774 ,
707 1742 819 1778 quam
839 1743 994 1766 cernere
1011 1743 1163 1766 necesse

156 1788 239 1825 fuit.
273 1787 391 1825 Adest
419 1789 599 1825 Omnium
632 1793 859 1827 Sanctorum
892 1791 992 1827 clara
1021 1790 1162 1840 ubique

1178 1068 1205 1101 B
1227 1066 1428 1105 dammodo
1451 1070 1554 1119 loqui

2115 235 2212 272 1520

1201 291 1300 329 ‘'iens
1325 306 1393 342 per
1416 295 1539 343 ignem
1570 305 1606 332 et
1642 312 1800 347 aquam,
1833 305 2056 344 educeretur
2089 310 2124 345 in
2148 324 2208 346 re-

2151 385 2208 406 31¹1!

1221 412 1380 461 quisque
1409 427 1516 450 suum
1531 414 1715 462 judicium
1736 422 1994 470 repreliemlit,
2018 383 2205 473 jam’anni

1222 471 1400 517 dubium,
1430 474 1620 510 Malaclliae
1652 479 1870 515 senteutiam
1894 486 2108 530 praevalere.
2129 491 2206 524 Yo—

1223 544 1378 567 camur:
1401 531 1590 568 adsumus.
1619 536 1665 570 Et
1685 535 1746 571 ille
1767 539 1895 574 oculos
1922 541 2048 579 levans
2077 546 2111 580 iu
2135 548 2209 582 cir—

1222 599 1452 627 cumstantes
1469 606 1476 627 :
1496 609 1509 623 τι
1527 593 1722 629 Desiderio
1738 595 1944 635 desideravi
1960 629 1968 645 ,
1988 602 2124 650 inquit,
2142 605 2212 641 linc

1224 666 1238 681 n
1256 650 1393 699 pascha
1415 651 1642 689 manducare
1662 655 1762 703 apud
1783 669 1860 693 vos.
1884 661 2029 696 Gratias
2058 676 2125 710 ago
2151 677 2210 699 su-

1223 727 1237 741 »
1256 723 1382 759 pernae
1399 710 1529 760 pietati
1548 727 1554 748 :
1574 726 1651 749 non
1670 727 1751 750 sum
1776 716 1967 754 fraudatus
1987 733 2007 754 a
2028 720 2211 758 desiderio

1223 786 1237 800 »
1259 782 1355 805 meo.
1376 786 1389 801 »
1411 770 1523 807 Vides
1549 771 1738 809 hominem
1759 787 1930 812 securum
1957 777 1993 813 in
2016 789 2153 825 morte,
2177 790 2213 817 et

1223 828 1383 864 necdum
1415 831 1725 880 mortuum‚jam
1755 843 1898 871 certum
1932 835 1976 872 de
2006 838 2109 874 vita?
2140 843 2213 876 Nee

1224 888 1373 924 mirum.
1396 889 1536 926 Videns
1562 891 1691 928 adesse
1713 902 1860 929 noctem
1883 909 1992 944 quam
2021 907 2214 947 exspecta-

1226 956 1347 993 verat,
1370 957 1405 984 ct
1432 949 1469 984 in
1495 950 1572 999 ipsa
1594 950 1759 988 diescere
1788 953 1879 999 sibi3
1910 957 2013 1003 quasi
2038 956 2083 993 de
2106 966 2216 994 nocte

1225 1007 1458 1057 triumphans
1471 1038 1481 1054 ,
1503 1010 1651 1046 videtur
1670 1012 1848 1049 insultare
1869 1014 2030 1050 tenebris
2043 1045 2051 1060 ,
2073 1025 2108 1052 et
2124 1030 2216 1065 quo-

1577 1085 1584 1106 :
1608 1088 1621 1102 «
1643 1074 1723 1107 Jam
1756 1086 1832 1116 nou
1864 1073 2010 1119 dicam,
2047 1077 2214 1112 forsitan

1225 1144 1239 1158 »
1258 1126 1421 1163 tenebrae
1439 1128 1718 1166 conculcabunt
1739 1144 1817 1177 nie,
1838 1133 1924 1180 quia
1940 1133 2017 1169 11:1³0
2039 1148 2113 1170 nox
2130 1135 2216 1170 illu-

1228 1203 1241 1219 »
1260 1187 1416 1223 minatio
1436 1201 1517 1224 mea
1543 1189 1581 1224 in
1606 1189 1747 1225 deliciis
1769 1191 1868 1228 meis.
1887 1210 1897 1223 ι
1927 1195 1970 1228 Iit
1994 1192 2128 1230 blande
2150 1207 2217 1229 nos

1228 1248 1426 1283 consolans
1456 1263 1462 1283 :
1496 1248 1692 1295 «Habete,
1722 1268 1735 1282 »
1762 1250 1904 1300 inquit,
1934 1270 1946 1283 ἰ
1966 1267 2091 1289 curam
2122 1255 2216 1300 mei3

1231 1323 1245 1338 υ
1266 1320 1334 1356 ego
1352 1308 1485 1352 vestri,
1510 1308 1538 1344 si
1560 1309 1721 1355 licuerit,
1744 1322 1820 1345 non
1842 1309 2050 1348 obliviscar.
2072 1313 2217 1349 Licebit

1230 1384 1244 1399 »
1266 1375 1402 1403 autem.
1434 1367 1582 1404 Credidi
1602 1369 1638 1404 in
1661 1372 1799 1415 Deum,
1822 1378 1858 1406 et
1879 1371 2004 1407 omnia
2025 1372 2216 1421 possibilia

1231 1443 1245 1458 >1
1264 1426 1442 1463 credenti.
1459 1428 1593 1464 Amavi
1610 1431 1730 1464 Deum
1751 1430 1895 1465 :amavi
1910 1443 1996 1474 vos,
2013 1439 2050 1466 et
2063 1431 2221 1468 charitas

1233 1503 1246 1518 »
1266 1500 1459 1536 nunquam
1487 1487 1637 1523 excidit.
1657 1505 1670 1519 n
1692 1492 1737 1525 Et
1762 1489 1967 1539 suspiciens
1988 1490 2024 1526 in
2058 1492 2191 1528 coelum
2212 1508 2219 1528 :

1231 1562 1244 1578 «
1265 1549 1384 1591 Deus,
1410 1565 1421 1578 υ
1452 1547 1593 1596 inquit,
1617 1564 1629 1577 α
1655 1560 1761 1584 serva
1791 1562 1855 1585 eos
1884 1549 1920 1584 in
1950 1550 2102 1586 nomine
2125 1559 2216 1588 tuo:

1230 1623 1243 1638 >2
1265 1619 1340 1641 non
1363 1606 1482 1642 solum
1505 1614 1629 1642 autem
1654 1620 1718 1643 eos
1733 1637 1741 1652 ‚
1769 1607 1831 1643 sed
1853 1617 1890 1644 et
1910 1622 2039 1645 omnes
2060 1610 2124 1659 qui
2145 1624 2212 1660 per

1232 1683 1246 1698 υ
1266 1665 1425 1702 verbum
1452 1680 1493 1702 ae
1512 1667 1759 1703 ministerium
1782 1681 1906 1704 meum
1935 1677 1998 1705 tuo
2017 1683 2054 1706 se
2075 1671 2219 1706 manci-

1230 1744 1244 1759 »
1264 1740 1402 1776 pavere
1435 1726 1599 1762 servitio.
1630 1744 1644 1758 »
1678 1727 1823 1764 Deinde
1863 1729 2062 1777 imponens
2093 1743 2225 1766 manus

1230 1785 1403 1834 singulis,
1427 1793 1463 1821 et
1487 1784 1715 1822 benedicens
1737 1786 1931 1832 omnibus,
1953 1797 2147 1836 pausatum
2173 1789 2225 1825 ire

161 1847 385 1893 celebrita53
409 1848 475 1885 sed
491 1847 602 1897 juxta
622 1858 789 1886 veterem
809 1852 1033 1887 sententiam
1048 1881 1056 1897 ,
1075 1853 1164 1886 Ma-
1187 1848 1213 1882 C
1228 1846 1358 1895 jubet,
1383 1846 1471 1895 quia
1493 1845 1662 1881 nondum
1681 1855 1836 1882 venerat
1853 1847 1945 1883 liora
1965 1846 2056 1896 ejus.

157 1913 237 1944 sica
254 1913 292 1943 in
310 1911 405 1944 luctu
427 1913 643 1957 e'tnportecmz
659 1914 828 1945 narratio
846 1920 898 1946 est
909 1916 933 1947 ¹.
955 1910 1162 1956 Adsumus,

159 1968 331 2005 canimus
354 1969 414 2005 vel
445 1969 567 2005 inviti.
592 1969 736 2006 Flendo
767 1978 982 2015 cantamus,
1013 1979 1049 2006 et
1070 1984 1163 2007 can—

158 2028 276 2065 tando
305 2028 452 2066 flemus.
482 2029 687 2066 Malachias
718 2029 787 2066 etsi
815 2043 893 2066 non
917 2039 1061 2076 cantat,
1085 2044 1163 2067 non

155 2089 282 2139 plorat
300 2097 438 2125 tamen.
456 2088 557 2137 Quid
579 2089 678 2125 enim
698 2090 844 2140 ploret,
867 2091 930 2139 qui
952 2091 1165 2141 appropin-

157 2157 250 2199 quat
270 2149 316 2186 ad
333 2149 540 2199 gaudium?
559 2148 698 2195 Nobis,
722 2150 787 2200 qui
808 2151 1072 2200 relinquimur,
1103 2164 1164 2187 re-

155 2209 344 2258 linquitur
371 2209 494 2245 luctus
518 2223 526 2245 :
549 2209 652 2246 solus
673 2210 876 2247 Malachias
906 2211 1040 2247 festum
1064 2211 1161 2247 facit.

156 2268 269 2318 Quod
297 2269 398 2306 enim
428 2282 508 2306 non
535 2278 663 2319 potest
691 2284 876 2320 corpore,
899 2271 985 2307 facit
1017 2279 1162 2317 mente,

154 2329 252 2367 sicut
269 2329 453 2380 scriptum
465 2338 521 2366 est
536 2344 544 2366 ε
563 2330 743 2378 Cogitatio
756 2331 918 2376 homiliis
932 2330 1166 2377 confitebitur

157 2389 241 2434 tibi,
267 2399 301 2426 et
324 2393 492 2438 reliquioe
513 2395 750 2439 cogitationis
771 2392 868 2426 diem
884 2389 1026 2437 sesmm
1047 2400 1165 2441 agent

153 2449 257 2486 tibffl.
274 2450 483 2487 Deficiente
496 2450 547 2486 illi
563 2451 1013 2500 corporisinstrumento,
1029 2451 1161 2488 silente

154 2522 298 2559 organo
330 2509 429 2556 oris,
463 2510 591 2546 officio
622 2510 727 2546 vocis
751 2518 938 2555 cessante,
969 2511 1158 2559 reliquum

153 2577 210 2606 est
239 2577 283 2605 ut
310 2569 448 2605 mentis
489 2568 613 2618 jubilo
657 2570 888 2606 solemnizet.
930 2570 1071 2617 Quidni
1099 2583 1158 2606 so-

152 2630 331 2667 lemnizet
355 2638 522 2675 sanctus,
546 2630 611 2679 qui
629 2639 846 2667 sanctorum
864 2630 1014 2667 ducitur
1031 2631 1076 2666 ad
1094 2644 1157 2667 so-
1178 2630 1208 2662 D
1225 2630 1395 2667 omnium
1423 2627 1521 2663 oculi
1542 2626 1606 2661 fixi
1632 2625 1668 2660 in
1698 2637 1780 2660 eum
1810 2638 1817 2659 ;

152 2690 416 2728 lemnitatem?
449 2690 612 2727 Exhibet
632 2691 725 2737 illis,
752 2691 858 2741 quod
881 2704 969 2727 mox
993 2690 1063 2728 sibi
1096 2690 1158 2727 de-

151 2749 317 2787 bebitur.
344 2749 481 2787 Adhuc
502 2751 718 2798 modicum,
739 2760 776 2787 et
796 2752 876 2801 ipse
894 2764 993 2788 unus
1021 2764 1067 2787 ex
1084 2751 1156 2787 illis

151 2819 220 2848 est.

206 2872 268 2909 73.
289 2871 367 2909 Sub
383 2872 506 2909 noctis
526 2873 774 2923 crepusculo,
797 2886 882 2909 cum
900 2871 980 2921 jam
1001 2880 1154 2907 utcum-

151 2944 226 2981 que
246 2931 321 2968 diei
341 2945 362 2968 a
381 2931 492 2969 nobis
508 2933 657 2982 expleta
679 2931 876 2968 celebritas
897 2932 1015 2975 soret,
1038 2931 1157 2967 Mala-

151 2991 254 3028 chias
279 2992 677 3043 appropinquaverat,
709 3005 788 3028 non
817 2992 1064 3041 crepusculo,
1088 2991 1154 3028 sed

104 3082 107 3083 γ
151 3065 311 3089 aurorae.
333 3057 392 3089 An
420 3066 498 3090 non
518 3053 572 3090 illi
588 3066 739 3098 aurora,
764 3053 823 3089 cui
844 3066 920 3088 nox
941 3052 1150 3102 praeoessit,

150 3111 230 3149 dies
246 3121 373 3149 autem
391 3113 738 3163 appropinquavit?
760 3116 892 3161 Itaque
916 3111 1019 3148 febre
1041 3111 1151 3147 inva—

148 3171 335 3218 lescente,
370 3174 486 3223 coepit
513 3187 560 3210 ex
591 3173 735 3210 intimis
763 3172 901 3209 ardens
936 3185 1006 3221 per
1038 3184 1152 3207 omne

148 3245 289 3283 corpus
303 3246 504 3284 erumpere
520 3233 650 3280 sudor,
670 3242 712 3270 ut
727 3232 1014 3283 quodammodo
1034 3240 1150 3268 trans-

201 3364 210 3381 ·
227 3360 321 3392 Eccli.
337 3372 434 3400 χιιι,
460 3366 490 3393 6,
511 3381 555 3386 -
578 3367 589 3382 ²
609 3361 687 3392 PsaL
712 3371 808 3396 mxv,
826 3362 876 3390 11.

1286 1907 1346 1944 74.
1375 1910 1478 1942 Imus
1508 1921 1515 1942 :
1548 1906 1713 1942 redimus
1744 1907 1841 1942 circa
1868 1906 2030 1943 medium
2064 1908 2182 1944 noctis
2213 1924 2220 1945 ;

1231 1980 1317 2002 nain
1340 1979 1383 2002 ea
1403 1966 1497 2001 liora
1525 1965 1589 2001 lux
1609 1965 1734 2001 lucere
1764 1965 1801 2001 in
1824 1965 1988 2002 tenebris
2017 1967 2221 2003 nuntiatur.

1230 2027 1416 2076 Impletur
1433 2025 1568 2061 domus
1588 2041 1594 2061 :
1612 2025 1717 2061 adest
1736 2027 1974 2075 congregatio
1995 2034 2070 2062 tota
2086 2041 2093 2062 ;
2113 2026 2224 2062 abba-

1231 2096 1286 2124 tes
1306 2100 1458 2136 quoque
1480 2086 1587 2122 multi
1610 2086 1674 2134 qui
1704 2095 1970 2122 convenerant.
1994 2087 2164 2131 Psalmis,
2187 2095 2222 2122 et

1230 2147 1400 2195 hymnis,
1425 2154 1461 2181 et
1493 2145 1643 2181 canticis
1673 2143 1929 2194 spiritualibus
1959 2146 2222 2194 prosequimur

1231 2207 1390 2243 amicum
1423 2204 1702 2254 repatriantem.
1726 2208 1837 2240 Anno
1868 2204 1984 2239 aetatis
2006 2216 2080 2239 suae
2108 2204 2220 2252 quin—

1230 2267 1446 2317 quagesimo
1471 2273 1605 2314 quarto
1621 2294 1629 2310 ,
1656 2265 1738 2299 loco
1762 2272 1797 2299 et
1820 2272 2006 2313 tempore,
2028 2277 2103 2312 quo
2121 2276 2218 2312 prze-

1229 2328 1359 2377 elegit,
1390 2334 1426 2362 et
1447 2325 1620 2375 praedixit
1649 2324 1847 2360 Malacliias
1871 2324 2069 2373 episcopus
2093 2332 2126 2359 et
2159 2323 2213 2358 le-

1228 2397 1334 2439 gatus
1352 2395 1489 2424 sanctae
1505 2385 1717 2435 apostolicae
1736 2384 1856 2429 Sedis,
1878 2384 1980 2419 velut
2001 2397 2020 2418 e
2044 2382 2214 2418 manibus

1227 2449 1366 2486 nostris
1393 2454 1604 2495 assumptus
1627 2444 1672 2480 ab
1695 2444 1846 2492 Angelis
1864 2472 1872 2487 ,
1899 2443 2053 2479 feliciter
2073 2442 2214 2478 obdor—

1227 2510 1333 2546 mivit
1359 2509 1396 2544 in
1427 2506 1600 2543 Domino.
1630 2508 1674 2541 Et
1702 2518 1788 2539 vere
1820 2502 2058 2538 obdormivit.
2082 2503 2214 2537 Yultus

1225 2569 1396 2620 placidus
1414 2567 1549 2617 placidi
1571 2566 1689 2602 exitus
1711 2564 1886 2600 indicium
1908 2563 1985 2598 suit.
2002 2566 2044 2598 Et
2061 2562 2211 2610 quidem

1846 2635 1955 2659 nemo
1984 2630 2102 2657 tamen
2118 2650 2127 2666 ,
2147 2634 2212 2669 qut

1225 2689 1378 2740 quando
1413 2687 1552 2730 exivit,
1588 2685 1782 2720 advertere
1812 2682 2006 2731 potuisset.
2040 2684 2211 2716 Mortuus

1222 2751 1372 2793 vivere,
1394 2756 1430 2784 et
1449 2747 1579 2782 vivens
1601 2752 1770 2779 mortuus
1792 2741 1995 2791 putabatur
2014 2755 2021 2776 :
2043 2739 2137 2776 adeo
2159 2740 2208 2774 nil

1221 2807 1432 2851 intercidit,
1455 2804 1556 2854 quod
1579 2804 1800 2839 alterutrum
1820 2799 2108 2836 disterminaret.
2139 2801 2205 2834 Ea·

1223 2869 1307 2905 dem
1332 2866 1508 2902 vivacitas
1526 2862 1649 2898 vultus
1666 2890 1675 2906 ,
1704 2859 1883 2896 serenitas
1907 2858 2057 2902 eadem,
2088 2857 2207 2905 qualis

1222 2940 1404 2978 apparere
1435 2925 1528 2961 solet
1553 2923 1590 2958 in
1618 2921 1840 2957 dormiente.
1872 2919 2023 2955 Dicercs
2052 2925 2209 2952 mortem

1222 2988 1274 3025 nil
1304 2988 1440 3023 horum
1473 2983 1597 3019 tulisse
1618 3011 1626 3027 ,
1660 2980 1776 3029 inagis
1810 2979 1955 3015 auxisse
1991 2977 2206 3026 plurimum.

1219 3052 1302 3085 Non
1325 3055 1381 3083 est
1402 3051 1585 3086 mutatus,
1609 3040 1673 3077 sed
1694 3041 1772 3089 ipse
1795 3037 1952 3074 mutavit
1973 3048 2114 3072 omnes.
2136 3035 2207 3070 Mi-

1220 3121 1303 3144 rum
1331 3106 1369 3141 in
1391 3103 1545 3140 modum
1566 3101 1688 3136 luctus
1709 3107 1746 3135 et
1765 3097 1923 3147 gemitus
1951 3094 2116 3131 omnium
2146 3106 2209 3128 su-

1217 3167 1297 3204 bito
1319 3162 1549 3214 conquiescit
1570 3175 1577 3197 :
1601 3167 1768 3196 mutatur
1793 3158 1829 3192 in
1851 3154 2026 3204 gaudium
2049 3165 2205 3195 nurror,

1217 3228 1411 3279 planctum
1437 3230 1568 3260 cantus
1586 3219 1760 3257 excludit.
1779 3217 1954 3260 Effertur,
1976 3214 2147 3249 seruntur
2166 3211 2204 3246 in
