2517 3920
326 193 423 232 1023

322 271 556 322 praeliantur,
587 267 671 305 freti
702 275 740 304 61
771 279 886 302 11131111
916 264 1112 311 validiori,
1147 272 1186 300 et
1215 261 1360 299 causa⁴¹

1063 188 1096 223 S.
1127 186 1380 222 BERNARDI
1408 184 1610 220 ABBATIS

1370 260 1452 296 61116
1467 257 1748 295 detrahentium
1766 256 1911 305 linguas
1927 255 2144 302 maledicas,
2161 264 2198 293 et
2210 267 2394 296 venenata

2295 179 2391 218 1024

321 332 483 384 potiori,
505 338 559 376 et,
583 327 687 378 quod
705 327 763 363 his
789 324 910 374 majus
927 332 1002 370 est,
1027 324 1155 360 favore
1179 321 1322 358 divino.
1345 322 1373 354 A
1393 317 1875 370 spiculablasphemorum,
1893 325 1935 353 ut
1954 316 2095 353 non'ad
2111 317 2238 367 ipsum
2258 330 2395 368 perve-

322 398 371 430 At
397 404 511 441 quam
529 388 706 426 terribilis
726 390 828 424 Deus
848 386 886 421 in
909 384 1074 421 consiliis
1097 395 1212 432 super
1229 380 1326 416 filios

322 453 522 490 hominum
547 452 586 485 ¹!
623 452 742 497 Terga
777 445 914 482 dedere
952 442 1144 480 sceleratis
1181 441 1325 477 ultores

322 512 492 557 sceleris,
518 518 555 547 et
585 505 828 559 paucioribus
849 505 991 554 plures.
1028 501 1099 539 Sed
1122 507 1326 537 recurrunt

323 574 368 611 ad
392 572 611 609 Dominum.
633 571 680 605 Et
701 566 888 604 Dominus
908 563 954 600 ad
982 575 1047 598 eos
1071 576 1079 597 ι
1101 561 1322 603 Ascensum,

321 632 457 683 inquit.
493 627 713 667 Ascendunt
748 625 874 661 denuo
898 652 907 668 ,
944 622 1148 669 denuoque
1181 619 1252 655 fusi
1288 626 1325 654 et

323 692 470 730 confusi
486 698 584 727 sunt.
606 692 661 725 Ita
681 690 760 722 Deo
784 679 949 734 primum
970 680 1123 730 quidem
1151 679 1300 715 favente
1314 707 1323 724 ‚

324 750 492 789 secundo
526 756 563 785 et
599 745 758 795 jubente
779 771 788 788 ,
821 741 913 790 justi
944 740 1092 789 justum
1133 746 1324 774 certamen

322 813 457 848 ineunt
486 838 495 855 ,
528 815 565 844 et
603 802 868 842 succumbunt.
907 799 979 837 Sed
1014 811 1091 848 quo
1126 798 1325 834 inferiores

327 870 530 909 certamine
556 896 565 913 ,
598 879 643 902 eo
678 863 752 900 fide
793 861 1008 911 superiores
1041 858 1188 895 inventi
1225 866 1325 895 sunt.

324 931 422 980 Quid
440 937 550 980 putas
571 926 617 962 de
635 937 695 961 me
716 924 884 959 facerent
899 920 980 967 isti,
1001 920 1030 956 si
1048 932 1133 956 meo
1149 918 1327 955 hortatu*

325 993 461 1027 iterato
509 984 785 1026 ascenderent,
824 981 959 1017 iterato
1005 978 1326 1016 succumberent?

324 1048 478 1100 quando
499 1059 558 1083 me
580 1043 756 1082 audirent
777 1048 996 1077 monentem
1015 1040 1125 1076 tertio
1152 1048 1326 1089 repetere

321 1112 406 1156 iter,
428 1115 599 1158 repetere
626 1116 744 1154 opus,
772 1102 811 1138 in
839 1115 916 1151 quo
943 1101 1058 1138 semel
1084 1099 1162 1149 jam
1179 1129 1188 1147 ,
1207 1108 1245 1136 et
1265 1112 1325 1136 se-

322 1169 448 1208 cundo
464 1165 632 1204 frustrati
648 1164 794 1200 forent?
811 1165 859 1199 Et
876 1170 1001 1198 tamen
1017 1161 1196 1198 Israelitae
1211 1173 1325 1196 unam

320 1239 358 1267 et
374 1231 528 1267 alteram
550 1239 628 1263 non
650 1231 869 1274 reputantes
888 1221 1192 1266 frustrationem,
1214 1220 1325 1257 tertio

322 1298 478 1343 parent,
500 1296 538 1324 et
558 1289 777 1336 superant2.
797 1282 869 1319 Sed
899 1282 1032 1318 dicunt
1056 1281 1215 1318 forsitan
1234 1280 1296 1317 isti
1318 1294 1326 1316 τ

322 1351 434 1389 [nde
463 1349 602 1385 scimus
630 1344 735 1395 quod
758 1357 777 1380 a
808 1343 976 1379 Domino
1003 1355 1128 1378 sermo
1156 1354 1328 1390 egressus

322 1413 369 1449 sit
386 1413 400 1448 Ρ
420 1414 512 1458 Quae
533 1408 638 1457 signa
660 1415 700 1442 tu
718 1405 804 1441 sacis
818 1434 827 1450 ,
843 1412 886 1440 ut
903 1403 1102 1440 credamus
1129 1401 1196 1438 tibi
1212 1403 1226 1438 Ρ
1243 1405 1327 1439 Non

326 1481 381 1510 est
399 1469 503 1521 quod
527 1469 572 1505 ad
593 1468 663 1504 ista
684 1467 764 1516 ipse
785 1464 1037 1515 respondeam
1061 1479 1068 1501 :
1093 1462 1328 1513 parcendum

322 1530 563 1570 verecundiae
579 1527 703 1565 meae*.
717 1525 922 1576 Responde
938 1533 976 1561 tu
992 1537 1063 1575 pro
1078 1537 1138 1560 1116
1153 1532 1190 1560 61
1204 1537 1277 1574 pro
1294 1531 1329 1559 te

320 1597 403 1645 ipso
418 1622 427 1640 ‚
446 1589 655 1629 secundum
684 1601 726 1625 ea
751 1600 835 1636 quae
861 1586 1018 1631 audisti,
1037 1593 1075 1622 et
1090 1584 1244 1630 x-idisti;
1264 1591 1330 1620 aut

321 1663 422 1692 certe
443 1650 650 1690 secundum
673 1647 777 1698 quod
799 1646 866 1683 tibi
894 1645 1137 1696 inspiraverit
1160 1648 1271 1681 Deus.

376 1715 411 1751 4.
432 1713 505 1752 Sed
537 1712 633 1748 forte
663 1708 812 1746 miraris
838 1721 897 1744 1116
924 1706 1107 1757 prosequi
1136 1705 1230 1751 ista,
1261 1705 1329 1754 qui

322 1774 425 1812 aliud
445 1783 736 1824 proposueram.
763 1768 874 1806 Facio
900 1781 979 1804 non
1009 1766 1150 1803 oblitus
1178 1778 1327 1815 propo-

319 1836 400 1881 siti,
426 1833 492 1871 sed
511 1831 614 1882 quod
636 1844 656 1867 a
676 1829 876 1880 proposito
898 1841 976 1864 11011
995 1826 1163 1876 judicem
1190 1826 1323 1861 aliena.

320 1900 465 1944 Nempe
495 1892 541 1929 de
570 1889 896 1935 consideratione,
921 1897 963 1924 ut
992 1887 1175 1932 memini,
1199 1899 1324 1922 sermo

320 1955 412 1992 mihi
431 1953 478 1990 ad
496 1962 598 1989 tuam
621 1950 900 2000 Dignationem.
922 1952 969 1985 Et
989 1961 1078 1985 sane
1099 1960 1233 1997 magna
1255 1947 1325 1984 ista

322 2028 395 2060 res,
413 2022 450 2051 et
467 2025 580 2062 egens
597 2009 902 2048 consideratione
921 2022 999 2045 non
1025 2007 1193 2044 minima.
1212 2007 1326 2056 Quod

322 2077 353 2113 si
376 2088 432 2112 res
451 2086 603 2123 magnas
622 2085 643 2108 a
664 2070 808 2119 magnis
829 2068 1062 2106 considerari
1077 2076 1248 2118 oportet,
1264 2068 1325 2116 cui

320 2149 427 2186 aeque
443 2163 452 2180 ,
476 2142 517 2170 ut
546 2131 614 2169 tibi
629 2161 638 2177 ,
659 2131 698 2167 id
722 2130 837 2166 studii
870 2129 1073 2178 competit,
1095 2128 1161 2178 qui
1191 2141 1324 2178 parem

318 2209 432 2247 super
463 2203 601 2231 terram
637 2205 715 2228 11011
747 2189 889 2227 habes?
934 2189 1006 2227 Sed
1045 2198 1084 2226 tu
1116 2189 1326 2226 secundum

320 2256 544 2307 sapientiam
570 2262 608 2290 et
634 2259 861 2303 potestatem
893 2250 1020 2287 datam
1050 2249 1119 2286 tibi
1145 2249 1324 2300 desuper,

320 2319 431 2355 facies
455 2316 501 2352 de
526 2315 611 2351 1106.
631 2317 717 2352 Non
740 2321 796 2349 est
825 2325 917 2348 meae
938 2310 1162 2348 humilitatis
1184 2310 1327 2347 dictare

320 2378 387 2416 tibi
408 2378 460 2415 sic
477 2377 536 2413 vel
557 2375 609 2412 sic
629 2375 710 2411 fieri
726 2373 948 2423 quidquam.
968 2371 1115 2410 Sufficit
1131 2371 1327 2409 intimasse

317 2448 496 2490 oportere
517 2435 659 2486 aliquid
684 2434 764 2471 fieri
780 2463 790 2481 ,
811 2433 914 2471 unde
935 2442 971 2470 et
990 2432 1158 2470 Ecclesia
1186 2446 1325 2470 conso-

317 2501 430 2544 letur,
452 2507 490 2536 et
509 2496 730 2534 obstruatur
745 2508 787 2531 os
807 2493 1048 2544 loquentium
1068 2493 1212 2543 iniqua.
1236 2497 1326 2531 Haec

318 2573 438 2610 pauca
458 2559 538 2594 vice
561 2556 746 2607 apologiae
767 2554 867 2591 dicta
887 2554 963 2591 sint
982 2582 991 2599 ,
1015 2561 1058 2590 ut
1074 2553 1157 2604 ipsa
1176 2554 1326 2603 qualia-

1392 371 1510 416 niaiit.
1532 382 1617 416 Non
1641 391 1775 414 recuso
1792 377 1979 426 inglorius
1999 377 2102 421 fieri,
2123 385 2166 413 ut
2181 389 2259 413 non
2275 377 2395 415 irrua-

1392 448 1454 476 tur
1478 439 1516 474 in
1541 438 1610 475 Dei
1641 437 1813 487 gloriam.
1843 437 1935 485 Quis
1966 436 2057 473 mihi
2085 436 2150 473 det
2179 437 2395 490 gloriari2in

1392 512 1486 535 voce
1506 499 1568 534 illa
1591 513 1598 534 :
1627 498 1815 544 Quoniam
1835 506 1993 546 propter
2013 505 2048 532 te
2070 501 2233 533 sustinui
2260 511 2396 546 oppro-

1394 559 1533 602 brium,
1557 562 1706 606 operuit
1733 556 1903 605 confusio
1925 556 2068 605 faciem
2095 560 2247 594 meam?
2266 558 2397 596 Gloria

1394 619 1484 656 mihi
1506 627 1561 656 cst
1574 648 1583 665 ‚
1601 626 1817 655 consortem
1838 617 1918 654 fieri
1939 617 2099 664 Christi,
2117 616 2225 667 cujus
2241 617 2306 655 illa
2321 631 2397 656 vox

1392 687 1478 716 cst:
1507 678 1721 729 Opprobria
1749 677 2057 727 exprobrantium
2087 677 2156 714 tc'bc'
2186 680 2401 716 ceciderunt

1391 753 1505 788 super
1530 738 1752 777 111e4.Nunc
1778 738 1857 788 jam
1888 746 2063 775 recurrat
2089 738 2196 775 stilus
2223 737 2271 775 ad
2291 752 2397 777 suam

1394 799 1614 845 materiam,
1638 807 1676 836 et
1696 799 1735 835 in
1765 811 1808 835 ea
1840 812 1923 848 quae
1952 811 2280 848 proposueramus
2296 828 2306 846 ,
2329 812 2397 837 suo

1395 859 1544 896 tramite
1564 858 1758 908 gradiatur
1777 858 1912 895 oratio.

1760 978 1938 1016 CAPUT
1968 978 2024 1016 ΙΙ.

1510 1099 1773 1131 Considerationis
1794 1111 1811 1132 a
1828 1100 2091 1143 contemplatione.
2111 1100 2279 1134 distinctio.

1448 1221 1484 1257 5.
1512 1223 1559 1257 Et
1582 1220 1708 1270 primo
1731 1220 1886 1270 quidem
1907 1220 2030 1271 ipsam
2051 1220 2398 1260 considerationem

1395 1281 1486 1331 quid
1524 1280 1903 1328 dicam‚c0nsidera.
1937 1285 2024 1319 Non
2058 1281 2161 1318 enim
2194 1281 2296 1319 idem
2332 1296 2402 1333 per

1395 1342 1525 1379 omnia
1551 1341 1655 1392 quod
1691 1341 2055 1392 contemplationem
2088 1342 2249 1392 intelligi
2279 1343 2398 1390 volo;

1395 1402 1499 1453 quod
1531 1402 1611 1439 haec
1642 1402 1689 1439 ad
1718 1416 1846 1439 rerum
1873 1402 2167 1449 certitudinem,
2189 1403 2254 1440 illa
2271 1403 2318 1441 ad
2339 1404 2402 1441 in-

1395 1463 1642 1514 quisitionem
1665 1463 1782 1513 magis
1802 1476 1841 1500 se
1860 1463 2010 1500 habeat.
2032 1467 2148 1501 Juxta
2172 1477 2287 1514 quem
2313 1478 2402 1502 sen-

1395 1537 1479 1561 sum
1507 1531 1635 1573 potest
1663 1523 1938 1574 contemplatio
1959 1523 2115 1573 quidem
2135 1523 2310 1571 definiri,
2331 1537 2379 1562 ve
2399 1551 2403 1554 >
2443 1529 2448 1534 ”

1395 1597 1459 1621 rus
1479 1592 1682 1633 certusque
1701 1584 1861 1621 intuitus
1877 1584 1993 1620 animi
2011 1583 2058 1620 de
2078 1597 2321 1634 quacumque
2339 1598 2402 1632 re,

1395 1645 1473 1682 sive
1499 1644 1753 1694 apprehensio
1778 1644 1859 1681 veri
1883 1657 1962 1681 non
1986 1643 2114 1681 dubia.
2141 1645 2405 1683 Consideratio

1394 1712 1520 1740 autem
1532 1733 1541 1750 ,
1559 1704 1707 1740 intensa
1727 1703 1775 1740 ad
1791 1703 2100 1753 investigandum
2119 1705 2300 1754 cogitatio
2314 1735 2325 1753 ‚
2342 1706 2404 1744 vel

1393 1764 1556 1801 intentio
1589 1763 1705 1801 animi
1735 1764 1958 1813 vestigantis
1991 1777 2140 1802 verum.
2174 1768 2404 1816 Quanquam

1351 1821 1377 1857 C
1397 1823 1572 1861 solebant
1592 1823 1712 1860 ambae
1730 1837 1801 1874 pro
1824 1824 1987 1861 invicem
2007 1820 2275 1863 indifferenter
2296 1839 2405 1863 usur-

1393 1884 1486 1933 pari.

1746 2004 1924 2044 CAPUT
1951 2005 2030 2044 III.

1535 2127 1799 2159 Considerationis
1819 2134 1954 2170 quatuor
1972 2134 2088 2171 puncta
2107 2128 2261 2171 designat.

1449 2253 1484 2288 6.
1506 2254 1590 2288 Jam
1613 2249 1719 2300 quod
1740 2250 1787 2287 ad
1810 2249 2128 2288 considerationis
2157 2250 2294 2288 attinet
2323 2251 2405 2287 fru-

1395 2320 1512 2356 ctum,
1531 2319 1710 2361 quatuor,
1729 2318 1773 2347 ut
1791 2318 2013 2357 occurrunt,
2036 2309 2106 2347 tibi
2125 2309 2405 2347 consideranda

1396 2384 1485 2408 reor
1505 2385 1513 2407 :
1536 2379 1594 2417 te,
1615 2383 1700 2420 quae
1727 2368 1798 2407 sub
1826 2378 1862 2406 te
1878 2397 1888 2415 ,
1915 2382 2001 2419 quae
2030 2369 2131 2406 circa
2153 2377 2190 2406 te
2207 2398 2217 2416 ,
2234 2382 2321 2420 quae
2343 2382 2407 2406 su-

1392 2445 1462 2482 pra
1492 2440 1526 2468 te
1552 2439 1653 2468 sunt.
1674 2435 1707 2469 A
1732 2439 1767 2468 te
1791 2439 1856 2467 tua
1876 2429 2133 2468 consideratio
2155 2430 2332 2475 inchoet,
2356 2442 2414 2470 ne.

1392 2493 1533 2529 frustra
1552 2491 1770 2528 extendaris
1785 2491 1824 2528 in
1839 2490 1933 2538 alia,
1953 2498 1989 2527 te
2003 2490 2190 2540 neglecto.
2211 2489 2313 2539 Quid
2334 2489 2403 2527 tibi

1393 2552 1551 2603 prodest
1589 2552 1619 2588 si
1656 2552 1880 2589 universum
1917 2550 2105 2588 mundum
2143 2550 2304 2588 lucreris
2325 2578 2336 2596 ,
2370 2557 2406 2586 te

319 2632 481 2668 cumque
510 2616 647 2654 habeat
677 2614 909 2652 conscientia
945 2622 1008 2650 tua
1036 2627 1084 2650 ex
1120 2626 1200 2660 me,
1223 2613 1327 2651 unde
1344 2620 1378 2654 D
1394 2626 1514 2650 unum
1537 2605 1754 2662 perdens‘5P
1770 2612 1851 2649 Etsi
1870 2611 2021 2662 sapiens
2047 2611 2097 2648 sis
2110 2640 2122 2658 ‚
2138 2610 2247 2648 deest
2267 2608 2338 2647 tibi
2356 2608 2404 2646 ad

319 2679 456 2716 habeat
482 2691 541 2714 me
567 2684 808 2721 excusatum,
836 2683 874 2711 61
908 2683 942 2711 16
969 2674 1127 2725 pariter,
1152 2674 1222 2711 etsi
1251 2688 1330 2712 non

321 2739 423 2788 apud
439 2752 502 2775 eos
520 2738 585 2787 qui
605 2737 701 2773 facta
718 2749 764 2773 ex
781 2734 982 2772 eventibus
999 2735 1209 2782 aestimant,
1227 2744 1330 2773 certe

327 2798 429 2849 apud
452 2807 485 2834 te
503 2799 639 2848 ipsum.
661 2797 831 2835 Perfecta
849 2805 885 2833 et
905 2795 1079 2832 absoluta
1100 2795 1238 2845 cuique
1259 2809 1328 2833 ex-

324 2858 468 2896 cusatio
480 2886 488 2902 ,
506 2857 764 2893 testimonium
783 2855 1024 2893 conscientiae
1042 2868 1131 2892 suae.
1150 2855 1243 2893 Mihi
1258 2869 1330 2905 pro

325 2919 482 2956 minimo
503 2926 558 2954 est
578 2925 620 2953 ut
641 2916 686 2953 ab
713 2917 785 2953 illis
807 2916 972 2965 judicer,
1001 2915 1067 2965 qui
1095 2915 1228 2952 dicunt
1256 2915 1330 2951 bo-

327 2992 420 3015 num
436 2978 590 3023 malum,
607 2985 644 3013 et
659 2977 799 3013 malum
816 2976 961 3013 1101111111
974 3006 983 3023 ,
997 2984 1186 3026 ponentes
1205 2976 1330 3013 lucem

327 3037 526 3082 tenebras,
548 3045 586 3073 et
612 3036 786 3073 tenebras
809 3037 932 3073 lucem
951 3035 976 3073 3.
1002 3036 1080 3073 Etsi
1106 3049 1259 3073 necesse
1287 3037 1334 3073 sit

326 3111 449 3135 unum
462 3096 544 3133 fieri
566 3109 585 3132 e
607 3095 777 3142 (luobus,
798 3097 897 3132 malo
918 3097 956 3132 in
978 3110 1048 3133 nos
1068 3110 1240 3134 murmur
1260 3097 1330 3134 ho-

331 3158 498 3202 minum,
528 3169 642 3206 quam
672 3156 710 3192 in
738 3159 860 3192 Deum
884 3169 973 3192 csse.
1002 3160 1148 3192 Bonum
1170 3157 1280 3203 mihi,
1302 3157 1333 3193 si

328 3218 506 3267 dignetur
528 3229 588 3253 mc
608 3215 662 3252 uti
692 3228 764 3265 pro
791 3215 939 3264 clypeo.
962 3214 1103 3251 Libens
1123 3215 1274 3265 excipio
1294 3216 1333 3252 in

1397 2672 1622 2724 sapientiam
1640 2702 1650 2720 ‚
1672 2672 1700 2709 si
1725 2672 1793 2709 tibi
1816 2685 1896 2709 non
1923 2671 2052 2709 fueris.
2077 2674 2272 2720 Quantum
2290 2670 2406 2707 vero?

1397 2737 1450 2772 Ut
1465 2733 1622 2783 quidem
1647 2733 1830 2770 senserim
1854 2745 1947 2783 ego,
1971 2740 2108 2769 totum.
2131 2731 2292 2770 Noveris
2321 2730 2407 2768 11661

1398 2793 1528 2831 onmia
1549 2793 1729 2843 mysteria
1746 2822 1756 2839 ,
1781 2792 1936 2831 noveris
1954 2793 2032 2830 lata
2051 2801 2163 2830 terrae
2175 2821 2186 2840 ,
2207 2791 2283 2829 alta
2300 2789 2401 2834 eoeli,

1397 2853 1590 2905 profunda
1621 2853 1763 2901 maris3
1792 2854 1823 2891 si
1858 2862 1895 2891 te
1933 2853 2135 2900 nescieris,
2166 2851 2241 2890 eris
2277 2850 2406 2889 similis

1398 2914 1598 2952 aedificanti
1620 2914 1701 2951 sine
1716 2914 1988 2962 fundamento,
2010 2913 2181 2959 ruinam,
2204 2925 2285 2949 non
2303 2919 2405 2948 stru-

1399 2983 1545 3012 cturam
1569 2975 1721 3011 faciens.
1743 2973 1942 3024 Quidquid
1964 2972 2199 3011 exstruxeris
2224 2980 2331 3009 extra
2350 2979 2405 3016 te,

1400 3036 1472 3072 erit
1500 3035 1621 3072 instar
1637 3034 1807 3084 congesti
1823 3034 1995 3085 pulveris
2010 3064 2020 3081 ,
2040 3034 2165 3071 ventis
2181 3031 2404 3070 obnoxium.

1396 3101 1482 3135 Non
1516 3109 1606 3145 ergo
1642 3096 1814 3146 sapiens,
1848 3095 1914 3145 qui
1946 3094 2018 3132 sibi
2049 3107 2129 3131 non
2157 3101 2225 3131 est.
2252 3092 2406 3143 Sapiens

1399 3155 1470 3193 sibi
1504 3155 1654 3205 sapiens
1678 3155 1778 3192 erit:
1803 3163 1841 3192 et
1867 3154 1974 3192 bibet
2005 3154 2052 3192 de
2079 3155 2183 3192 fonte
2215 3151 2322 3204 putei
2349 3149 2405 3188 sui

1400 3215 1548 3266 primus
1566 3216 1659 3266 ipse.
1681 3220 1708 3254 Α
1735 3225 1770 3253 16
1792 3216 1956 3266 proinde
1972 3216 2130 3266 incipiat
2148 3223 2211 3252 tua
2230 3211 2405 3251 conside-

381 3351 390 3366 ¹
409 3344 582 3378 Psal.1.xv,
605 3348 634 3374 ἵ).
657 3362 700 3366 —-
720 3349 731 3364 ²
750 3343 857 3375 Judic.
879 3354 991 3372 xxx—m
1007 3341 1020 3363 3
1041 3343 1110 3373 lsai.
1132 3355 1163 3377 τ,
1188 3346 1241 3374 ΊΟ.
1261 3362 1304 3366 ——
1322 3343 1335 3369 ⁴5
1355 3344 1435 3374 Psal.
1462 3354 1568 3373 Lxx-111
1582 3368 1589 3380 ‚
1610 3347 1649 3377 8,,
1674 3346 1728 3374 10,
1743 3362 1785 3366 —
1802 3342 1814 3364 5
1829 3343 1945 3375 Matth.
1963 3354 2019 3372 xvi
2038 3367 2045 3377 ,
2069 3346 2123 3374 26.
