2565 3952
84 142 153 181 461

1006 135 1271 171 EPISTOLAE.

84 222 200 261 durus
223 218 343 269 judex
373 217 412 254 in
446 216 728 267 memetipsum.
767 214 804 252 Si
836 214 961 251 adhuc
990 211 1139 264 pater⁴³¹

2119 136 2192 173 4⁴32

1153 212 1223 248 'de
1250 211 1453 262 Hispania,
1480 224 1601 261 nugas
1620 223 1722 247 meas
1752 210 1882 247 denuo
1914 212 2087 261 ingerere
2115 227 2194 250 non

24 310 30 314 -
83 282 170 321 estis
193 280 312 332 (nam
337 279 449 316 fuisse
469 291 539 315 vos
562 278 683 314 fateor
701 276 711 308 l
728 306 737 323 ,
766 276 903 314 sentiat
921 276 1043 321 filius,
1066 283 1103 311 ct
1118 276 1150 309 A
1170 272 1430 323 praesumpsi?
1451 271 1563 320 Quod
1591 271 1621 308 si
1653 272 1766 321 culpa
1798 280 1855 307 cst
1884 285 2127 322 quacumque
2148 288 2194 309 ex

83 344 144 381 ille
176 342 298 387 filius,
320 340 358 377 in
381 353 460 390 quo
490 352 613 389 usque
647 338 695 375 ad
716 338 815 375 lianc
845 337 946 374 diem
980 336 1104 373 filialis

83 416 170 454 erga
190 416 260 439 vos
286 402 446 438 affectus
477 414 554 436 non
593 400 727 450 tepuit.
757 399 866 444 Scio,
891 398 970 435 scio
998 397 1103 433 disfi-

84 465 152 503 cile
171 476 284 514 posse
310 461 535 512 extorqueri
557 461 705 498 clavam
730 459 777 497 de
808 472 926 496 manu
951 462 1104 496 Hercu-

84 526 152 564 lis:
179 533 216 561 et
235 523 323 561 ideo
351 523 515 560 multum
538 521 658 567 insto,
681 520 771 570 quia
789 533 867 557 rem
887 528 978 570 peto
1001 519 1106 556 diffi-

84 587 205 625 cilem.
233 588 282 623 At
309 592 456 634 quanto
476 583 690 629 difficilior,
708 590 815 618 tanto
832 581 1042 618 violentior
1058 580 1105 617 ad

83 646 381 700 promerendam
403 643 714 682 redhibitionem.
738 642 904 681 Grandis
928 656 988 679 me
1010 642 1106 678 fatc-

83 709 156 748 bor
193 707 374 745 beneficii
410 706 648 752 debitorem,
677 704 832 755 grandis
862 717 1045 754 prorsus,
1075 704 1106 741 si

84 769 300 809 obtinuero.
324 772 401 806 Nec
421 768 558 818 ignoro
581 766 671 803 dare
686 779 802 816 quam
823 765 998 816 accipere
1019 765 1108 803 bea-

85 832 156 870 tius
174 843 256 868 esse
273 836 283 851 ¹
307 844 314 867 :
337 829 405 867 sed
430 828 527 866 cedo
555 827 798 873 necessitati,
818 840 982 864 occurro
1004 827 1108 878 peri-

84 891 196 939 culis,
228 891 413 942 angustiis
445 890 628 937 consulo,
663 889 816 926 honesti
850 889 965 939 plane
1005 902 1108 925 nunc

84 961 150 991 aut
168 952 431 989 dissimulator
446 981 455 999 ,
476 959 544 988 aut
570 951 788 988 immemor.
809 950 958 988 Cedens
979 950 1109 1000 itaque

84 1012 414 1051 honorabiliorem
434 1011 546 1049 vobis
560 1042 570 1059 ,
592 1020 634 1048 ut
649 1011 807 1061 dignum
829 1019 910 1058 est,
933 1020 1081 1062 partem
1099 1041 1108 1058 ,

84 1076 177 1114 mihi
194 1075 516 1113 verecundiorem
538 1087 692 1111 assumo
706 1103 716 1120 ,
739 1086 818 1110 non
840 1073 958 1109 modo
977 1072 1023 1110 ad
1045 1086 1110 1110 ac-

84 1137 307 1189 cipiendum
334 1136 655 1183 inverecundior,
682 1135 749 1173 sed
775 1143 813 1171 et
844 1135 1109 1186 importunior

84 1198 131 1237 ad
158 1198 384 1250 petendum.
414 1202 507 1236 Peto
535 1210 626 1247 ergo
654 1195 904 1246 suppliciter,
930 1205 1021 1246 peto
1046 1196 1110 1233 in-

85 1268 230 1299 stanter
243 1290 252 1308 ,
275 1268 366 1310 peto
384 1267 608 1310 opportune
620 1287 630 1304 ,
651 1258 890 1307 importune.
913 1261 990 1294 Nec
1008 1257 1111 1294 enim

85 1321 179 1360 illud
200 1329 316 1373 peto,
340 1319 447 1371 quod
477 1332 548 1356 vos
572 1332 650 1356 non
674 1318 808 1355 deceat
826 1317 935 1363 dare,
967 1326 1033 1354 aut
1051 1332 1112 1355 me

85 1381 333 1435 postmodum
360 1379 548 1432 poeniteat
568 1378 760 1429 accepisse
788 1391 796 1414 ε
819 1377 890 1414 etsi
907 1377 960 1414 ita
980 1385 1113 1428 petere

87 1443 203 1483 modo
221 1443 349 1480 minus
381 1455 443 1479 me
464 1440 609 1478 deceat.
641 1443 737 1478 Nam
765 1439 796 1476 si
817 1438 989 1476 liberatis
1011 1452 1110 1489 pau-

87 1517 218 1556 perem
235 1517 256 1540 a
274 1511 457 1554 potente,
475 1502 515 1538 in
537 1501 610 1538 hoc
631 1499 745 1537 nobis
767 1500 930 1536 multum
949 1507 1112 1550 preesta-

87 1565 193 1613 bitiS,
213 1564 325 1602 vobis
343 1564 570 1616 plurimum.
593 1562 661 1600 Eia
690 1561 994 1599 monstravimus
1013 1561 1110 1598 asfe-

87 1636 188 1666 ctum
203 1657 212 1674 ,
249 1640 330 1664 rem
365 1639 435 1664 vos
468 1625 593 1672 scitis,
633 1624 801 1661 fructum
838 1623 1112 1674 praestolantur

89 1689 232 1729 afflicti.

1172 347 1284 370 causa
1306 347 1385 370 non
1416 332 1632 383 scripsisse;
1663 332 1744 369 sine
1764 332 1878 382 culpa
1905 333 2081 382 profecto
2118 347 2196 370 non

1172 394 1244 431 erit
1276 395 1447 431 noluisse
1463 424 1472 441 ,
1506 408 1554 431 ne
1592 393 1713 430 dicam
1748 394 2025 443 contempsisse
2058 395 2197 431 rescri-

1171 455 1274 493 bere.
1300 459 1355 493 En
1372 456 1410 492 in
1430 470 1508 506 quo
1528 469 1600 506 pro
1619 469 1680 492 me
1702 456 1843 493 faceret
1859 454 2004 504 justitia
2028 454 2144 505 (quia
2161 455 2197 491 id

1174 532 1195 555 a
1219 532 1278 554 me
1295 518 1524 568 flagitatis),
1559 518 1632 554 nisi
1657 518 1808 554 mallem
1840 530 2047 554 occurrere
2068 517 2199 566 gratiae

1173 578 1372 625 redeunti,
1394 592 1509 628 quam
1540 578 1737 616 retardare
1759 592 1841 615 cam
1873 578 1991 624 mihi,
2022 577 2112 615 dum
2138 579 2199 615 vel

1174 653 1234 677 me
1253 640 1441 677 inutiliter
1459 653 1642 677 excusare
1661 640 1772 685 volo,
1790 640 1851 676 vel
1868 640 1984 676 alium
2007 652 2198 676 accusare.

1174 701 1249 739 Sed
1272 701 1347 738 hoc
1369 701 1472 748 dixi,
1497 714 1545 738 ne
1568 701 1662 752 quid
1689 702 1859 738 clausum
1892 701 1930 737 in
1960 709 2088 737 mente
2109 701 2202 737 reti-

1174 775 1307 799 nerem
1325 791 1333 808 ,
1357 762 1463 812 quod
1486 775 1553 799 ore
1570 776 1648 799 non
1671 775 1890 813 promerem
1907 790 1915 807 ,
1933 761 2092 812 quodid
2110 775 2201 799 vera

1175 831 1327 860 recuset
1347 823 1524 860 amicitia.
1544 827 1602 861 De
1617 832 1757 860 caetero
1780 823 1869 873 quia
1886 822 2049 860 charitas
2071 823 2203 859 onmia

1177 884 1299 921 credit
1313 891 1339 932 ²,
1357 884 1437 935 jam
1460 885 1585 923 omnis
1601 886 1771 936 suspicio
1787 885 1834 922 de
1856 884 1985 921 medio
2005 885 2080 921 fiat.
2099 888 2202 923 Gau-

1177 946 1250 984 deo
1273 946 1379 997 quod
1402 947 1613 984 recaluistis
1630 946 1766 997 priscae
1791 946 1967 983 amicitiae
1984 946 2200 993 recordari,

1129 1007 1156 1041 Β
1178 1017 1215 1045 et
1236 1009 1295 1045 vel
1318 1008 1449 1045 laesum
1476 1022 1657 1045 revocare
1683 1008 1861 1046 amicum.
1883 1007 2068 1045 Libenter
2086 1007 2202 1045 redeo

1181 1078 1394 1106 revocatus.
1429 1070 1535 1108 Felix
1568 1070 1634 1120 qui
1670 1083 1845 1107 revocor.
1887 1069 2085 1106 Nullarum
2122 1068 2203 1118 jam

1180 1144 1330 1167 memor
1357 1144 1440 1168 sum
1471 1130 1701 1180 injuriarum
1723 1131 1752 1168 *.
1775 1134 1831 1168 En
1850 1144 1920 1180 ego
1939 1159 1947 1176 ,
1968 1131 2031 1181 qui
2055 1131 2203 1167 fueram

1181 1199 1316 1227 vestrae
1338 1191 1514 1241 profecto
1544 1191 1761 1228 Sanctitatis
1781 1204 1915 1228 servus
1932 1220 1940 1236 ,
1967 1200 2005 1227 et
2026 1204 2148 1237 nunc,
2167 1199 2205 1227 ct

1180 1259 1281 1287 ante.
1310 1251 1461 1290 Gratias
1495 1264 1589 1301 ago,
1625 1252 1771 1302 optime
1799 1251 1947 1288 locatus
1980 1265 2062 1288 suni
2081 1280 2090 1296 ,
2113 1252 2205 1288 inti—

1181 1324 1266 1347 mus
1289 1310 1399 1348 vobis
1422 1310 1551 1348 denuo
1578 1312 1724 1357 factus,
1756 1311 1855 1348 sicut
1875 1310 2086 1360 dignamini
2109 1311 2206 1347 scri-

1180 1371 1284 1409 bere.
1323 1372 1358 1410 Si
1396 1372 1494 1409 forte
1524 1372 1788 1422 intepueram,
1820 1380 1864 1408 ut
1892 1371 2068 1421 arguitis,
2104 1371 2207 1408 haud

1181 1434 1345 1472 dubium
1366 1434 1459 1484 quin
1477 1434 1661 1471 velociter
1683 1434 1926 1480 recalescam,
1949 1433 2051 1470 fotus
2070 1441 2207 1469 vestrae

1179 1494 1391 1532 visceribus
1409 1494 1616 1531 charitatis.

1235 1557 1270 1594 2.
1290 1559 1338 1593 Et
1356 1569 1461 1593 nunc
1484 1555 1589 1606 quod
1608 1556 1753 1606 placuit
1771 1554 1961 1601 scribere,
1981 1554 2105 1592 obviis
2127 1568 2208 1591 ma-

1180 1616 1295 1654 nibus
1319 1617 1484 1668 suscepi.
1512 1618 1603 1668 Legi
1627 1617 1758 1663 avide,
1793 1616 1959 1668 libenter
1987 1617 2136 1666 relego,
2172 1625 2210 1653 et

1180 1680 1308 1730 placet
1325 1679 1467 1730 saepius
1497 1679 1720 1730 repetitum.
1744 1679 1892 1723 Placet,
1926 1678 2060 1721 fateor,
2081 1676 2206 1726 jocus.

1178 1743 1247 1778 Est
1268 1741 1371 1778 enim
1389 1750 1427 1778 et
1442 1740 1689 1791 jucunditate
1710 1748 1860 1790 gratus,
1888 1747 1925 1776 et
1941 1739 2062 1775 serius
2083 1738 2209 1788 gravi-

85 1832 135 1842 ...Α
139 1828 1109 1841 ...........................................................
1129 1809 1156 1845 C
1179 1811 1266 1839 tate.
1283 1803 1419 1840 Nescio
1436 1802 1625 1852 siquidem
1642 1815 1721 1852 quo
1740 1800 1857 1838 modo
1882 1801 1982 1837 inter
1997 1799 2210 1850 jocandum

183 1952 566 2013 EPISTOLA
610 1949 1019 2012 CCXXVIII.a

92 2123 137 2146 AI)
168 2122 318 2146 PETRUM
361 2118 648 2143 CLL'NIACENSEM
691 2118 891 2150 ABBATEM,
937 2117 1113 2147 CONQUE-

198 2182 351 2206 RENTEM
382 2180 489 2211 QUOD
514 2180 552 2202 EI
582 2179 660 2204 NON
691 2178 948 2202 RESCRIBERET
976 2163 1004 2201 *-

93 2296 322 2337 Reverendo
356 2296 458 2347 patri
488 2303 527 2333 et
558 2294 719 2332 domino
747 2297 902 2340 PETRO,
933 2293 1004 2331 Dei
1026 2306 1114 2343 gra-

145 2359 196 2396 tia
221 2356 531 2397 Cluniacensium
554 2354 704 2400 abbati,
740 2355 857 2391 frater
888 2357 1117 2391 ssssnxinnvs

143 2419 406 2458 Clarae-Vallis
437 2425 598 2456 vocatus
615 2415 756 2464 abbas,
783 2429 822 2454 se
840 2416 967 2468 ipsum
989 2428 1116 2466 quan-

145 2481 247 2526 tulus
275 2489 344 2518 est.

1181 1866 1233 1901 ita
1253 1864 1458 1915 disponitis
1479 1877 1676 1901 sermones
1692 1872 1842 1900 vestros
1861 1863 1900 1900 in
1916 1861 2064 1912 judicio
2079 1891 2088 1907 ,
2114 1870 2155 1897 ut
2175 1869 2212 1897 et

1178 1925 1291 1976 jocus
1314 1926 1509 1963 levitatem
1529 1939 1607 1962 non
1629 1924 1822 1971 redoleat,
1839 1932 1876 1961 et
1892 1923 2099 1960 auctoritas
2117 1935 2211 1959 con-

1183 1996 1330 2024 servata
1365 1987 1567 2024 hilaritatis
1592 1999 1671 2023 non
1705 1986 1852 2023 minuat
1888 1984 2059 2035 gratiam.
2088 1987 2210 2021 Porro

1183 2049 1391 2086 auctoritas
1414 2049 1466 2086 ita
1493 2056 1682 2094 servatur,
1706 2056 1748 2084 ut
1775 2046 1871 2084 illud
1893 2046 2013 2083 sancti
2031 2045 2103 2082 viri
2125 2058 2209 2081 me-

1184 2111 1258 2147 rito
1277 2110 1387 2147 vobiS
1406 2110 1527 2161 possit
1550 2110 1696 2160 aptari:
1714 2112 1753 2145 Si
1769 2110 1919 2158 quando
1939 2107 2122 2149 ridebam,
2137 2121 2212 2142 mm

1183 2172 1385 2210 credebaut
1401 2173 1493 2208 milei
1507 2170 1532 2208 3.
1553 2172 1621 2209 Eia
1639 2169 1907 2220 rescripsimus
1918 2167 2044 2213 vobis,
2065 2176 2101 2204 et
2116 2176 2212 2218 puto

1179 2234 1258 2285 jam
1274 2233 1363 2284 jure
1387 2233 1576 2283 exigimus
1608 2232 1797 2283 ampliora
1819 2244 1935 2281 quam
1966 2229 2209 2280 promisistis.

1186 2296 1355 2345 Dignum
1377 2303 1494 2332 estut
1523 2294 1649 2331 sciatis
1674 2307 1760 2343 quae
1781 2306 1900 2343 penes
1921 2305 1992 2329 nos
2012 2299 2112 2328 sunt.
2133 2295 2212 2327 De-

1186 2365 1334 2393 cretum
1356 2364 1413 2393 est
1440 2356 1533 2392 mihi
1565 2356 1667 2392 ultra
1689 2368 1769 2392 non
1795 2353 1925 2403 egredi
1957 2352 2213 2395 monasterio,

1187 2418 1258 2454 nisi
1275 2417 1322 2454 ad
1342 2425 1578 2454 conventum
1597 2415 1780 2452 abbatum
1799 2413 2024 2452 Cistercium
2043 2413 2159 2449 semel
2177 2412 2214 2448 in

1186 2493 1302 2516 anno.
1327 2479 1399 2515 Hie
1421 2478 1541 2514 fultus
1571 2475 1814 2514 orationibus
1831 2474 1996 2519 vestris,
2025 2482 2063 2510 et
2090 2472 2214 2509 bene-

1186 2539 1422 2576 dictionibus
1452 2538 1697 2583 consolatus,
1729 2536 1862 2587 paucis
1888 2534 2045 2581 diebus,
2073 2533 2216 2584 quibus

151 2609 183 2647 l.
218 2612 327 2647 Itane
350 2607 474 2659 jocari
501 2607 618 2645 libet?
642 2608 856 2658 Dignanter
886 2619 977 2644 sane
1008 2614 1123 2656 atque
1139 2610 1173 2644 D
1191 2614 1295 2637 nunc
1317 2599 1463 2646 milito,
1485 2607 1667 2650 exspecto
1696 2597 1821 2634 donec
1847 2595 1977 2633 veniat
1996 2595 2214 2631 immutatio

97 2669 347 2707 amicabiliter
364 2684 372 2707 z
390 2669 456 2706 sed
473 2669 503 2706 si
519 2669 572 2706 ita
590 2668 720 2705 luditis
736 2697 745 2714 ,
780 2677 821 2705 ut
840 2681 918 2704 non
936 2666 1118 2704 illudatis.

97 2730 220 2767 Nolite
237 2730 370 2767 mirari
391 2730 477 2767 hoc.
501 2733 597 2767 Nam
621 2737 842 2779 suspectum
861 2727 901 2764 id
920 2727 1011 2764 mihi
1034 2727 1122 2763 facit

97 2798 221 2827 vestra
249 2790 331 2842 ipsa
359 2798 437 2827 tam
472 2788 600 2826 subita
628 2797 668 2826 et
701 2788 901 2838 inopinata
935 2787 1119 2837 dignatio.

99 2852 181 2887 Non
201 2851 304 2888 enim
327 2851 493 2888 multum
516 2849 703 2900 temporis
724 2857 800 2896 est,
823 2847 928 2898 quod
951 2846 1122 2884 scribens

101 2909 146 2948 ad
163 2924 232 2948 vos
253 2911 382 2948 debita
397 2911 616 2948 reverentia
634 2917 800 2946 vestram
815 2907 1122 2957 Magnitudinem

54 2966 55 2972 ¹
100 2972 281 3018 salutavi,
303 2981 343 3010 et
362 2985 443 3010 non
465 2970 718 3022 respondistis
740 2969 831 3007 mihi
853 2967 1027 3005 verbum.
1045 2971 1123 3005 Nec

55 3062 57 3067 .
101 3033 220 3070 multo
240 3042 329 3070 ante
347 3046 502 3070 rursum
524 3032 755 3083 scripseram
779 3029 828 3067 ad
857 3043 928 3066 vos
952 3043 997 3065 cx
1026 3028 1123 3066 urbe

101 3095 245 3142 Roma,
268 3103 306 3132 et
326 3108 398 3132 nec
427 3104 518 3132 tunc
536 3093 694 3145 quidem
714 3093 776 3129 vel
805 3105 926 3129 unum
959 3091 1037 3127 iota
1060 3104 1123 3127 re-

104 3154 196 3205 cepi.
227 3154 345 3192 Modo
374 3155 594 3199 miramini,
628 3152 735 3204 quod
765 3151 975 3190 revertenti
998 3164 1124 3201 nuper

1190 2675 1287 2698 mea.
1310 2661 1509 2711 Propitius
1527 2660 1575 2696 sit
1603 2659 1697 2696 mihi
1720 2661 1823 2695 Deus
1839 2687 1848 2704 ,
1870 2665 1912 2693 ut
1935 2669 2014 2693 non
2039 2663 2216 2692 amoveat

1189 2723 1404 2759 orationem
1441 2729 1608 2758 vestram
1643 2728 1679 2756 et
1718 2717 2019 2756 misericordiam
2055 2729 2161 2753 suam
2197 2729 2218 2752 a

1190 2798 1264 2821 me.
1294 2787 1454 2822 Fractus
1480 2795 1564 2819 sum
1586 2780 1759 2827 viribus,
1788 2788 1826 2816 et
1855 2778 2063 2828 legitimam
2093 2776 2217 2813 habeo

1191 2844 1480 2881 excusationem
1496 2870 1506 2887 ,
1528 2850 1572 2878 ut
1586 2840 1666 2891 jam
1683 2853 1763 2877 non
1781 2838 1924 2889 possim
1942 2837 2159 2874 discurrere
2178 2844 2219 2872 ut

1191 2903 1378 2942 solebam.
1417 2902 1568 2940 Sedebo
1596 2910 1634 2939 et
1669 2900 1814 2945 silebo,
1850 2900 1880 2936 si
1914 2899 2012 2935 forte
2041 2897 2219 2947 experiar

1190 2965 1298 3016 quod
1327 2965 1374 3002 de
1403 2962 1646 3015 plenitudine
1671 2962 1816 2998 intimae
1839 2959 2037 2997 suavitatis
2065 2966 2219 2995 sanetus

1191 3026 1385 3078 propheta
1402 3033 1552 3062 eructat
1573 3039 1580 3061 :
1598 3026 1748 3060 Bonum
1771 3031 1842 3067 cst,
1866 3022 2066 3071 inquiens,
2086 3032 2221 3067 (urspe-

1191 3098 1294 3124 ctare
1311 3091 1514 3124 Dominam
1538 3090 1575 3121 in
1592 3088 1740 3121 silentio
1755 3084 1782 3120 ⁴'.
1808 3087 1855 3121 Et
1877 3097 1924 3120 ne
1958 3082 2062 3119 solus
2084 3080 2218 3116 videa-

1193 3149 1286 3186 mini
1310 3148 1403 3184 mihi
1426 3147 1580 3194 lusisse,
1609 3154 1705 3198 puto
1730 3144 1810 3196 jam
1838 3158 1916 3181 non
1939 3142 2128 3180 audebitis
2159 3153 2219 3176 me

152 3293 163 3309 ¹
181 3290 252 3320 Act.
270 3299 334 3327 xx,
352 3292 410 3321 35.
426 3307 469 3311 —
488 3293 501 3309 ²
517 3291 532 3320 Ι
549 3289 624 3320 Cor.
641 3289 780 3326 x111,7.
803 3305 846 3309 —
864 3283 878 3306 3
896 3285 960 3318 Job
978 3295 1076 3322 xxix,
1095 3285 1152 3315 251.
1179 3302 1219 3306 -—
1240 3281 1386 3314 -3'l‘llren,
1408 3293 1468 3319 111,
1494 3285 1548 3313 26.

149 3350 162 3365 ²
181 3348 301 3391 Scripta
322 3360 405 3381 auno
419 3348 533 3382 Christi
555 3350 656 3380 1143.
