2565 3952
46 202 116 243 2'01

968 199 1232 234 EPISTOLAE.

2072 195 2148 239 202

96 293 212 319 mmo
233 278 455 318 Carnutensi
479 278 663 328 episcopo
678 279 710 323 *,
728 280 949 314 Bmxsnncs
967 289 1063 326 pau-
1080 274 1114 292 ³⁰
1133 289 1172 313 se
1189 276 1398 313 certissime
1415 276 1510 313 scire
1527 284 1761 326 protestatus
1774 279 1865 314 νῆ’.
1886 282 1932 314 At
1947 293 2033 315 cum
2051 294 2152 316 cam-

96 355 233 394 perum
249 339 386 378 Christi
404 339 451 376 de
471 339 704 377 Clara-Valle
722 351 874 384 servuS,
890 337 1062 374 claritate

97 401 278 454 perfundi
298 399 489 437 montium
511 407 757 436 aeternorum.

97 534 291 580 Quantum
308 528 420 566 vobis
434 529 593 565 honoris
610 535 736 565 vestra
753 526 955 565 laudabilis
974 527 1063 575 vita,

48 599 194 631 tantum
210 591 322 628 affert
338 598 376 627 et
393 590 522 627 oneris
537 589 698 626 laudans
719 589 829 626 sama.
846 592 943 626 Ecce
961 589 1064 626 enim

46 653 78 691 is
101 665 171 704 per
185 665 300 702 quem
321 659 359 688 et
375 664 447 702 pro
469 664 548 701 quo
571 659 779 701 praesentes
802 651 946 688 litteras
963 650 1065 687 aeci-

48 714 153 766 pitis,
170 713 348 764 exemplo
366 721 594 750 caeterorum
609 741 618 759 ,
639 725 737 762 quos
753 725 854 762 saepe
875 712 969 748 tales
986 724 1064 748 non

48 787 191 827 paucos
219 773 471 824 experimini,
494 781 623 810 motus
648 781 686 810 et
714 773 794 823 ipse
816 772 922 810 bono
943 771 1064 809 odore

50 836 185 882 vestri,
202 848 318 886 quem
346 834 393 872 de
415 835 528 885 longe
553 834 689 881 sensit,
718 843 792 871 tam
818 847 1063 871 communem

49 910 135 935 cum
151 895 288 934 fiducia
303 895 485 947 pietatem
503 895 677 945 requirit,
693 908 760 945 spe
779 895 911 945 utique
928 894 1067 931 ductus

47 957 269 995 inveniendi
300 970 380 994 non
418 957 545 994 solum
578 956 779 993 consilium
821 956 915 1006 quid
954 970 1067 1007 agere

49 1016 206 1065 debeat,
227 1017 294 1055 sed
321 1025 360 1055 et
387 1017 575 1055 auxilium
603 1031 683 1068 quo
714 1018 901 1068 perficere
928 1018 1066 1055 valeat.

1131 338 1217 374 den]
1236 337 1505 375 certitudinem
1525 338 1627 374 unde
1643 338 1819 383 haberet,
1839 339 2043 376 sciscitanti
2062 342 2151 377 mihi

1131 412 1328 449 exponere
1354 399 1491 445 vellet3
1518 398 1651 435 audito
1685 398 1790 448 quod
1823 399 2048 448 respondit,
2074 412 2151 437 non

1131 474 1192 497 me
1213 460 1306 497 illud
1329 474 1400 510 pro
1424 469 1530 497 certo
1552 459 1708 496 credere
1741 458 1882 496 debere
1914 461 2059 509 putavi.
2093 462 2151 498 Ad

1131 534 1321 559 summani
1352 530 1479 558 tamen
1509 521 1582 557 hoc
1611 520 1792 566 asseruit,
1816 533 1893 556 non
1921 520 2092 556 visurum
2113 534 2152 558 se

1133 591 1295 620 mortem
1309 612 1318 628 ,
1335 582 1406 619 nisi
1425 582 1531 632 prius
1550 581 1674 618 videat
1696 581 1912 631 generalem
1932 581 1969 617 in
1989 582 2155 618 Ecclesia

1131 643 1454 694 persecutionem.
1485 647 1541 680 De
1574 650 1712 679 caetero
1750 642 1954 678 memorari
1990 650 2155 678 vestram

1132 705 1316 744 Pietatem
1347 705 1438 741 volo
1468 704 1569 741 illius
1601 703 1782 753 pauperis
1808 711 1845 739 et
1876 703 2017 739 exsulis
2035 706 2160 739 Hum-

1132 765 1232 803 berti
1256 765 1413 802 nomine
1439 780 1446 801 :
1469 765 1535 815 qui
1554 764 1720 810 (ludum,
1744 777 1832 800 cum
1853 763 1981 800 Trecis
2001 765 2132 801 essetis
2147 793 2155 809 ,

1132 825 1244 864 vobis
1268 824 1531 876 supplicabat,
1551 833 1740 875 quatenus
1760 824 1806 861 ad
1828 824 2009 861 comitem
2030 825 2159 862 Theo-

1134 887 1292 925 baldum
1307 917 1316 934 ,
1342 887 1407 938 qui
1431 900 1520 924 eum
1541 886 1854 923 cxhaeredaverat
1869 915 1878 933 ,
1899 886 2159 923 intercedere—

1135 948 1194 986 tis.
1217 947 1330 997 Quod
1365 956 1403 985 et
1429 961 1498 998 ego
1526 961 1631 984 nune
1656 961 1728 998 pro
1756 947 1862 998 ipso,
1891 955 1928 983 et
1954 960 2041 983 cum
2075 948 2160 997 ipso

1134 1009 1267 1048 itidem
1290 1023 1310 1046 a
1331 1017 1461 1046 vestra
1483 1009 1612 1059 flagito
1629 1009 1785 1046 Pietate.
1807 1011 1902 1046 Nam
1929 1016 2076 1045 nostras
2098 1009 2161 1045 lit-

50 1081 115 1116 Est
129 1086 257 1114 autem
273 1078 354 1115 haec
376 1091 489 1115 causa
513 1077 605 1128 ejus.
626 1078 799 1126 Quadam
823 1092 862 1115 se
883 1079 977 1115 cella
997 1092 1069 1130 pro
1089 1076 1116 1111 B
1139 1080 1239 1108 teras
1265 1070 1312 1108 de
1337 1071 1407 1108 hac
1429 1084 1470 1107 re
1491 1071 1729 1121 precatorias
1750 1069 1830 1120 jam
1859 1069 1907 1107 ad
1933 1069 2160 1120 praedictum

50 1152 180 1177 amore
197 1139 269 1176 Dei
291 1153 340 1176 ex
361 1139 564 1190 proposito
592 1139 811 1177 incluserat.
832 1139 1071 1190 Egressionis

50 1209 165 1250 atque
186 1201 498 1251 transgressionis
515 1215 593 1238 suae
616 1201 727 1239 vobis
747 1201 828 1252 ipse
851 1214 983 1239 causas
1001 1214 1071 1238 ex-

51 1270 172 1313 ponet
192 1268 221 1299 a.
244 1266 292 1300 Et
317 1261 474 1312 quidem
504 1262 553 1299 ad
582 1263 827 1313 propositum
851 1261 978 1298 redire
1005 1275 1073 1298 cu-

51 1323 109 1375 pit
133 1338 141 1360 :
167 1323 233 1360 sed
258 1337 330 1373 per
351 1336 421 1360 vos
445 1323 607 1373 implere
634 1322 862 1373 proposuit,
889 1322 920 1359 si
945 1330 1089 1365 tamen,

52 1384 192 1422 nostris
232 1384 306 1421 hoc
340 1382 521 1434 precibus
535 1412 544 1429 ,
585 1383 727 1433 quihus
760 1396 799 1420 se
839 1382 1075 1432 praemunire

52 1445 222 1491 curavit,
252 1444 429 1482 obtinere
457 1444 641 1495 potuerit.
662 1445 790 1483 Facite
812 1457 904 1494 ergo
927 1457 1077 1481 morem

54 1514 224 1543 vestrum
251 1520 260 1542 ε
287 1505 383 1542 ferte
400 1518 514 1555 opem
537 1505 700 1552 miser03
723 1504 801 1542 imo
822 1504 912 1555 quia
931 1517 1001 1541 vos
1021 1517 1078 1541 sa-

54 1565 246 1618 pientibus
267 1574 304 1604 et
326 1565 600 1616 insipientibus
617 1565 831 1603 debitorem
852 1566 1078 1616 agnoscitis,

53 1641 255 1665 erroneam
293 1627 434 1665 Christi
469 1627 664 1665 oviculam
702 1627 749 1664 de
783 1625 959 1664 faucibus
997 1625 1080 1676 lupi

57 1688 230 1726 festinate
250 1687 423 1738 eripere;
445 1696 484 1725 et
501 1687 549 1725 ad
568 1697 720 1739 pastum
739 1686 962 1725 reducendo
978 1687 1082 1737 prio-

57 1762 158 1796 rem,
173 1747 287 1798 juxta
303 1749 463 1799 aliquod
483 1750 642 1787 ovilium
658 1758 878 1787 vestrorum
898 1762 1082 1799 quacum-

59 1809 193 1861 quein
217 1810 355 1847 cellula
370 1809 507 1860 jubete
533 1810 683 1848 recludi
712 1826 720 1848 :
749 1811 822 1848 nisi
849 1810 946 1847 forte
976 1809 1081 1847 aliud

59 1871 154 1923 quid
175 1870 211 1908 ei
235 1871 355 1922 magis
379 1871 563 1922 expedire
589 1871 887 1923 perspexeritis,
908 1880 945 1908 et
965 1871 1080 1908 licere
1102 1869 1130 1906 C

55 1930 317 1982 judicaveritis
331 1961 341 1980 ,
367 1941 406 1970 et
424 1932 659 1983 persuadere
678 1933 897 1984 potueritis.

61 2079 201 2088 ..ιιι-...ιιι
208 2079 670 2090 ιιιιιιιιιιυιιιιιιιιιιιιινιμιιιη
676 2079 843 2088 ===sxn===1===
849 2080 888 2090 ιι,
894 2082 904 2090 x
910 2079 993 2089 Ὰιιιι
999 2079 1051 2088 ικιι
1057 2080 1080 2087 ι-

275 2195 652 2252 EPISTOLA
697 2184 874 2252 L'Vl.¹'

443 2351 491 2374 AD
522 2351 699 2374 EUMDEM.

65 2466 113 2495 De
140 2461 391 2506 peregrinatione
412 2461 678 2505 Jerosotymitana
702 2461 855 2494 Norberti
879 2474 911 2494 se
933 2463 1088 2495 incertum

113 2528 190 2549 esse.
217 2517 384 2550 Sententiae
404 2516 545 2560 ejusdem
570 2517 610 2548 de
633 2515 830 2549 Antichristo
844 2528 876 2549 se
897 2529 963 2550 non
982 2529 1088 2550 assen-

115 2573 178 2605 tiri.
193 2575 328 2606 Causam
340 2583 467 2615 quoque
477 2571 645 2603 Humberti
662 2572 873 2604 commendat.

121 2705 233 2754 Quod
249 2720 269 2743 a
286 2720 346 2744 me
363 2706 410 2744 de
431 2707 590 2745 domino
606 2707 800 2747 Norberto
820 2708 1087 2756 sciscitamini,

70 2766 100 2803 si
121 2765 296 2804 videlicet
311 2767 438 2805 iturus
457 2768 504 2805 sit
524 2769 807 2819 Jerosolymam
819 2799 829 2816 ,
851 2783 922 2819 ego
944 2770 1086 2807 nescio.

70 2830 164 2865 Nam
181 2842 267 2865 cum
287 2829 466 2866 antelios
490 2843 635 2880 paucos
659 2830 739 2868 dies
762 2829 846 2880 ejus
872 2831 1004 2867 faeiem
1034 2831 1090 2867 vi-

72 2886 182 2935 dere,
201 2897 238 2926 et
258 2889 305 2927 de
323 2890 467 2928 coelesti
489 2891 632 2938 fistula,
655 2905 722 2929 ore
743 2892 922 2929 videlieet
948 2892 1089 2942 ipsius,

73 2949 234 2999 plurima
250 2951 404 2989 haurire
422 2952 629 2989 meruerim
642 2953 683 2999 *3
701 2953 775 2990 hoe
795 2962 922 2990 tamen
941 2952 988 2990 ab
1007 2954 1092 3004 ipso

74 3023 150 3047 non
173 3011 313 3049 audivi.
337 3016 481 3051 Verum
509 3013 557 3050 de
579 3013 817 3051 Antichristo
847 3028 934 3052 eum
963 3015 1094 3065 inqui-

77 3083 199 3108 rerem
225 3072 319 3122 quid
348 3074 527 3121 sentiret,
555 3073 719 3111 durante
753 3074 877 3111 adhue
908 3088 975 3121 ea,
1006 3088 1093 3125 quae

75 3143 175 3170 nunc
204 3141 279 3182 est,
312 3135 561 3185 generatione
590 3135 843 3173 revelandum
871 3136 980 3173 illum
1012 3149 1093 3173 esse

1137 1131 1353 1183 principem
1384 1131 1467 1168 misi
1487 1139 1500 1153 ⁰
1536 1146 1543 1168 :
1569 1131 1635 1168 sed
1667 1131 1827 1181 gratiam
1854 1144 1932 1167 non
1964 1131 2164 1169 inveniens

1140 1192 1233 1230 nihil
1258 1192 1380 1229 effeci.
1403 1196 1486 1230 Jam
1508 1191 1613 1241 quod
1635 1191 1799 1228 libenter
1821 1190 1958 1227 auditis
1974 1220 1982 1236 ,
2000 1191 2166 1228 libenter

1141 1252 1264 1290 debeo
1279 1252 1406 1290 dicere
1423 1251 1544 1290 vobis.
1561 1252 1778 1302 Stephanus
1798 1260 1924 1288 vester
1943 1252 1995 1288 sic
2017 1252 2137 1289 currit
2153 1281 2163 1298 ,

1142 1327 1222 1351 non
1249 1314 1359 1363 quasi
1386 1313 1424 1349 in
1450 1314 1643 1350 incertum
1671 1327 1678 1349 :
1699 1313 1751 1349 sic
1775 1320 1939 1362 pugnat,
1958 1325 2036 1348 non
2060 1314 2169 1362 quasi

1144 1387 1270 1412 aerem
1293 1372 1516 1410 verberans.
1536 1376 1651 1411 Orate
1665 1402 1675 1420 ,
1697 1381 1890 1423 quatenus
1910 1372 1962 1409 sic
1981 1382 2111 1410 currat
2128 1383 2172 1411 ut

1145 1433 1471 1485 comprehendat3
1491 1434 1543 1472 sic
1562 1443 1708 1486 pugnet
1728 1442 1768 1470 ut
1784 1434 1925 1470 vincat.

1148 1583 2174 1595 ====================================================================

1345 1704 1727 1761 EPISTOLA
1782 1694 1985 1760 LVII.d

1539 1868 1587 1890 AD
1614 1867 1775 1890 EUMDEM
1783 1884 1789 1890 .

1150 1990 1210 2018 Per
1222 1986 1344 2017 minora
1359 1992 1430 2017 vota
1451 1995 1516 2018 non
1530 1984 1646 2017 debere
1663 1984 1808 2027 impediri
1825 1986 1945 2026 majora
1962 1985 2058 2017 hona.
2082 1986 2178 2018 tide-

1198 2047 1250 2072 tur
1271 2039 1353 2079 hoc,
1384 2040 1444 2072 nisi
1472 2040 1584 2078 fallor,
1611 2040 1749 2072 scribere
1765 2039 1798 2071 in
1827 2050 1920 2071 causa
1948 2040 2115 2080 monachi,
2139 2041 2177 2073 de

1199 2107 1262 2139 quo
1288 2106 1384 2138 supra
1410 2096 1542 2139 epistola
1567 2100 1623 2127 55.

1209 2223 1314 2261 Sicut
1341 2222 1371 2259 is
1394 2230 1415 2259 'a
1440 2230 1567 2259 vestra
1593 2221 1685 2258 mihi
1714 2229 1824 2272 parte
1852 2221 2088 2272 reportavit,
2119 2220 2179 2257 id-

1155 2284 1257 2321 circo
1287 2283 1405 2334 ipsius
1429 2282 1620 2320 desiderio
1647 2290 1685 2318 et
1710 2282 1889 2332 petitioni
1911 2295 2032 2331 usque
2054 2281 2178 2318 adhuc

1156 2344 1372 2381 satisfacere
1415 2343 1614 2380 distulistis
1634 2358 1644 2390 3
1681 2342 1772 2392 quia
1806 2342 1976 2393 primum
2014 2351 2148 2379 votum
2169 2372 2178 2388 ,

1158 2405 1343 2455 pergendi
1364 2404 1544 2441 videlicet
1565 2404 1846 2454 Jerosolymmn
1860 2434 1869 2450 ,
1897 2404 2049 2440 irritum
2072 2403 2182 2441 vobis

1158 2466 1290 2503 fecisse
1315 2465 1482 2502 videtur.
1507 2467 1630 2515 Super
1647 2478 1724 2515 quo
1747 2464 1777 2501 si
1795 2473 1965 2501 nostram
1987 2465 2182 2514 requiritis

1157 2526 1412 2572 sententiam,
1437 2539 1507 2577 ego
1537 2538 1616 2562 non
1641 2523 1810 2561 arbitror
1834 2525 1985 2561 minoia
2000 2533 2091 2561 vota
2112 2525 2182 2561 im—

1158 2587 1290 2639 pedire
1307 2586 1448 2624 debere
1467 2585 1612 2636 majora
1632 2601 1639 2622 :
1660 2599 1730 2622 nec
1748 2588 1871 2622 Deum
1889 2585 2040 2634 exigere
2059 2584 2182 2635 quod-

1107 2661 1141 2695 D
1159 2662 1325 2699 cumque
1351 2647 1423 2685 sibi
1446 2647 1679 2698 promissum
1702 2645 1848 2682 bonum
1863 2675 1872 2693 ,
1890 2646 1920 2683 si
1940 2659 2012 2695 pro
2031 2659 2076 2682 eo
2102 2658 2183 2682 me—

1155 2712 1226 2748 lius
1251 2709 1396 2759 aliquid
1420 2709 1535 2746 fuerit
1559 2709 1813 2759 persolutum.
1834 2708 2044 2744 Enimvero
2063 2707 2177 2744 alicui

1157 2773 1256 2809 forte
1285 2769 1442 2807 debenti
1474 2769 1584 2807 vobis
1611 2769 1815 2806 duodecim
1846 2781 2050 2814 nummos,
2074 2781 2184 2804 nuni-

1158 2831 1253 2882 quid
1283 2831 1313 2868 si
1346 2844 1418 2882 pro
1440 2830 1493 2867 eis
1515 2830 1575 2867 die
1599 2830 1810 2868 constituto
1831 2843 1997 2866 marcam
2020 2829 2187 2866 solveret

1160 2892 1326 2942 argenti,
1347 2893 1450 2941 juste
1470 2890 1760 2928 irasceremini?
1784 2893 1868 2927 Jam
1893 2889 1923 2926 si
1947 2898 1984 2926 et
2005 2888 2052 2926 ab
2072 2887 2187 2938 hujus

1160 2953 1346 3004 episcopo
1379 2952 1525 3002 aliquid
1548 2952 1712 2998 timetis,
1739 2965 1916 2988 securum
1946 2964 2013 2987 vos
2040 2949 2183 2994 rechin,

1160 3014 1251 3064 quia
1269 3027 1349 3050 non
1371 3013 1495 3050 solum
1514 3012 1568 3060 ei,
1593 3012 1623 3049 si
1652 3011 1758 3062 quod
1788 3011 1877 3048 huic
1905 3011 2091 3048 auxilium
2119 3010 2195 3045 im-

1161 3074 1394 3126 penderitis,
1434 3087 1513 3111 non
1556 3072 1799 3124 displicebit,
1829 3072 1895 3110 sed
1927 3072 2040 3109 etiam
2081 3069 2193 3107 valde

1162 3145 1313 3187 gratum
1332 3135 1503 3173 habebit.
1520 3136 1663 3174 Valete.

123 3279 137 3294 ³
152 3280 282 3312 Inclusis
299 3282 416 3326 quippe
429 3283 562 3315 solemni
578 3294 667 3316 more
686 3294 752 3315 non
778 3283 893 3316 licebat
909 3283 1015 3326 egredi
1041 3294 1058 3315 e
1081 3282 1158 3315 cella
1173 3307 1180 3319 ,
1204 3288 1282 3313 teste
1305 3281 1483 3314 Grimlaico
1502 3280 1534 3312 iu
1561 3280 1681 3322 Regula
1699 3278 1920 3310 solitariorum.

126 3324 141 3347 t,
156 3333 276 3376 Scripta
291 3335 372 3367 circa
389 3347 507 3368 annum
531 3340 542 3368 l
555 3340 632 3369 128.

127 3388 141 3405 c
159 3385 258 3428 Epist.
285 3391 402 3422 37-39.
423 3410 467 3413 —
482 3390 498 3411 ἃ
516 3390 638 3433 Scripta
658 3391 739 3422 circa
764 3402 882 3422 annum
902 3395 911 3423 l
928 3397 934 3422 Ι
950 3395 1002 3424 28.
