2517 3936
785 670 1449 760 ADMONITIO

497 874 546 909 IN
577 873 875 920 SEQUENTEM
906 871 1183 908 EPISTOLAM
1214 872 1305 909 SEU
1335 871 1638 909 OPIJSCULLTM
1667 872 1713 906 ΙΙ.

123 1201 160 1235 1.
192 1195 331 1235 Libros
350 1196 399 1235 de
415 1195 754 1245 Consideratione,
777 1196 828 1235 ad
841 1209 1049 1235 summum
1068 1196 1303 1235 Pontificem
1330 1196 1515 1243 directos,
1539 1204 1761 1247 opportune
1788 1194 2043 1246 subsequitur
2065 1204 2148 1234 tra-

67 1270 193 1301 ctatus
209 1261 258 1300 de
279 1261 560 1314 componendis
574 1262 759 1301 Moribus
784 1262 1072 1314 Episcoporum
1083 1292 1092 1309 ‚
1110 1276 1198 1313 quae
1216 1263 1345 1313 prima
1361 1270 1418 1301 est
1438 1277 1483 1300 ex
1500 1263 1678 1313 quinque
1699 1259 1887 1298 Bernardi
1904 1260 2075 1311 epistolis
2097 1260 2146 1298 ad

69 1328 285 1367 Henricum
314 1327 656 1380 archiepiscopum
685 1327 972 1376 Senonensem,
994 1327 1132 1367 ordine
1163 1327 1464 1381 quadragesima
1489 1326 1672 1367 secunda.
1697 1327 1734 1365 Is
1753 1334 2009 1378 cognomento
2031 1327 2152 1377 Aper,

68 1402 235 1433 testante
253 1394 422 1447 Hugone
441 1393 772 1433 Autissiodorensi
793 1393 1118 1448 chronographo,
1140 1395 1227 1434 aliis
1248 1396 1300 1444 (si
1317 1395 1466 1448 vulgati
1483 1409 1564 1433 non
1578 1393 1725 1433 fallunt
1747 1392 1912 1440 indices)
1934 1391 2150 1439 Gilbertus,

68 1475 116 1500 ex
134 1461 322 1499 canonico
351 1460 497 1499 electus
525 1469 582 1500 est
612 1470 702 1512 post
733 1460 1016 1500 Daimbertum
1049 1461 1229 1513 pontifex
1261 1460 1497 1500 Senonensis
1526 1461 1764 1499 3111101122.
1786 1459 1867 1496 Hac
1892 1458 1933 1495 in
1966 1456 2153 1510 dignitate

69 1541 161 1566 etun
175 1528 376 1566 remissius
395 1536 550 1580 ageret,
572 1526 624 1566 ad
642 1526 932 1580 diligentiorem
952 1527 1131 1566 muneris
1155 1528 1217 1564 sui
1247 1540 1383 1564 curam
1414 1527 1612 1564 animatus
1641 1534 1717 1572 est,
1742 1532 1878 1576 agente
1904 1523 2152 1574 potissimum

70 1592 266 1633 Gaufrido
289 1593 519 1632 carnotensi
553 1595 734 1646 episcopo
756 1608 849 1632 cum
878 1592 1110 1632 Burchardo
1130 1591 1346 1639 Meldensi,
1372 1592 1629 1630 confirmante
1665 1591 1704 1627 iu
1733 1589 1871 1640 primis
1902 1597 2032 1625 sancto
2058 1587 2154 1625 Ber-

16 1658 18 1660 ’
69 1658 194 1697 nardo
220 1676 229 1697 :
260 1673 382 1710 quem
409 1668 448 1698 et
480 1668 699 1710 patronum
733 1659 879 1698 habuit
910 1659 1098 1698 adversus
1129 1658 1317 1697 Ludovici
1336 1657 1415 1696 Vll
1447 1658 1735 1703 infestationes,
1766 1663 1810 1693 ut
1843 1662 2028 1692 testatum
2063 1653 2157 1691 facit

70 1724 235 1777 epistola
250 1724 557 1778 quadragesima
575 1740 680 1765 nona
693 1732 714 1775 ‚¹
733 1725 785 1764 ad
807 1727 1032 1765 Honorium
1058 1739 1220 1778 papam.

123 1792 162 1828 2.
194 1791 275 1829 Has
305 1799 441 1830 autem
472 1790 662 1843 procellas
690 1801 780 1831 tum
808 1793 976 1831 Henrico
993 1822 1002 1839 ‚
1024 1801 1113 1830 tum
1145 1790 1349 1843 Stephano
1371 1790 1579 1828 Parisiensi
1609 1789 1792 1840 episcopo
1817 1786 1996 1824 excitavit
2015 1798 2154 1823 eorum

71 1870 239 1895 secessus
257 1855 308 1895 ab
328 1857 441 1905 aula,
465 1866 507 1897 et
530 1859 618 1898 vitae
647 1857 822 1897 melioris
840 1859 1049 1897 institutio.
1083 1857 1191 1896 Adeo
1219 1866 1265 1895 ut
1295 1857 1364 1908 qui
1390 1875 1405 1889 «
1429 1864 1537 1902 ante,
1565 1872 1581 1887 »
1599 1854 1698 1892 sicut
1726 1853 1767 1890 in
1798 1849 1981 1903 praedicta
2011 1849 2155 1901 legitur

71 1921 257 1974 epistola,
283 1941 303 1957 «ο
322 1923 364 1961 in
394 1922 541 1962 habitu
559 1932 730 1976 actuque
759 1924 933 1964 saeculari
954 1924 1137 1963 honorati
1167 1923 1328 1963 fuerant
1348 1920 1558 1965 sublimes,
1579 1918 1743 1970 judicati
1774 1916 1929 1964 fideles,
1948 1915 2073 1954 habiti
2094 1915 2154 1953 fa-

75 2005 97 2043 »l
123 1987 322 2037 miliares;
356 2007 374 2023 u
402 1998 579 2041 postea«
611 1990 760 2028 inimici
793 1991 884 2030 facti
921 1993 1000 2029 sint
1033 1990 1150 2044 digne
1180 2004 1252 2028 suo
1286 1986 1500 2027 sacerdotio
1532 1992 1823 2031 conversantes7
1856 1992 1894 2021 et
1923 1982 1994 2033 per
2023 1981 2154 2019 onmia

75 2070 93 2088 »
123 2052 430 2095 honorificantes
446 2056 713 2094 ministerium
739 2070 879 2095 suum.
899 2057 1000 2095 Hinc
1021 2055 1174 2094 domini
1203 2054 1437 2093 Senonensis
1454 2051 1712 2090 constantiam
1733 2047 1966 2086 labefactare
1994 2056 2155 2085 conatus

76 2136 94 2152 υ»
124 2129 182 2159 est
201 2138 217 2154 »
240 2119 466 2160 Ludovicus
485 2135 553 2160 rex
570 2138 579 2159 :
599 2119 710 2172 quod
733 2121 906 2174 amplius
924 2114 1151 2161 illustratur
1166 2121 1208 2159 in
1234 2119 1349 2159 Notis
1377 2116 1427 2156 ad
1445 2115 1627 2168 epistolas
1647 2114 1874 2167 vigesimam
1892 2110 2101 2151 secundam
2117 2120 2153 2150 ct

75 2184 423 2238 quadragesimam
450 2187 652 2238 quintam.

127 2251 166 2289 3.
198 2250 290 2290 Non
311 2260 445 2290 tamen
465 2252 520 2290 ita
546 2266 675 2291 mores
693 2266 784 2291 suos
803 2254 1024 2305 composuit
1052 2253 1264 2301 Hem-icus,
1288 2262 1333 2291 ut
1357 2265 1435 2290 non
1468 2251 1507 2287 in
1539 2246 1833 2288 ecclesiasticam
1855 2259 2060 2284 censuram
2088 2245 2153 2281 in—

76 2317 242 2356 currerit
277 2317 329 2356 ob
362 2318 544 2370 iniquam
576 2320 823 2358 vexationem
855 2320 1060 2371 cujusdam
1092 2319 1357 2359 archidiaconi
1393 2317 1566 2356 Ecclesioe
1598 2329 1696 2361 suae,
1730 2326 1888 2365 quem«
1920 2326 2001 2350 non
2034 2310 2152 2349 modo

80 2400 97 2416 »
125 2382 272 2433 judicio
293 2397 374 2423 non
394 2385 640 2433 convictum,
660 2385 727 2424 sed
752 2401 822 2425 nec
854 2386 975 2426 verbo
1001 2396 1244 2425 conventum
1278 2404 1294 2419 n
1321 2384 1508 2437 dignitate
1539 2381 1729 2433 privavit,
1751 2388 1845 2417 teste
1877 2376 2076 2416 Bernardo
2112 2378 2151 2413 in

77 2449 240 2501 epistola
265 2451 476 2489 centesima
491 2453 728 2504 octogesima
749 2452 940 2501 secunda,
962 2452 1015 2491 ad
1038 2452 1225 2491 eumdem
1250 2452 1479 2490 Hem-icum.
1503 2449 1617 2485 Hunc
1644 2458 1878 2496 suspensum
1897 2443 2016 2482 fuisse
2033 2440 2151 2479 tradit

78 2515 193 2568 Hugo
213 2515 539 2569 chronographus
561 2517 908 2556 Autissiodorensis
924 2517 976 2556 ad
991 2532 1144 2556 annum
1178 2518 1278 2556 1136
1299 2534 1307 2554 :
1328 2515 1447 2567 idque
1477 2521 1711 2552 attestantur
1740 2511 1833 2547 Acta
1865 2508 2148 2559 Episcoporum

79 2581 484 2621 Autissiodorensium
504 2584 630 2635 capite
651 2585 982 2637 quinquagesimo
1001 2584 1156 2635 quinto,
1173 2582 1245 2620 ubi
1266 2581 1313 2620 de
1327 2582 1492 2632 Hugone
1511 2578 1689 2629 episcopo
1701 2605 1710 2621 ‚
1731 2594 1746 2608 u
1775 2574 1844 2625 qui
1860 2586 1950 2611 cum
1971 2572 2011 2609 in
2030 2570 2149 2609 Seno-

82 2665 99 2681 »
130 2649 239 2688 nensi
270 2648 618 2701 ecclesia‚proptcr
650 2652 946 2702 suspensionem
975 2648 1127 2687 domini
1153 2648 1309 2686 Henrici
1342 2643 1653 2696 metropolitani,
1687 2640 1818 2678 locum
1854 2637 2148 2675 consecrationis

82 2730 99 2746 »
130 2727 211 2752 non
227 2713 416 2760 haberet3
447 2714 556 2765 apud
576 2714 777 2754 Ferrarias
804 2730 826 2754 a
845 2715 1009 2754 domino
1037 2713 1231 2754 Gaufrido
1262 2711 1492 2751 Cal-notensi
1524 2709 1703 2759 episcopo
1735 2705 1832 2742 circa
1862 2703 2009 2741 festum
2042 2701 2148 2739 beati

83 2795 100 2812 »
131 2778 333 2818 Vincentii
352 2789 601 2818 consecratus
622 2789 695 2819 est.
719 2798 736 2814 n
763 2782 872 2820 Hanc
900 2790 1038 2819 autem
1065 2780 1365 2831 suspensionem
1384 2776 1551 2814 Hem-ico
1573 2787 1619 2811 ex
1649 2772 1786 2822 iniqua
1818 2768 2061 2819 depositione
2080 2782 2149 2805 ar-

81 2844 295 2884 chidiaconi
313 2846 374 2884 sui
394 2845 575 2884 accidisse
599 2847 829 2896 proximum
864 2861 957 2886 vcro
990 2856 1061 2886 est.
1089 2846 1167 2885 Sed
1198 2844 1359 2884 tandem
1387 2841 1459 2879 hae
1480 2852 1644 2877 censura
1669 2835 1820 2875 solutus
1842 2835 2015 2881 antistes⁷
2046 2847 2149 2871 anno

83 2910 203 2959 1140,
232 2911 342 2963 apud
370 2910 546 2950 Senonas
568 2911 767 2964 synodum
792 2913 955 2961 habuit,
974 2914 1015 2951 in
1041 2927 1121 2964 qua
1153 2911 1261 2949 Petri
1278 2905 1484 2947 Ahaelardi
1507 2917 1656 2943 errores
1675 2900 1851 2939 damnati
1871 2899 2048 2938 fuerunt.
2072 2898 2151 2935 Ex·-

81 2985 184 3014 stant
203 2991 250 3015 ea
268 2976 318 3015 de
335 2991 378 3015 re
394 2991 629 3015 comumnes
645 2977 812 3016 Patrum
828 2979 1020 3032 synodica?
1037 2978 1176 3016 litterae
1206 2975 1256 3014 ad
1280 2973 1554 3013 Innocentium
1576 2982 1719 3021 papam
1732 2997 1740 3013 ‚
1763 2968 1863 3004 inter
1891 2963 2152 3003 Bernardinas

83 3041 246 3092 epistola
273 3042 488 3081 centesima
515 3044 769 3095 nonagesima
799 3046 950 3097 pri111a3
982 3044 1128 3097 quibus
1150 3042 1289 3080 litteris
1312 3038 1548 3091 significant,
1571 3049 1610 3073 se
1632 3034 1766 3086 paucis
1794 3040 1923 3069 totum
1951 3030 2151 3081 negotium

83 3108 307 3158 exposuisse
320 3138 329 3155 ‚
349 3126 365 3141 κ
388 3121 461 3159 pro
480 3122 526 3146 eo
546 3109 719 3146 maxime
733 3139 743 3156 ‚
764 3110 859 3160 quia
883 3110 1059 3161 idipsum
1088 3107 1267 3146 diffusius
1286 3119 1327 3143 ac
1346 3103 1503 3154 plenius
1534 3101 1804 3139 contineretur
1836 3098 1876 3134 in
1907 3095 2045 3133 litteris
2074 3093 2150 3131 do-

87 3187 104 3204 »
135 3172 233 3210 mini
256 3171 519 3211 senonensis:
547 3192 563 3207 n
585 3188 672 3225 quae
695 3173 836 3214 litterae
857 3189 936 3214 non
956 3175 1039 3214 aliae
1066 3173 1264 3217 videntur,
1287 3184 1411 3221 quam
1443 3165 1630 3206 Bernardi
1651 3162 1815 3216 epistola
1835 3161 2043 3199 centesima
2074 3172 2151 3227 ¹¹9.-

75 3236 284 3294 *hagesima
297 3267 306 3284 ,
324 3237 375 3276 ad
398 3238 695 3287 Innocentium,
715 3254 803 3291 quae
825 3242 929 3279 inter
955 3241 1071 3279 hosce
1096 3247 1282 3277 tractatus
1304 3234 1425 3273 relata
1442 3242 1512 3271 est.
1533 3232 1657 3270 Porro
1674 3229 1863 3268 Ilenricus
1894 3226 2023 3263 xdvere
2041 3222 2153 3259 desnt

90 3316 195 3341 anno
222 3303 323 3342 1144
339 3313 378 3342 et
397 3303 563 3356 quidem
586 3315 730 3357 quarto
752 3307 842 3345 idus
858 3308 960 3357 junii
982 3324 989 3344 :
1013 3307 1073 3344 cui
1097 3303 1276 3343 successit
1293 3302 1408 3354 Hugo
1427 3307 1654 3351 praecentor.
1966 3352 1972 3359 .
2073 3351 2078 3357 .
2130 3351 2135 3355 .

141 3368 178 3406 4.
210 3368 404 3407 Caeterum
426 3369 526 3408 hanc
544 3371 750 3422 epistolam
767 3373 899 3411 statim
920 3372 970 3411 ab
990 3372 1145 3411 chrici
1163 3369 1412 3408 conversione
1434 3367 1619 3417 scriptam
1640 3362 1760 3401 fuisse
1780 3356 1945 3410 probant
1965 3367 2002 3390 m
2022 3363 2158 3403 prmus
