2533 3920
391 179 465 215 (323

1157 183 1191 217 S.
1223 182 1351 217 BERN
1355 184 1477 220 ARDI
1508 185 1612 220 ABB
1608 183 1708 218 &TIS

2395 183 2465 224 624
2508 166 2509 174 ’

2507 0 2509 36 ι

2507 85 2509 139 l

394 258 508 307 nique
545 258 742 307 theologus
778 267 906 295 noster
946 272 1031 295 cum
1067 259 1158 296 A1i0
1191 264 1329 309 gradus
1364 262 1668 299 et³⁰⁵cramento
1690 258 1840 303 altatis,
1865 257 1912 293 de
1934 255 2312 306 incomprehensibili
2338 271 2471 302 sanctae
2507 264 2509 304 l

394 318 544 355 scz'tlas
534 331 574 354 m
601 319 784 355 Trinitate
811 318 1000 368 disponit,
1025 332 1111 356 cum
1133 321 1244 370 Pelzgi
1223 321 1283 365 „gio
1310 321 1405 359 libe-
1422 326 1451 360 A
1470 320 1664 359 Trinitatis
1701 316 1900 366 mysterio.
1920 316 2120 352 Evasimus
2161 316 2329 365 rugitum
2372 323 2470 360 Petri
2508 317 2509 354 l

1472 381 1641 419 Leonis.
1662 378 1793 416 sibilos
1808 376 1911 414 Petri
1931 376 2119 414 Draconis
2140 376 2381 417 incurrimus.
2402 382 2472 421 Sed
2508 403 2510 425 ;

1474 452 1512 478 tu
1529 471 1538 488 ‚
1560 440 1725 478 Domine
1757 443 1870 483 Jesu,
1904 438 2037 474 oculos
2063 437 2320 488 superborum
2347 439 2470 480 humi—
2508 463 2509 482 1

1473 500 1599 547 liabis,
1630 508 1672 536 tu
1704 497 1947 536 conculcabis
1981 501 2149 535 Leonem
2185 506 2222 535 et
2246 501 2469 541 Draconem.
2508 518 2509 541 1

1472 560 1609 598 Nocuit
1635 560 1698 596 ille
1727 557 1855 608 quoad
1886 557 2005 604 vixit,
2032 565 2069 594 et
2101 556 2203 594 idem
2231 557 2302 594 fuit
2325 559 2361 596 ei
2389 561 2473 602 vitae
2508 594 2509 601 ,

1473 620 1677 665 terminus,
1703 626 1817 668 atque
1838 616 1990 653 malitiae
2012 631 2020 653 ε
2042 617 2112 653 iste
2136 629 2230 653 vero
2249 615 2328 666 jam
2347 621 2473 668 provi-
2508 638 2510 643 ·

398 392 482 415 111111
503 378 704 416 albinium
727 380 856 429 gratiae
881 381 1095 430 plaeponit,
1123 394 1209 417 cum
1230 384 1378 420 Nostm
1370 397 1405 420 10

397 438 589 476 Christum
606 439 778 476 dividens
790 468 799 485 ,
816 439 1010 476 hominem
1027 449 1262 490 assumptum
1281 456 1300 478 a
1317 456 1406 479 con-

397 499 516 535 sortio
531 499 724 536 Trinitatis
736 499 916 536 excludit.
934 499 1007 545 Sic,
1028 500 1079 536 sic
1096 513 1166 548 per
1183 501 1311 538 omnia
1326 502 1404 539 fere

398 563 640 596 Sacramenta
674 559 915 603 discurrens,
948 559 1098 607 attingit
1125 573 1144 595 a
1181 561 1256 596 fine
1285 574 1406 610 usque

397 619 443 655 ad
470 620 584 656 finem
605 620 771 664 fortiter,
803 627 840 655 et
861 618 1028 668 disponit
1048 619 1175 656 omnia
1201 621 1402 658 damnabi—

402 679 500 715 liter.
533 679 592 717 Ad
621 679 700 716 haec
737 678 946 728 gloriatur,
981 691 1020 715 se
1048 679 1223 716 infecisse
1260 681 1403 718 curiam

399 743 611 776 Romanam
643 739 822 776 novitatis
852 751 929 775 suae
958 752 1131 786 veueno;
1162 740 1337 778 manibus
1368 751 1406 779 et

399 798 545 836 sinibus
577 803 839 836 Romanorum
880 798 997 836 libros
1024 808 1061 836 et
1088 802 1293 838 sententias
1321 816 1406 839 suas

398 859 614 905 inclusisse,
650 867 686 895 et
719 858 757 894 in
794 858 949 895 tutelam
986 860 1044 895 sui
1076 861 1216 897 erroris
1251 863 1408 899 assumit

399 932 483 963 cos,
504 932 523 955 a
545 917 682 967 quibus
703 917 868 966 judicari
892 917 1006 955 debet
1034 928 1072 955 et
1101 920 1285 957 damnari.
1310 926 1407 959 Pro—

402 977 525 1013 videat
555 981 659 1014 Deus
694 977 871 1014 Eeclesiae
903 990 999 1023 suae,
1031 992 1102 1028 pro
1130 992 1205 1028 qua
1233 989 1407 1018 mortuus

400 1045 473 1083 cst,
492 1045 535 1073 ut
554 1049 637 1073 eam
657 1035 855 1073 exhiberet
876 1036 946 1074 sibi
964 1050 1043 1074 non
1060 1038 1261 1076 habentem
1279 1054 1406 1077 macu-
1425 1045 1454 1078 B
1474 1050 1604 1079 noster
1637 1055 1724 1078 cum
1756 1040 1849 1078 Ario
1871 1039 2010 1090 gradus
2039 1048 2077 1077 et
2097 1040 2214 1077 scalas
2232 1040 2272 1077 in
2296 1040 2474 1080 Trinitate
2507 1045 2511 1077 ἶ

400 1098 493 1143 lam,
510 1105 576 1134 aut
591 1110 738 1146 rugam,
756 1105 945 1147 quatenus
961 1107 1192 1150 perpetuum
1213 1100 1405 1138 silentium

398 1159 618 1207 imponatur
644 1157 811 1204 homini,
833 1157 941 1206 cujus
962 1159 1230 1197 maledictione
1256 1174 1297 1198 os
1321 1162 1405 1211 ple-

397 1230 487 1254 num
521 1226 595 1264 est,
627 1226 664 1254 et
698 1217 968 1263 amaritudine,
996 1227 1033 1256 et
1059 1219 1160 1256 dolo.

397 1354 1406 1367 =====================================================================

474 1472 845 1530 EPISTULA
910 1473 1331 1531 CCCXXXII.a

720 1630 764 1650 511
789 1629 824 1651 G.
858 1628 1104 1653 CARDtNALEM.

589 1747 668 1775 Item
699 1750 808 1776 contra
835 1749 962 1778 Petrum
987 1746 1214 1779 Abaelardum.

404 1867 566 1903 Domino
600 1865 809 1904 venerabili
840 1875 877 1903 et
906 1868 1006 1917 patri
1033 1868 1295 1915 dilectissimo,
1321 1884 1408 1908 san—

455 1935 522 1963 ctae
545 1930 729 1964 Romanae
756 1927 932 1964 Ecclesiae
957 1927 1138 1965 cardinali
1164 1931 1209 1967 G.
1237 1933 1408 1966 BERNAR-

456 2001 523 2024 nus
552 1987 879 2025 Clai'ae—Vallensis
900 1987 1037 2035 abbas,
1060 1989 1234 2039 spiritum
1261 1990 1407 2027 consilii

455 2056 491 2084 ct
513 2046 759 2084 fortitudinis.

453 2177 569 2214 Silere
591 2190 669 2213 non
688 2190 842 2226 possum
865 2176 1022 2227 injurias
1042 2177 1200 2225 Christi,
1218 2180 1408 2229 angustias

400 2247 435 2274 ct
465 2235 620 2274 dolores
647 2237 845 2284 Ecclesiae,
878 2246 915 2274 et
947 2238 1137 2274 miseriam
1164 2238 1345 2289 inopum,
1371 2248 1409 2277 et

400 2297 581 2347 gemitum
600 2310 827 2347 pauperum.
841 2298 1048 2335 Incidimus
1063 2299 1100 2334 in
1115 2307 1289 2349 tempora
1302 2300 1408 2350 peri-

399 2358 540 2394 culosa.
562 2357 761 2406 Magistros
780 2357 964 2394 habemus
984 2358 1201 2408 prurientes
1221 2359 1376 2398 auribus
1397 2376 1405 2397 ι

401 2416 576 2467 discipuli
590 2430 610 2453 a
627 2417 781 2454 veritate
798 2417 969 2454 auditum
982 2427 1180 2466 avertunt,
1197 2419 1243 2456 ad
1261 2419 1408 2457 fabulas

399 2486 688 2515 convertuntur.
718 2477 912 2515 Habemus
940 2478 980 2514 in
998 2478 1159 2516 Francia
1178 2479 1407 2516 monachum

402 2538 482 2575 sine
511 2538 660 2587 regula,
681 2537 761 2573 sine
794 2537 1050 2574 sollicitudine
1079 2538 1279 2587 praelatum
1296 2567 1305 2584 ,
1327 2539 1409 2575 sine

1473 681 1550 727 dit,
1565 679 1762 730 quomodo
1779 679 1884 716 virus
1905 691 2015 715 suum
2036 677 2278 714 transfundat
2293 678 2333 715 in
2353 689 2475 729 poste-

1473 754 1554 787 ros,
1581 739 1777 790 quomodo
1800 747 1936 776 noceat
1967 737 2203 788 generationi
2232 738 2362 785 omni,
2394 754 2474 791 quae

1473 809 1635 838 ventura
1667 808 1733 837 est.
1766 803 1930 850 Lepram
1971 798 2289 836 adinventionum
2324 812 2473 840 suarum

1473 869 1685 897 atramento
1714 860 1876 910 signavit
1899 868 1937 897 et
1960 860 2118 897 calamo.
2143 858 2280 896 Libros
2302 858 2384 909 ejus
2404 860 2472 900 ha-
2508 872 2510 905 ξ

1472 921 1647 967 buimus,
1678 929 1715 957 et
1746 921 1917 957 misimus
1941 919 2063 957 vobis.
2087 919 2314 970 Cognoscite
2345 930 2473 959 aucto·
2508 939 2509 942 ¹

1473 995 1553 1018 rem
1583 981 1711 1032 operis
1733 982 1771 1017 in
1802 994 1930 1031 opere.
1967 980 2101 1018 Videte
2138 980 2244 1030 quod
2281 980 2474 1031 theologus

1473 1102 1661 1152 disponit,
1691 1114 1777 1138 cum
1799 1100 1950 1150 Pelagio
1978 1099 2143 1137 liberum
2163 1099 2365 1137 arbitrium
2394 1114 2474 1151 gra·
2508 1129 2510 1132 >

1474 1163 1533 1199 tiae
1547 1162 1738 1212 praeponit
1751 1177 1759 1208 ;
1773 1174 1859 1198 cum
1877 1161 2053 1199 Nestorio
2073 1160 2261 1199 Christum
2280 1160 2472 1210 dividens,
2507 1162 2510 1189 i

1472 1222 1664 1259 hominem
1689 1230 1926 1271 assumptum
1943 1234 1964 1258 a
1984 1221 2179 1258 consortio
2195 1221 2390 1258 Trinitatis
2417 1236 2475 1260 ex—

1472 1282 1602 1319 cludit.
1620 1285 1668 1319 Et
1684 1282 1763 1319 haec
1778 1294 1901 1332 pauca
1917 1289 2007 1318 sunt
2025 1281 2072 1318 de
2087 1281 2228 1318 multis.
2245 1284 2330 1318 Non
2351 1281 2421 1318 erit
2438 1282 2474 1320 in
2507 1307 2509 1316 ,

1471 1343 1581 1380 vobis
1611 1344 1677 1393 qui
1702 1344 1825 1380 vicem
1855 1343 1993 1380 Christi
2014 1342 2160 1389 doleat,
2179 1342 2245 1392 qui
2274 1342 2404 1392 diligat
2417 1342 2474 1392 ju-

1473 1405 1611 1442 stitiam
1623 1433 1632 1451 ,
1655 1404 1719 1454 qui
1744 1403 1869 1440 oderit
1886 1403 2127 1453 iniquitatem
2142 1405 2157 1440 ?
2174 1403 2210 1442 Si
2231 1416 2274 1440 os
2290 1403 2476 1453 loquentis

1472 1466 1603 1515 iniqua
1636 1465 1876 1502 obstructum
1910 1477 1987 1501 non
2022 1464 2158 1510 fuerit,
2190 1463 2317 1500 videat
2351 1463 2415 1501 ille
2441 1473 2476 1502 et

1469 1526 1638 1576 judicet,
1663 1525 1727 1575 qui
1755 1525 1858 1562 solus
1885 1523 2056 1562 laborem
2089 1532 2125 1561 et
2146 1523 2320 1561 dolorem
2351 1524 2476 1562 consi·
2531 1546 2533 1551 ·

1478 1587 1596 1624 derat.

1476 1722 2486 1733 ιιιιιιιιιιιιιιιιιιιιιιιιιιιιιιιιιιιιιιιιιιιιιιιιιιιιιιιιιιιιιιιιιιιιι

1529 1844 1901 1901 EPISTOLA
1965 1832 2422 1900 CCCXXX111.¹'

1765 2003 1811 2024 AD
1841 2003 1875 2025 c.
1906 2001 2146 2024 CARDINALEM
2162 1996 2189 2025 ⁰.

1758 2120 1904 2163 Ejusdem
1918 2121 1992 2152 item
2011 2119 2198 2162 argumenti.

1475 2236 1565 2274 Viro
1586 2236 1796 2274 venerabili
1813 2246 1850 2274 et
1873 2237 1994 2274 amico
2015 2249 2086 2273 suo
2110 2238 2156 2274 G.
2178 2234 2340 2272 diacono
2361 2235 2480 2274 cardi·-
2505 2227 2533 2269 ³.-

1529 2298 1605 2334 nali
1631 2297 1702 2335 sub
1731 2298 1841 2335 titulo
1870 2306 2091 2335 sanctorum
2122 2296 2241 2346 Sergii
2262 2305 2300 2333 et
2323 2296 2476 2343 Bacchi,

1527 2361 1752 2396 Bmmanus
1768 2357 2093 2396 Clarae-Vallensis
2108 2355 2246 2404 abbas,
2264 2357 2422 2394 salutem
2443 2363 2480 2394 et
2506 2373 2507 2377 ¹
2529 2376 2533 2388 ι

1531 2417 1786 2455 dilectionem.

1529 2541 1745 2577 Secundum
1763 2548 1865 2577 tuam
1880 2539 2479 2589 consuetudinem,quotiescum-
2504 2551 2507 2577 t
2527 2557 2529 2573 ς

401 2598 601 2648 disciplina
618 2597 794 2635 abbatem
812 2602 966 2635 Petrum
984 2597 1241 2635 Abaelardum
1253 2627 1262 2644 ,
1281 2599 1410 2649 dispu-
1425 2606 1459 2639 D
1477 2612 1551 2648 que
1567 2600 1710 2636 curiam
1726 2600 1850 2645 intro,
1867 2613 2017 2650 semper
2033 2599 2125 2636 mihi
2142 2598 2257 2637 debes
2273 2611 2476 2649 assurgere.

403 2667 545 2694 tantem
567 2671 653 2694 cum
679 2658 828 2707 pueris,
851 2666 1141 2694 conversantem
1161 2671 1247 2695 cum
1275 2659 1410 2696 mulie-

404 2718 519 2754 ribus.
545 2722 674 2766 Aquas
695 2717 852 2754 furtivas
870 2725 908 2753 et
927 2730 1046 2766 panes
1067 2717 1311 2755 absconditos
1337 2719 1410 2755 do-

403 2778 564 2816 mesticis
584 2778 660 2815 suis
679 2778 839 2828 apponit
855 2778 893 2814 in
914 2777 1021 2814 libris
1035 2806 1044 2822 ‚
1064 2786 1101 2814 et
1116 2778 1154 2814 in
1170 2779 1411 2818 sermonibus

402 2839 478 2875 suis
508 2838 686 2887 profanas
711 2851 846 2874 vocum
872 2837 1061 2874 novitates
1089 2838 1236 2875 inducit
1262 2848 1298 2876 et
1324 2853 1412 2877 sen-

405 2910 527 2934 suum.
556 2896 711 2934 Accedit
732 2910 809 2934 non
830 2898 950 2943 solus,
972 2898 1067 2934 sicut
1087 2902 1260 2947 Moyses,
1278 2899 1325 2936 ad
1346 2914 1410 2937 ca-

404 2957 554 3006 liginem
573 2956 609 2992 in
628 2956 701 3005 qua
721 2965 801 2992 crat
820 2960 921 2993 Deus
936 2984 944 2999 ‚
968 2957 1030 2993 sed
1055 2970 1139 2993 eum
1163 2957 1273 2994 turba
1293 2960 1410 2997 multa

404 3026 440 3053 et
468 3016 663 3066 discipulis
689 3016 777 3053 suis.
808 3020 878 3053 Per
909 3016 1012 3053 vicos
1038 3026 1074 3053 et
1094 3018 1236 3068 plateas
1261 3018 1308 3055 de
1336 3020 1410 3056 {ide

404 3076 587 3113 catholica
609 3076 839 3125 disputatur,
862 3076 908 3112 de
928 3085 1039 3125 partu
1067 3077 1249 3126 Virginis,
1273 3078 1318 3115 de
1341 3083 1410 3117 Sa-

448 3229 460 3242 ²
479 3225 618 3267 Epistola
641 3235 721 3254 nova

449 3273 464 3295 Ι·
486 3278 620 3320 Epistola
642 3288 722 3308 nova

1476 2658 1600 2696 Verba
1613 2659 1793 2696 videntur
1809 2661 1916 2709 quasi
1931 2660 2117 2708 ludenti53
2132 2660 2199 2698 sed
2217 2660 2315 2698 seria
2331 2672 2390 2697 res
2406 2658 2478 2709 agi·
2504 2680 2505 2683 =

1478 2728 1551 2756 tur.
1575 2723 1671 2756 Ecce
1691 2733 1761 2770 ego
1779 2721 1923 2757 curiam
1951 2721 2076 2769 intro,
2097 2720 2310 2760 secundum
2333 2731 2478 2758 causam
2519 2731 2533 2754 a

1477 2779 1585 2824 dico,
1613 2793 1691 2816 non
1721 2779 1931 2817 secundum
1960 2793 2178 2831 personam.
2199 2780 2273 2829 Qui
2308 2791 2478 2830 personae

1478 2852 1571 2876 meae
1608 2853 1805 2889 assurgere
1836 2840 2006 2886 solebas,
2036 2853 2189 2891 assurge
2224 2853 2327 2877 nunc.
2361 2851 2477 2876 causae
2503 2859 2533 2877 ,1.

2068 2901 2157 2951 quia
2177 2900 2348 2939 Christus
2366 2907 2421 2937 est
2438 2899 2475 2936 in
2525 2919 2531 2932 ;

1477 2973 1601 3007 causa,
1622 2969 1659 2997 ct
1680 2960 1819 2997 veritas
1841 2961 2088 3010 periclitatur.
2111 2964 2295 3009 Assurge,
2313 2960 2391 2996 imo
2410 2970 2476 2996 ex·
2524 2976 2529 2988 =

1478 2913 1570 2937 meae
1586 2929 1594 2945 ,
1627 2901 1704 2937 imo
1724 2913 1845 2937 causae
1871 2901 2009 2939 Christi
2030 2916 2038 2938 :

1477 3034 1587 3070 surge
1608 3021 1789 3058 adversus
1803 3035 1888 3057 eum
1900 3050 1909 3068 ,
1930 3022 1995 3070 qui
2010 3020 2178 3071 disputat
2195 3020 2242 3057 de
2258 3019 2332 3057 fide
2349 3026 2476 3056 contra

1477 3080 1603 3127 fidem,
1629 3081 1693 3130 qui
1716 3080 1844 3117 verbis
1860 3081 1951 3131 legis
1978 3081 2100 3131 legem
2125 3080 2345 3130 impugnat,
2372 3076 2476 3127 cujus
2527 3103 2529 3108 ·

750 3234 755 3254 :
778 3234 846 3265 qua:
864 3235 937 3255 vero
954 3231 1044 3256 autea
1066 3228 1131 3257 332
1147 3232 1230 3262 erat,
1253 3237 1335 3257 nunc
1351 3229 1429 3258 3137.
1447 3228 1567 3269 Scripta
1585 3238 1667 3258 anno
1682 3227 1795 3259 Christi
1821 3231 1829 3258 1
1844 3230 1853 3258 1
1870 3230 1919 3258 10,

751 3289 757 3308 ;
778 3288 846 3318 qua·
865 3288 939 3309 vero
954 3285 1043 3309 antea
1062 3282 1126 3310 333
1152 3285 1214 3310 erat
1232 3304 1238 3315 ,
1263 3291 1346 3311 nunc.
1365 3284 1442 3312 386.
1463 3281 1582 3322 Scripta
1599 3291 1682 3311 auno
1700 3280 1813 3312 Christi
1837 3284 1845 3311 1
1862 3283 1937 3311 140.

447 3338 458 3351 2
477 3334 503 3361 ls
519 3337 562 3362 cst
578 3329 746 3372 Gregorius
766 3329 973 3372 Tarquinius,
1001 3337 1177 3362 sanctorum
1202 3332 1298 3371 Sergii
1322 3339 1347 3362 vt
1376 3333 1486 3364 Bacchi
1511 3333 1659 3364 diaconus
1680 3334 1865 3371 cardinalis,
1895 3345 1911 3365 a
1935 3333 2060 3366 Callisto
2085 3335 2115 3365 11
2136 3338 2267 3365 creatus.
