2533 3920
404 195 480 232 523

406 273 445 310 in
475 275 633 311 ecclesia
654 274 853 311 Valentina
880 274 963 323 pari
987 280 1077 309 voto
1101 272 1189 309 cleri
1214 281 1251 309 et
1276 272 1409 322 populi

1180 197 1215 231 S.
1246 195 1499 230 BERNARDI
1527 194 1729 229 ABBATIS

2401 198 2470 237 524
2496 172 2497 220 Ῐ

1420 270 1585 307 ²⁴⁷suam
1613 270 1800 316 videatur,
1829 269 1875 305 de
1900 282 1976 318 qua
1994 268 2106 305 etiam
2129 277 2167 305 et
2193 282 2271 306 non
2293 272 2474 324 gaudere,

408 335 570 371 electum
591 348 672 372 esse
692 335 861 371 Priorem
877 334 1104 372 Casae-Dei*.
1125 334 1266 371 Mirum
1285 333 1314 370 si
1337 332 1409 369 bo—
1428 336 1461 368 A
1475 340 1513 368 et
1540 345 1617 368 non
1642 331 1815 380 gloriari,
1835 330 1961 367 minus
1981 338 2038 366 est
2058 342 2080 366 a
2097 330 2278 379 perfecto.
2301 335 2420 372 Porro
2438 337 2473 375 in
2496 339 2497 360 ἒ

407 408 479 432 nus
513 409 590 432 non
623 396 737 432 fuerit
767 395 815 432 ad
848 408 946 445 opus
970 394 1017 431 ad
1051 394 1156 444 quod
1194 394 1410 430 assumitur.

406 454 508 492 Scire
529 455 642 491 vultis
662 454 764 491 unde
784 454 823 490 id
842 454 1021 504 sperem?
1043 454 1140 491 Boni
1160 454 1233 490 hoc
1253 454 1410 498 volunt,

407 528 477 551 nec
490 523 616 565 potest
635 514 760 551 bonus
775 527 854 551 non
871 527 952 551 esse
966 514 1031 563 qui
1047 514 1159 551 bonis
1176 514 1311 564 placet.
1335 516 1412 550 Nec

403 576 528 611 minus
552 575 718 611 validum
735 583 999 624 argumentum
1018 574 1109 610 mihi
1132 574 1282 610 videtur
1307 572 1411 622 quod

406 635 531 672 bonus
553 637 618 680 sit,
641 636 671 672 si
701 636 809 672 malis
836 648 856 671 e
879 635 1035 684 regione
1064 634 1272 684 displiceat.
1294 637 1412 670 Decet

404 696 648 732 Sanctitatem
677 704 840 732 vestram
865 696 964 731 votis
983 695 1166 732 assentire
1185 694 1378 731 bonorum
1400 708 1409 730 :

404 769 451 791 ne
469 756 498 792 si
513 755 560 792 ab
576 756 647 792 isto
662 756 759 792 forte
776 755 918 791 resilire
933 755 1146 803 contingat,
1164 754 1278 790 alium
1296 766 1410 803 quem

405 814 575 862 nolletis,
592 815 718 851 studio
747 823 786 851 et
810 828 998 851 consensu
1024 827 1234 864 pravorum
1260 814 1412 850 contin—

405 885 469 926 gat
488 878 668 927 recipere.

600 1139 978 1195 EPISTOLA
1040 1139 1205 1197 CCL.

519 1298 563 1320 AD
594 1283 854 1319 BERNARDL’M*
875 1297 1044 1320 PRIOREM
1076 1297 1286 1320 PORTARL‘M.

397 1416 569 1458 Repulsain
585 1415 687 1447 fratris
702 1415 822 1446 Natalis
836 1415 867 1445 in
887 1415 1068 1458 episcopum
1083 1416 1172 1447 electi
1185 1426 1250 1449 non
1265 1415 1409 1447 debuisse

443 1476 507 1502 tam
522 1470 650 1501 moleste
670 1469 742 1500 ferri
758 1480 776 1501 a
790 1469 964 1512 Religiosis.
981 1469 1017 1501 Id
1030 1481 1085 1501 sua
1101 1481 1196 1513 opera
1212 1470 1328 1501 factum
1344 1481 1408 1501 non

443 1535 520 1556 esse.
542 1524 687 1555 Veritum
711 1524 791 1555 forte
818 1528 935 1567 Papam
945 1549 952 1562 ,
980 1536 1020 1556 ne
1037 1525 1183 1567 juvenilis
1206 1526 1302 1556 aetatis
1333 1526 1405 1556 vitia

441 1589 525 1610 nunc
538 1578 664 1610 demum
680 1579 841 1610 calumniae
860 1585 1013 1621 paterent.

393 1708 732 1745 Reverendissimis
753 1707 926 1759 patribus
944 1718 982 1746 et
1003 1708 1169 1747 dominis
1189 1711 1401 1748 amantissi-

448 1768 538 1814 mis,
569 1772 773 1805 Bssnmnno
802 1769 924 1819 priori
954 1773 1178 1817 Portarum,
1200 1780 1237 1808 et
1264 1772 1402 1809 sanctis

1479 393 1680 443 proposito
1711 391 1954 442 perfectionis
1985 404 2168 441 apparere
2195 391 2497 446 imperfectum,¹

1479 468 1610 490 naevus
1630 462 1698 490 est.
1720 457 1820 501 Ergo
1842 452 1902 488 hic
1919 452 2027 489 color
2049 451 2141 487 mihi
2160 452 2198 488 in
2228 452 2340 490 fratre
2359 458 2476 496 Natali

1480 515 1684 564 displicuit.
1704 513 1803 561 Quid
1824 513 1945 558 enim,
1967 511 2037 548 etsi
2057 519 2203 547 castum
2223 511 2262 548 id
2283 512 2395 551 fuerit
2413 529 2477 555 oo-
2496 539 2497 546 η

1477 589 1558 612 ram
1578 578 1659 612 Deo
1673 576 1688 610 ?
1702 578 1846 623 Nempe
1862 580 2017 623 oportet
2030 571 2234 622 providere
2252 570 2355 610 bona
2369 575 2475 616 etiam

1478 649 1606 672 coram
1626 633 1859 671 hominibus.

1532 696 1567 732 2.
1598 695 1671 732 Sed
1693 694 1815 731 dicitis
1842 709 1850 730 ε
1871 696 1956 731 Non
1985 692 2066 742 ipse
2097 691 2265 742 graviter
2287 693 2394 741 tulit,
2414 697 2476 735 sed

1479 768 1561 792 nos.
1579 755 1637 793 Ad
1655 754 1755 791 idem
1774 753 1988 790 revertitur.
2001 756 2144 789 Iterum
2163 751 2249 789 dico
2269 753 2371 802 quod
2392 768 2478 794 sen.-

1479 816 1543 852 tio.
1560 818 1637 853 Cur
1653 814 1764 852 vobis
1778 827 1892 864 grave
1912 813 2044 858 fuerit,
2064 826 2142 849 non
2158 812 2271 849 video
2283 842 2293 859 ,
2310 814 2382 851 nisi
2394 817 2476 866 quia

1477 876 1549 926 ipsi
1575 889 1689 925 grave
1717 888 1796 912 esse
1822 874 2003 911 sensistis.
2031 877 2106 911 Vos
2130 872 2319 923 judicate,
2343 887 2389 911 an
2409 875 2497 916 hoc:

1478 949 1564 972 eum
1587 935 1779 981 decuerit,
1798 935 2010 984 praesertim
2028 934 2066 970 in
2089 933 2261 970 novitate
2274 933 2372 970 vitae.
2388 937 2475 974 Nam

1478 1004 1566 1031 ante
1582 995 1680 1031 hanc
1701 994 1713 1045 ζ
1728 1003 1769 1030 ut
1787 995 1891 1031 salva
1910 993 1992 1043 ejus
2009 1007 2102 1044 pace
2117 991 2305 1044 dixerim)
2324 1006 2400 1030 non
2415 1007 2475 1033 ca-

1432 1056 1458 1090 B
1478 1055 1554 1091 ruit
1581 1054 1651 1091 hac
1679 1062 1769 1091 nota
1791 1069 1799 1091 ε
1820 1067 1866 1090 an
1895 1066 1988 1090 vero
2016 1067 2087 1090 nec
2113 1054 2246 1103 culpa,
2265 1066 2342 1090 suae
2364 1051 2497 1104 ipsius'

1477 1114 1718 1152 conscientiae
1743 1113 2038 1163 relinquendum
2064 1122 2131 1150 est.
2155 1116 2201 1151 Et
2221 1112 2312 1163 quid
2336 1114 2365 1151 si
2385 1115 2475 1154 forte

1476 1175 1549 1212 hoc
1572 1175 1777 1224 cogitavita
1795 1174 1974 1211 dominus
1995 1178 2096 1224 Papa
2119 1188 2126 1210 :
2146 1187 2233 1210 cum
2248 1202 2258 1219 ,
2277 1173 2373 1210 sicut
2389 1175 2476 1214 dici-

1477 1235 1545 1279 tis,
1574 1234 1752 1271 electioni
1784 1233 1868 1283 ejus
1897 1234 2080 1271 assentire
2114 1234 2306 1271 renuerit?
2334 1236 2475 1276 Veritus

1476 1296 1620 1345 quippe
1633 1324 1641 1340 ,
1659 1303 1703 1332 ut
1722 1295 1866 1332 aestimo
1882 1324 1891 1340 ‚
1911 1295 2060 1344 linguas
2077 1293 2399 1342 obtrectatorum,
2414 1309 2476 1335 ve-
2494 1315 2495 1319 =

1476 1357 1548 1392 tuit
1564 1356 1777 1392 festinatam
1796 1356 1886 1392 novi
1903 1355 2072 1392 eremitae
2090 1355 2373 1405 promotionem
2387 1371 2396 1393 ε
2409 1369 2472 1403 ne,

1475 1425 1517 1453 ut
1550 1416 1650 1462 dixi,
1667 1417 1796 1466 lingua
1822 1416 2026 1466 maliloqua
2057 1416 2184 1453 dicere
2207 1424 2356 1466 posset,
2380 1417 2475 1456 hunc

1476 1490 1574 1524 esse,
1603 1490 1716 1528 quem
1744 1490 1895 1527 semper
1923 1484 2141 1527 optaverat,
2161 1476 2279 1513 eremi
2304 1476 2472 1517 fructum.

1470 1543 1743 1576 Verumtamen
1774 1537 1961 1588 quidquid
1990 1537 2169 1574 dominus
2189 1541 2292 1587 Papa
2310 1538 2474 1578 intende-

1471 1599 1539 1644 rit,
1562 1599 1640 1635 sive
1660 1599 1752 1644 hoc,
1768 1599 1846 1635 sive
1864 1597 1985 1644 aliud3
2003 1611 2064 1634 me
2079 1597 2272 1648 ignorasse
2293 1597 2414 1635 sciatis
2431 1598 2473 1636 il-
2491 1617 2494 1620 ·

1470 1658 1534 1695 lud
1570 1658 1653 1707 ejus
1684 1658 1885 1695 consilium
1908 1673 1915 1694 :
1938 1671 1986 1694 ne
2013 1657 2098 1707 quis
2127 1657 2228 1694 dicat
2258 1656 2361 1707 quod
2393 1670 2494 1696 meo·

1469 1719 1653 1756 instinctu
1674 1719 1713 1755 id
1734 1718 1875 1755 fecerit.
1897 1722 1990 1756 Nam
2012 1717 2117 1767 quod
2137 1717 2185 1754 ad
2206 1730 2268 1754 me
2288 1717 2470 1767 pertinet,

1469 1780 1560 1816 mihi
1577 1780 1773 1816 decretum
1794 1787 1869 1825 est,
1884 1777 1951 1815 ubi
1969 1786 2190 1828 opportune
2209 1790 2382 1828 possem,
2399 1791 2471 1816 non
2492 1784 2497 1818 ³.

447 1829 513 1878 qui
540 1842 625 1865 cum
660 1842 706 1865 00
741 1837 851 1874 sunt,
885 1833 1112 1867 BERNARDFS
1148 1832 1403 1869 Clarae·ValliS
1421 1839 1448 1876 C
1470 1841 1592 1876 solum
1623 1853 1701 1876 non
1730 1839 1939 1889 impedire,
1958 1838 2024 1876 sed
2051 1839 2163 1876 etiam
2192 1838 2283 1874 totis
2310 1836 2469 1884 viribus,

445 1897 604 1925 vocatus
624 1888 740 1925 abbas
753 1919 762 1937 ‚
784 1889 943 1926 salutem
961 1890 999 1926 in
1020 1891 1200 1928 Domino.

451 2014 483 2050 1.
506 2016 561 2049 Ex
584 2012 750 2062 quodam
776 2013 1024 2050 Beatitudinis
1052 2023 1186 2052 vestrae
1214 2016 1401 2067 rescripto

392 2073 584 2123 comperi,
607 2073 800 2123 scripsisse
821 2087 881 2110 me
907 2074 1070 2123 aliquid,
1094 2075 1198 2124 quod
1220 2090 1280 2113 me
1301 2077 1402 2114 indi-

392 2142 493 2169 caret
507 2141 740 2169 commotum
755 2162 764 2179 ‚
780 2146 926 2182 vosque
944 2134 1044 2170 istud
1067 2148 1143 2171 non
1164 2149 1299 2185 parum
1318 2151 1399 2174 me-

394 2201 511 2229 tuere.
532 2196 673 2230 Verum
692 2193 730 2229 id
754 2193 903 2230 frustra.
925 2198 1008 2231 Non
1026 2203 1082 2231 est
1108 2195 1212 2244 quod
1233 2209 1253 2232 a
1274 2209 1396 2245 puero

393 2262 521 2289 vestro
549 2253 759 2289 timendum
781 2254 827 2290 sit
850 2253 980 2300 vobis,
1004 2255 1310 2292 reverendissimi
1331 2270 1398 2308 pa-

393 2321 488 2358 tres,
512 2314 577 2363 qui
601 2327 670 2351 vos
699 2315 737 2350 in
769 2314 929 2350 veritate
961 2314 1076 2364 diligo
1108 2324 1149 2352 ut
1179 2317 1339 2363 amicos,
1361 2326 1399 2354 et

392 2374 557 2423 suspicio
586 2381 629 2409 ut
658 2382 820 2410 sanctos.
855 2374 933 2411 Nisi
967 2375 1063 2411 forte
1099 2388 1177 2412 non
1219 2389 1298 2422 me,
1331 2377 1398 2413 sed

391 2433 483 2469 mihi
501 2442 660 2483 paterno
687 2434 864 2471 timuistis
882 2434 1038 2481 affectu,
1061 2435 1163 2485 quod
1186 2445 1313 2473 motus
1328 2450 1399 2474 vo-

392 2492 450 2529 bis
477 2493 627 2529 viderer
650 2507 727 2529 non
752 2507 797 2530 ex
826 2494 992 2540 ratione3
1016 2503 1082 2531 aut
1105 2495 1135 2531 si
1155 2509 1202 2532 ex
1223 2496 1396 2543 ratione,

394 2554 492 2590 forte
513 2554 599 2603 plus
628 2567 740 2605 quam
767 2563 974 2604 oporteret.
993 2558 1138 2601 Motus,
1158 2556 1298 2602 fateor,
1322 2556 1396 2603 fui,

1468 1909 1506 1937 et
1531 1899 1734 1946 ambabus,
1762 1908 1805 1937 ut
1828 1900 1990 1945 dicitur,
2015 1899 2163 1937 trahere
2193 1897 2389 1945 manibus,
2411 1897 2470 1937 ubi

1468 1961 1514 1998 de
1531 1961 1670 2010 gratia,
1690 1974 1775 2010 quae
1793 1961 1833 1997 in
1853 1973 1900 1997 eo
1925 1969 1982 1997 est
1995 1989 2004 2006 ,
2023 1964 2106 1998 Deo
2124 1958 2353 1996 fructificare
2372 1959 2471 1997 vale-

1469 2030 1537 2059 ret.
1561 2023 1653 2070 Quis
1676 2021 1779 2058 dabit
1802 2021 1894 2058 mihi
1913 2022 2089 2058 homines
2108 2021 2315 2066 litteratos,
2336 2028 2374 2057 et
2393 2033 2471 2058 san·
2489 2065 2491 2069 Ι

1468 2090 1566 2127 ctos,
1588 2082 1626 2117 in
1648 2081 1825 2118 Ecclesiis
1850 2081 1919 2118 Dei
1943 2093 2104 2131 praeesse
2131 2088 2326 2130 pastores,
2347 2080 2378 2117 si
2396 2092 2469 2118 non

1466 2141 1503 2177 in
1524 2141 1703 2178 omnibus
1717 2170 1726 2186 ‚
1749 2150 1851 2178 certe
1873 2142 1912 2178 in
1938 2141 2132 2192 pluribus,
2153 2149 2256 2178 certe
2277 2140 2315 2177 in
2337 2140 2470 2190 aliqui—
2488 2175 2491 2197 i

1464 2200 1536 2240 hus
1566 2202 1725 2238 saltem?
1749 2202 1849 2250 Quid
1870 2202 1971 2239 enim
2000 2202 2031 2239 si
2055 2201 2210 2251 juvenis
2235 2201 2362 2251 aliqua
2384 2200 2468 2238 olim
2488 2202 2498 2249 's-

1460 2259 1684 2309 juveniliter
1711 2262 1830 2311 egisse
1862 2263 2120 2299 memoratur?
2148 2265 2288 2299 Vetera
2314 2254 2491 2298 transiet-¹

1465 2330 1576 2367 runt,
1601 2335 1701 2358 nova
1729 2322 1826 2358 facta
1854 2330 1942 2358 sunt
1969 2322 2110 2358 omnia.
2140 2321 2394 2370 Consepultus
2417 2327 2469 2358 est

1464 2379 1603 2416 iterum
1636 2380 1786 2417 Christo
1826 2393 1896 2430 per
1926 2380 2045 2416 eremi
2078 2379 2345 2430 baptismum*
2368 2394 2376 2416 :
2402 2391 2467 2430 ego

1464 2440 1555 2477 olim
1576 2441 1724 2490 sepulta
1746 2440 1838 2477 vitia
1858 2439 2100 2477 retractabo?

1518 2501 1555 2537 3.
1572 2504 1656 2538 Jam
1680 2499 1785 2550 quod
1802 2499 1918 2537 abbas
1936 2500 2197 2538 Caziacensis*
2213 2500 2293 2537 sive
2311 2503 2468 2537 Trecen-
2487 2539 2489 2543 ,

1464 2560 1514 2597 sis
1531 2560 1625 2596 dure
1643 2561 1826 2597 dicuntur
1839 2561 2032 2611 scripsisse
2049 2560 2177 2607 vobis;
2190 2560 2369 2605 omnino,
2386 2571 2466 2597 cum
2486 2578 2488 2594 z

389 2613 455 2650 sed
485 2627 556 2664 pro
586 2613 715 2661 vobis,
747 2627 825 2651 non
855 2623 990 2651 contra
1016 2628 1106 2659 vos;
1135 2623 1250 2665 atque
1277 2616 1315 2652 id
1341 2625 1397 2654 te-
1418 2627 1447 2661 D
1464 2620 1610 2666 audivi,
1635 2621 1729 2658 dure
1750 2623 1898 2672 accepi,
1923 2630 1962 2658 et
1985 2634 2071 2658 cum
2092 2634 2277 2672 accepero
2302 2629 2464 2670 tempus,
2486 2624 2493 2643 *¹

388 2674 514 2710 nuiter
532 2675 631 2710 satis.
655 2674 691 2712 Si
711 2683 748 2711 et
767 2674 841 2711 hoc
865 2683 1033 2721 temere3
1055 2675 1121 2711 sed
1148 2688 1226 2711 non
1254 2684 1396 2713 temere

388 2735 575 2771 confiteor
604 2734 804 2772 adversum
844 2748 902 2771 me
930 2734 1154 2784 injustitiam
1186 2749 1327 2782 meam,
1360 2746 1398 2774 et

388 2807 456 2830 vos
480 2795 678 2831 remittetis
707 2795 958 2832 temeritatem
988 2796 1134 2845 peccati
1169 2797 1255 2833 mei.
1286 2801 1397 2847 Igno-

388 2854 478 2890 scite
495 2854 585 2890 mihi
604 2870 611 2890 :
633 2854 686 2891 sic
703 2868 805 2901 sum,
828 2855 930 2891 zelus
951 2854 1088 2892 domus
1106 2864 1242 2893 vestrae
1265 2871 1396 2895 comc-

388 2914 444 2950 dit
474 2928 546 2951 me.
575 2919 659 2952 Non
691 2916 817 2965 patior
846 2917 980 2966 plane,
1012 2916 1117 2965 quod
1149 2917 1187 2953 in
1220 2931 1280 2955 me
1316 2928 1392 2965 cst,

387 2974 601 3010 decolorari
619 2983 731 3011 tantae
751 2976 943 3025 specimen
961 2977 1170 3013 sanctitatis
1186 2992 1193 3014 :
1212 2991 1298 3015 nam
1314 2992 1396 3016 cor-

387 3034 515 3084 rumpi
545 3047 674 3084 posse,
704 3034 801 3072 absit
830 3044 873 3072 ut
899 3049 1044 3073 verear.
1076 3040 1238 3075 Prorsus
1268 3048 1393 3077 autem

386 3093 561 3144 displicet
587 3095 625 3131 in
657 3095 917 3145 pulcherrimo
948 3110 1132 3147 corpore,
1163 3112 1240 3135 non
1269 3101 1390 3138 solum

386 3153 563 3201 morbus,
585 3154 650 3192 scd
670 3163 707 3191 et
728 3169 870 3193 naevus.
889 3160 973 3193 Non
1001 3158 1113 3207 plane
1133 3157 1258 3196 bonus
1272 3161 1390 3208 color,

383 3213 413 3250 si
441 3222 659 3251 sanctorum
681 3215 870 3266 quispiam
890 3216 1000 3253 anxie
1020 3217 1116 3254 ferre
1137 3217 1389 3267 abjectionem

429 3348 442 3361 ἢ
460 3347 545 3378 Alias
560 3371 566 3381 ,
582 3346 749 3389 jmlzcaril.

1464 2693 1540 2716 non
1562 2679 1826 2727 dissimulabo,
1845 2689 2031 2730 quantum
2048 2680 2205 2731 quidem
2223 2681 2383 2718 charitas
2400 2692 2469 2730 pot

1463 2740 1636 2786 stillabit,
1658 2750 1695 2777 et
1725 2741 1976 2788 familiaritas,
2003 2755 2088 2792 quae
2115 2742 2206 2778 mihi
2237 2755 2310 2792 pro
2339 2752 2465 2778 eorum

1464 2801 1705 2850 religiositate
1737 2802 1783 2838 ad
1814 2803 1918 2852 ipsos
1947 2811 2015 2839 est.
2047 2806 2130 2840 Deo
2162 2810 2287 2839 autem
2313 2800 2463 2851 gratias,

1463 2861 1529 2910 qui
1557 2860 1662 2898 dedit
1685 2861 1793 2898 vobis
1815 2876 1893 2899 non
1919 2863 2022 2899 vinci
2042 2875 2064 2899 a
2084 2862 2185 2899 malo
2199 2890 2209 2907 ‚
2236 2861 2301 2899 sed
2321 2861 2465 2898 vincere
2485 2876 2488 2885 ·

1463 2920 1502 2956 in
1526 2919 1630 2957 bono
1658 2921 1819 2967 malum,
1836 2922 1926 2971 quia
1946 2935 2024 2959 non
2046 2921 2295 2972 respondistis
2318 2921 2371 2958 eis
2389 2932 2465 2958 ma-

1462 2980 1539 3017 lum
1559 2995 1630 3031 pro
1654 2983 1776 3028 malo,
1800 2991 1865 3019 aut
1887 2983 2130 3020 maledictum
2154 2996 2227 3033 pro
2256 2981 2461 3019 maledicto.
2484 3008 2485 3013 η

1461 3044 1582 3079 Porro
1615 3043 1716 3090 illas,
1738 3057 1832 3093 quas
1853 3043 1899 3080 ad
1921 3057 1981 3081 me
2004 3043 2186 3081 adversus
2206 3043 2384 3094 praefatos
2402 3039 2465 3079 ab·

1459 3101 1564 3140 bates
1585 3113 1672 3141 ante
1693 3105 1928 3155 scripseratis
1948 3105 2094 3142 litteras
2108 3133 2118 3151 ,
2143 3117 2212 3142 nec
2232 3103 2376 3149 studio,
2398 3112 2463 3140 nec

1459 3164 1656 3201 voluntate
1679 3178 1761 3202 mea
1787 3165 1834 3202 ad
1855 3166 2028 3216 ipsorum
2057 3166 2235 3204 notitiam
2251 3162 2462 3222 pervenisse

1460 3224 1595 3262 sciatis.
1616 3228 1662 3262 Et
1679 3224 1726 3262 de
1741 3225 1799 3261 his
1819 3227 1919 3263 satis.
