2517 3936
103 184 195 222 1161

645 195 809 232 SERMO
839 198 904 231 DE
934 197 1271 235 CONVERSIONE
1300 203 1366 236 AD
1395 204 1639 243 CLERICOS.

101 273 178 298 non
199 262 355 311 quidem
384 276 541 309 omneS,
565 267 631 303 sed
653 276 778 306 tamen
800 272 933 318 multi,
956 273 1158 309 (τοι-111111435
1172 273 1242 311 bus
1261 280 1522 326 praeostensis,
1538 283 1672 319 saltare
1691 298 1772 335 mag

2071 224 2167 263 1162

1778 288 1822 334 is,
1840 304 1950 340 quam
1966 301 2168 338 ascendere

98 330 176 368 est,
207 335 278 359 nec
307 323 423 360 latere
445 335 592 374 queunt
623 340 702 377 prae
723 331 970 368 multitudine
986 361 996 378 ‚
1032 346 1102 369 nec
1119 335 1148 368 A
1172 333 1274 370 libet.
1300 337 1453 373 Utinam
1477 347 1601 376 tamen
1625 343 1795 393 quisquis
1815 349 1866 385 sic
1884 351 2016 401 intrat,
2038 358 2066 394 si
2087 361 2165 397 lieri

96 381 427 432 praeimpudentia
445 394 622 433 quaerunt
643 401 651 422 ;
674 389 784 424 multi
804 390 936 439 utique
956 391 1107 428 liberta-

97 449 194 488 tem,
217 445 255 479 in
277 456 352 492 qua
371 445 497 481 vocati
515 455 604 482 sunt
618 474 627 491 ‚
652 447 689 483 in
716 450 954 487 occasionem
978 453 1100 488 carnis

95 500 242 539 dedisse
262 503 463 551 videntur,
481 504 715 543 abstinentes
732 509 902 546 remedio
917 511 1101 560 nuptiali,

93 569 131 597 et
149 560 187 598 in
207 575 322 600 omne
344 564 524 615 deinceps
547 566 732 615 flagitium
754 568 967 606 effluentes.

435 693 614 733 CAPUT
642 693 755 734 XXI.

301 818 390 850 Serio
409 816 592 849 cohortatur
610 817 649 849 ad
666 818 891 860 poeniteutiam.

145 936 208 973 37.
230 933 398 977 Parcite,
419 931 600 977 obsecro,
622 932 776 978 fratros,
796 932 941 983 parcite
959 933 1101 969 anima—

91 994 165 1032 bus
181 993 315 1031 vestris
327 1022 336 1040 ,
353 993 498 1043 parcite
515 992 688 1042 sanguini
706 993 771 1042 qui
787 1005 859 1042 pro
879 991 990 1029 vobis
1008 993 1098 1029 effu-

1174 402 1324 442 posset‚
1360 404 1433 431 tam
1461 397 1622 436 fideliter
1654 402 1897 454 ministraret,
1933 425 2043 460 quam
2070 417 2166 454 lidu-

1168 452 1312 489 cialitcr
1346 467 1384 489 sc
1416 455 1581 504 ingessit.
1626 464 1674 496 At
1710 461 1861 501 difficile
1884 496 1893 512 ‚
1930 470 2095 511 fortassis
2131 486 2167 513 ‹·t

1169 512 1402 560 impossibile
1419 524 1497 561 est,
1517 526 1557 553 ut
1575 531 1622 554 ex
1642 533 1768 558 amara
1789 524 1912 562 radice
1929 529 2144 572 ambitionis

1169 574 1294 609 suavis
1319 574 1462 612 fructus
1487 578 1648 626 prodeat
1673 581 1876 621 charitatis.
1902 588 1996 624 Dico
2019 604 2087 634 ego
2103 622 2111 637 ‚
2139 565 2167 632 si

1171 632 1286 668 vultis
1303 634 1434 671 audire
1447 665 1456 680 ,
1473 636 1550 672 imo
1568 651 1642 675 non
1659 654 1747 689 ego,
1765 643 1828 678 sed
1848 630 2058 686 Dominusk:
2081 655 2167 689 Cum

1172 701 1328 728 vocatus
1339 692 1462 740 sileris
1479 699 1533 732 ad
1543 703 1693 747 nuptias
1701 729 1712 745 ,
1736 704 1902 739 recumbe
1917 710 1955 741 (Ἰι
1976 715 2170 748 novissimo

1171 754 1250 787 loco
1271 768 1282 787 .·
1304 760 1395 802 qnia
1415 762 1535 792 (νηκτῶ-
1555 763 1620 806 qui
1639 774 1676 795 se
1700 766 1865 809 evaleat,
1891 767 2167 817 humihabitur,-

1169 821 1205 847 σί
1220 818 1285 860 qui
1303 828 1340 849 se
1359 816 1531 853 lmmlliac
1543 846 1555 862 ,
1581 821 1845 861 e.1.·altabe·mr³.

1499 944 1675 985 CAPL'T
1705 947 1835 988 XXII.

45 1063 51 1067 '
89 1068 154 1094 sus
173 1063 242 1092 est.
272 1053 522 1091 Horrendum
555 1062 685 1090 cavete
711 1053 922 1103 periculum
935 1082 945 1099 ‚
972 1053 1098 1102 ignem
1120 1052 1148 1085 Β
1168 1065 1326 1095 Bonorum
1343 1069 1504 1099 Pastorum
1521 1064 1586 1103 estj
1603 1070 1732 1110 docere;
1753 1083 1808 1103 nec
1825 1074 1928 1115 fugere
1941 1082 2166 1119 peisecutionos

88 1116 155 1166 qui
186 1123 342 1165 paratus
369 1122 427 1151 est
460 1113 659 1150 declinate.
691 1113 915 1150 Inveniatur
946 1112 1098 1149 tandem

90 1189 170 1212 non
193 1174 364 1212 irrisoria
383 1173 630 1224 perfectionis
646 1173 853 1224 professi05
874 1172 1100 1210 exhibeatur

87 1235 202 1272 etiam
231 1235 355 1271 virtus
375 1234 415 1271 in
444 1234 570 1285 specie
592 1234 756 1285 pietatis.
790 1237 875 1271 Non
907 1233 955 1270 sit
977 1233 1100 1270 inanis

87 1295 229 1333 caelibis
258 1295 344 1331 vitae
367 1295 511 1340 forma,
537 1302 574 1331 et
603 1307 722 1330 vacua
743 1294 927 1330 veritatis.
955 1293 1099 1341 Quidni

87 1356 325 1406 periclitetur
360 1355 510 1392 castitas
546 1354 585 1390 in
621 1354 765 1391 deliciis
786 1383 796 1401 ,
833 1354 1027 1390 humilitas
1061 1355 1100 1390 in

88 1416 252 1463 divitiis,
276 1415 397 1466 pietas
428 1414 467 1451 in
492 1414 654 1464 negotiis
671 1443 679 1459 ,
704 1414 844 1451 veritas
867 1413 906 1450 in
933 1414 1103 1450 multilo-

85 1477 201 1527 quio,
231 1475 395 1513 charitas
421 1474 460 1511 in
488 1475 562 1511 hoc
593 1475 731 1511 saeculo
753 1478 946 1524 nequam?
969 1475 1102 1525 Fugite

86 1537 135 1574 de
158 1536 284 1574 medio
308 1535 533 1585 Babylonis,
564 1536 700 1586 fugite,
728 1545 765 1572 et
785 1537 927 1573 salvate
955 1536 1101 1573 animas

84 1607 242 1636 vestras.
259 1598 468 1636 Convolate
486 1597 534 1634 ad
548 1596 662 1634 urbes
681 1597 840 1647 refugii,
863 1597 928 1634 ubi
947 1598 1100 1648 possitis

83 1667 123 1696 et
143 1659 190 1696 de
209 1658 413 1709 praeteritis
437 1671 548 1707 agere
567 1657 832 1708 poenitentiam
846 1687 855 1703 ‚
878 1666 916 1694 et
934 1658 974 1694 in
996 1671 1099 1708 prae—

84 1720 183 1756 senti
198 1717 373 1756 obtinere
389 1717 547 1768 gratiam
560 1747 569 1765 ,
586 1725 624 1755 et
641 1717 807 1754 futuram
823 1718 982 1767 gloriam
999 1718 1098 1755 fidu-

83 1779 230 1817 cialiter
244 1779 470 1829 praestolari.
489 1782 574 1816 Non
589 1792 658 1816 vos
676 1778 843 1815 retardet
863 1779 1098 1816 conscientia

1520 1131 1646 1167 propter
1655 1127 1814 1167 justitiam.

1219 1233 1281 1268 39.
1302 1236 1433 1280 Beati,
1454 1237 1783 1286 inquit‚pm*(f1'ci,
1808 1247 2074 1292 qumziamfilli
2097 1252 2167 1285 Dei

1167 1292 1434 1331 vocabuntuffl'.
1460 1298 1665 1334 Considera
1689 1300 1887 1349 diligenter
1910 1317 1985 1340 non
2024 1308 2168 1355 pacidi-

1170 1365 1256 1397 cos,
1283 1354 1347 1390 sed
1371 1356 1550 1404 pacificos
1573 1360 1843 1398 commendari.
1867 1365 1961 1399 Sunt
1981 1366 2080 1402 enim
2104 1369 2168 1416 qui

1170 1412 1324 1461 dicunt,
1348 1424 1385 1452 et
1418 1429 1496 1453 non
1527 1418 1680 1455 faciunt.
1717 1424 1812 1458 Sane
1847 1425 2166 1472 quemadmodum

1168 1486 1246 1510 non
1278 1475 1471 1513 auditores
1504 1478 1593 1527 legis
1619 1479 1712 1528 justi
1746 1491 1853 1528 sunt,
1886 1484 1950 1520 sed
1976 1485 2166 1525 factores:

1168 1534 1220 1570 sic
1258 1548 1335 1571 non
1371 1538 1659 1576 annuntiatores
1694 1542 1794 1589 pacis
1827 1552 1915 1579 sunt
1944 1544 2067 1591 beati,
2103 1548 2167 1584 sed

1167 1602 1326 1632 actores.
1343 1596 1497 1634 [tinam
1515 1606 1639 1635 tamen
1657 1602 1775 1637 nostri
1794 1603 2023 1654 quicumque
2039 1606 2168 1644 viden-

1169 1661 1231 1690 tur
1267 1654 1379 1692 hodie
1411 1656 1587 1694 Pharisaei
1618 1665 1623 1701 ξ
1648 1659 1742 1696 sorte
1766 1662 1864 1698 enim
1889 1663 2003 1713 aliqui
2027 1665 2165 1715 sunt),

1165 1715 1234 1751 etsi
1258 1729 1335 1751 non
1363 1717 1551 1764 facerent,
1576 1720 1705 1756 saltem
1731 1720 1899 1759 dicerent
1920 1725 2023 1773 quod
2047 1739 2164 1776 opor-

1166 1782 1229 1810 tet.
1246 1776 1401 1813 Utinam
1415 1778 1576 1827 quisine
1591 1790 1745 1830 sumptu
1761 1784 2004 1832 Evangelium
2022 1799 2165 1834 ponere

84 1848 330 1891 peccatorum
348 1839 459 1890 :quia
475 1839 542 1876 ubi
555 1840 618 1876 5113
631 1839 947 1887 abundaverunt,
964 1854 1094 1891 super-
1116 1834 1143 1870 C
1163 1836 1323 1882 nolunt,
1346 1847 1535 1887 ponerent
1556 1840 1613 1875 vel
1636 1853 1706 1889 pro
1731 1851 1886 1891 sumptu
1907 1858 1914 1879 :
1938 1844 2079 1881 utinam
2102 1847 2162 1882 'vel

82 1899 281 1937 abundare
316 1900 436 1949 gratia
475 1900 688 1937 consuevit.
727 1904 812 1937 Non
854 1901 1092 1951 poenitentiae

80 1961 280 1998 austeritas
299 1960 382 2011 ipsa
402 1959 602 1997 deterreat.
621 1964 752 2010 Neque
769 1961 870 1997 enim
892 1961 1091 2011 eondignae

80 2029 171 2057 sunt
192 2020 388 2071 passiones
418 2019 536 2070 hujus
571 2021 756 2072 temporis
783 2021 830 2058 ad
860 2022 1091 2071 praeteritam

78 2081 252 2131 culpam,
282 2095 368 2131 quae
403 2081 638 2128 remittitur,
674 2095 753 2118 non
785 2081 832 2118 ad
866 2091 1091 2131 praesentem

80 2141 354 2178 consolationis
375 2141 533 2190 gratiam
549 2170 558 2187 ,
579 2154 664 2190 quae
686 2141 926 2186 immittitur3
948 2154 1026 2177 non
1047 2141 1094 2177 ad

81 2202 246 2238 futuram
272 2201 431 2250 gloriam
447 2229 456 2247 ‚
476 2215 561 2251 quae
581 2201 820 2251 promittitur
833 2201 954 2238 nobis.
978 2201 1095 2238 Deni-

81 2276 158 2312 que
177 2262 283 2298 nulla
303 2270 360 2298 est
381 2270 483 2298 tanta
503 2262 718 2299 amaritudo
733 2292 742 2308 ‚
764 2275 877 2312 quam
898 2275 975 2298 non
997 2276 1093 2312 pro-

79 2321 231 2371 phetica
266 2322 388 2358 farina
417 2321 639 2369 dulcoret¹,
668 2336 783 2372 quam
815 2335 894 2358 non
920 2321 1091 2372 sapidam

79 2381 214 2418 reddat
230 2382 435 2432 sapientia,
460 2382 604 2432 lignum
627 2383 754 2419 vitae2.
798 2408 804 2409 ff

133 2443 196 2481 38.
223 2443 260 2480 Si
281 2442 410 2480 verbis
431 2456 509 2480 non
527 2443 698 2489 creditis,
727 2442 910 2494 operibus
928 2443 1088 2490 credite,

78 2505 266 2555 exemplis
286 2505 514 2554 acquiescite
537 2505 807 2555 plurimorum.
831 2507 998 2542 Currunt
1017 2518 1090 2540 un-

80 2565 194 2616 dique
229 2575 450 2616 peccatores
485 2566 532 2603 ad
564 2567 849 2618 poenitentiam,
883 2575 920 2603 et
953 2575 1090 2603 natura

1160 1896 1470 1946 evangelizarent
1502 1907 1543 1934 ut
1569 1899 1856 1938 manducarent.
1887 1904 2163 1951 Mercenarius,

1162 1957 1311 2006 inquit,
1334 1961 1440 1995 videt
1457 1962 1583 2008 lupum
1606 1966 1840 2008 venientem,
1867 1963 2014 2012 etsugic
2026 1965 2052 2001 ⁵.
2077 1966 2165 2003 L’ti-

1162 2031 1249 2054 nam
1270 2018 1384 2056 hodie
1408 2020 1639 2071 quicumque
1663 2031 1834 2072 pastores
1850 2037 1925 2060 non
1945 2033 2054 2071 sunt,
2071 2039 2166 2063 mer-

1161 2080 1334 2117 cenarios
1354 2081 1458 2131 gregi
1482 2082 1624 2119 vellent
1646 2096 1684 2120 se
1705 2083 1906 2129 exhibere,
1931 2097 2008 2121 non
2028 2086 2162 2136 lupos:

1161 2140 1306 2177 utinam
1325 2142 1395 2191 ipsi
1414 2155 1488 2179 non
1516 2142 1718 2197 laederent,
1737 2144 1879 2180 utinam
1898 2158 1975 2181 non
1993 2146 2164 2196 fugerent

1162 2201 1314 2237 nemine
1343 2211 1598 2252 persequente
1615 2232 1624 2248 ,
1650 2202 1795 2240 utinam
1824 2217 1902 2240 non
1926 2214 2162 2254 exponerent

1160 2273 1335 2310 gregem,
1363 2262 1486 2299 donec
1509 2263 1622 2313 lupus
1639 2264 2020 2301 veniens-videretur.
2042 2265 2161 2302 Nimi-

1161 2334 1246 2357 rum
1269 2322 1482 2359 sustinendi
1505 2324 1674 2369 fuerant,
1702 2325 1731 2361 si
1754 2325 2035 2372 invenirentur,
2058 2339 2158 2375 pree—

1159 2381 1288 2417 sertim
1319 2391 1492 2432 tempore
1526 2384 1654 2433 pacis,
1687 2384 1912 2434 recipientes
1946 2385 2158 2422 mercedem

1157 2453 1282 2487 suam,
1310 2451 1347 2479 et
1375 2456 1447 2492 pro
1478 2444 1651 2481 mercede
1683 2457 1748 2481 sua
1771 2445 1901 2481 saltem
1928 2445 1965 2481 in
1990 2445 2158 2482 custodia

1157 2501 1279 2550 gregis
1298 2502 1514 2540 laborantes
1531 2519 1538 2540 :
1559 2504 1767 2540 dummodo
1785 2517 1860 2540 non
1877 2504 1947 2553 ipsi
1962 2504 2158 2541 turbarent

1157 2574 1330 2611 gregem,
1364 2572 1401 2600 et
1424 2565 1537 2613 gratis
1558 2573 1773 2600 averterent
1795 2578 1815 2600 a
1837 2564 1984 2613 pascuis
2000 2564 2157 2613 justitiae

82 2626 228 2676 pariter
243 2635 281 2663 et
300 2627 578 2664 consuetudine
597 2627 747 2663 delicati
765 2626 993 2663 exteriorem
1012 2640 1092 2662 om-
1110 2628 1142 2661 D
1158 2629 1195 2657 et
1228 2623 1406 2659 veritatis.
1440 2627 1532 2661 Nam
1562 2624 1774 2674 persecutio
1810 2623 1962 2672 quidem
1996 2623 2154 2661 indubi-

78 2687 171 2724 nino
197 2688 438 2738 asperitatem
460 2701 539 2724 non
562 2696 764 2737 reputant,
788 2696 831 2724 ut
852 2695 1087 2737 exasperatae

77 2748 321 2785 conscientiae
340 2749 544 2785 leniantur.
561 2749 662 2786 Nihil
680 2748 925 2786 credentibus
944 2749 1085 2798 impos-

78 2807 207 2856 sibile,
228 2808 281 2845 nil
302 2807 519 2845 amantibus
540 2808 693 2845 difficile
709 2837 719 2855 ,
742 2809 794 2844 nil
811 2822 988 2858 asperum
1014 2808 1084 2844 mi-

78 2867 196 2914 tibus,
218 2869 271 2905 nil
290 2868 498 2906 humilibus
522 2868 684 2905 arduum
709 2868 920 2918 reperitur,
945 2868 1084 2918 quibus

78 2936 116 2965 et
143 2930 262 2978 gratia
293 2929 365 2966 fert
387 2930 593 2974 auxilium,
624 2937 662 2966 et
690 2929 894 2966 obediendi
929 2929 1089 2966 devotio

78 2989 172 3026 lenit
192 2989 409 3040 imperium.
434 2989 625 3038 Quamdiu
654 2989 854 3026 ambulatis
878 2990 916 3026 in
943 2990 1087 3039 magnis

78 3058 117 3086 et
138 3048 375 3087 mirabilibus
404 3063 520 3100 super
544 3051 636 3086 vos?
665 3053 846 3098 Magnum
870 3062 1028 3100 prorsus
1051 3057 1088 3085 ct

79 3109 252 3147 mirabile
275 3118 332 3146 est
353 3110 568 3147 ministrum
593 3123 674 3147 esse
698 3109 858 3162 Christi,
883 3118 920 3147 et
943 3117 1087 3158 myste-

78 3169 223 3207 riorum
250 3170 321 3208 Dei
352 3169 669 3220 dispensatorem.
699 3173 832 3220 Longe
866 3182 980 3219 super
1017 3181 1085 3203 vos

79 3239 135 3267 est
153 3230 251 3267 ordo
272 3230 520 3281 pacificorum
535 3260 545 3277 ,
563 3231 634 3267 nisi
651 3231 768 3278 forte,
793 3230 940 3267 omissis
963 3228 1086 3279 gradi-

1157 2689 1280 2718 tanter
1324 2684 1575 2720 mercenarios
1610 2697 1629 2720 a
1664 2683 1878 2734 pastoribus
1915 2692 2084 2733 segregat
2118 2692 2155 2720 et

1155 2742 1346 2780 discernit.
1371 2744 1532 2792 Quando
1555 2744 1653 2780 enim
1677 2744 1891 2780 transitoria
1914 2743 2051 2781 damna
2073 2758 2150 2781 non

1156 2803 1304 2848 timeat,
1331 2804 1395 2853 qui
1415 2805 1634 2853 temporalia
1658 2805 1762 2840 lucra
1784 2805 1973 2840 sectatur?
1990 2805 2151 2852 Quando

1154 2870 1341 2900 terrenam
1360 2864 1539 2901 sustineat
1557 2864 1857 2912 persecutionem
1876 2863 2153 2914 propterjusti-

1153 2924 1259 2969 tiam,
1285 2924 1349 2973 qui
1375 2933 1559 2961 terrenam
1578 2923 1788 2960 mercedem
1813 2924 1898 2974 plus
1915 2937 2029 2973 quam
2043 2923 2154 2974 justi-

1155 2983 1242 3019 tiam
1275 2985 1437 3032 quaerit?
1458 2987 1586 3028 Beati,
1614 2984 1755 3033 inquit,
1776 2988 1839 3032 qui
1854 2989 2152 3033 persecutionem

1150 3045 1347 3091 patiuntur
1370 3053 1526 3092 propter
1542 3048 1727 3090 justitiane
1741 3072 1752 3087 ,
1784 3046 1957 3092 quoniam
1993 3048 2152 3092 ipsorum

1154 3113 1210 3139 est
1230 3117 1380 3151 regnum
1405 3107 1594 3141 coelnrum.
1619 3107 1818 3141 Pastorum
1838 3104 1917 3140 haec
1937 3103 2152 3149 beatitudo,

1152 3176 1230 3199 non
1268 3163 1613 3210 mercenariorum,
1652 3164 1772 3200 multo
1805 3163 1931 3199 minus
1962 3163 2148 3199 latronum

1152 3231 1230 3269 cst,
1256 3222 1315 3258 vel
1339 3224 1531 3273 luporum.
1556 3228 1686 3273 [sque
1705 3223 1800 3259 adeo
1820 3221 2002 3271 siquidem
2026 3234 2151 3271 perse-

129 3371 139 3387 ¹
161 3369 205 3398 IV
225 3369 307 3408 Reg.
323 3377 377 3404 1v,‚
393 3368 504 3400 41.-
522 3372 535 3388 ²
554 3366 655 3398 Exod.
675 3378 732 3405 xv,
757 3370 812 3398 25.
831 3384 869 3388 —-
889 3363 902 3388 3
922 3368 997 3396 Luc.
1019 3375 1090 3401 nv,
1112 3366 1164 3400 10,
1189 3366 1239 3392 ll.
1257 3379 1298 3383 ψ
1313 3360 1327 3385 4
1348 3357 1462 3391 Matth.
1482 3369 1514 3395 v,
1537 3361 1567 3388 9.
1581 3375 1625 3379 -
1640 3354 1654 3378 5
1670 3358 1764 3387 Joan.
1785 3366 1824 3391 x,
1851 3356 1901 3384 12.
