2517 3920
316 209 410 246 1291

1048 210 1086 245 S.
1117 210 1371 246 BERNARDI
1399 209 1601 245 ABBATIS

2289 208 2389 247 1292

308 286 569 324 misericordia
595 296 685 323 11011
699 287 952 337 praecessisset
966 317 974 333 ,
998 287 1045 323 ad
1065 288 1161 324 hanc
1175 315 1184 332 ,
1207 285 1315 335 cujus
1327 287 1644 328 5⁶⁴considerans,
1666 283 1844 333 inquiens
1860 312 1869 330 ,
1887 293 1921 320 te
1948 288 2087 333 ipsum,
2113 285 2151 322 id
2177 294 2259 333 est,
2277 300 2392 336 quani

309 346 458 382 miseria
474 354 594 382 mater
608 354 684 393 est,
702 359 780 383 non
798 346 1027 384 accessisset.
1043 347 1079 383 Si
1096 360 1172 383 11011
1192 359 1314 383 acces-
1334 350 1366 383 A
1386 345 1503 382 facilis
1521 344 1568 381 ad
1586 343 1829 390 tentandum,
1848 358 1962 393 quam
1984 357 2131 394 pronus
2159 345 2206 381 ad
2230 359 2395 396 peccan-

311 405 444 452 sisset,
467 419 546 442 non
567 406 782 442 attraxisset
802 421 809 442 :
829 406 857 442 si
876 420 955 442 non
976 406 1215 451 attraxisset,
1239 418 1318 441 non

312 466 546 503 extraxisset.
570 466 683 504 Unde
708 474 833 502 autem
856 466 1041 513 extraxit,
1062 466 1136 502 nisi
1163 465 1209 502 de
1236 466 1319 501 lacu

315 526 494 573 miseriae,
522 535 560 563 et
587 526 634 563 (le
661 527 742 563 luto
775 527 874 564 faecis
891 534 901 548 ¹
919 529 932 563 Ρ
953 531 1029 564 Nec
1058 527 1159 563 illam
1194 535 1320 563 tamen

313 586 611 623 misericordiam
636 587 823 633 deseruit,
843 587 907 623 sed
928 587 1025 624 hanc
1044 587 1224 623 inseruit:
1243 599 1319 623 non

316 647 498 693 mutavit,
516 646 579 683 sed
607 647 890 696 multiplicavit,
917 647 1014 683 sicut
1034 647 1217 697 scriptum
1247 655 1319 692 est,

318 707 495 742 Homines
515 715 550 742 et
562 707 738 752 jumenta
753 707 931 752 salvabis,
946 709 1125 752 Domine,
1145 709 1323 756 quemad—

318 768 467 802 modum
483 769 744 815 multiplicasti
757 769 1047 803 misericordiam
1059 777 1178 812 tuam,
1191 770 1321 802 Deme.

667 891 846 931 CAPUT
876 893 946 931 IV.

313 1008 435 1040 Primus
452 1006 588 1038 veritatis
602 1006 714 1048 gradus
737 1012 798 1044 est,
814 1006 951 1048 primum
964 1018 997 1038 se
1015 1007 1116 1050 ipsum
1139 1007 1300 1039 attendere
1313 1031 1321 1043 ,

525 1071 579 1091 5611
593 1061 752 1103 propriam
766 1060 922 1092 miseriam
936 1072 1112 1103 agnoscere.

371 1184 428 1220 13.
465 1182 538 1220 Sed
567 1181 646 1231 jam
680 1182 727 1219 ad
762 1184 1006 1233 propesitum
1042 1183 1254 1221 redeamus.
1288 1184 1325 1221 Si

314 1255 404 1294 ergo
427 1255 465 1280 se
487 1242 666 1279 miserum
698 1242 805 1288 fecit,
828 1243 893 1292 qui
914 1244 1028 1280 miser
1054 1257 1132 1280 non
1154 1253 1254 1290 erat,
1282 1253 1326 1280 ut

313 1303 554 1354 experiretur
576 1302 681 1352 quod
701 1310 739 1338 et
759 1310 846 1338 ante
873 1302 1014 1338 sciebat
1036 1318 1043 1339 :
1066 1312 1212 1352 quanto
1239 1317 1323 1340 ma-

313 1364 368 1414 gis
391 1372 451 1410 tu,
473 1376 551 1399 non
574 1362 660 1399 dico
678 1371 720 1398 ut
744 1370 780 1398 te
806 1362 919 1399 facias
944 1362 1049 1411 quod
1078 1377 1153 1400 11011
1177 1378 1239 1411 65,
1257 1364 1322 1401 56(1

312 1433 354 1461 111
371 1423 543 1461 attendas
567 1422 672 1472 quod
693 1436 732 1460 es
746 1451 755 1469 ‚
777 1423 866 1472 quia
887 1436 975 1459 vere
996 1424 1109 1460 miser
1132 1437 1171 1460 es
1187 1454 1196 1471 ,
1217 1425 1323 1462 etsie

314 1484 434 1521 discas
454 1483 649 1529 misereri,
667 1482 732 1532 qui
754 1482 826 1518 hoc
847 1482 956 1519 aliter
976 1483 1071 1519 scire
1089 1497 1167 1520 non
1189 1487 1321 1534 potes?

313 1557 360 1582 ne
381 1544 479 1580 sorte
501 1544 531 1580 si
551 1542 718 1593 proximi
739 1542 881 1578 malum
903 1543 1138 1589 consideres,
1158 1552 1196 1580 et
1215 1552 1321 1581 tuum

314 1620 393 1643 non
413 1604 607 1650 attendas;
633 1604 822 1641 movearis
852 1617 930 1640 non
954 1604 1001 1641 ad
1031 1605 1321 1643 miserationem

314 1667 379 1704 sed
414 1666 459 1703 ad
490 1664 813 1714 indignati0ncm3
845 1678 922 1701 non
960 1664 1006 1700 ad
1037 1664 1320 1714 adjuvandum,

312 1727 378 1765 sed
398 1725 710 1775 adjudicandum
732 1740 739 1761 :
762 1725 928 1774 denique
950 1738 1028 1761 non
1055 1725 1102 1761 ad
1130 1725 1321 1764 instruen-

312 1788 403 1825 dum
432 1788 471 1824 in
495 1786 630 1836 spiritu
660 1786 848 1832 lenitatis,
875 1785 940 1822 sed
970 1785 1018 1822 ad
1046 1785 1319 1823 destruendum

1386 406 1477 443 dum
1498 421 1506 443 :
1529 414 1718 456 quatenus
1738 419 1786 442 ex
1806 406 1860 443 tui
1878 406 2184 444 consideratione
2202 407 2393 453 mitesca53

1386 468 1515 517 sicque
1535 467 1582 503 ad
1600 467 1902 503 succurrendum
1919 467 2000 503 aliis
2018 467 2059 503 in
2076 468 2210 518 spiritu
2231 467 2396 504 lenitatis

1387 526 1556 563 accedas.
1584 526 1764 576 Alioquin
1791 527 1821 563 si
1846 535 2065 564 monentem
2093 540 2171 564 11011
2200 527 2307 564 audis
2331 527 2396 565 Di-

1389 588 1598 638 scipulum,
1623 595 1845 637 arguentem
1871 587 1961 624 time
1986 588 2210 637 Magistrum
2231 603 2239 624 τ
2261 591 2396 638 Hypo-

1389 653 1483 684 crim
1494 677 1504 693 ,
1524 653 1618 696 ejice
1633 653 1800 697 primum
1829 647 1969 684 trabem
1996 651 2042 684 de
2061 651 2163 684 oculo
2184 657 2270 693 t1t0,·
2288 658 2325 684 et
2343 653 2397 684 sic

1391 709 1534 745 videbis
1551 708 1741 757 festucam
1770 710 1904 755 ejicere
1925 711 1970 745 de
2002 711 2107 744 oculo
2129 706 2266 757 fratris
2296 713 2393 745 tum.

1391 768 1532 806 Trabes
1549 770 1585 806 in
1606 770 1718 806 oculo
1746 768 1898 818 grandis
1918 777 1955 805 et
1980 781 2130 818 grossa,
2153 766 2335 818 superbia
2357 768 2397 804 in

1391 838 1517 866 mente
1538 839 1593 867 est
1610 845 1617 866 ε
1636 843 1721 879 quae
1747 829 1912 879 quadam
1941 828 2185 879 corpulentia
2204 828 2262 865 sui
2280 841 2397 874 vana,

1391 902 1469 925 non
1494 902 1604 936 sana;
1626 889 1770 926 tumida
1784 918 1793 935 ,
1816 902 1893 926 non
1924 888 2066 935 solida,
2084 889 2239 926 oculum
2261 888 2400 925 mentis

1391 949 1592 996 obscurat,
1617 949 1817 986 veritatem
1842 948 2049 986 obumbrat
2069 949 2145 985 :ita
2168 957 2212 985 ut
2236 948 2267 985 si
2294 956 2399 985 tuam

1393 1010 1638 1059 occupaverit
1675 1017 1866 1056 mentem,
1897 1008 1975 1058 jam
2002 1017 2042 1045 tu
2079 1016 2114 1045 te
2146 1007 2298 1055 videre,
2319 1006 2399 1057 jam

1346 1078 1373 1111 Β
1395 1077 1430 1105 16
1452 1070 1563 1106 talem
1580 1098 1589 1115 ,
1609 1069 1731 1119 qualis
1756 1082 1815 1117 es,
1840 1069 1902 1106 vel
1923 1069 2045 1118 qualis
2065 1081 2146 1106 esse
2173 1077 2304 1119 potes,
2321 1082 2400 1105 non

1392 1130 1515 1180 possis
1543 1131 1683 1168 sentire
1702 1145 1710 1167 ε
1729 1130 1795 1167 sed
1826 1131 1976 1180 qualem
2009 1138 2044 1167 te
2070 1143 2194 1177 amas,
2222 1130 2332 1167 talem
2364 1139 2400 1167 te

1391 1191 1451 1227 vel
1468 1200 1580 1241 putes
1599 1204 1698 1238 esse,
1716 1191 1777 1228 vel
1799 1205 1929 1242 speres
1945 1191 2039 1228 fore.
2057 1190 2156 1240 Quid
2175 1191 2277 1228 enim
2297 1192 2400 1228 aliud

1392 1258 1448 1287 651
1483 1250 1685 1301 superbia,
1712 1265 1827 1302 quam
1857 1251 1921 1302 (ut
1951 1251 2107 1302 quidam
2131 1259 2282 1288 sanctus
2304 1251 2401 1289 defi-

1391 1309 1494 1361 nitS)
1520 1323 1629 1347 amor
1659 1311 1826 1362 propriae
1854 1310 2243 1349 excellentiae?Unde
2267 1319 2306 1348 et
2331 1324 2401 1349 nos

1390 1382 1594 1419 possumus
1618 1370 1744 1407 dicere
1768 1384 1837 1421 per
1862 1371 2120 1417 contrarium,
2145 1370 2399 1407 humilitatem

1389 1431 1558 1480 propriae
1589 1431 1825 1468 excellentiae
1857 1444 1938 1469 esse
1971 1439 2248 1481 contemptum.
2281 1434 2401 1469 Amor

1389 1502 1501 1536 vero,
1528 1491 1625 1528 sicut
1649 1505 1720 1528 nec
1747 1491 1905 1538 odium,
1927 1491 2100 1528 veritatis
2122 1489 2311 1540 judicium
2337 1504 2402 1527 ne—

1390 1549 1471 1586 scit.
1494 1551 1558 1588 Vis
1571 1550 1759 1600 judicium
1775 1552 1952 1589 Veritatis
1968 1551 2100 1589 audire
2114 1553 2129 1587 ?
2144 1552 2247 1587 Sicut
2260 1552 2396 1597 audio,
2419 1569 2421 1571 ·

1388 1612 1622 1655 sicjicclieof).
1643 1615 1728 1649 “Non
1749 1612 1847 1648 sicut
1869 1611 1955 1659 odi,
1975 1625 2053 1648 non
2080 1611 2177 1648 sieut
2197 1624 2304 1657 amo,
2322 1624 2401 1648 non

1388 1669 1484 1705 sicut
1511 1671 1639 1708 timeo.
1673 1675 1739 1708 Est
1760 1671 1949 1721 judicium
1979 1671 2078 1718 odii,
2110 1680 2152 1708 ut
2177 1671 2301 1708 illud:
2325 1672 2402 1706 Nos

1387 1731 1502 1777 [egeln
1519 1730 1719 1778 llllelllllS,
1742 1741 1778 1767 (Ῐῖ
1791 1734 1990 1768 secundum
2010 1735 2130 1781 [egeln
2152 1740 2317 1767 nostram
2340 1733 2402 1767 (le-

1387 1787 1446 1824 bet
1467 1794 1562 1825 mori
1578 1796 1619 1827 ¹⁰.
1642 1794 1709 1827 Est
1724 1800 1761 1828 et
1785 1792 1947 1839 timoris,
1965 1800 2007 1829 ut
2031 1790 2126 1828 illud
2147 1806 2155 1827 :
2176 1792 2218 1827 Se·
2240 1793 2401 1826 (limitti-

312 1848 350 1885 in
371 1847 507 1899 spiritu
532 1845 684 1882 furoris.
712 1847 784 1881 Vos
813 1850 877 1898 qzci
904 1849 1117 1894 spirituales
1140 1852 1245 1891 estis,
1268 1847 1319 1884 ait
1339 1850 1366 1886 C
1387 1862 1465 1884 mus
1483 1863 1566 1885 eum
1586 1851 1658 1896 sie,
1677 1855 1833 1886 venient
1853 1853 2018 1887 Romani
2035 1859 2072 1887 et
2086 1853 2218 1887 tollent
2232 1859 2399 1887 nostrum

312 1908 537 1959 Apostolus,
559 1908 773 1953 lmjusmodi
806 1911 974 1942 instruite
998 1911 1038 1942 itz
1068 1911 1203 1955 spiritu
1233 1910 1326 1944 leni-

314 1970 411 2006 tatis.
434 1966 610 2018 Apostoli
632 1967 832 2003 consilium
855 1967 934 2003 sive
954 1967 1065 2003 etiam
1089 1977 1323 2018 praeceptum

315 2038 384 2075 est,
404 2037 447 2065 ut
467 2035 678 2073 mansueto,
700 2026 736 2062 id
759 2036 815 2064 est
834 2040 878 2063 60
908 2027 1047 2076 spiritu
1072 2027 1177 2064 fratri
1202 2041 1324 2077 aegro—

317 2090 410 2126 tanti
447 2087 668 2132 subvenias,
702 2100 779 2136 quo
813 2086 880 2123 tibi
918 2088 974 2123 vis
1010 2085 1206 2124 subveniri
1237 2102 1323 2124 cum

315 2157 485 2198 aegrotas.
508 2151 554 2184 Et
572 2156 613 2183 ut
633 2147 727 2183 scias
745 2147 907 2196 qualiter
928 2159 1016 2196 erga
1036 2147 1322 2197 delinquentem

315 2220 577 2245 mansuescere
614 2207 757 2256 possis,
796 2208 1067 2254 considerans,
1107 2207 1254 2257 inquit,
1289 2219 1325 2245 te

313 2274 457 2318 ipsum,
490 2282 537 2303 ne
568 2277 603 2303 et
632 2277 669 2303 tic
694 2272 843 2303 tenteris
860 2266 887 2304 3.

375 2329 429 2365 14.
452 2328 700 2365 Considerare
721 2327 834 2374 libet,
856 2341 970 2377 quam
995 2327 1094 2365 bene
1115 2327 1323 2379 discipulus

314 2388 490 2427 Veritatis
508 2388 681 2424 ordinem
702 2395 882 2436 sequatur
899 2387 1081 2437 Magistri.
1101 2392 1145 2425 In
1163 2388 1323 2426 beatitu-

314 2448 484 2495 dinibus,
517 2461 611 2497 quas
645 2461 760 2498 supra
792 2448 1003 2484 memoravi
1018 2449 1046 2494 4,
1085 2449 1182 2486 sicut
1218 2450 1324 2499 prius

314 2508 580 2547 misericordes
600 2520 714 2558 quam
739 2508 1011 2545 mundicordes
1024 2537 1033 2555 ,
1055 2509 1107 2546 sic
1127 2510 1233 2560 prius
1254 2511 1324 2547 1111-

314 2578 368 2606 165
403 2583 517 2620 quam
551 2568 815 2606 misericordes
847 2569 1085 2619 pronuntiati
1120 2570 1245 2608 sunt5.
1278 2575 1325 2608 Et

1393 1910 1510 1945 locam
1544 1918 1580 1944 et
1607 1919 1753 1958 gentem
1771 1917 1813 1946 ¹¹.
1834 1910 2030 1948 Judicium
2059 1923 2151 1947 vero
2175 1910 2339 1957 amoris,
2359 1919 2402 1947 ut

1391 1968 1514 2005 David
1533 1969 1579 2005 de
1595 1970 1673 2005 filio
1694 1969 1883 2020 parricida
1902 1984 1910 2006 :
1928 1972 2102 2016 Parcite,
2119 1970 2262 2020 inquit,
2281 1983 2401 2019 puero

1391 2028 1558 2064 Absalmz
1573 2033 1615 2065 ¹².
1634 2033 1682 2067 Et
1707 2029 1853 2079 legibus
1875 2030 2052 2068 humanis
2078 2039 2260 2067 statutum
2274 2057 2284 2075 ,
2307 2038 2344 2066 et
2362 2030 2402 2066 in

1391 2089 1529 2136 causis,
1546 2099 1621 2126 tam
1638 2090 1899 2127 ecclesiasticis
1910 2119 1920 2136 ,
1936 2103 2050 2139 quam
2067 2088 2312 2127 saecularibus
2328 2102 2403 2126 ser-

1392 2159 1522 2186 vatum
1551 2150 1652 2197 scio,
1679 2150 1862 2200 speciales
1891 2150 2032 2187 amicos
2057 2149 2293 2187 causantium
2322 2162 2401 2186 non

1392 2210 1532 2248 debere
1555 2211 1703 2248 admitti
1725 2211 1771 2248 ad
1785 2210 1974 2260 judicium
1993 2225 2001 2247 :
2019 2224 2067 2248 ne
2087 2211 2149 2248 vel
2168 2210 2318 2256 fallant,
2340 2210 2401 2247 vel

1392 2272 1572 2308 fallantur
1592 2285 1722 2308 amore
1743 2285 1913 2308 suorum.
1933 2271 2047 2320 Quod
2066 2271 2097 2308 si
2119 2271 2269 2321 culpam
2291 2270 2402 2307 amici

1393 2340 1458 2368 tuo
1472 2331 1620 2381 judicio
1640 2346 1748 2369 amor
1769 2332 1870 2369 illius
1889 2340 1955 2369 aut
1977 2331 2137 2378 minuit,
2155 2339 2220 2368 aut
2243 2344 2402 2381 prorsus

1392 2391 1591 2429 abscondit
1610 2401 1781 2442 :quanto
1806 2392 1924 2442 magis
1955 2405 2063 2429 amor
2093 2391 2148 2429 tui
2174 2399 2283 2428 tuum
2309 2404 2402 2428 con-

1393 2461 1449 2488 tra
1467 2461 1501 2489 te
1516 2451 1705 2501 judicium
1724 2452 1846 2489 fallit?

1450 2512 1508 2548 15.
1531 2512 1604 2560 Qui
1631 2525 1721 2562 ergo
1752 2512 1866 2562 plene
1889 2512 2089 2549 veritatem
2120 2512 2158 2549 in
2192 2525 2232 2550 se
2259 2524 2403 2561 cogno-

1392 2585 1496 2608 scere
1518 2581 1647 2618 curat‚
1665 2585 1817 2609 necesse
1839 2580 1896 2609 est
1916 2580 1958 2609 ut
1982 2581 2127 2610 semota
2147 2572 2254 2609 trabe
2271 2585 2403 2623 super—

314 2631 521 2680 Apostolus
549 2643 634 2666 cum
671 2630 888 2680 spirituales
924 2630 1143 2667 hortaretur
1179 2631 1226 2668 ad
1261 2633 1323 2669 in·
1342 2639 1375 2673 D
1392 2632 1486 2679 biae,
1509 2646 1593 2682 quae
1622 2633 1777 2669 oculum
1804 2641 1907 2669 arcet
1925 2646 1946 2669 a
1966 2633 2074 2680 luce,
2097 2633 2336 2670 ascensiones
2362 2632 2401 2668 in

316 2690 538 2727 struendum
567 2690 757 2737 carnales,
777 2689 973 2739 adjunxit,
997 2695 1036 2726 in
1061 2696 1197 2739 spiritu
1226 2695 1323 2728 leni-

315 2756 414 2787 tatis.
455 2751 660 2788 Instructio
699 2751 843 2801 quippe
881 2751 1040 2787 fratriim
1080 2752 1249 2801 pertinet
1276 2753 1322 2789 ad

316 2810 598 2856 misericordes3
620 2810 775 2860 spiritus
803 2810 989 2856 lenitatis,
1013 2810 1060 2847 ad
1081 2812 1201 2848 mites.
1221 2817 1274 2849 Ac
1293 2813 1323 2850 si

318 2869 488 2906 diceret:
511 2874 614 2907 Inter
641 2870 908 2907 misericordes
937 2870 1114 2920 deputari
1144 2885 1222 2909 non
1252 2887 1322 2923 po-

318 2937 413 2974 test,
451 2930 515 2978 qui
554 2930 592 2965 in
628 2931 831 2980 semetipso
871 2931 971 2968 mitis
1006 2944 1085 2967 non
1122 2941 1189 2970 est.
1227 2936 1323 2971 Ecce

317 2989 524 3038 Apostolus
555 2998 685 3038 aperte
714 2991 901 3038 ostendit,
923 2991 1026 3041 quod
1058 2994 1232 3042 superius
1264 3008 1323 3031 me

317 3056 558 3084 ostensurum
582 3047 778 3096 promisiss,
798 3050 903 3098 prius
924 3050 1101 3088 videlicet
1124 3054 1322 3092 veritatem

317 3107 584 3158 inquirendam
612 3120 691 3143 esse
711 3108 747 3144 in
772 3109 900 3155 nobis,
918 3124 1032 3159 quam
1057 3112 1094 3148 in
1117 3115 1322 3163 proximis;

1391 2693 1507 2730 corde
1525 2707 1594 2730 suo
1613 2693 1807 2743 disponat,
1821 2707 1891 2743 per
1906 2707 2000 2744 quas
2017 2707 2056 2730 se
2069 2694 2196 2743 ipsum
2211 2693 2250 2730 in
2266 2706 2304 2730 56
2318 2693 2401 2743 ipso

1391 2754 1576 2803 inquirat,
1606 2762 1644 2790 et
1675 2754 1727 2790 sic
1761 2762 1849 2803 post
1879 2753 2151 2790 duodecimum
2179 2753 2402 2790 humilitatis

1391 2812 1437 2849 ad
1454 2813 1623 2863 primum
1638 2813 1806 2850 veritatis
1825 2813 1984 2863 gradum
2001 2813 2204 2864 pertingat.
2224 2815 2318 2850 Cum
2335 2826 2402 2849 au·-

1393 2882 1466 2910 16111
1495 2874 1656 2912 veritate
1682 2874 1839 2911 inventa
1859 2874 1895 2910 in
1918 2888 1980 2920 se,
2004 2874 2082 2911 imo
2110 2887 2150 2911 56
2175 2874 2334 2911 invento
2362 2873 2401 2910 in

1390 2934 1569 2982 veritate,
1589 2934 1716 2972 dicere
1734 2935 1926 2985 potuerit,
1945 2936 2118 2981 Credidi,
2131 2943 2289 2984 propter
2302 2934 2406 2984 quod

1392 2998 1533 3031 locutas
1555 3009 1663 3040 stcm5
1684 3009 1749 3044 ego
1771 3005 1896 3032 autem
1920 2996 2138 3032 humiliatas
2158 3009 2238 3032 sum
2260 2999 2372 3032 nimis
2390 3008 2402 3029 :

1391 3055 1570 3092 ascendat
1593 3056 1710 3092 homo
1732 3056 1778 3092 ad
1797 3069 1863 3093 cor
1879 3055 1995 3092 altum
2007 3084 2017 3102 ‚
2033 3064 2076 3092 ut
2094 3056 2284 3092 exaltetur
2299 3054 2399 3091 veri-

1393 3126 1470 3164 tas,
1491 3124 1529 3153 et
1549 3116 1595 3152 ad
1614 3116 1773 3166 gradum
1801 3116 2011 3153 secundum
2044 3116 2274 3166 perveniens
2303 3115 2402 3152 dicat

368 3262 377 3277 ¹
401 3255 482 3287 PSfll·
497 3266 610 3291 XX-st
628 3259 659 3286 3·
675 3272 718 3277 —
737 3260 749 3275 ²
764 3256 846 3286 I‘Sssl·
862 3266 960 3293 xxxv,
981 3259 1012 3293 7,
1032 3261 1062 3288 8-
1077 3277 1120 3281 -
1140 3258 1151 3280 3
1167 3263 1269 3294 Galat.
1287 3276 1320 3294 vx
1335 3289 1341 3299 ,
1366 3268 1393 3296 1.
1408 3284 1453 3287 —-
1481 3265 1494 3292 ά
1508 3267 1604 3297 Num.
1623 3269 1653 3296 6.
1671 3284 1715 3287 -—
1730 3263 1743 3286 5
1758 3264 1874 3296 Manli.
1891 3276 1923 3302 V,
1942 3266 1973 3301 4,
2001 3267 2033 3303 7,
2064 3267 2095 3296 8.
2110 3283 2156 3287 —
2169 3261 2185 3285 6
2199 3265 2293 3296 Ν11111.
2311 3267 2341 3294 6.
2357 3279 2399 3284 --

318 3316 330 3339 7
350 3308 463 3340 Mauh.
481 3319 540 3346 νη,
564 3312 651 3339 3.*
667 3305 681 3329 8
705 3310 735 3339 S.
752 3309 954 3349 Augustinus,
984 3308 1022 3340 de
1048 3313 1162 3343 Genesi
1187 3315 1225 3344 ad
1254 3317 1420 3355 Litteram,
1440 3317 1494 3349 lib.
1528 3321 1581 3356 11,
1602 3325 1654 3348 1111.
1688 3320 1743 3353 24,
1767 3321 1821 3355 25,
1849 3322 1877 3348 et
1897 3316 1982 3348 alibi.
2006 3335 2051 3339 —
2076 3323 2092 3346 9
2115 3320 2210 3349 Joan.
2230 3328 2262 3354 v,
2286 3319 2340 3348 30.
2355 3333 2399 3337 -—

536 3364 552 3376 .,

318 3370 345 3383 ¹⁰
362 3362 409 3393 Id.
431 3373 487 3391 xix
504 3386 511 3398 ‚
540 3377 567 3392 l.
585 3366 670 3383 *¹¹
691 3361 737 3392 Id.
758 3373 813 3396 xi,
838 3364 1324 3405 48.-¹211Reg.xv111‚5,
