<?xml version="1.0" encoding="UTF-8"?>
<!DOCTYPE html PUBLIC "-//W3C//DTD XHTML 1.0 Transitional//EN"
    "http://www.w3.org/TR/xhtml1/DTD/xhtml1-transitional.dtd">
<html xmlns="http://www.w3.org/1999/xhtml" xml:lang="en" lang="en">
 <head>
  <title>
</title>
<meta http-equiv="Content-Type" content="text/html;charset=utf-8" />
  <meta name='ocr-system' content='tesseract 3.04.00' />
  <meta name='ocr-capabilities' content='ocr_page ocr_carea ocr_par ocr_line ocrx_word'/>
</head>
<body>
  <div class='ocr_page' id='page_1' title='image "./operaomniapostho01bernuoft_0390.png"; bbox 0 0 2517 3920; ppageno 0'>
   <div class='ocr_carea' id='block_1_1' title="bbox 334 150 408 187">
    <p class='ocr_par' dir='ltr' id='par_1_1' title="bbox 334 150 408 187">
     <span class='ocr_line' id='line_1_1' title="bbox 334 150 408 187; baseline -0.027 0"><span class='ocrx_word' id='word_1_1' title='bbox 334 150 408 187; x_wconf 73' lang='lat'>763</span> 
     </span>
    </p>
   </div>
   <div class='ocr_carea' id='block_1_2' title="bbox 1105 147 1661 184">
    <p class='ocr_par' dir='ltr' id='par_1_2' title="bbox 1105 147 1661 184">
     <span class='ocr_line' id='line_1_2' title="bbox 1105 147 1661 184; baseline -0.002 -1"><span class='ocrx_word' id='word_1_2' title='bbox 1105 150 1140 184; x_wconf 89' lang='lat' dir='ltr'>S.</span> <span class='ocrx_word' id='word_1_3' title='bbox 1173 148 1427 183; x_wconf 65' lang='lat' dir='ltr'>BERNARDI</span> <span class='ocrx_word' id='word_1_4' title='bbox 1458 147 1661 182; x_wconf 70' lang='lat' dir='ltr'>ABBATIS</span> 
     </span>
    </p>
   </div>
   <div class='ocr_carea' id='block_1_3' title="bbox 2355 149 2425 189">
    <p class='ocr_par' dir='ltr' id='par_1_3' title="bbox 2355 149 2425 189">
     <span class='ocr_line' id='line_1_3' title="bbox 2355 149 2425 189; baseline 0.057 -4"><span class='ocrx_word' id='word_1_5' title='bbox 2355 149 2425 189; x_wconf 81' lang='lat'>764</span> 
     </span>
    </p>
   </div>
   <div class='ocr_carea' id='block_1_4' title="bbox 332 221 2432 336">
    <p class='ocr_par' dir='ltr' id='par_1_4' title="bbox 332 221 2432 336">
     <span class='ocr_line' id='line_1_4' title="bbox 332 221 2432 277; baseline -0 -13"><span class='ocrx_word' id='word_1_6' title='bbox 332 236 551 265; x_wconf 88' lang='lat' dir='ltr'>mentorum</span> <span class='ocrx_word' id='word_1_7' title='bbox 569 227 783 277; x_wconf 82' lang='lat' dir='ltr'>affligemus</span> <span class='ocrx_word' id='word_1_8' title='bbox 799 227 943 263; x_wconf 85' lang='lat' dir='ltr'>animas</span> <span class='ocrx_word' id='word_1_9' title='bbox 958 234 1227 269; x_wconf 87' lang='lat' dir='ltr'>nostras,cum</span> <span class='ocrx_word' id='word_1_10' title='bbox 1249 221 1407 262; x_wconf 63' lang='lat' dir='ltr'>Deus3⁶⁸</span> <span class='ocrx_word' id='word_1_11' title='bbox 1421 224 1532 261; x_wconf 75' lang='lat' dir='ltr'>nibus</span> <span class='ocrx_word' id='word_1_12' title='bbox 1566 226 1802 262; x_wconf 73' lang='lat' dir='ltr'>confitentur</span> <span class='ocrx_word' id='word_1_13' title='bbox 1835 237 1935 260; x_wconf 81' lang='lat' dir='ltr'>eum.</span> <span class='ocrx_word' id='word_1_14' title='bbox 1977 225 2051 270; x_wconf 78' lang='lat' dir='ltr'>Qui</span> <span class='ocrx_word' id='word_1_15' title='bbox 2083 233 2210 260; x_wconf 81' lang='lat' dir='ltr'>aulem</span> <span class='ocrx_word' id='word_1_16' title='bbox 2240 228 2432 273; x_wconf 76' lang='lat' dir='ltr'>confitetur</span> 
     </span>
     <span class='ocr_line' id='line_1_5' title="bbox 332 284 2432 336; baseline -0.001 -11"><span class='ocrx_word' id='word_1_17' title='bbox 332 302 409 325; x_wconf 88' lang='lat' dir='ltr'>non</span> <span class='ocrx_word' id='word_1_18' title='bbox 438 288 650 325; x_wconf 83' lang='lat' dir='ltr'>delectetur</span> <span class='ocrx_word' id='word_1_19' title='bbox 669 287 705 323; x_wconf 90' lang='lat' dir='ltr'>in</span> <span class='ocrx_word' id='word_1_20' title='bbox 735 286 990 333; x_wconf 88' lang='lat' dir='ltr'>cruciatibus,</span> <span class='ocrx_word' id='word_1_21' title='bbox 1014 295 1050 323; x_wconf 90' lang='lat' dir='ltr'>et</span> <span class='ocrx_word' id='word_1_22' title='bbox 1071 286 1172 322; x_wconf 82' lang='lat' dir='ltr'>licite</span> <span class='ocrx_word' id='word_1_23' title='bbox 1204 284 1348 322; x_wconf 91' lang='lat' dir='ltr'>mundo</span> <span class='ocrx_word' id='word_1_24' title='bbox 1369 290 1397 321; x_wconf 90' lang='lat' dir='ltr'><strong>A</strong></span> <span class='ocrx_word' id='word_1_25' title='bbox 1417 299 1503 322; x_wconf 89' lang='lat' dir='ltr'>eum</span> <span class='ocrx_word' id='word_1_26' title='bbox 1537 299 1662 321; x_wconf 78' lang='lat' dir='ltr'>coram</span> <span class='ocrx_word' id='word_1_27' title='bbox 1696 284 1931 330; x_wconf 65' lang='lat' dir='ltr'>lzomim&#39;bm,</span> <span class='ocrx_word' id='word_1_28' title='bbox 1960 285 2184 332; x_wconf 76' lang='lat' dir='ltr'>confitebor,</span> <span class='ocrx_word' id='word_1_29' title='bbox 2220 285 2365 336; x_wconf 89' lang='lat' dir='ltr'>iuquit,</span> <span class='ocrx_word' id='word_1_30' title='bbox 2397 299 2432 326; x_wconf 78' lang='lat' dir='ltr'>ec</span> 
     </span>
    </p>
   </div>
   <div class='ocr_carea' id='block_1_5' title="bbox 328 347 1354 1007">
    <p class='ocr_par' dir='ltr' id='par_1_5' title="bbox 328 347 1354 1007">
     <span class='ocr_line' id='line_1_6' title="bbox 331 347 1349 398; baseline -0.002 -13"><span class='ocrx_word' id='word_1_31' title='bbox 331 357 481 385; x_wconf 86' lang='lat' dir='ltr'>utentes</span> <span class='ocrx_word' id='word_1_32' title='bbox 501 349 663 385; x_wconf 89' lang='lat' dir='ltr'>salutem</span> <span class='ocrx_word' id='word_1_33' title='bbox 684 348 858 384; x_wconf 70' lang='lat' dir='ltr'>invenire</span> <span class='ocrx_word' id='word_1_34' title='bbox 884 348 1102 398; x_wconf 76' lang='lat' dir='ltr'>possimus?</span> <span class='ocrx_word' id='word_1_35' title='bbox 1118 347 1203 384; x_wconf 83' lang='lat' dir='ltr'>Filii</span> <span class='ocrx_word' id='word_1_36' title='bbox 1229 347 1349 383; x_wconf 88' lang='lat' dir='ltr'>homi-</span> 
     </span>
     <span class='ocr_line' id='line_1_7' title="bbox 331 407 1351 458; baseline -0.003 -12"><span class='ocrx_word' id='word_1_37' title='bbox 331 423 444 456; x_wconf 88' lang='lat' dir='ltr'>num,</span> <span class='ocrx_word' id='word_1_38' title='bbox 465 418 507 445; x_wconf 89' lang='lat' dir='ltr'>ut</span> <span class='ocrx_word' id='word_1_39' title='bbox 533 409 579 446; x_wconf 88' lang='lat' dir='ltr'>ad</span> <span class='ocrx_word' id='word_1_40' title='bbox 602 421 669 445; x_wconf 74' lang='lat' dir='ltr'>vos</span> <span class='ocrx_word' id='word_1_41' title='bbox 689 407 818 445; x_wconf 65' lang='lat' dir='ltr'>verbis</span> <span class='ocrx_word' id='word_1_42' title='bbox 840 417 924 444; x_wconf 88' lang='lat' dir='ltr'>utar</span> <span class='ocrx_word' id='word_1_43' title='bbox 946 408 1143 458; x_wconf 76' lang='lat' dir='ltr'>Apostoli,</span> <span class='ocrx_word' id='word_1_44' title='bbox 1166 408 1234 443; x_wconf 71' lang='lat' dir='ltr'>lm(-</span> <span class='ocrx_word' id='word_1_45' title='bbox 1265 422 1351 443; x_wconf 62' lang='lat' dir='ltr'>‚ven—</span> 
     </span>
     <span class='ocr_line' id='line_1_8' title="bbox 328 469 1350 518; baseline -0.004 -11"><span class='ocrx_word' id='word_1_46' title='bbox 328 475 393 507; x_wconf 81' lang='lat' dir='ltr'>tite</span> <span class='ocrx_word' id='word_1_47' title='bbox 414 476 454 506; x_wconf 85' lang='lat' dir='ltr'>in</span> <span class='ocrx_word' id='word_1_48' title='bbox 480 469 608 514; x_wconf 79' lang='lat' dir='ltr'>vobis,</span> <span class='ocrx_word' id='word_1_49' title='bbox 632 471 732 518; x_wconf 77' lang='lat' dir='ltr'>quod</span> <span class='ocrx_word' id='word_1_50' title='bbox 753 478 790 505; x_wconf 81' lang='lat' dir='ltr'>et</span> <span class='ocrx_word' id='word_1_51' title='bbox 813 474 851 505; x_wconf 77' lang='lat' dir='ltr'>in</span> <span class='ocrx_word' id='word_1_52' title='bbox 874 470 1016 505; x_wconf 74' lang='lat' dir='ltr'>Christo</span> <span class='ocrx_word' id='word_1_53' title='bbox 1043 472 1131 505; x_wconf 58' lang='lat' dir='ltr'>tlesa</span> <span class='ocrx_word' id='word_1_54' title='bbox 1153 483 1163 503; x_wconf 88' lang='grc'>.·</span> <span class='ocrx_word' id='word_1_55' title='bbox 1184 473 1246 517; x_wconf 70' lang='lat' dir='ltr'>qui</span> <span class='ocrx_word' id='word_1_56' title='bbox 1267 482 1350 504; x_wconf 79' lang='lat' dir='ltr'>cum</span> 
     </span>
     <span class='ocr_line' id='line_1_9' title="bbox 329 529 1352 578; baseline -0.003 -11"><span class='ocrx_word' id='word_1_57' title='bbox 329 537 368 567; x_wconf 79' lang='lat' dir='ltr'>in</span> <span class='ocrx_word' id='word_1_58' title='bbox 398 529 532 578; x_wconf 79' lang='lat' dir='ltr'>forma</span> <span class='ocrx_word' id='word_1_59' title='bbox 568 532 640 566; x_wconf 69' lang='lat' dir='ltr'>Dec·</span> <span class='ocrx_word' id='word_1_60' title='bbox 673 539 790 575; x_wconf 75' lang='lat' dir='ltr'>esset,</span> <span class='ocrx_word' id='word_1_61' title='bbox 825 543 899 565; x_wconf 78' lang='lat' dir='ltr'>mm</span> <span class='ocrx_word' id='word_1_62' title='bbox 933 533 1109 578; x_wconf 76' lang='lat' dir='ltr'>rapinam</span> <span class='ocrx_word' id='word_1_63' title='bbox 1147 529 1352 565; x_wconf 72' lang='lat' dir='ltr'><em>arbitratus</em></span> 
     </span>
     <span class='ocr_line' id='line_1_10' title="bbox 332 593 1350 640; baseline -0.002 -12"><span class='ocrx_word' id='word_1_64' title='bbox 332 602 403 637; x_wconf 78' lang='lat' dir='ltr'>est,</span> <span class='ocrx_word' id='word_1_65' title='bbox 444 606 523 628; x_wconf 78' lang='lat' dir='ltr'>esse</span> <span class='ocrx_word' id='word_1_66' title='bbox 559 605 598 627; x_wconf 81' lang='lat' dir='ltr'>se</span> <span class='ocrx_word' id='word_1_67' title='bbox 635 593 821 640; x_wconf 74' lang='lat' dir='ltr'>(equalem</span> <span class='ocrx_word' id='word_1_68' title='bbox 861 594 940 627; x_wconf 83' lang='lat' dir='ltr'>Deo</span> <span class='ocrx_word' id='word_1_69' title='bbox 954 606 966 635; x_wconf 91' lang='lat'><em>;</em></span> <span class='ocrx_word' id='word_1_70' title='bbox 1000 593 1068 626; x_wconf 71' lang='lat' dir='ltr'>secl</span> <span class='ocrx_word' id='word_1_71' title='bbox 1111 595 1350 638; x_wconf 71' lang='lat' dir='ltr'>semetistszme</span> 
     </span>
     <span class='ocr_line' id='line_1_11' title="bbox 331 651 1350 700; baseline -0.003 -12"><span class='ocrx_word' id='word_1_72' title='bbox 331 655 566 698; x_wconf 50' lang='lat' dir='ltr'>exinanivit,</span> <span class='ocrx_word' id='word_1_73' title='bbox 591 651 760 700; x_wconf 80' lang='lat' dir='ltr'>formam</span> <span class='ocrx_word' id='word_1_74' title='bbox 793 653 890 687; x_wconf 67' lang='lat' dir='ltr'>serti</span> <span class='ocrx_word' id='word_1_75' title='bbox 921 653 1154 700; x_wconf 72' lang='lat' dir='ltr'>accipiem&#39;.</span> <span class='ocrx_word' id='word_1_76' title='bbox 1190 651 1227 689; x_wconf 86' lang='lat' dir='ltr'>Si</span> <span class='ocrx_word' id='word_1_77' title='bbox 1258 664 1350 700; x_wconf 79' lang='lat' dir='ltr'>ergo</span> 
     </span>
     <span class='ocr_line' id='line_1_12' title="bbox 330 712 1351 763; baseline -0.003 -12"><span class='ocrx_word' id='word_1_78' title='bbox 330 714 404 751; x_wconf 92' lang='lat' dir='ltr'>hoc</span> <span class='ocrx_word' id='word_1_79' title='bbox 424 714 571 751; x_wconf 88' lang='lat' dir='ltr'>sentitis</span> <span class='ocrx_word' id='word_1_80' title='bbox 590 713 636 749; x_wconf 90' lang='lat' dir='ltr'>de</span> <span class='ocrx_word' id='word_1_81' title='bbox 657 713 741 763; x_wconf 89' lang='lat' dir='ltr'>ipso</span> <span class='ocrx_word' id='word_1_82' title='bbox 756 741 764 757; x_wconf 93' lang='lat'>,</span> <span class='ocrx_word' id='word_1_83' title='bbox 786 712 891 762; x_wconf 87' lang='lat' dir='ltr'>quod</span> <span class='ocrx_word' id='word_1_84' title='bbox 919 713 1006 749; x_wconf 82' lang='lat' dir='ltr'>licet</span> <span class='ocrx_word' id='word_1_85' title='bbox 1024 712 1129 761; x_wconf 87' lang='lat' dir='ltr'>justa</span> <span class='ocrx_word' id='word_1_86' title='bbox 1158 720 1196 748; x_wconf 90' lang='lat' dir='ltr'>et</span> <span class='ocrx_word' id='word_1_87' title='bbox 1215 712 1351 761; x_wconf 76' lang='lat' dir='ltr'>aequali</span> 
     </span>
     <span class='ocr_line' id='line_1_13' title="bbox 329 773 1350 826; baseline -0.004 -13"><span class='ocrx_word' id='word_1_88' title='bbox 329 776 583 826; x_wconf 61' lang='lat' dir='ltr'>praerogativa</span> <span class='ocrx_word' id='word_1_89' title='bbox 621 773 829 823; x_wconf 84' lang='lat' dir='ltr'>majestatis</span> <span class='ocrx_word' id='word_1_90' title='bbox 846 803 855 820; x_wconf 87' lang='lat'>,</span> <span class='ocrx_word' id='word_1_91' title='bbox 894 774 1058 810; x_wconf 85' lang='lat' dir='ltr'>formam</span> <span class='ocrx_word' id='word_1_92' title='bbox 1094 774 1164 811; x_wconf 88' lang='lat' dir='ltr'>Dei</span> <span class='ocrx_word' id='word_1_93' title='bbox 1208 773 1350 810; x_wconf 87' lang='lat' dir='ltr'>habere</span> 
     </span>
     <span class='ocr_line' id='line_1_14' title="bbox 329 834 1350 887; baseline -0.005 -13"><span class='ocrx_word' id='word_1_94' title='bbox 329 845 460 887; x_wconf 87' lang='lat' dir='ltr'>posset</span> <span class='ocrx_word' id='word_1_95' title='bbox 483 845 520 872; x_wconf 87' lang='lat' dir='ltr'>et</span> <span class='ocrx_word' id='word_1_96' title='bbox 540 834 744 880; x_wconf 83' lang='lat' dir='ltr'>exhibere,</span> <span class='ocrx_word' id='word_1_97' title='bbox 767 835 888 883; x_wconf 80' lang='lat' dir='ltr'>ipsam</span> <span class='ocrx_word' id='word_1_98' title='bbox 923 843 1047 870; x_wconf 88' lang='lat' dir='ltr'>tamen</span> <span class='ocrx_word' id='word_1_99' title='bbox 1075 835 1205 879; x_wconf 79' lang='lat' dir='ltr'>exuit,</span> <span class='ocrx_word' id='word_1_100' title='bbox 1230 842 1268 870; x_wconf 93' lang='lat' dir='ltr'>et</span> <span class='ocrx_word' id='word_1_101' title='bbox 1287 834 1350 870; x_wconf 89' lang='lat' dir='ltr'>in-</span> 
     </span>
     <span class='ocr_line' id='line_1_15' title="bbox 332 893 1354 943; baseline -0.005 -9"><span class='ocrx_word' id='word_1_102' title='bbox 332 897 414 934; x_wconf 88' lang='lat' dir='ltr'>duit</span> <span class='ocrx_word' id='word_1_103' title='bbox 443 896 639 940; x_wconf 81' lang='lat' dir='ltr'>servilem3</span> <span class='ocrx_word' id='word_1_104' title='bbox 667 907 744 931; x_wconf 89' lang='lat' dir='ltr'>non</span> <span class='ocrx_word' id='word_1_105' title='bbox 776 902 818 930; x_wconf 90' lang='lat' dir='ltr'>ut</span> <span class='ocrx_word' id='word_1_106' title='bbox 843 893 987 943; x_wconf 86' lang='lat' dir='ltr'>aliquid</span> <span class='ocrx_word' id='word_1_107' title='bbox 1016 895 1053 930; x_wconf 91' lang='lat' dir='ltr'>in</span> <span class='ocrx_word' id='word_1_108' title='bbox 1081 908 1120 930; x_wconf 90' lang='lat' dir='ltr'>se</span> <span class='ocrx_word' id='word_1_109' title='bbox 1149 902 1354 930; x_wconf 76' lang='lat' dir='ltr'>evacuaret</span> 
     </span>
     <span class='ocr_line' id='line_1_16' title="bbox 329 955 1354 1007; baseline -0.005 -12"><span class='ocrx_word' id='word_1_110' title='bbox 329 965 579 1007; x_wconf 86' lang='lat' dir='ltr'>usurpatum,</span> <span class='ocrx_word' id='word_1_111' title='bbox 597 955 663 991; x_wconf 73' lang='lat' dir='ltr'>secl</span> <span class='ocrx_word' id='word_1_112' title='bbox 688 963 730 991; x_wconf 91' lang='lat' dir='ltr'>ut</span> <span class='ocrx_word' id='word_1_113' title='bbox 757 963 933 991; x_wconf 87' lang='lat' dir='ltr'>nostrum</span> <span class='ocrx_word' id='word_1_114' title='bbox 961 955 1191 1004; x_wconf 76' lang='lat' dir='ltr'>reprimeret</span> <span class='ocrx_word' id='word_1_115' title='bbox 1221 967 1354 1004; x_wconf 86' lang='lat' dir='ltr'>super-</span> 
     </span>
    </p>
   </div>
   <div class='ocr_carea' id='block_1_6' title="bbox 1418 348 2431 883">
    <p class='ocr_par' dir='ltr' id='par_1_6' title="bbox 1418 348 2020 395">
     <span class='ocr_line' id='line_1_17' title="bbox 1418 348 2020 395; baseline 0.002 -15"><span class='ocrx_word' id='word_1_116' title='bbox 1418 360 1485 395; x_wconf 75' lang='lat' dir='ltr'>ego</span> <span class='ocrx_word' id='word_1_117' title='bbox 1510 360 1592 381; x_wconf 75' lang='lat' dir='ltr'>eam</span> <span class='ocrx_word' id='word_1_118' title='bbox 1619 360 1744 382; x_wconf 73' lang='lat' dir='ltr'>eoram</span> <span class='ocrx_word' id='word_1_119' title='bbox 1764 348 1883 381; x_wconf 77' lang='lat' dir='ltr'>Patre</span> <span class='ocrx_word' id='word_1_120' title='bbox 1899 359 1979 380; x_wconf 77' lang='lat' dir='ltr'>meo</span> <span class='ocrx_word' id='word_1_121' title='bbox 1993 352 2020 381; x_wconf 80' lang='grc'>7.</span> 
     </span>
    </p>

    <p class='ocr_par' dir='ltr' id='par_1_7' title="bbox 1418 405 2431 883">
     <span class='ocr_line' id='line_1_18' title="bbox 1473 405 2429 457; baseline -0.001 -17"><span class='ocrx_word' id='word_1_122' title='bbox 1473 408 1508 443; x_wconf 82' lang='grc'>5.</span> <span class='ocrx_word' id='word_1_123' title='bbox 1532 411 1682 444; x_wconf 87' lang='lat' dir='ltr'>Bonum</span> <span class='ocrx_word' id='word_1_124' title='bbox 1705 414 1761 442; x_wconf 90' lang='lat' dir='ltr'>est</span> <span class='ocrx_word' id='word_1_125' title='bbox 1782 419 1874 455; x_wconf 83' lang='lat' dir='ltr'>ergo</span> <span class='ocrx_word' id='word_1_126' title='bbox 1894 405 2071 442; x_wconf 85' lang='lat' dir='ltr'>confiteri</span> <span class='ocrx_word' id='word_1_127' title='bbox 2090 405 2259 442; x_wconf 91' lang='lat' dir='ltr'>Domino</span> <span class='ocrx_word' id='word_1_128' title='bbox 2279 405 2318 443; x_wconf 87' lang='lat' dir='ltr'>in</span> <span class='ocrx_word' id='word_1_129' title='bbox 2343 419 2429 457; x_wconf 80' lang='lat' dir='ltr'>gra-</span> 
     </span>
     <span class='ocr_line' id='line_1_19' title="bbox 1420 465 2430 516; baseline 0.003 -12"><span class='ocrx_word' id='word_1_130' title='bbox 1420 468 1558 504; x_wconf 86' lang='lat' dir='ltr'>tiarum</span> <span class='ocrx_word' id='word_1_131' title='bbox 1591 468 1742 504; x_wconf 87' lang='lat' dir='ltr'>actione</span> <span class='ocrx_word' id='word_1_132' title='bbox 1762 496 1771 513; x_wconf 91' lang='lat'>,</span> <span class='ocrx_word' id='word_1_133' title='bbox 1801 465 1948 503; x_wconf 87' lang='lat' dir='ltr'>bouum</span> <span class='ocrx_word' id='word_1_134' title='bbox 1983 475 2040 503; x_wconf 89' lang='lat' dir='ltr'>est</span> <span class='ocrx_word' id='word_1_135' title='bbox 2071 479 2227 516; x_wconf 85' lang='lat' dir='ltr'>quoque</span> <span class='ocrx_word' id='word_1_136' title='bbox 2259 469 2430 508; x_wconf 85' lang='lat' dir='ltr'>confiteri</span> 
     </span>
     <span class='ocr_line' id='line_1_20' title="bbox 1418 527 2429 579; baseline 0.003 -13"><span class='ocrx_word' id='word_1_137' title='bbox 1418 530 1629 566; x_wconf 88' lang='lat' dir='ltr'>Dominum</span> <span class='ocrx_word' id='word_1_138' title='bbox 1656 529 1694 565; x_wconf 91' lang='lat' dir='ltr'>in</span> <span class='ocrx_word' id='word_1_139' title='bbox 1717 541 1878 579; x_wconf 88' lang='lat' dir='ltr'>operum</span> <span class='ocrx_word' id='word_1_140' title='bbox 1909 527 2147 564; x_wconf 85' lang='lat' dir='ltr'>exhibitione</span> <span class='ocrx_word' id='word_1_141' title='bbox 2169 541 2177 564; x_wconf 80' lang='lat' dir='ltr'>z</span> <span class='ocrx_word' id='word_1_142' title='bbox 2202 535 2245 564; x_wconf 86' lang='lat' dir='ltr'>ut</span> <span class='ocrx_word' id='word_1_143' title='bbox 2263 529 2429 570; x_wconf 82' lang='lat' dir='ltr'>Christus</span> 
     </span>
     <span class='ocr_line' id='line_1_21' title="bbox 1418 589 2431 638; baseline 0.001 -10"><span class='ocrx_word' id='word_1_144' title='bbox 1418 604 1488 628; x_wconf 89' lang='lat' dir='ltr'>nos</span> <span class='ocrx_word' id='word_1_145' title='bbox 1518 592 1747 628; x_wconf 88' lang='lat' dir='ltr'>confiteatur</span> <span class='ocrx_word' id='word_1_146' title='bbox 1767 591 1806 626; x_wconf 88' lang='lat' dir='ltr'>in</span> <span class='ocrx_word' id='word_1_147' title='bbox 1828 589 2000 626; x_wconf 88' lang='lat' dir='ltr'>districta</span> <span class='ocrx_word' id='word_1_148' title='bbox 2020 589 2260 638; x_wconf 84' lang='lat' dir='ltr'>singulorum</span> <span class='ocrx_word' id='word_1_149' title='bbox 2287 591 2431 629; x_wconf 82' lang='lat' dir='ltr'>exami-</span> 
     </span>
     <span class='ocr_line' id='line_1_22' title="bbox 1419 650 2431 702; baseline 0.002 -14"><span class='ocrx_word' id='word_1_150' title='bbox 1419 653 1574 689; x_wconf 79' lang='lat' dir='ltr'>natione</span> <span class='ocrx_word' id='word_1_151' title='bbox 1594 682 1603 699; x_wconf 93' lang='lat'>,</span> <span class='ocrx_word' id='word_1_152' title='bbox 1645 651 1802 702; x_wconf 88' lang='lat' dir='ltr'>quando</span> <span class='ocrx_word' id='word_1_153' title='bbox 1839 664 1910 687; x_wconf 90' lang='lat' dir='ltr'>nos</span> <span class='ocrx_word' id='word_1_154' title='bbox 1946 650 2165 701; x_wconf 79' lang='lat' dir='ltr'>oportuerit</span> <span class='ocrx_word' id='word_1_155' title='bbox 2203 650 2431 690; x_wconf 84' lang='lat' dir='ltr'>manifestari</span> 
     </span>
     <span class='ocr_line' id='line_1_23' title="bbox 1418 711 2431 762; baseline 0.001 -13"><span class='ocrx_word' id='word_1_156' title='bbox 1418 721 1506 750; x_wconf 89' lang='lat' dir='ltr'>ante</span> <span class='ocrx_word' id='word_1_157' title='bbox 1528 712 1694 749; x_wconf 88' lang='lat' dir='ltr'>tribunal</span> <span class='ocrx_word' id='word_1_158' title='bbox 1716 712 1818 762; x_wconf 86' lang='lat' dir='ltr'>ejus,</span> <span class='ocrx_word' id='word_1_159' title='bbox 1840 720 1882 748; x_wconf 91' lang='lat' dir='ltr'>ut</span> <span class='ocrx_word' id='word_1_160' title='bbox 1903 712 2168 760; x_wconf 81' lang='lat' dir='ltr'>unusquisque</span> <span class='ocrx_word' id='word_1_161' title='bbox 2189 711 2327 748; x_wconf 88' lang='lat' dir='ltr'>referat</span> <span class='ocrx_word' id='word_1_162' title='bbox 2345 725 2431 762; x_wconf 86' lang='lat' dir='ltr'>pro-</span> 
     </span>
     <span class='ocr_line' id='line_1_24' title="bbox 1418 771 2430 823; baseline 0 -13"><span class='ocrx_word' id='word_1_163' title='bbox 1418 773 1503 823; x_wconf 88' lang='lat' dir='ltr'>pria</span> <span class='ocrx_word' id='word_1_164' title='bbox 1524 774 1717 823; x_wconf 90' lang='lat' dir='ltr'>corporis,</span> <span class='ocrx_word' id='word_1_165' title='bbox 1736 773 1814 809; x_wconf 71' lang='lat' dir='ltr'>sive</span> <span class='ocrx_word' id='word_1_166' title='bbox 1835 771 1982 809; x_wconf 87' lang='lat' dir='ltr'>bonum</span> <span class='ocrx_word' id='word_1_167' title='bbox 1997 801 2006 818; x_wconf 94' lang='lat'>,</span> <span class='ocrx_word' id='word_1_168' title='bbox 2029 771 2109 808; x_wconf 74' lang='lat' dir='ltr'>sive</span> <span class='ocrx_word' id='word_1_169' title='bbox 2127 771 2269 807; x_wconf 83' lang='lat' dir='ltr'>malum</span> <span class='ocrx_word' id='word_1_170' title='bbox 2283 799 2293 816; x_wconf 93' lang='lat'>‚</span> <span class='ocrx_word' id='word_1_171' title='bbox 2317 781 2430 822; x_wconf 87' lang='lat' dir='ltr'>prout</span> 
     </span>
     <span class='ocr_line' id='line_1_25' title="bbox 1420 832 2427 883; baseline 0.001 -14"><span class='ocrx_word' id='word_1_172' title='bbox 1420 835 1534 883; x_wconf 78' lang='lat' dir='ltr'>gessit</span> <span class='ocrx_word' id='word_1_173' title='bbox 1554 835 1592 870; x_wconf 90' lang='lat' dir='ltr'>in</span> <span class='ocrx_word' id='word_1_174' title='bbox 1615 832 1816 883; x_wconf 61' lang='lat' dir='ltr'>corpores.</span> <span class='ocrx_word' id='word_1_175' title='bbox 1840 837 1986 870; x_wconf 85' lang='lat' dir='ltr'>Harum</span> <span class='ocrx_word' id='word_1_176' title='bbox 2006 840 2260 881; x_wconf 86' lang='lat' dir='ltr'>utrarumque</span> <span class='ocrx_word' id='word_1_177' title='bbox 2281 832 2427 870; x_wconf 85' lang='lat' dir='ltr'>confes-</span> 
     </span>
    </p>
   </div>
   <div class='ocr_carea' id='block_1_7' title="bbox 1421 893 2469 943">
    <p class='ocr_par' dir='ltr' id='par_1_8' title="bbox 1421 893 2469 943">
     <span class='ocr_line' id='line_1_26' title="bbox 1421 893 2469 943; baseline 0.002 -13"><span class='ocrx_word' id='word_1_178' title='bbox 1421 895 1594 939; x_wconf 89' lang='lat' dir='ltr'>sionum,</span> <span class='ocrx_word' id='word_1_179' title='bbox 1618 903 1657 930; x_wconf 89' lang='lat' dir='ltr'>et</span> <span class='ocrx_word' id='word_1_180' title='bbox 1675 893 1758 943; x_wconf 86' lang='lat' dir='ltr'>ejus</span> <span class='ocrx_word' id='word_1_181' title='bbox 1775 907 1850 943; x_wconf 88' lang='lat' dir='ltr'>qua</span> <span class='ocrx_word' id='word_1_182' title='bbox 1870 893 1988 930; x_wconf 90' lang='lat' dir='ltr'>homo</span> <span class='ocrx_word' id='word_1_183' title='bbox 2007 893 2215 929; x_wconf 87' lang='lat' dir='ltr'>confitetur</span> <span class='ocrx_word' id='word_1_184' title='bbox 2230 895 2374 940; x_wconf 91' lang='lat' dir='ltr'>Deum,</span> <span class='ocrx_word' id='word_1_185' title='bbox 2393 903 2430 932; x_wconf 86' lang='lat' dir='ltr'>et</span> <span class='ocrx_word' id='word_1_186' title='bbox 2463 912 2469 919; x_wconf 92' lang='lat'>·</span> 
     </span>
    </p>
   </div>
   <div class='ocr_carea' id='block_1_8' title="bbox 1422 952 2429 1005">
    <p class='ocr_par' dir='ltr' id='par_1_9' title="bbox 1422 952 2429 1005">
     <span class='ocr_line' id='line_1_27' title="bbox 1422 952 2429 1005; baseline 0.002 -14"><span class='ocrx_word' id='word_1_187' title='bbox 1422 954 1503 1005; x_wconf 90' lang='lat' dir='ltr'>ejus</span> <span class='ocrx_word' id='word_1_188' title='bbox 1531 968 1607 1004; x_wconf 88' lang='lat' dir='ltr'>qua</span> <span class='ocrx_word' id='word_1_189' title='bbox 1637 958 1741 992; x_wconf 90' lang='lat' dir='ltr'>Deus</span> <span class='ocrx_word' id='word_1_190' title='bbox 1774 955 1979 991; x_wconf 85' lang='lat' dir='ltr'>confitetur</span> <span class='ocrx_word' id='word_1_191' title='bbox 2009 953 2227 999; x_wconf 87' lang='lat' dir='ltr'>hominem,</span> <span class='ocrx_word' id='word_1_192' title='bbox 2258 952 2289 989; x_wconf 90' lang='lat' dir='ltr'>si</span> <span class='ocrx_word' id='word_1_193' title='bbox 2318 954 2429 994; x_wconf 90' lang='lat' dir='ltr'>vultis</span> 
     </span>
    </p>
   </div>
   <div class='ocr_carea' id='block_1_9' title="bbox 329 1013 2429 1066">
    <p class='ocr_par' dir='ltr' id='par_1_10' title="bbox 329 1013 2429 1066">
     <span class='ocr_line' id='line_1_28' title="bbox 329 1013 2429 1066; baseline -0 -11"><span class='ocrx_word' id='word_1_194' title='bbox 329 1020 456 1055; x_wconf 85' lang='lat' dir='ltr'>cilium</span> <span class='ocrx_word' id='word_1_195' title='bbox 477 1033 485 1054; x_wconf 90' lang='lat'>:</span> <span class='ocrx_word' id='word_1_196' title='bbox 509 1018 539 1054; x_wconf 92' lang='lat' dir='ltr'>si</span> <span class='ocrx_word' id='word_1_197' title='bbox 564 1017 657 1062; x_wconf 89' lang='lat' dir='ltr'>hoc,</span> <span class='ocrx_word' id='word_1_198' title='bbox 676 1017 835 1066; x_wconf 87' lang='lat' dir='ltr'>inquam</span> <span class='ocrx_word' id='word_1_199' title='bbox 850 1045 860 1062; x_wconf 90' lang='lat'>,</span> <span class='ocrx_word' id='word_1_200' title='bbox 881 1016 1030 1052; x_wconf 89' lang='lat' dir='ltr'>sentitis</span> <span class='ocrx_word' id='word_1_201' title='bbox 1061 1015 1107 1052; x_wconf 90' lang='lat' dir='ltr'>de</span> <span class='ocrx_word' id='word_1_202' title='bbox 1134 1015 1240 1065; x_wconf 86' lang='lat' dir='ltr'>ipso;</span> <span class='ocrx_word' id='word_1_203' title='bbox 1259 1028 1350 1065; x_wconf 88' lang='lat' dir='ltr'>pro·</span> <span class='ocrx_word' id='word_1_204' title='bbox 1373 1014 1399 1048; x_wconf 88' lang='lat' dir='ltr'>B</span> <span class='ocrx_word' id='word_1_205' title='bbox 1421 1030 1502 1054; x_wconf 86' lang='lat' dir='ltr'>esse</span> <span class='ocrx_word' id='word_1_206' title='bbox 1519 1016 1747 1066; x_wconf 82' lang='lat' dir='ltr'>participes,</span> <span class='ocrx_word' id='word_1_207' title='bbox 1769 1015 1890 1053; x_wconf 90' lang='lat' dir='ltr'>nolite</span> <span class='ocrx_word' id='word_1_208' title='bbox 1907 1015 2070 1052; x_wconf 86' lang='lat' dir='ltr'>ulterius</span> <span class='ocrx_word' id='word_1_209' title='bbox 2091 1013 2245 1065; x_wconf 80' lang='lat' dir='ltr'>evagari</span> <span class='ocrx_word' id='word_1_210' title='bbox 2265 1014 2305 1051; x_wconf 91' lang='lat' dir='ltr'>in</span> <span class='ocrx_word' id='word_1_211' title='bbox 2325 1023 2429 1054; x_wconf 84' lang='lat' dir='ltr'>exte-</span> 
     </span>
    </p>
   </div>
   <div class='ocr_carea' id='block_1_10' title="bbox 327 1076 1353 2588">
    <p class='ocr_par' dir='ltr' id='par_1_11' title="bbox 327 1076 1352 1483">
     <span class='ocr_line' id='line_1_29' title="bbox 329 1076 1352 1131; baseline -0.005 -14"><span class='ocrx_word' id='word_1_212' title='bbox 329 1089 415 1131; x_wconf 87' lang='lat' dir='ltr'>pter</span> <span class='ocrx_word' id='word_1_213' title='bbox 430 1079 503 1116; x_wconf 88' lang='lat' dir='ltr'>hoc</span> <span class='ocrx_word' id='word_1_214' title='bbox 521 1079 644 1128; x_wconf 89' lang='lat' dir='ltr'>ipsum</span> <span class='ocrx_word' id='word_1_215' title='bbox 662 1086 699 1114; x_wconf 91' lang='lat' dir='ltr'>et</span> <span class='ocrx_word' id='word_1_216' title='bbox 716 1090 786 1113; x_wconf 72' lang='lat' dir='ltr'>vos</span> <span class='ocrx_word' id='word_1_217' title='bbox 803 1085 969 1113; x_wconf 72' lang='lat' dir='ltr'>vestram</span> <span class='ocrx_word' id='word_1_218' title='bbox 987 1076 1214 1113; x_wconf 82' lang='lat' dir='ltr'>exinaniatis</span> <span class='ocrx_word' id='word_1_219' title='bbox 1231 1084 1352 1113; x_wconf 90' lang='lat' dir='ltr'>traus—</span> 
     </span>
     <span class='ocr_line' id='line_1_30' title="bbox 328 1136 1351 1187; baseline -0.006 -9"><span class='ocrx_word' id='word_1_220' title='bbox 328 1141 478 1178; x_wconf 90' lang='lat' dir='ltr'>itoriam</span> <span class='ocrx_word' id='word_1_221' title='bbox 498 1139 714 1176; x_wconf 70' lang='lat' dir='ltr'>felicitatem</span> <span class='ocrx_word' id='word_1_222' title='bbox 732 1167 741 1183; x_wconf 95' lang='lat'>,</span> <span class='ocrx_word' id='word_1_223' title='bbox 765 1138 797 1174; x_wconf 89' lang='lat' dir='ltr'>ci</span> <span class='ocrx_word' id='word_1_224' title='bbox 817 1138 882 1187; x_wconf 90' lang='lat' dir='ltr'>qui</span> <span class='ocrx_word' id='word_1_225' title='bbox 897 1150 935 1174; x_wconf 90' lang='lat' dir='ltr'>se</span> <span class='ocrx_word' id='word_1_226' title='bbox 950 1151 1022 1187; x_wconf 89' lang='lat' dir='ltr'>pro</span> <span class='ocrx_word' id='word_1_227' title='bbox 1039 1136 1151 1174; x_wconf 82' lang='lat' dir='ltr'>nobis</span> <span class='ocrx_word' id='word_1_228' title='bbox 1168 1137 1351 1173; x_wconf 87' lang='lat' dir='ltr'>miserum</span> 
     </span>
     <span class='ocr_line' id='line_1_31' title="bbox 331 1196 1350 1247; baseline -0.005 -9"><span class='ocrx_word' id='word_1_229' title='bbox 331 1202 438 1247; x_wconf 77' lang='lat' dir='ltr'>fecit,</span> <span class='ocrx_word' id='word_1_230' title='bbox 458 1214 544 1238; x_wconf 88' lang='lat' dir='ltr'>cum</span> <span class='ocrx_word' id='word_1_231' title='bbox 564 1200 680 1236; x_wconf 89' lang='lat' dir='ltr'>miser</span> <span class='ocrx_word' id='word_1_232' title='bbox 696 1212 774 1235; x_wconf 89' lang='lat' dir='ltr'>non</span> <span class='ocrx_word' id='word_1_233' title='bbox 798 1207 897 1235; x_wconf 89' lang='lat' dir='ltr'>esset</span> <span class='ocrx_word' id='word_1_234' title='bbox 910 1228 919 1244; x_wconf 96' lang='lat'>,</span> <span class='ocrx_word' id='word_1_235' title='bbox 936 1198 1057 1235; x_wconf 80' lang='lat' dir='ltr'>vicem</span> <span class='ocrx_word' id='word_1_236' title='bbox 1080 1196 1350 1247; x_wconf 80' lang='lat' dir='ltr'>rependentes,</span> 
     </span>
     <span class='ocr_line' id='line_1_32' title="bbox 330 1258 1350 1309; baseline -0.006 -9"><span class='ocrx_word' id='word_1_237' title='bbox 330 1262 472 1300; x_wconf 92' lang='lat' dir='ltr'>nonde</span> <span class='ocrx_word' id='word_1_238' title='bbox 493 1260 602 1299; x_wconf 72' lang='lat' dir='ltr'>vobis</span> <span class='ocrx_word' id='word_1_239' title='bbox 631 1260 806 1297; x_wconf 87' lang='lat' dir='ltr'>faciendo</span> <span class='ocrx_word' id='word_1_240' title='bbox 835 1259 941 1309; x_wconf 87' lang='lat' dir='ltr'>quod</span> <span class='ocrx_word' id='word_1_241' title='bbox 972 1273 1051 1296; x_wconf 88' lang='lat' dir='ltr'>non</span> <span class='ocrx_word' id='word_1_242' title='bbox 1082 1259 1194 1305; x_wconf 80' lang='lat' dir='ltr'>estis,</span> <span class='ocrx_word' id='word_1_243' title='bbox 1215 1258 1280 1295; x_wconf 86' lang='lat' dir='ltr'>sed</span> <span class='ocrx_word' id='word_1_244' title='bbox 1311 1259 1350 1294; x_wconf 89' lang='lat' dir='ltr'>in</span> 
     </span>
     <span class='ocr_line' id='line_1_33' title="bbox 327 1320 1349 1371; baseline -0.005 -10"><span class='ocrx_word' id='word_1_245' title='bbox 327 1323 438 1361; x_wconf 75' lang='lat' dir='ltr'>vobis</span> <span class='ocrx_word' id='word_1_246' title='bbox 459 1321 700 1360; x_wconf 90' lang='lat' dir='ltr'>ostendendo</span> <span class='ocrx_word' id='word_1_247' title='bbox 718 1320 823 1371; x_wconf 84' lang='lat' dir='ltr'>quod</span> <span class='ocrx_word' id='word_1_248' title='bbox 844 1321 932 1358; x_wconf 89' lang='lat' dir='ltr'>estis</span> <span class='ocrx_word' id='word_1_249' title='bbox 955 1336 962 1357; x_wconf 92' lang='lat'><strong>:</strong></span> <span class='ocrx_word' id='word_1_250' title='bbox 986 1329 1028 1357; x_wconf 90' lang='lat' dir='ltr'>ut</span> <span class='ocrx_word' id='word_1_251' title='bbox 1048 1334 1146 1371; x_wconf 88' lang='lat' dir='ltr'>quos</span> <span class='ocrx_word' id='word_1_252' title='bbox 1166 1320 1254 1356; x_wconf 88' lang='lat' dir='ltr'>facit</span> <span class='ocrx_word' id='word_1_253' title='bbox 1275 1320 1349 1356; x_wconf 87' lang='lat' dir='ltr'>mi-</span> 
     </span>
     <span class='ocr_line' id='line_1_34' title="bbox 327 1381 1350 1428; baseline -0.005 -6"><span class='ocrx_word' id='word_1_254' title='bbox 327 1398 432 1422; x_wconf 88' lang='lat' dir='ltr'>seros</span> <span class='ocrx_word' id='word_1_255' title='bbox 451 1382 683 1421; x_wconf 82' lang='lat' dir='ltr'>necessitatis</span> <span class='ocrx_word' id='word_1_256' title='bbox 704 1381 900 1428; x_wconf 90' lang='lat' dir='ltr'>conditio,</span> <span class='ocrx_word' id='word_1_257' title='bbox 921 1383 1081 1419; x_wconf 88' lang='lat' dir='ltr'>miseros</span> <span class='ocrx_word' id='word_1_258' title='bbox 1103 1382 1267 1418; x_wconf 85' lang='lat' dir='ltr'>fateatur</span> <span class='ocrx_word' id='word_1_259' title='bbox 1284 1393 1350 1417; x_wconf 87' lang='lat' dir='ltr'>vo-</span> 
     </span>
     <span class='ocr_line' id='line_1_35' title="bbox 329 1443 673 1483; baseline -0.015 0"><span class='ocrx_word' id='word_1_260' title='bbox 329 1445 486 1483; x_wconf 88' lang='lat' dir='ltr'>luntatis</span> <span class='ocrx_word' id='word_1_261' title='bbox 504 1443 673 1480; x_wconf 75' lang='lat' dir='ltr'>devotio.</span> 
     </span>
    </p>

    <p class='ocr_par' dir='ltr' id='par_1_12' title="bbox 327 1501 1353 2588">
     <span class='ocr_line' id='line_1_36' title="bbox 385 1501 1349 1553; baseline -0.004 -11"><span class='ocrx_word' id='word_1_262' title='bbox 385 1506 420 1542; x_wconf 70' lang='lat'>4.</span> <span class='ocrx_word' id='word_1_263' title='bbox 443 1509 597 1553; x_wconf 86' lang='lat' dir='ltr'>Itaque,</span> <span class='ocrx_word' id='word_1_264' title='bbox 622 1502 876 1548; x_wconf 82' lang='lat' dir='ltr'>dilectissimi,</span> <span class='ocrx_word' id='word_1_265' title='bbox 899 1510 941 1538; x_wconf 90' lang='lat' dir='ltr'>ut</span> <span class='ocrx_word' id='word_1_266' title='bbox 959 1501 1005 1538; x_wconf 91' lang='lat' dir='ltr'>ad</span> <span class='ocrx_word' id='word_1_267' title='bbox 1026 1515 1096 1538; x_wconf 71' lang='lat' dir='ltr'>vos</span> <span class='ocrx_word' id='word_1_268' title='bbox 1118 1501 1292 1547; x_wconf 84' lang='lat' dir='ltr'>redeam,</span> <span class='ocrx_word' id='word_1_269' title='bbox 1311 1502 1349 1538; x_wconf 90' lang='lat' dir='ltr'>in</span> 
     </span>
     <span class='ocr_line' id='line_1_37' title="bbox 330 1562 1350 1613; baseline -0.005 -10"><span class='ocrx_word' id='word_1_270' title='bbox 330 1567 400 1603; x_wconf 84' lang='lat' dir='ltr'>hac</span> <span class='ocrx_word' id='word_1_271' title='bbox 420 1565 520 1602; x_wconf 67' lang='lat' dir='ltr'>valle</span> <span class='ocrx_word' id='word_1_272' title='bbox 548 1565 805 1613; x_wconf 78' lang='lat' dir='ltr'>lacrymarum</span> <span class='ocrx_word' id='word_1_273' title='bbox 836 1571 874 1599; x_wconf 80' lang='lat' dir='ltr'>et</span> <span class='ocrx_word' id='word_1_274' title='bbox 903 1563 1142 1599; x_wconf 79' lang='lat' dir='ltr'>miseriarum</span> <span class='ocrx_word' id='word_1_275' title='bbox 1159 1591 1168 1608; x_wconf 95' lang='lat'>,</span> <span class='ocrx_word' id='word_1_276' title='bbox 1192 1563 1222 1599; x_wconf 91' lang='lat' dir='ltr'>si</span> <span class='ocrx_word' id='word_1_277' title='bbox 1248 1562 1350 1599; x_wconf 78' lang='lat' dir='ltr'>chri-</span> 
     </span>
     <span class='ocr_line' id='line_1_38' title="bbox 331 1622 1353 1673; baseline -0.006 -8"><span class='ocrx_word' id='word_1_278' title='bbox 331 1626 443 1665; x_wconf 90' lang='lat' dir='ltr'>stiani</span> <span class='ocrx_word' id='word_1_279' title='bbox 470 1625 558 1662; x_wconf 91' lang='lat' dir='ltr'>estis</span> <span class='ocrx_word' id='word_1_280' title='bbox 573 1654 582 1671; x_wconf 93' lang='lat'>,</span> <span class='ocrx_word' id='word_1_281' title='bbox 613 1637 656 1660; x_wconf 87' lang='lat' dir='ltr'>ea</span> <span class='ocrx_word' id='word_1_282' title='bbox 679 1623 739 1660; x_wconf 79' lang='lat' dir='ltr'>via</span> <span class='ocrx_word' id='word_1_283' title='bbox 761 1637 836 1673; x_wconf 88' lang='lat' dir='ltr'>qua</span> <span class='ocrx_word' id='word_1_284' title='bbox 857 1623 1029 1661; x_wconf 86' lang='lat' dir='ltr'>Christus</span> <span class='ocrx_word' id='word_1_285' title='bbox 1060 1622 1291 1667; x_wconf 73' lang='lat' dir='ltr'>ambulavit,</span> <span class='ocrx_word' id='word_1_286' title='bbox 1314 1631 1353 1659; x_wconf 86' lang='lat' dir='ltr'>et</span> 
     </span>
     <span class='ocr_line' id='line_1_39' title="bbox 331 1683 1350 1739; baseline -0.005 -14"><span class='ocrx_word' id='word_1_287' title='bbox 331 1689 403 1739; x_wconf 89' lang='lat' dir='ltr'>ipsi</span> <span class='ocrx_word' id='word_1_288' title='bbox 433 1685 648 1723; x_wconf 82' lang='lat' dir='ltr'>ambuletis.</span> <span class='ocrx_word' id='word_1_289' title='bbox 672 1689 737 1722; x_wconf 71' lang='lat' dir='ltr'>Vae</span> <span class='ocrx_word' id='word_1_290' title='bbox 766 1684 913 1721; x_wconf 93' lang='lat' dir='ltr'>homini</span> <span class='ocrx_word' id='word_1_291' title='bbox 948 1683 1097 1721; x_wconf 88' lang='lat' dir='ltr'>duabus</span> <span class='ocrx_word' id='word_1_292' title='bbox 1126 1684 1197 1721; x_wconf 70' lang='lat' dir='ltr'>viis</span> <span class='ocrx_word' id='word_1_293' title='bbox 1220 1684 1350 1733; x_wconf 82' lang='lat' dir='ltr'>ingre-</span> 
     </span>
     <span class='ocr_line' id='line_1_40' title="bbox 332 1745 1350 1795; baseline -0.006 -8"><span class='ocrx_word' id='word_1_294' title='bbox 332 1749 491 1787; x_wconf 85' lang='lat' dir='ltr'>dienti².</span> <span class='ocrx_word' id='word_1_295' title='bbox 524 1746 561 1785; x_wconf 90' lang='lat' dir='ltr'>Si</span> <span class='ocrx_word' id='word_1_296' title='bbox 585 1746 687 1782; x_wconf 80' lang='lat' dir='ltr'>enim</span> <span class='ocrx_word' id='word_1_297' title='bbox 716 1759 805 1782; x_wconf 85' lang='lat' dir='ltr'>caro</span> <span class='ocrx_word' id='word_1_298' title='bbox 838 1754 875 1782; x_wconf 88' lang='lat' dir='ltr'>et</span> <span class='ocrx_word' id='word_1_299' title='bbox 904 1746 1058 1795; x_wconf 79' lang='lat' dir='ltr'>sanguis</span> <span class='ocrx_word' id='word_1_300' title='bbox 1087 1759 1246 1795; x_wconf 82' lang='lat' dir='ltr'>regnum</span> <span class='ocrx_word' id='word_1_301' title='bbox 1281 1745 1350 1782; x_wconf 89' lang='lat' dir='ltr'>Dei</span> 
     </span>
     <span class='ocr_line' id='line_1_41' title="bbox 331 1805 890 1862; baseline -0.011 -14"><span class='ocrx_word' id='word_1_302' title='bbox 331 1809 530 1862; x_wconf 89' lang='lat' dir='ltr'>possidere</span> <span class='ocrx_word' id='word_1_303' title='bbox 563 1820 641 1843; x_wconf 92' lang='lat' dir='ltr'>non</span> <span class='ocrx_word' id='word_1_304' title='bbox 676 1805 890 1857; x_wconf 81' lang='lat' dir='ltr'>possunt33</span> 
     </span>
     <span class='ocr_line' id='line_1_42' title="bbox 331 1867 1349 1918; baseline -0.004 -9"><span class='ocrx_word' id='word_1_305' title='bbox 331 1867 659 1909; x_wconf 85' lang='lat' dir='ltr'>consolationibus</span> <span class='ocrx_word' id='word_1_306' title='bbox 691 1868 908 1918; x_wconf 85' lang='lat' dir='ltr'>spirituales</span> <span class='ocrx_word' id='word_1_307' title='bbox 943 1868 1080 1904; x_wconf 76' lang='lat' dir='ltr'>sociari</span> <span class='ocrx_word' id='word_1_308' title='bbox 1112 1867 1349 1917; x_wconf 88' lang='lat' dir='ltr'>impossibile</span> 
     </span>
     <span class='ocr_line' id='line_1_43' title="bbox 331 1927 1350 1979; baseline -0.005 -10"><span class='ocrx_word' id='word_1_309' title='bbox 331 1941 398 1969; x_wconf 89' lang='lat' dir='ltr'>est.</span> <span class='ocrx_word' id='word_1_310' title='bbox 418 1930 492 1979; x_wconf 85' lang='lat' dir='ltr'>Qui</span> <span class='ocrx_word' id='word_1_311' title='bbox 510 1942 601 1978; x_wconf 80' lang='lat' dir='ltr'>ergo</span> <span class='ocrx_word' id='word_1_312' title='bbox 620 1927 834 1965; x_wconf 87' lang='lat' dir='ltr'>debitorem</span> <span class='ocrx_word' id='word_1_313' title='bbox 858 1937 894 1964; x_wconf 90' lang='lat' dir='ltr'>et</span> <span class='ocrx_word' id='word_1_314' title='bbox 912 1936 1206 1978; x_wconf 86' lang='lat' dir='ltr'>procuratorem</span> <span class='ocrx_word' id='word_1_315' title='bbox 1225 1928 1350 1965; x_wconf 89' lang='lat' dir='ltr'>carnis</span> 
     </span>
     <span class='ocr_line' id='line_1_44' title="bbox 330 1989 1349 2039; baseline -0.005 -9"><span class='ocrx_word' id='word_1_316' title='bbox 330 2007 369 2030; x_wconf 89' lang='lat' dir='ltr'>se</span> <span class='ocrx_word' id='word_1_317' title='bbox 388 1990 609 2035; x_wconf 86' lang='lat' dir='ltr'>constituit,</span> <span class='ocrx_word' id='word_1_318' title='bbox 630 1998 673 2026; x_wconf 90' lang='lat' dir='ltr'>ut</span> <span class='ocrx_word' id='word_1_319' title='bbox 695 1989 812 2039; x_wconf 84' lang='lat' dir='ltr'>magis</span> <span class='ocrx_word' id='word_1_320' title='bbox 837 1989 1005 2026; x_wconf 86' lang='lat' dir='ltr'>sterilem</span> <span class='ocrx_word' id='word_1_321' title='bbox 1030 2002 1208 2039; x_wconf 87' lang='lat' dir='ltr'>pascere,</span> <span class='ocrx_word' id='word_1_322' title='bbox 1234 2003 1349 2039; x_wconf 87' lang='lat' dir='ltr'>quam</span> 
     </span>
     <span class='ocr_line' id='line_1_45' title="bbox 333 2049 1351 2100; baseline -0.005 -9"><span class='ocrx_word' id='word_1_323' title='bbox 333 2054 457 2091; x_wconf 79' lang='lat' dir='ltr'>viduae</span> <span class='ocrx_word' id='word_1_324' title='bbox 488 2050 641 2088; x_wconf 88' lang='lat' dir='ltr'>studeat</span> <span class='ocrx_word' id='word_1_325' title='bbox 680 2049 906 2087; x_wconf 83' lang='lat' dir='ltr'>benefacere</span> <span class='ocrx_word' id='word_1_326' title='bbox 925 2065 935 2097; x_wconf 77' lang='lat'><em>3</em></span> <span class='ocrx_word' id='word_1_327' title='bbox 972 2051 1120 2087; x_wconf 88' lang='lat' dir='ltr'>nullum</span> <span class='ocrx_word' id='word_1_328' title='bbox 1157 2050 1351 2100; x_wconf 74' lang='lat' dir='ltr'>religionis</span> 
     </span>
     <span class='ocr_line' id='line_1_46' title="bbox 327 2110 1349 2165; baseline -0.005 -13"><span class='ocrx_word' id='word_1_329' title='bbox 327 2115 464 2165; x_wconf 86' lang='lat' dir='ltr'>jugum</span> <span class='ocrx_word' id='word_1_330' title='bbox 479 2142 488 2158; x_wconf 90' lang='lat'>,</span> <span class='ocrx_word' id='word_1_331' title='bbox 507 2110 721 2162; x_wconf 88' lang='lat' dir='ltr'>quamlibet</span> <span class='ocrx_word' id='word_1_332' title='bbox 736 2111 819 2147; x_wconf 82' lang='lat' dir='ltr'>leve</span> <span class='ocrx_word' id='word_1_333' title='bbox 833 2139 841 2155; x_wconf 88' lang='lat'>‚</span> <span class='ocrx_word' id='word_1_334' title='bbox 862 2110 1076 2160; x_wconf 86' lang='lat' dir='ltr'>quamlibet</span> <span class='ocrx_word' id='word_1_335' title='bbox 1092 2123 1208 2147; x_wconf 72' lang='lat' dir='ltr'>suave</span> <span class='ocrx_word' id='word_1_336' title='bbox 1225 2110 1349 2147; x_wconf 70' lang='lat' dir='ltr'>videa-</span> 
     </span>
     <span class='ocr_line' id='line_1_47' title="bbox 333 2171 1350 2222; baseline -0.005 -9"><span class='ocrx_word' id='word_1_337' title='bbox 333 2186 415 2220; x_wconf 89' lang='lat' dir='ltr'>tur,</span> <span class='ocrx_word' id='word_1_338' title='bbox 438 2174 473 2211; x_wconf 89' lang='lat' dir='ltr'>ei</span> <span class='ocrx_word' id='word_1_339' title='bbox 494 2171 695 2210; x_wconf 84' lang='lat' dir='ltr'>tolerabile</span> <span class='ocrx_word' id='word_1_340' title='bbox 717 2180 785 2208; x_wconf 88' lang='lat' dir='ltr'>est.</span> <span class='ocrx_word' id='word_1_341' title='bbox 812 2171 926 2209; x_wconf 66' lang='lat' dir='ltr'>L‘nde</span> <span class='ocrx_word' id='word_1_342' title='bbox 955 2172 1143 2222; x_wconf 86' lang='lat' dir='ltr'>contingit</span> <span class='ocrx_word' id='word_1_343' title='bbox 1165 2180 1205 2208; x_wconf 85' lang='lat' dir='ltr'>ut</span> <span class='ocrx_word' id='word_1_344' title='bbox 1225 2184 1350 2221; x_wconf 89' lang='lat' dir='ltr'>neque</span> 
     </span>
     <span class='ocr_line' id='line_1_48' title="bbox 329 2234 1350 2284; baseline -0.003 -10"><span class='ocrx_word' id='word_1_345' title='bbox 329 2238 391 2274; x_wconf 90' lang='lat' dir='ltr'>hic</span> <span class='ocrx_word' id='word_1_346' title='bbox 405 2266 414 2283; x_wconf 94' lang='lat'>,</span> <span class='ocrx_word' id='word_1_347' title='bbox 436 2234 503 2272; x_wconf 89' lang='lat' dir='ltr'>ubi</span> <span class='ocrx_word' id='word_1_348' title='bbox 526 2234 609 2271; x_wconf 89' lang='lat' dir='ltr'>sine</span> <span class='ocrx_word' id='word_1_349' title='bbox 632 2245 829 2269; x_wconf 85' lang='lat' dir='ltr'>murmure</span> <span class='ocrx_word' id='word_1_350' title='bbox 851 2246 932 2269; x_wconf 88' lang='lat' dir='ltr'>esse</span> <span class='ocrx_word' id='word_1_351' title='bbox 954 2246 1031 2269; x_wconf 90' lang='lat' dir='ltr'>non</span> <span class='ocrx_word' id='word_1_352' title='bbox 1052 2243 1201 2283; x_wconf 79' lang='lat' dir='ltr'>potest3</span> <span class='ocrx_word' id='word_1_353' title='bbox 1225 2248 1350 2284; x_wconf 88' lang='lat' dir='ltr'>neque</span> 
     </span>
     <span class='ocr_line' id='line_1_49' title="bbox 329 2293 1349 2344; baseline -0.002 -9"><span class='ocrx_word' id='word_1_354' title='bbox 329 2299 368 2335; x_wconf 89' lang='lat' dir='ltr'>in</span> <span class='ocrx_word' id='word_1_355' title='bbox 394 2298 524 2334; x_wconf 89' lang='lat' dir='ltr'>futuro</span> <span class='ocrx_word' id='word_1_356' title='bbox 540 2324 549 2340; x_wconf 87' lang='lat'>,</span> <span class='ocrx_word' id='word_1_357' title='bbox 580 2293 646 2331; x_wconf 92' lang='lat' dir='ltr'>ubi</span> <span class='ocrx_word' id='word_1_358' title='bbox 668 2307 818 2344; x_wconf 78' lang='lat' dir='ltr'>poenam</span> <span class='ocrx_word' id='word_1_359' title='bbox 841 2295 1160 2332; x_wconf 85' lang='lat' dir='ltr'>murmurationis</span> <span class='ocrx_word' id='word_1_360' title='bbox 1196 2295 1349 2333; x_wconf 87' lang='lat' dir='ltr'>tolerari</span> 
     </span>
     <span class='ocr_line' id='line_1_50' title="bbox 330 2355 1351 2405; baseline -0.003 -9"><span class='ocrx_word' id='word_1_361' title='bbox 330 2371 483 2396; x_wconf 82' lang='lat' dir='ltr'>necesse</span> <span class='ocrx_word' id='word_1_362' title='bbox 502 2364 576 2401; x_wconf 89' lang='lat' dir='ltr'>est,</span> <span class='ocrx_word' id='word_1_363' title='bbox 596 2368 728 2405; x_wconf 85' lang='lat' dir='ltr'>pacem</span> <span class='ocrx_word' id='word_1_364' title='bbox 751 2355 935 2392; x_wconf 74' lang='lat' dir='ltr'>inveniat.</span> <span class='ocrx_word' id='word_1_365' title='bbox 958 2355 1032 2393; x_wconf 90' lang='lat' dir='ltr'>Ubi</span> <span class='ocrx_word' id='word_1_366' title='bbox 1053 2365 1179 2393; x_wconf 86' lang='lat' dir='ltr'>autem</span> <span class='ocrx_word' id='word_1_367' title='bbox 1199 2370 1277 2393; x_wconf 92' lang='lat' dir='ltr'>non</span> <span class='ocrx_word' id='word_1_368' title='bbox 1295 2364 1351 2393; x_wconf 89' lang='lat' dir='ltr'>est</span> 
     </span>
     <span class='ocr_line' id='line_1_51' title="bbox 331 2416 1351 2469; baseline -0.001 -13"><span class='ocrx_word' id='word_1_369' title='bbox 331 2432 426 2469; x_wconf 83' lang='lat' dir='ltr'>pax,</span> <span class='ocrx_word' id='word_1_370' title='bbox 449 2431 519 2454; x_wconf 88' lang='lat' dir='ltr'>uec</span> <span class='ocrx_word' id='word_1_371' title='bbox 546 2420 669 2462; x_wconf 85' lang='lat' dir='ltr'>Deus,</span> <span class='ocrx_word' id='word_1_372' title='bbox 704 2416 794 2465; x_wconf 84' lang='lat' dir='ltr'>quia</span> <span class='ocrx_word' id='word_1_373' title='bbox 820 2416 859 2452; x_wconf 89' lang='lat' dir='ltr'>iu</span> <span class='ocrx_word' id='word_1_374' title='bbox 882 2430 976 2466; x_wconf 84' lang='lat' dir='ltr'>pace</span> <span class='ocrx_word' id='word_1_375' title='bbox 1009 2417 1130 2454; x_wconf 90' lang='lat' dir='ltr'>factus</span> <span class='ocrx_word' id='word_1_376' title='bbox 1160 2427 1218 2454; x_wconf 87' lang='lat' dir='ltr'>est</span> <span class='ocrx_word' id='word_1_377' title='bbox 1243 2419 1351 2455; x_wconf 82' lang='lat' dir='ltr'>locus</span> 
     </span>
     <span class='ocr_line' id='line_1_52' title="bbox 330 2477 1351 2528; baseline 0 -12"><span class='ocrx_word' id='word_1_378' title='bbox 330 2479 412 2528; x_wconf 89' lang='lat' dir='ltr'>ejus</span> <span class='ocrx_word' id='word_1_379' title='bbox 427 2479 452 2514; x_wconf 58' lang='lat'>4.</span> <span class='ocrx_word' id='word_1_380' title='bbox 474 2481 614 2526; x_wconf 84' lang='lat' dir='ltr'>Jugum</span> <span class='ocrx_word' id='word_1_381' title='bbox 638 2484 764 2512; x_wconf 86' lang='lat' dir='ltr'>tamen</span> <span class='ocrx_word' id='word_1_382' title='bbox 786 2477 854 2513; x_wconf 91' lang='lat' dir='ltr'>Dei</span> <span class='ocrx_word' id='word_1_383' title='bbox 877 2490 992 2514; x_wconf 82' lang='lat' dir='ltr'>suave</span> <span class='ocrx_word' id='word_1_384' title='bbox 1015 2486 1089 2523; x_wconf 88' lang='lat' dir='ltr'>est,</span> <span class='ocrx_word' id='word_1_385' title='bbox 1119 2487 1157 2515; x_wconf 88' lang='lat' dir='ltr'>et</span> <span class='ocrx_word' id='word_1_386' title='bbox 1177 2492 1275 2516; x_wconf 88' lang='lat' dir='ltr'>onus</span> <span class='ocrx_word' id='word_1_387' title='bbox 1296 2480 1351 2515; x_wconf 87' lang='lat' dir='ltr'>le-</span> 
     </span>
     <span class='ocr_line' id='line_1_53' title="bbox 331 2536 1349 2588; baseline -0.002 -11"><span class='ocrx_word' id='word_1_388' title='bbox 331 2554 377 2577; x_wconf 70' lang='lat' dir='ltr'>ve</span> <span class='ocrx_word' id='word_1_389' title='bbox 393 2539 418 2576; x_wconf 82' lang='lat'>5.</span> <span class='ocrx_word' id='word_1_390' title='bbox 441 2537 514 2577; x_wconf 89' lang='lat' dir='ltr'>Sed</span> <span class='ocrx_word' id='word_1_391' title='bbox 534 2536 698 2587; x_wconf 83' lang='lat' dir='ltr'>quibus?</span> <span class='ocrx_word' id='word_1_392' title='bbox 719 2537 877 2586; x_wconf 85' lang='lat' dir='ltr'>Spiritui</span> <span class='ocrx_word' id='word_1_393' title='bbox 895 2537 996 2587; x_wconf 85' lang='lat' dir='ltr'>ejus,</span> <span class='ocrx_word' id='word_1_394' title='bbox 1020 2547 1058 2574; x_wconf 91' lang='lat' dir='ltr'>et</span> <span class='ocrx_word' id='word_1_395' title='bbox 1080 2539 1146 2588; x_wconf 88' lang='lat' dir='ltr'>qui</span> <span class='ocrx_word' id='word_1_396' title='bbox 1164 2553 1210 2575; x_wconf 86' lang='lat' dir='ltr'>eo</span> <span class='ocrx_word' id='word_1_397' title='bbox 1228 2552 1349 2588; x_wconf 78' lang='lat' dir='ltr'>agun-</span> 
     </span>
    </p>
   </div>
   <div class='ocr_carea' id='block_1_11' title="bbox 1419 1075 2430 1186">
    <p class='ocr_par' dir='ltr' id='par_1_13' title="bbox 1419 1075 2430 1186">
     <span class='ocr_line' id='line_1_54' title="bbox 1419 1075 2428 1125; baseline 0.002 -11"><span class='ocrx_word' id='word_1_398' title='bbox 1419 1077 1588 1115; x_wconf 89' lang='lat' dir='ltr'>rioribus</span> <span class='ocrx_word' id='word_1_399' title='bbox 1601 1107 1611 1125; x_wconf 95' lang='lat'>,</span> <span class='ocrx_word' id='word_1_400' title='bbox 1629 1077 1758 1114; x_wconf 86' lang='lat' dir='ltr'>diffusi</span> <span class='ocrx_word' id='word_1_401' title='bbox 1772 1077 1813 1114; x_wconf 92' lang='lat' dir='ltr'>in</span> <span class='ocrx_word' id='word_1_402' title='bbox 1830 1077 2018 1115; x_wconf 84' lang='lat' dir='ltr'>vanitates</span> <span class='ocrx_word' id='word_1_403' title='bbox 2038 1085 2077 1114; x_wconf 88' lang='lat' dir='ltr'>et</span> <span class='ocrx_word' id='word_1_404' title='bbox 2094 1075 2263 1114; x_wconf 87' lang='lat' dir='ltr'>insanias</span> <span class='ocrx_word' id='word_1_405' title='bbox 2279 1077 2428 1116; x_wconf 81' lang='lat' dir='ltr'>saeculi:</span> 
     </span>
     <span class='ocr_line' id='line_1_55' title="bbox 1419 1137 2430 1186; baseline 0.001 -10"><span class='ocrx_word' id='word_1_406' title='bbox 1419 1139 1486 1176; x_wconf 89' lang='lat' dir='ltr'>sed</span> <span class='ocrx_word' id='word_1_407' title='bbox 1507 1139 1652 1176; x_wconf 70' lang='lat' dir='ltr'>reversi</span> <span class='ocrx_word' id='word_1_408' title='bbox 1668 1139 1716 1176; x_wconf 90' lang='lat' dir='ltr'>ad</span> <span class='ocrx_word' id='word_1_409' title='bbox 1733 1153 1822 1186; x_wconf 75' lang='lat' dir='ltr'>vos,</span> <span class='ocrx_word' id='word_1_410' title='bbox 1844 1139 1986 1176; x_wconf 88' lang='lat' dir='ltr'>intrate</span> <span class='ocrx_word' id='word_1_411' title='bbox 2006 1138 2053 1175; x_wconf 90' lang='lat' dir='ltr'>ad</span> <span class='ocrx_word' id='word_1_412' title='bbox 2075 1151 2143 1175; x_wconf 91' lang='lat' dir='ltr'>cor</span> <span class='ocrx_word' id='word_1_413' title='bbox 2161 1146 2351 1186; x_wconf 86' lang='lat' dir='ltr'>vestrum,</span> <span class='ocrx_word' id='word_1_414' title='bbox 2366 1137 2430 1177; x_wconf 90' lang='lat' dir='ltr'>ubi</span> 
     </span>
    </p>
   </div>
   <div class='ocr_carea' id='block_1_12' title="bbox 1419 1192 2487 1315">
    <p class='ocr_par' dir='ltr' id='par_1_14' title="bbox 1419 1192 2487 1315">
     <span class='ocr_line' id='line_1_56' title="bbox 1419 1192 2487 1248; baseline 0.003 -14"><span class='ocrx_word' id='word_1_415' title='bbox 1419 1198 1500 1235; x_wconf 87' lang='lat' dir='ltr'>sine</span> <span class='ocrx_word' id='word_1_416' title='bbox 1520 1197 1640 1235; x_wconf 89' lang='lat' dir='ltr'>dubio</span> <span class='ocrx_word' id='word_1_417' title='bbox 1658 1211 1819 1248; x_wconf 89' lang='lat' dir='ltr'>regnum</span> <span class='ocrx_word' id='word_1_418' title='bbox 1843 1198 1914 1235; x_wconf 88' lang='lat' dir='ltr'>Dei</span> <span class='ocrx_word' id='word_1_419' title='bbox 1939 1206 2007 1235; x_wconf 88' lang='lat' dir='ltr'>est.</span> <span class='ocrx_word' id='word_1_420' title='bbox 2027 1201 2205 1248; x_wconf 83' lang='lat' dir='ltr'>Regnum</span> <span class='ocrx_word' id='word_1_421' title='bbox 2227 1197 2331 1234; x_wconf 88' lang='lat' dir='ltr'>enim</span> <span class='ocrx_word' id='word_1_422' title='bbox 2351 1196 2431 1248; x_wconf 85' lang='lat' dir='ltr'>ejus</span> <span class='ocrx_word' id='word_1_423' title='bbox 2484 1192 2487 1201; x_wconf 65' lang='lat'><strong><em>¹</em></strong></span> 
     </span>
     <span class='ocr_line' id='line_1_57' title="bbox 1419 1259 2485 1315; baseline 0.002 -20"><span class='ocrx_word' id='word_1_424' title='bbox 1419 1259 1521 1296; x_wconf 87' lang='lat' dir='ltr'>intra</span> <span class='ocrx_word' id='word_1_425' title='bbox 1542 1273 1610 1296; x_wconf 78' lang='lat' dir='ltr'>vos</span> <span class='ocrx_word' id='word_1_426' title='bbox 1636 1268 1693 1296; x_wconf 89' lang='lat' dir='ltr'>est</span> <span class='ocrx_word' id='word_1_427' title='bbox 1706 1266 1733 1296; x_wconf 78' lang='lat'>9.</span> <span class='ocrx_word' id='word_1_428' title='bbox 1756 1259 1857 1308; x_wconf 88' lang='lat' dir='ltr'>Quid</span> <span class='ocrx_word' id='word_1_429' title='bbox 1879 1267 1936 1296; x_wconf 87' lang='lat' dir='ltr'>est</span> <span class='ocrx_word' id='word_1_430' title='bbox 1964 1259 2038 1296; x_wconf 92' lang='lat' dir='ltr'>hoc</span> <span class='ocrx_word' id='word_1_431' title='bbox 2069 1260 2258 1308; x_wconf 82' lang='lat' dir='ltr'>regnum?</span> <span class='ocrx_word' id='word_1_432' title='bbox 2281 1260 2377 1295; x_wconf 82' lang='lat' dir='ltr'>Sana</span> <span class='ocrx_word' id='word_1_433' title='bbox 2393 1267 2430 1297; x_wconf 86' lang='lat' dir='ltr'>et</span> <span class='ocrx_word' id='word_1_434' title='bbox 2482 1306 2485 1315; x_wconf 17' lang='grc' dir='ltr'>η</span> 
     </span>
    </p>
   </div>
   <div class='ocr_carea' id='block_1_13' title="bbox 1416 1319 2428 1493">
    <p class='ocr_par' dir='ltr' id='par_1_15' title="bbox 1416 1319 2428 1493">
     <span class='ocr_line' id='line_1_58' title="bbox 1416 1319 2428 1367; baseline 0.001 -10"><span class='ocrx_word' id='word_1_435' title='bbox 1416 1319 1537 1358; x_wconf 87' lang='lat' dir='ltr'>libera</span> <span class='ocrx_word' id='word_1_436' title='bbox 1557 1321 1734 1358; x_wconf 76' lang='lat' dir='ltr'>voluntas</span> <span class='ocrx_word' id='word_1_437' title='bbox 1750 1321 1917 1358; x_wconf 90' lang='lat' dir='ltr'>hominis</span> <span class='ocrx_word' id='word_1_438' title='bbox 1931 1349 1941 1367; x_wconf 91' lang='lat'>,</span> <span class='ocrx_word' id='word_1_439' title='bbox 1965 1320 2017 1358; x_wconf 91' lang='lat' dir='ltr'>ita</span> <span class='ocrx_word' id='word_1_440' title='bbox 2039 1333 2078 1357; x_wconf 92' lang='lat' dir='ltr'>se</span> <span class='ocrx_word' id='word_1_441' title='bbox 2098 1319 2344 1357; x_wconf 88' lang='lat' dir='ltr'>conformans</span> <span class='ocrx_word' id='word_1_442' title='bbox 2361 1333 2428 1358; x_wconf 89' lang='lat' dir='ltr'>vo-</span> 
     </span>
     <span class='ocr_line' id='line_1_59' title="bbox 1417 1374 2426 1432; baseline 0 -14"><span class='ocrx_word' id='word_1_443' title='bbox 1417 1383 1555 1419; x_wconf 75' lang='lat' dir='ltr'>luntati</span> <span class='ocrx_word' id='word_1_444' title='bbox 1575 1383 1669 1429; x_wconf 89' lang='lat' dir='ltr'>Dei,</span> <span class='ocrx_word' id='word_1_445' title='bbox 1694 1374 1737 1420; x_wconf 88' lang='lat' dir='ltr'>ut</span> <span class='ocrx_word' id='word_1_446' title='bbox 1761 1383 1855 1419; x_wconf 89' lang='lat' dir='ltr'>nihil</span> <span class='ocrx_word' id='word_1_447' title='bbox 1876 1383 1971 1420; x_wconf 70' lang='lat' dir='ltr'>velit</span> <span class='ocrx_word' id='word_1_448' title='bbox 1990 1381 2097 1432; x_wconf 90' lang='lat' dir='ltr'>quod</span> <span class='ocrx_word' id='word_1_449' title='bbox 2126 1381 2219 1418; x_wconf 91' lang='lat' dir='ltr'>sciat</span> <span class='ocrx_word' id='word_1_450' title='bbox 2241 1380 2275 1417; x_wconf 85' lang='lat' dir='ltr'>ei</span> <span class='ocrx_word' id='word_1_451' title='bbox 2296 1380 2426 1432; x_wconf 90' lang='lat' dir='ltr'>displi-</span> 
     </span>
     <span class='ocr_line' id='line_1_60' title="bbox 1417 1442 2428 1493; baseline 0.001 -14"><span class='ocrx_word' id='word_1_452' title='bbox 1417 1456 1524 1489; x_wconf 80' lang='lat' dir='ltr'>cere3</span> <span class='ocrx_word' id='word_1_453' title='bbox 1544 1443 1638 1479; x_wconf 90' lang='lat' dir='ltr'>nihil</span> <span class='ocrx_word' id='word_1_454' title='bbox 1660 1444 1757 1480; x_wconf 89' lang='lat' dir='ltr'>nolit</span> <span class='ocrx_word' id='word_1_455' title='bbox 1773 1443 1879 1493; x_wconf 86' lang='lat' dir='ltr'>quod</span> <span class='ocrx_word' id='word_1_456' title='bbox 1897 1443 1990 1480; x_wconf 89' lang='lat' dir='ltr'>sciat</span> <span class='ocrx_word' id='word_1_457' title='bbox 2007 1443 2042 1480; x_wconf 90' lang='lat' dir='ltr'>ei</span> <span class='ocrx_word' id='word_1_458' title='bbox 2062 1455 2142 1480; x_wconf 87' lang='lat' dir='ltr'>non</span> <span class='ocrx_word' id='word_1_459' title='bbox 2164 1442 2328 1492; x_wconf 86' lang='lat' dir='ltr'>placere.</span> <span class='ocrx_word' id='word_1_460' title='bbox 2346 1443 2428 1480; x_wconf 83' lang='lat' dir='ltr'>Pri-</span> 
     </span>
    </p>
   </div>
   <div class='ocr_carea' id='block_1_14' title="bbox 1417 1502 2482 1615">
    <p class='ocr_par' dir='ltr' id='par_1_16' title="bbox 1417 1502 2482 1615">
     <span class='ocr_line' id='line_1_61' title="bbox 1417 1502 2482 1554; baseline 0.002 -14"><span class='ocrx_word' id='word_1_461' title='bbox 1417 1517 1522 1540; x_wconf 88' lang='lat' dir='ltr'>mum</span> <span class='ocrx_word' id='word_1_462' title='bbox 1545 1517 1636 1554; x_wconf 84' lang='lat' dir='ltr'>ergo</span> <span class='ocrx_word' id='word_1_463' title='bbox 1655 1504 1815 1554; x_wconf 72' lang='lat' dir='ltr'>quaerite</span> <span class='ocrx_word' id='word_1_464' title='bbox 1833 1517 1993 1554; x_wconf 85' lang='lat' dir='ltr'>regnum</span> <span class='ocrx_word' id='word_1_465' title='bbox 2013 1504 2107 1550; x_wconf 91' lang='lat' dir='ltr'>Dei,</span> <span class='ocrx_word' id='word_1_466' title='bbox 2129 1511 2173 1540; x_wconf 89' lang='lat' dir='ltr'>ut</span> <span class='ocrx_word' id='word_1_467' title='bbox 2194 1502 2378 1540; x_wconf 89' lang='lat' dir='ltr'>liberetur</span> <span class='ocrx_word' id='word_1_468' title='bbox 2395 1511 2430 1541; x_wconf 87' lang='lat' dir='ltr'>et</span> <span class='ocrx_word' id='word_1_469' title='bbox 2479 1510 2482 1542; x_wconf 76' lang='grc' dir='ltr'>τ’</span> 
     </span>
     <span class='ocr_line' id='line_1_62' title="bbox 1418 1563 2482 1615; baseline 0.002 -15"><span class='ocrx_word' id='word_1_470' title='bbox 1418 1573 1575 1601; x_wconf 86' lang='lat' dir='ltr'>sanetur</span> <span class='ocrx_word' id='word_1_471' title='bbox 1591 1565 1770 1601; x_wconf 86' lang='lat' dir='ltr'>voluntas</span> <span class='ocrx_word' id='word_1_472' title='bbox 1787 1573 1916 1602; x_wconf 72' lang='lat' dir='ltr'>vestra</span> <span class='ocrx_word' id='word_1_473' title='bbox 1928 1594 1937 1611; x_wconf 95' lang='lat'>,</span> <span class='ocrx_word' id='word_1_474' title='bbox 1955 1577 2108 1602; x_wconf 77' lang='lat' dir='ltr'>veneno</span> <span class='ocrx_word' id='word_1_475' title='bbox 2125 1564 2254 1601; x_wconf 90' lang='lat' dir='ltr'>saeculi</span> <span class='ocrx_word' id='word_1_476' title='bbox 2271 1563 2431 1614; x_wconf 86' lang='lat' dir='ltr'>graviter</span> <span class='ocrx_word' id='word_1_477' title='bbox 2477 1610 2482 1615; x_wconf 89' lang='lat'>.</span> 
     </span>
    </p>
   </div>
   <div class='ocr_carea' id='block_1_15' title="bbox 1418 1625 2432 1798">
    <p class='ocr_par' dir='ltr' id='par_1_17' title="bbox 1418 1625 2432 1798">
     <span class='ocr_line' id='line_1_63' title="bbox 1418 1625 2432 1677; baseline 0 -15"><span class='ocrx_word' id='word_1_478' title='bbox 1418 1625 1566 1663; x_wconf 87' lang='lat' dir='ltr'>imbuta</span> <span class='ocrx_word' id='word_1_479' title='bbox 1585 1627 1645 1663; x_wconf 83' lang='lat' dir='ltr'>vel</span> <span class='ocrx_word' id='word_1_480' title='bbox 1667 1635 1872 1677; x_wconf 80' lang='lat' dir='ltr'>corrupta3</span> <span class='ocrx_word' id='word_1_481' title='bbox 1904 1634 1942 1663; x_wconf 86' lang='lat' dir='ltr'>et</span> <span class='ocrx_word' id='word_1_482' title='bbox 1961 1625 2092 1663; x_wconf 90' lang='lat' dir='ltr'>omnia</span> <span class='ocrx_word' id='word_1_483' title='bbox 2117 1625 2274 1676; x_wconf 88' lang='lat' dir='ltr'>corpori</span> <span class='ocrx_word' id='word_1_484' title='bbox 2301 1638 2432 1663; x_wconf 83' lang='lat' dir='ltr'>neces-</span> 
     </span>
     <span class='ocr_line' id='line_1_64' title="bbox 1418 1686 2431 1736; baseline 0.001 -13"><span class='ocrx_word' id='word_1_485' title='bbox 1418 1687 1516 1724; x_wconf 88' lang='lat' dir='ltr'>saria</span> <span class='ocrx_word' id='word_1_486' title='bbox 1537 1686 1767 1736; x_wconf 88' lang='lat' dir='ltr'>adjicientur</span> <span class='ocrx_word' id='word_1_487' title='bbox 1789 1687 1911 1724; x_wconf 73' lang='lat' dir='ltr'>vobis.</span> <span class='ocrx_word' id='word_1_488' title='bbox 1941 1687 2068 1726; x_wconf 84' lang='lat' dir='ltr'>Nolite</span> <span class='ocrx_word' id='word_1_489' title='bbox 2095 1687 2249 1724; x_wconf 90' lang='lat' dir='ltr'>solliciti</span> <span class='ocrx_word' id='word_1_490' title='bbox 2277 1700 2357 1724; x_wconf 88' lang='lat' dir='ltr'>esse</span> <span class='ocrx_word' id='word_1_491' title='bbox 2384 1686 2431 1724; x_wconf 83' lang='lat' dir='ltr'>de</span> 
     </span>
     <span class='ocr_line' id='line_1_65' title="bbox 1418 1747 2428 1798; baseline 0 -14"><span class='ocrx_word' id='word_1_492' title='bbox 1418 1762 1582 1798; x_wconf 88' lang='lat' dir='ltr'>corpore</span> <span class='ocrx_word' id='word_1_493' title='bbox 1607 1777 1616 1794; x_wconf 93' lang='lat'>,</span> <span class='ocrx_word' id='word_1_494' title='bbox 1653 1749 1758 1798; x_wconf 90' lang='lat' dir='ltr'>quod</span> <span class='ocrx_word' id='word_1_495' title='bbox 1794 1757 1850 1786; x_wconf 90' lang='lat' dir='ltr'>est</span> <span class='ocrx_word' id='word_1_496' title='bbox 1892 1748 2094 1785; x_wconf 85' lang='lat' dir='ltr'>haereditas</span> <span class='ocrx_word' id='word_1_497' title='bbox 2123 1747 2314 1784; x_wconf 74' lang='lat' dir='ltr'>vermium</span> <span class='ocrx_word' id='word_1_498' title='bbox 2336 1762 2345 1785; x_wconf 89' lang='lat'>:</span> <span class='ocrx_word' id='word_1_499' title='bbox 2366 1747 2428 1785; x_wconf 77' lang='lat' dir='ltr'>sed</span> 
     </span>
    </p>
   </div>
   <div class='ocr_carea' id='block_1_16' title="bbox 925 1805 2428 1859">
    <p class='ocr_par' dir='ltr' id='par_1_18' title="bbox 925 1805 2428 1859">
     <span class='ocr_line' id='line_1_66' title="bbox 925 1805 2428 1859; baseline 0.003 -17"><span class='ocrx_word' id='word_1_500' title='bbox 925 1805 1144 1843; x_wconf 85' lang='lat' dir='ltr'>carnalibus</span> <span class='ocrx_word' id='word_1_501' title='bbox 1176 1807 1350 1856; x_wconf 84' lang='lat' dir='ltr'>profecto</span> <span class='ocrx_word' id='word_1_502' title='bbox 1373 1805 1399 1841; x_wconf 90' lang='lat' dir='ltr'>C</span> <span class='ocrx_word' id='word_1_503' title='bbox 1417 1809 1569 1845; x_wconf 88' lang='lat' dir='ltr'>solliciti</span> <span class='ocrx_word' id='word_1_504' title='bbox 1590 1818 1713 1846; x_wconf 86' lang='lat' dir='ltr'>estote</span> <span class='ocrx_word' id='word_1_505' title='bbox 1734 1809 1781 1846; x_wconf 86' lang='lat' dir='ltr'>de</span> <span class='ocrx_word' id='word_1_506' title='bbox 1800 1810 1925 1847; x_wconf 88' lang='lat' dir='ltr'>anima</span> <span class='ocrx_word' id='word_1_507' title='bbox 1940 1839 1949 1856; x_wconf 94' lang='lat'>,</span> <span class='ocrx_word' id='word_1_508' title='bbox 1970 1823 2055 1859; x_wconf 78' lang='lat' dir='ltr'>quae</span> <span class='ocrx_word' id='word_1_509' title='bbox 2074 1809 2121 1846; x_wconf 90' lang='lat' dir='ltr'>ad</span> <span class='ocrx_word' id='word_1_510' title='bbox 2141 1809 2346 1859; x_wconf 81' lang='lat' dir='ltr'>imaginem</span> <span class='ocrx_word' id='word_1_511' title='bbox 2361 1808 2428 1847; x_wconf 85' lang='lat' dir='ltr'>Dei</span> 
     </span>
    </p>
   </div>
   <div class='ocr_carea' id='block_1_17' title="bbox 1417 1869 2429 1921">
    <p class='ocr_par' dir='ltr' id='par_1_19' title="bbox 1417 1869 2429 1921">
     <span class='ocr_line' id='line_1_67' title="bbox 1417 1869 2429 1921; baseline 0.002 -15"><span class='ocrx_word' id='word_1_512' title='bbox 1417 1870 1512 1906; x_wconf 85' lang='lat' dir='ltr'>facta</span> <span class='ocrx_word' id='word_1_513' title='bbox 1540 1879 1616 1916; x_wconf 84' lang='lat' dir='ltr'>est,</span> <span class='ocrx_word' id='word_1_514' title='bbox 1642 1870 1841 1921; x_wconf 88' lang='lat' dir='ltr'>quomodo</span> <span class='ocrx_word' id='word_1_515' title='bbox 1863 1871 2029 1908; x_wconf 73' lang='lat' dir='ltr'>revelata</span> <span class='ocrx_word' id='word_1_516' title='bbox 2057 1870 2150 1907; x_wconf 86' lang='lat' dir='ltr'>facie</span> <span class='ocrx_word' id='word_1_517' title='bbox 2180 1869 2339 1920; x_wconf 85' lang='lat' dir='ltr'>gloriam</span> <span class='ocrx_word' id='word_1_518' title='bbox 2361 1869 2429 1908; x_wconf 87' lang='lat' dir='ltr'>Dei</span> 
     </span>
    </p>
   </div>
   <div class='ocr_carea' id='block_1_18' title="bbox 1418 1930 2475 2038">
    <p class='ocr_par' dir='ltr' id='par_1_20' title="bbox 1418 1930 2475 2038">
     <span class='ocr_line' id='line_1_68' title="bbox 1418 1930 2475 1981; baseline -0.002 -14"><span class='ocrx_word' id='word_1_519' title='bbox 1418 1932 1656 1981; x_wconf 87' lang='lat' dir='ltr'>speculetur,</span> <span class='ocrx_word' id='word_1_520' title='bbox 1674 1932 1762 1969; x_wconf 89' lang='lat' dir='ltr'>etin</span> <span class='ocrx_word' id='word_1_521' title='bbox 1778 1930 1952 1968; x_wconf 86' lang='lat' dir='ltr'>eamdem</span> <span class='ocrx_word' id='word_1_522' title='bbox 1966 1931 2171 1981; x_wconf 85' lang='lat' dir='ltr'>imaginem</span> <span class='ocrx_word' id='word_1_523' title='bbox 2190 1930 2433 1978; x_wconf 66' lang='lat' dir='ltr'>reformetur,</span> <span class='ocrx_word' id='word_1_524' title='bbox 2474 1961 2475 1965; x_wconf 73' lang='grc'>,</span> 
     </span>
     <span class='ocr_line' id='line_1_69' title="bbox 1418 1991 2475 2038; baseline -0.001 -10"><span class='ocrx_word' id='word_1_525' title='bbox 1418 2000 1455 2028; x_wconf 90' lang='lat' dir='ltr'>et</span> <span class='ocrx_word' id='word_1_526' title='bbox 1475 1992 1771 2028; x_wconf 85' lang='lat' dir='ltr'>transformetur</span> <span class='ocrx_word' id='word_1_527' title='bbox 1789 2005 1810 2028; x_wconf 89' lang='lat' dir='ltr'>a</span> <span class='ocrx_word' id='word_1_528' title='bbox 1836 1992 2007 2028; x_wconf 82' lang='lat' dir='ltr'>claritate</span> <span class='ocrx_word' id='word_1_529' title='bbox 2028 1991 2067 2028; x_wconf 91' lang='lat' dir='ltr'>in</span> <span class='ocrx_word' id='word_1_530' title='bbox 2094 1991 2328 2038; x_wconf 88' lang='lat' dir='ltr'>claritatem,</span> <span class='ocrx_word' id='word_1_531' title='bbox 2348 1999 2429 2028; x_wconf 84' lang='lat' dir='ltr'>tan-</span> <span class='ocrx_word' id='word_1_532' title='bbox 2471 2009 2475 2026; x_wconf 66' lang='grc' dir='ltr'><em>ι</em></span> 
     </span>
    </p>
   </div>
   <div class='ocr_carea' id='block_1_19' title="bbox 1418 2052 1920 2102">
    <p class='ocr_par' dir='ltr' id='par_1_21' title="bbox 1418 2052 1920 2102">
     <span class='ocr_line' id='line_1_70' title="bbox 1418 2052 1920 2102; baseline 0 -14"><span class='ocrx_word' id='word_1_533' title='bbox 1418 2065 1533 2102; x_wconf 90' lang='lat' dir='ltr'>quam</span> <span class='ocrx_word' id='word_1_534' title='bbox 1554 2066 1575 2089; x_wconf 89' lang='lat' dir='ltr'>a</span> <span class='ocrx_word' id='word_1_535' title='bbox 1593 2053 1750 2090; x_wconf 85' lang='lat' dir='ltr'>Domini</span> <span class='ocrx_word' id='word_1_536' title='bbox 1771 2052 1920 2102; x_wconf 91' lang='lat' dir='ltr'>spiritu.</span> 
     </span>
    </p>
   </div>
   <div class='ocr_carea' id='block_1_20' title="bbox 1472 2110 2497 2215">
    <p class='ocr_par' dir='ltr' id='par_1_22' title="bbox 1472 2110 2497 2215">
     <span class='ocr_line' id='line_1_71' title="bbox 1472 2110 2497 2162; baseline -0.001 -13"><span class='ocrx_word' id='word_1_537' title='bbox 1472 2114 1508 2149; x_wconf 81' lang='lat'>6.</span> <span class='ocrx_word' id='word_1_538' title='bbox 1524 2113 1625 2161; x_wconf 85' lang='lat' dir='ltr'>Quid</span> <span class='ocrx_word' id='word_1_539' title='bbox 1643 2113 1792 2150; x_wconf 86' lang='lat' dir='ltr'>dulcius</span> <span class='ocrx_word' id='word_1_540' title='bbox 1806 2142 1815 2158; x_wconf 97' lang='lat'>,</span> <span class='ocrx_word' id='word_1_541' title='bbox 1834 2113 1969 2149; x_wconf 86' lang='lat' dir='ltr'>fratres</span> <span class='ocrx_word' id='word_1_542' title='bbox 1985 2112 2084 2158; x_wconf 86' lang='lat' dir='ltr'>mei,</span> <span class='ocrx_word' id='word_1_543' title='bbox 2102 2111 2195 2162; x_wconf 90' lang='lat' dir='ltr'>quid</span> <span class='ocrx_word' id='word_1_544' title='bbox 2207 2110 2429 2161; x_wconf 75' lang='lat' dir='ltr'>jucundius,</span> <span class='ocrx_word' id='word_1_545' title='bbox 2470 2124 2497 2157; x_wconf 54' lang='lat'>1²</span> 
     </span>
     <span class='ocr_line' id='line_1_72' title="bbox 2468 2173 2496 2215; baseline 0 -19"><span class='ocrx_word' id='word_1_546' title='bbox 2468 2173 2473 2215; x_wconf 66' lang='grc'>1</span> <span class='ocrx_word' id='word_1_547' title='bbox 2493 2189 2496 2196; x_wconf 97' lang='grc'>.</span> 
     </span>
    </p>
   </div>
   <div class='ocr_carea' id='block_1_21' title="bbox 2467 2230 2495 2273">
    <p class='ocr_par' dir='ltr' id='par_1_23' title="bbox 2467 2230 2495 2273">
     <span class='ocr_line' id='line_1_73' title="bbox 2467 2230 2471 2244; baseline 0 0"><span class='ocrx_word' id='word_1_548' title='bbox 2467 2230 2471 2244; x_wconf 83' lang='grc' dir='ltr'>Ι</span> 
     </span>
     <span class='ocr_line' id='line_1_74' title="bbox 2467 2245 2495 2273; baseline 0 0"><span class='ocrx_word' id='word_1_549' title='bbox 2467 2245 2472 2268; x_wconf 72' lang='lat' dir='ltr'>i</span> <span class='ocrx_word' id='word_1_550' title='bbox 2488 2260 2495 2273; x_wconf 71' lang='lat' dir='ltr'><em>l</em></span> 
     </span>
    </p>
   </div>
   <div class='ocr_carea' id='block_1_22' title="bbox 1416 2172 2433 2284">
    <p class='ocr_par' dir='ltr' id='par_1_24' title="bbox 1416 2172 2433 2284">
     <span class='ocr_line' id='line_1_75' title="bbox 1418 2172 2426 2224; baseline 0.001 -15"><span class='ocrx_word' id='word_1_551' title='bbox 1418 2174 1511 2223; x_wconf 85' lang='lat' dir='ltr'>quid</span> <span class='ocrx_word' id='word_1_552' title='bbox 1532 2174 1699 2211; x_wconf 90' lang='lat' dir='ltr'>sanctius</span> <span class='ocrx_word' id='word_1_553' title='bbox 1725 2174 1826 2210; x_wconf 91' lang='lat' dir='ltr'>inter</span> <span class='ocrx_word' id='word_1_554' title='bbox 1854 2186 2042 2224; x_wconf 88' lang='lat' dir='ltr'>corporea</span> <span class='ocrx_word' id='word_1_555' title='bbox 2074 2185 2240 2223; x_wconf 89' lang='lat' dir='ltr'>corpore</span> <span class='ocrx_word' id='word_1_556' title='bbox 2264 2172 2426 2211; x_wconf 80' lang='lat' dir='ltr'>Christi?</span> 
     </span>
     <span class='ocr_line' id='line_1_76' title="bbox 1416 2232 2433 2284; baseline -0.001 -14"><span class='ocrx_word' id='word_1_557' title='bbox 1416 2236 1463 2271; x_wconf 91' lang='lat' dir='ltr'>Et</span> <span class='ocrx_word' id='word_1_558' title='bbox 1481 2242 1607 2270; x_wconf 88' lang='lat' dir='ltr'>tamen</span> <span class='ocrx_word' id='word_1_559' title='bbox 1626 2234 1769 2271; x_wconf 89' lang='lat' dir='ltr'>dictum</span> <span class='ocrx_word' id='word_1_560' title='bbox 1789 2242 1845 2270; x_wconf 89' lang='lat' dir='ltr'>est</span> <span class='ocrx_word' id='word_1_561' title='bbox 1863 2233 2060 2284; x_wconf 81' lang='lat' dir='ltr'>Apostolis</span> <span class='ocrx_word' id='word_1_562' title='bbox 2075 2248 2084 2270; x_wconf 72' lang='grc' dir='ltr'>ε</span> <span class='ocrx_word' id='word_1_563' title='bbox 2100 2234 2186 2269; x_wconf 77' lang='lat' dir='ltr'>Nisi</span> <span class='ocrx_word' id='word_1_564' title='bbox 2202 2247 2270 2283; x_wconf 83' lang='lat' dir='ltr'>ego</span> <span class='ocrx_word' id='word_1_565' title='bbox 2287 2232 2433 2279; x_wconf 62' lang='lat' dir='ltr'>abiet-of</span> 
     </span>
    </p>
   </div>
   <div class='ocr_carea' id='block_1_23' title="bbox 1418 2291 2495 2345">
    <p class='ocr_par' dir='ltr' id='par_1_25' title="bbox 1418 2291 2495 2345">
     <span class='ocr_line' id='line_1_77' title="bbox 1418 2291 2495 2345; baseline 0 -14"><span class='ocrx_word' id='word_1_566' title='bbox 1418 2297 1642 2331; x_wconf 73' lang='lat' dir='ltr'>Paracletus</span> <span class='ocrx_word' id='word_1_567' title='bbox 1673 2309 1748 2331; x_wconf 78' lang='lat' dir='ltr'>mm</span> <span class='ocrx_word' id='word_1_568' title='bbox 1779 2299 1919 2331; x_wconf 71' lang='lat' dir='ltr'>veniet.</span> <span class='ocrx_word' id='word_1_569' title='bbox 1961 2298 2064 2332; x_wconf 88' lang='lat' dir='ltr'>Dum</span> <span class='ocrx_word' id='word_1_570' title='bbox 2099 2294 2203 2331; x_wconf 84' lang='lat' dir='ltr'>enim</span> <span class='ocrx_word' id='word_1_571' title='bbox 2239 2291 2430 2345; x_wconf 57' lang='lat' dir='ltr'>corporali</span> <span class='ocrx_word' id='word_1_572' title='bbox 2466 2308 2495 2326; x_wconf 71' lang='lat'>⁴1·</span> 
     </span>
    </p>
   </div>
   <div class='ocr_carea' id='block_1_24' title="bbox 1418 2353 2428 2467">
    <p class='ocr_par' dir='ltr' id='par_1_26' title="bbox 1418 2353 2428 2467">
     <span class='ocr_line' id='line_1_78' title="bbox 1418 2353 2427 2407; baseline 0 -15"><span class='ocrx_word' id='word_1_573' title='bbox 1418 2355 1556 2393; x_wconf 86' lang='lat' dir='ltr'>Christi</span> <span class='ocrx_word' id='word_1_574' title='bbox 1576 2356 1781 2407; x_wconf 62' lang='lat' dir='ltr'>praesentia</span> <span class='ocrx_word' id='word_1_575' title='bbox 1802 2355 1971 2392; x_wconf 67' lang='lat' dir='ltr'>videndo</span> <span class='ocrx_word' id='word_1_576' title='bbox 1987 2363 2026 2392; x_wconf 88' lang='lat' dir='ltr'>et</span> <span class='ocrx_word' id='word_1_577' title='bbox 2043 2354 2236 2392; x_wconf 89' lang='lat' dir='ltr'>audiendo</span> <span class='ocrx_word' id='word_1_578' title='bbox 2257 2353 2427 2392; x_wconf 82' lang='lat' dir='ltr'>delectati</span> 
     </span>
     <span class='ocr_line' id='line_1_79' title="bbox 1419 2415 2428 2467; baseline 0 -14"><span class='ocrx_word' id='word_1_579' title='bbox 1419 2425 1528 2463; x_wconf 90' lang='lat' dir='ltr'>sunt,</span> <span class='ocrx_word' id='word_1_580' title='bbox 1553 2430 1753 2467; x_wconf 86' lang='lat' dir='ltr'>nunquam</span> <span class='ocrx_word' id='word_1_581' title='bbox 1776 2416 1829 2453; x_wconf 86' lang='lat' dir='ltr'>eis</span> <span class='ocrx_word' id='word_1_582' title='bbox 1847 2416 2016 2467; x_wconf 83' lang='lat' dir='ltr'>perfecte</span> <span class='ocrx_word' id='word_1_583' title='bbox 2043 2415 2177 2463; x_wconf 85' lang='lat' dir='ltr'>datur,</span> <span class='ocrx_word' id='word_1_584' title='bbox 2195 2415 2263 2453; x_wconf 90' lang='lat' dir='ltr'>sed</span> <span class='ocrx_word' id='word_1_585' title='bbox 2282 2427 2428 2467; x_wconf 76' lang='lat' dir='ltr'>semper</span> 
     </span>
    </p>
   </div>
   <div class='ocr_carea' id='block_1_25' title="bbox 1418 2538 2427 2589">
    <p class='ocr_par' dir='ltr' id='par_1_27' title="bbox 1418 2538 2427 2589">
     <span class='ocr_line' id='line_1_80' title="bbox 1418 2538 2427 2589; baseline 0 -14"><span class='ocrx_word' id='word_1_586' title='bbox 1418 2553 1500 2575; x_wconf 80' lang='lat' dir='ltr'>cum</span> <span class='ocrx_word' id='word_1_587' title='bbox 1530 2549 1743 2589; x_wconf 65' lang='lat' dir='ltr'>axszcmptus</span> <span class='ocrx_word' id='word_1_588' title='bbox 1766 2538 1880 2587; x_wconf 74' lang='lat' dir='ltr'>fitero</span> <span class='ocrx_word' id='word_1_589' title='bbox 1893 2569 1904 2585; x_wconf 91' lang='lat'>,</span> <span class='ocrx_word' id='word_1_590' title='bbox 1939 2543 2084 2575; x_wconf 79' lang='lat' dir='ltr'>mittam</span> <span class='ocrx_word' id='word_1_591' title='bbox 2118 2552 2201 2575; x_wconf 82' lang='lat' dir='ltr'>eum</span> <span class='ocrx_word' id='word_1_592' title='bbox 2229 2540 2284 2575; x_wconf 80' lang='lat' dir='ltr'>ad</span> <span class='ocrx_word' id='word_1_593' title='bbox 2301 2551 2367 2575; x_wconf 81' lang='lat' dir='ltr'>vos</span> <span class='ocrx_word' id='word_1_594' title='bbox 2381 2544 2427 2575; x_wconf 44' lang='lat'>¹⁰1</span> 
     </span>
    </p>
   </div>
   <div class='ocr_carea' id='block_1_26' title="bbox 334 2598 2427 2647">
    <p class='ocr_par' dir='ltr' id='par_1_28' title="bbox 334 2598 2427 2647">
     <span class='ocr_line' id='line_1_81' title="bbox 334 2598 2427 2647; baseline -0.001 -9"><span class='ocrx_word' id='word_1_595' title='bbox 334 2599 434 2638; x_wconf 69' lang='lat' dir='ltr'>turss.</span> <span class='ocrx_word' id='word_1_596' title='bbox 466 2599 540 2647; x_wconf 86' lang='lat' dir='ltr'>Qui</span> <span class='ocrx_word' id='word_1_597' title='bbox 567 2606 657 2635; x_wconf 87' lang='lat' dir='ltr'>sunt</span> <span class='ocrx_word' id='word_1_598' title='bbox 678 2598 762 2634; x_wconf 76' lang='lat' dir='ltr'>illi?</span> <span class='ocrx_word' id='word_1_599' title='bbox 791 2602 876 2635; x_wconf 74' lang='lat' dir='ltr'>Non</span> <span class='ocrx_word' id='word_1_600' title='bbox 898 2599 998 2635; x_wconf 80' lang='lat' dir='ltr'>servi</span> <span class='ocrx_word' id='word_1_601' title='bbox 1020 2600 1164 2647; x_wconf 90' lang='lat' dir='ltr'>carnis,</span> <span class='ocrx_word' id='word_1_602' title='bbox 1187 2599 1252 2637; x_wconf 82' lang='lat' dir='ltr'>scd</span> <span class='ocrx_word' id='word_1_603' title='bbox 1282 2600 1347 2636; x_wconf 83' lang='lat' dir='ltr'>filii</span> <span class='ocrx_word' id='word_1_604' title='bbox 1367 2604 1398 2637; x_wconf 91' lang='lat' dir='ltr'>D</span> <span class='ocrx_word' id='word_1_605' title='bbox 1415 2600 1565 2637; x_wconf 87' lang='lat' dir='ltr'>Christo</span> <span class='ocrx_word' id='word_1_606' title='bbox 1593 2601 1695 2637; x_wconf 90' lang='lat' dir='ltr'>enim</span> <span class='ocrx_word' id='word_1_607' title='bbox 1730 2600 1856 2637; x_wconf 89' lang='lat' dir='ltr'>adhuc</span> <span class='ocrx_word' id='word_1_608' title='bbox 1889 2599 2042 2636; x_wconf 74' lang='lat' dir='ltr'>vivente</span> <span class='ocrx_word' id='word_1_609' title='bbox 2062 2599 2100 2636; x_wconf 89' lang='lat' dir='ltr'>in</span> <span class='ocrx_word' id='word_1_610' title='bbox 2129 2612 2264 2645; x_wconf 86' lang='lat' dir='ltr'>carne,</span> <span class='ocrx_word' id='word_1_611' title='bbox 2298 2609 2427 2636; x_wconf 71' lang='lat' dir='ltr'>nonne</span> 
     </span>
    </p>
   </div>
   <div class='ocr_carea' id='block_1_27' title="bbox 331 2660 1350 3188">
    <p class='ocr_par' dir='ltr' id='par_1_29' title="bbox 331 2660 1350 3188">
     <span class='ocr_line' id='line_1_82' title="bbox 333 2660 1350 2711; baseline -0.001 -12"><span class='ocrx_word' id='word_1_612' title='bbox 333 2663 416 2700; x_wconf 87' lang='lat' dir='ltr'>Dei.</span> <span class='ocrx_word' id='word_1_613' title='bbox 453 2660 577 2698; x_wconf 82' lang='lat' dir='ltr'>Vultis</span> <span class='ocrx_word' id='word_1_614' title='bbox 610 2672 843 2709; x_wconf 75' lang='lat' dir='ltr'>cognoscere</span> <span class='ocrx_word' id='word_1_615' title='bbox 872 2661 969 2697; x_wconf 81' lang='lat' dir='ltr'>filios</span> <span class='ocrx_word' id='word_1_616' title='bbox 993 2661 1085 2697; x_wconf 79' lang='lat' dir='ltr'>Dei?</span> <span class='ocrx_word' id='word_1_617' title='bbox 1115 2662 1189 2709; x_wconf 86' lang='lat' dir='ltr'>Qui</span> <span class='ocrx_word' id='word_1_618' title='bbox 1215 2662 1350 2711; x_wconf 86' lang='lat' dir='ltr'>spiritu</span> 
     </span>
     <span class='ocr_line' id='line_1_83' title="bbox 335 2720 1349 2770; baseline -0.002 -10"><span class='ocrx_word' id='word_1_619' title='bbox 335 2724 429 2760; x_wconf 84' lang='lat' dir='ltr'>facta</span> <span class='ocrx_word' id='word_1_620' title='bbox 452 2720 576 2757; x_wconf 87' lang='lat' dir='ltr'>carnis</span> <span class='ocrx_word' id='word_1_621' title='bbox 596 2720 849 2766; x_wconf 76' lang='lat' dir='ltr'>mortificant,</span> <span class='ocrx_word' id='word_1_622' title='bbox 871 2734 1037 2770; x_wconf 86' lang='lat' dir='ltr'>quorum</span> <span class='ocrx_word' id='word_1_623' title='bbox 1056 2721 1229 2758; x_wconf 83' lang='lat' dir='ltr'>membra</span> <span class='ocrx_word' id='word_1_624' title='bbox 1251 2730 1349 2758; x_wconf 89' lang='lat' dir='ltr'>tem—</span> 
     </span>
     <span class='ocr_line' id='line_1_84' title="bbox 333 2781 1348 2834; baseline -0.001 -14"><span class='ocrx_word' id='word_1_625' title='bbox 333 2784 440 2834; x_wconf 87' lang='lat' dir='ltr'>plum</span> <span class='ocrx_word' id='word_1_626' title='bbox 472 2789 560 2818; x_wconf 88' lang='lat' dir='ltr'>sunt</span> <span class='ocrx_word' id='word_1_627' title='bbox 587 2781 750 2830; x_wconf 86' lang='lat' dir='ltr'>Spiritus</span> <span class='ocrx_word' id='word_1_628' title='bbox 771 2781 914 2826; x_wconf 86' lang='lat' dir='ltr'>sancti,</span> <span class='ocrx_word' id='word_1_629' title='bbox 941 2795 1056 2831; x_wconf 88' lang='lat' dir='ltr'>quem</span> <span class='ocrx_word' id='word_1_630' title='bbox 1086 2796 1107 2818; x_wconf 88' lang='lat' dir='ltr'>a</span> <span class='ocrx_word' id='word_1_631' title='bbox 1135 2786 1218 2820; x_wconf 87' lang='lat' dir='ltr'>Deo</span> <span class='ocrx_word' id='word_1_632' title='bbox 1238 2796 1348 2819; x_wconf 86' lang='lat' dir='ltr'>acce—</span> 
     </span>
     <span class='ocr_line' id='line_1_85' title="bbox 334 2840 1345 2894; baseline 0 -14"><span class='ocrx_word' id='word_1_633' title='bbox 334 2850 477 2894; x_wconf 86' lang='lat' dir='ltr'>perunt</span> <span class='ocrx_word' id='word_1_634' title='bbox 497 2856 504 2878; x_wconf 90' lang='lat'>:</span> <span class='ocrx_word' id='word_1_635' title='bbox 527 2849 570 2877; x_wconf 89' lang='lat' dir='ltr'>ut</span> <span class='ocrx_word' id='word_1_636' title='bbox 595 2840 673 2889; x_wconf 88' lang='lat' dir='ltr'>jam</span> <span class='ocrx_word' id='word_1_637' title='bbox 698 2853 776 2876; x_wconf 89' lang='lat' dir='ltr'>non</span> <span class='ocrx_word' id='word_1_638' title='bbox 798 2841 874 2877; x_wconf 89' lang='lat' dir='ltr'>sint</span> <span class='ocrx_word' id='word_1_639' title='bbox 894 2842 971 2888; x_wconf 90' lang='lat' dir='ltr'>sui,</span> <span class='ocrx_word' id='word_1_640' title='bbox 993 2854 1063 2878; x_wconf 87' lang='lat' dir='ltr'>nec</span> <span class='ocrx_word' id='word_1_641' title='bbox 1092 2841 1164 2879; x_wconf 92' lang='lat' dir='ltr'>sibi</span> <span class='ocrx_word' id='word_1_642' title='bbox 1189 2843 1345 2888; x_wconf 59' lang='lat' dir='ltr'>vivant,</span> 
     </span>
     <span class='ocr_line' id='line_1_86' title="bbox 332 2901 1348 2951; baseline -0.001 -10"><span class='ocrx_word' id='word_1_643' title='bbox 332 2903 398 2940; x_wconf 76' lang='lat' dir='ltr'>sed</span> <span class='ocrx_word' id='word_1_644' title='bbox 417 2903 450 2939; x_wconf 85' lang='lat' dir='ltr'>ei</span> <span class='ocrx_word' id='word_1_645' title='bbox 473 2901 539 2951; x_wconf 86' lang='lat' dir='ltr'>qui</span> <span class='ocrx_word' id='word_1_646' title='bbox 563 2914 634 2950; x_wconf 85' lang='lat' dir='ltr'>pro</span> <span class='ocrx_word' id='word_1_647' title='bbox 653 2901 744 2951; x_wconf 85' lang='lat' dir='ltr'>ipsis</span> <span class='ocrx_word' id='word_1_648' title='bbox 766 2910 942 2938; x_wconf 87' lang='lat' dir='ltr'>mortuus</span> <span class='ocrx_word' id='word_1_649' title='bbox 962 2911 1039 2947; x_wconf 89' lang='lat' dir='ltr'>est,</span> <span class='ocrx_word' id='word_1_650' title='bbox 1062 2911 1099 2938; x_wconf 89' lang='lat' dir='ltr'>et</span> <span class='ocrx_word' id='word_1_651' title='bbox 1116 2904 1348 2950; x_wconf 76' lang='lat' dir='ltr'>resurrexit,</span> 
     </span>
     <span class='ocr_line' id='line_1_87' title="bbox 332 2961 1349 3014; baseline -0.002 -12"><span class='ocrx_word' id='word_1_652' title='bbox 332 2963 450 3014; x_wconf 85' lang='lat' dir='ltr'>empti</span> <span class='ocrx_word' id='word_1_653' title='bbox 470 2961 649 2998; x_wconf 68' lang='lat' dir='ltr'>videlicet</span> <span class='ocrx_word' id='word_1_654' title='bbox 670 2962 795 3010; x_wconf 87' lang='lat' dir='ltr'>pretio</span> <span class='ocrx_word' id='word_1_655' title='bbox 816 2975 952 3010; x_wconf 77' lang='lat' dir='ltr'>magno</span> <span class='ocrx_word' id='word_1_656' title='bbox 972 2963 1130 3012; x_wconf 87' lang='lat' dir='ltr'>pretiosi</span> <span class='ocrx_word' id='word_1_657' title='bbox 1155 2964 1349 3014; x_wconf 84' lang='lat' dir='ltr'>sanguinis</span> 
     </span>
     <span class='ocr_line' id='line_1_88' title="bbox 332 3021 1349 3073; baseline -0.001 -10"><span class='ocrx_word' id='word_1_658' title='bbox 332 3024 482 3063; x_wconf 79' lang='lat' dir='ltr'>Christi.</span> <span class='ocrx_word' id='word_1_659' title='bbox 503 3021 617 3060; x_wconf 87' lang='lat' dir='ltr'>Unde</span> <span class='ocrx_word' id='word_1_660' title='bbox 638 3030 675 3058; x_wconf 90' lang='lat' dir='ltr'>et</span> <span class='ocrx_word' id='word_1_661' title='bbox 702 3030 903 3071; x_wconf 88' lang='lat' dir='ltr'>portantes</span> <span class='ocrx_word' id='word_1_662' title='bbox 924 3035 1010 3059; x_wconf 90' lang='lat' dir='ltr'>eum</span> <span class='ocrx_word' id='word_1_663' title='bbox 1033 3032 1070 3059; x_wconf 90' lang='lat' dir='ltr'>et</span> <span class='ocrx_word' id='word_1_664' title='bbox 1089 3024 1349 3073; x_wconf 76' lang='lat' dir='ltr'>glorificantes</span> 
     </span>
     <span class='ocr_line' id='line_1_89' title="bbox 331 3083 1350 3135; baseline -0.001 -12"><span class='ocrx_word' id='word_1_665' title='bbox 331 3087 369 3123; x_wconf 90' lang='lat' dir='ltr'>in</span> <span class='ocrx_word' id='word_1_666' title='bbox 391 3096 556 3134; x_wconf 89' lang='lat' dir='ltr'>corpore</span> <span class='ocrx_word' id='word_1_667' title='bbox 578 3096 647 3119; x_wconf 82' lang='lat' dir='ltr'>suo</span> <span class='ocrx_word' id='word_1_668' title='bbox 661 3112 670 3128; x_wconf 94' lang='lat'>,</span> <span class='ocrx_word' id='word_1_669' title='bbox 692 3083 825 3131; x_wconf 85' lang='lat' dir='ltr'>utique</span> <span class='ocrx_word' id='word_1_670' title='bbox 847 3083 1105 3120; x_wconf 85' lang='lat' dir='ltr'>honorificant</span> <span class='ocrx_word' id='word_1_671' title='bbox 1126 3098 1212 3121; x_wconf 86' lang='lat' dir='ltr'>eum</span> <span class='ocrx_word' id='word_1_672' title='bbox 1234 3100 1241 3122; x_wconf 94' lang='lat'>:</span> <span class='ocrx_word' id='word_1_673' title='bbox 1261 3086 1350 3135; x_wconf 87' lang='lat' dir='ltr'>quia</span> 
     </span>
     <span class='ocr_line' id='line_1_90' title="bbox 332 3143 1350 3188; baseline -0.002 -4"><span class='ocrx_word' id='word_1_674' title='bbox 332 3160 410 3184; x_wconf 92' lang='lat' dir='ltr'>non</span> <span class='ocrx_word' id='word_1_675' title='bbox 432 3145 557 3182; x_wconf 87' lang='lat' dir='ltr'>solum</span> <span class='ocrx_word' id='word_1_676' title='bbox 578 3156 707 3180; x_wconf 83' lang='lat' dir='ltr'>coram</span> <span class='ocrx_word' id='word_1_677' title='bbox 731 3146 813 3179; x_wconf 86' lang='lat' dir='ltr'>Deo</span> <span class='ocrx_word' id='word_1_678' title='bbox 827 3171 836 3188; x_wconf 92' lang='lat'>,</span> <span class='ocrx_word' id='word_1_679' title='bbox 859 3143 925 3180; x_wconf 88' lang='lat' dir='ltr'>sed</span> <span class='ocrx_word' id='word_1_680' title='bbox 947 3144 1060 3180; x_wconf 83' lang='lat' dir='ltr'>etiam</span> <span class='ocrx_word' id='word_1_681' title='bbox 1080 3158 1208 3182; x_wconf 87' lang='lat' dir='ltr'>coram</span> <span class='ocrx_word' id='word_1_682' title='bbox 1228 3146 1350 3182; x_wconf 89' lang='lat' dir='ltr'>homi-</span> 
     </span>
    </p>
   </div>
   <div class='ocr_carea' id='block_1_28' title="bbox 1417 2661 2426 2773">
    <p class='ocr_par' dir='ltr' id='par_1_30' title="bbox 1417 2661 2426 2773">
     <span class='ocr_line' id='line_1_91' title="bbox 1417 2661 2424 2711; baseline 0 -13"><span class='ocrx_word' id='word_1_683' title='bbox 1417 2666 1552 2699; x_wconf 89' lang='lat' dir='ltr'>Petrus</span> <span class='ocrx_word' id='word_1_684' title='bbox 1569 2662 1720 2711; x_wconf 76' lang='lat' dir='ltr'>negavit</span> <span class='ocrx_word' id='word_1_685' title='bbox 1734 2662 1782 2699; x_wconf 91' lang='lat' dir='ltr'>ad</span> <span class='ocrx_word' id='word_1_686' title='bbox 1800 2675 1936 2699; x_wconf 70' lang='lat' dir='ltr'>vocem</span> <span class='ocrx_word' id='word_1_687' title='bbox 1955 2661 2126 2698; x_wconf 80' lang='lat' dir='ltr'>ancillae?</span> <span class='ocrx_word' id='word_1_688' title='bbox 2139 2661 2289 2699; x_wconf 88' lang='lat' dir='ltr'>Christo</span> <span class='ocrx_word' id='word_1_689' title='bbox 2302 2669 2424 2698; x_wconf 85' lang='lat' dir='ltr'>autem</span> 
     </span>
     <span class='ocr_line' id='line_1_92' title="bbox 1417 2720 2426 2773; baseline -0.002 -14"><span class='ocrx_word' id='word_1_690' title='bbox 1417 2731 1613 2773; x_wconf 86' lang='lat' dir='ltr'>assumpto</span> <span class='ocrx_word' id='word_1_691' title='bbox 1627 2753 1636 2769; x_wconf 91' lang='lat'>,</span> <span class='ocrx_word' id='word_1_692' title='bbox 1652 2731 1689 2759; x_wconf 91' lang='lat' dir='ltr'>et</span> <span class='ocrx_word' id='word_1_693' title='bbox 1708 2723 1823 2760; x_wconf 88' lang='lat' dir='ltr'>misso</span> <span class='ocrx_word' id='word_1_694' title='bbox 1844 2723 1987 2773; x_wconf 88' lang='lat' dir='ltr'>Spiritu</span> <span class='ocrx_word' id='word_1_695' title='bbox 2004 2730 2136 2759; x_wconf 88' lang='lat' dir='ltr'>sancto</span> <span class='ocrx_word' id='word_1_696' title='bbox 2148 2751 2158 2769; x_wconf 91' lang='lat'>,</span> <span class='ocrx_word' id='word_1_697' title='bbox 2176 2735 2306 2760; x_wconf 86' lang='lat' dir='ltr'>nonne</span> <span class='ocrx_word' id='word_1_698' title='bbox 2323 2720 2426 2759; x_wconf 86' lang='lat' dir='ltr'>ibant</span> 
     </span>
    </p>
   </div>
   <div class='ocr_carea' id='block_1_29' title="bbox 1416 2782 2486 3078">
    <p class='ocr_par' dir='ltr' id='par_1_31' title="bbox 1416 2782 2486 3078">
     <span class='ocr_line' id='line_1_93' title="bbox 1416 2782 2486 2833; baseline 0 -14"><span class='ocrx_word' id='word_1_699' title='bbox 1416 2782 1627 2832; x_wconf 78' lang='lat' dir='ltr'>gaudentes</span> <span class='ocrx_word' id='word_1_700' title='bbox 1648 2783 1825 2833; x_wconf 89' lang='lat' dir='ltr'>Apostoli</span> <span class='ocrx_word' id='word_1_701' title='bbox 1845 2797 1865 2820; x_wconf 89' lang='lat' dir='ltr'>a</span> <span class='ocrx_word' id='word_1_702' title='bbox 1890 2791 2102 2833; x_wconf 88' lang='lat' dir='ltr'>conspectu</span> <span class='ocrx_word' id='word_1_703' title='bbox 2126 2782 2302 2829; x_wconf 89' lang='lat' dir='ltr'>concilii,</span> <span class='ocrx_word' id='word_1_704' title='bbox 2333 2793 2426 2833; x_wconf 86' lang='lat' dir='ltr'>quo-</span> <span class='ocrx_word' id='word_1_705' title='bbox 2460 2783 2462 2786; x_wconf 71' lang='grc'>’</span> <span class='ocrx_word' id='word_1_706' title='bbox 2482 2799 2486 2811; x_wconf 89' lang='grc'>·</span> 
     </span>
     <span class='ocr_line' id='line_1_94' title="bbox 1417 2843 2460 2894; baseline 0 -14"><span class='ocrx_word' id='word_1_707' title='bbox 1417 2844 1519 2880; x_wconf 90' lang='lat' dir='ltr'>niam</span> <span class='ocrx_word' id='word_1_708' title='bbox 1555 2844 1658 2893; x_wconf 78' lang='lat' dir='ltr'>(ligni</span> <span class='ocrx_word' id='word_1_709' title='bbox 1694 2843 1814 2881; x_wconf 87' lang='lat' dir='ltr'>habiti</span> <span class='ocrx_word' id='word_1_710' title='bbox 1846 2853 1937 2881; x_wconf 86' lang='lat' dir='ltr'>sunt</span> <span class='ocrx_word' id='word_1_711' title='bbox 1968 2851 2131 2894; x_wconf 84' lang='lat' dir='ltr'>propter</span> <span class='ocrx_word' id='word_1_712' title='bbox 2168 2855 2310 2881; x_wconf 89' lang='lat' dir='ltr'>nomen</span> <span class='ocrx_word' id='word_1_713' title='bbox 2338 2846 2424 2881; x_wconf 85' lang='lat' dir='ltr'>Jesu</span> <span class='ocrx_word' id='word_1_714' title='bbox 2457 2877 2460 2886; x_wconf 87' lang='grc'>,</span> 
     </span>
     <span class='ocr_line' id='line_1_95' title="bbox 1417 2903 2459 2955; baseline -0.001 -14"><span class='ocrx_word' id='word_1_715' title='bbox 1417 2906 1692 2942; x_wconf 85' lang='lat' dir='ltr'>coutumeliam</span> <span class='ocrx_word' id='word_1_716' title='bbox 1710 2906 1788 2955; x_wconf 90' lang='lat' dir='ltr'>pati</span> <span class='ocrx_word' id='word_1_717' title='bbox 1805 2912 1833 2927; x_wconf 86' lang='lat'>¹¹</span> <span class='ocrx_word' id='word_1_718' title='bbox 1851 2907 1866 2942; x_wconf 71' lang='grc' dir='ltr'>Ρ</span> <span class='ocrx_word' id='word_1_719' title='bbox 1882 2909 2015 2955; x_wconf 82' lang='lat' dir='ltr'>Longe</span> <span class='ocrx_word' id='word_1_720' title='bbox 2036 2917 2128 2954; x_wconf 81' lang='lat' dir='ltr'>ergo</span> <span class='ocrx_word' id='word_1_721' title='bbox 2145 2903 2375 2942; x_wconf 88' lang='lat' dir='ltr'>eminentior</span> <span class='ocrx_word' id='word_1_722' title='bbox 2388 2909 2424 2940; x_wconf 77' lang='lat' dir='ltr'>et</span> <span class='ocrx_word' id='word_1_723' title='bbox 2456 2922 2459 2954; x_wconf 64' lang='lat' dir='ltr'>f</span> 
     </span>
     <span class='ocr_line' id='line_1_96' title="bbox 1417 2963 2423 3017; baseline -0.002 -14"><span class='ocrx_word' id='word_1_724' title='bbox 1417 2967 1567 3003; x_wconf 82' lang='lat' dir='ltr'>dulcior</span> <span class='ocrx_word' id='word_1_725' title='bbox 1586 2967 1709 3003; x_wconf 66' lang='lat' dir='ltr'>virtus</span> <span class='ocrx_word' id='word_1_726' title='bbox 1734 2968 1896 3017; x_wconf 85' lang='lat' dir='ltr'>Spiritus</span> <span class='ocrx_word' id='word_1_727' title='bbox 1922 2966 2062 3012; x_wconf 91' lang='lat' dir='ltr'>sancti,</span> <span class='ocrx_word' id='word_1_728' title='bbox 2090 2979 2206 3016; x_wconf 86' lang='lat' dir='ltr'>quam</span> <span class='ocrx_word' id='word_1_729' title='bbox 2229 2963 2423 3002; x_wconf 84' lang='lat' dir='ltr'>delectatio</span> 
     </span>
     <span class='ocr_line' id='line_1_97' title="bbox 1417 3022 2458 3078; baseline -0.002 -15"><span class='ocrx_word' id='word_1_730' title='bbox 1417 3028 1592 3078; x_wconf 81' lang='lat' dir='ltr'>corporis</span> <span class='ocrx_word' id='word_1_731' title='bbox 1608 3028 1758 3065; x_wconf 80' lang='lat' dir='ltr'>Christi.</span> <span class='ocrx_word' id='word_1_732' title='bbox 1775 3028 1888 3076; x_wconf 88' lang='lat' dir='ltr'>Quod</span> <span class='ocrx_word' id='word_1_733' title='bbox 1902 3028 1932 3065; x_wconf 87' lang='lat' dir='ltr'>si</span> <span class='ocrx_word' id='word_1_734' title='bbox 1949 3036 2023 3065; x_wconf 88' lang='lat' dir='ltr'>tam</span> <span class='ocrx_word' id='word_1_735' title='bbox 2039 3026 2260 3064; x_wconf 80' lang='lat' dir='ltr'>excellentis</span> <span class='ocrx_word' id='word_1_736' title='bbox 2274 3034 2312 3063; x_wconf 87' lang='lat' dir='ltr'>et</span> <span class='ocrx_word' id='word_1_737' title='bbox 2327 3022 2423 3062; x_wconf 84' lang='lat' dir='ltr'>beati</span> <span class='ocrx_word' id='word_1_738' title='bbox 2455 3024 2458 3032; x_wconf 80' lang='lat'>&#39;</span> 
     </span>
    </p>
   </div>
   <div class='ocr_carea' id='block_1_30' title="bbox 1417 3083 2424 3144">
    <p class='ocr_par' dir='ltr' id='par_1_32' title="bbox 1417 3083 2424 3144">
     <span class='ocr_line' id='line_1_98' title="bbox 1417 3083 2424 3144; baseline -0.004 -19"><span class='ocrx_word' id='word_1_739' title='bbox 1417 3089 1592 3138; x_wconf 83' lang='lat' dir='ltr'>corporis</span> <span class='ocrx_word' id='word_1_740' title='bbox 1612 3090 1773 3126; x_wconf 88' lang='lat' dir='ltr'>carnalis</span> <span class='ocrx_word' id='word_1_741' title='bbox 1792 3088 1996 3125; x_wconf 87' lang='lat' dir='ltr'>delectatio</span> <span class='ocrx_word' id='word_1_742' title='bbox 2018 3087 2147 3144; x_wconf 85' lang='lat' dir='ltr'>potuit</span> <span class='ocrx_word' id='word_1_743' title='bbox 2166 3086 2214 3123; x_wconf 87' lang='lat' dir='ltr'>ab</span> <span class='ocrx_word' id='word_1_744' title='bbox 2235 3083 2424 3137; x_wconf 76' lang='lat' dir='ltr'>Apostolis</span> 
     </span>
    </p>
   </div>
   <div class='ocr_carea' id='block_1_31' title="bbox 1417 3145 2455 3199">
    <p class='ocr_par' dir='ltr' id='par_1_33' title="bbox 1417 3145 2455 3199">
     <span class='ocr_line' id='line_1_99' title="bbox 1417 3145 2455 3199; baseline -0.003 -14"><span class='ocrx_word' id='word_1_745' title='bbox 1417 3158 1589 3186; x_wconf 76' lang='lat' dir='ltr'>avertere</span> <span class='ocrx_word' id='word_1_746' title='bbox 1612 3149 1796 3199; x_wconf 89' lang='lat' dir='ltr'>Spiritum</span> <span class='ocrx_word' id='word_1_747' title='bbox 1817 3157 1989 3186; x_wconf 87' lang='lat' dir='ltr'>sanctum</span> <span class='ocrx_word' id='word_1_748' title='bbox 2004 3177 2013 3195; x_wconf 93' lang='lat'>,</span> <span class='ocrx_word' id='word_1_749' title='bbox 2031 3148 2114 3186; x_wconf 87' lang='lat' dir='ltr'>sine</span> <span class='ocrx_word' id='word_1_750' title='bbox 2130 3146 2240 3197; x_wconf 39' lang='lat' dir='ltr'>cuj-us</span> <span class='ocrx_word' id='word_1_751' title='bbox 2260 3145 2423 3183; x_wconf 85' lang='lat' dir='ltr'>affectio-</span> <span class='ocrx_word' id='word_1_752' title='bbox 2453 3154 2455 3167; x_wconf 82' lang='lat'><strong>⁴</strong></span> 
     </span>
    </p>
   </div>
   <div class='ocr_carea' id='block_1_32' title="bbox 329 3273 2418 3368">
    <p class='ocr_par' dir='ltr' id='par_1_34' title="bbox 329 3273 2418 3368">
     <span class='ocr_line' id='line_1_100' title="bbox 381 3273 2418 3320; baseline 0 -13"><span class='ocrx_word' id='word_1_753' title='bbox 381 3283 389 3298; x_wconf 88' lang='lat'>¹</span> <span class='ocrx_word' id='word_1_754' title='bbox 409 3275 546 3317; x_wconf 78' lang='lat' dir='ltr'>Philipp.</span> <span class='ocrx_word' id='word_1_755' title='bbox 568 3284 609 3311; x_wconf 74' lang='grc' dir='ltr'>ιι,</span> <span class='ocrx_word' id='word_1_756' title='bbox 633 3276 700 3305; x_wconf 74' lang='lat'><strong>5-7.</strong></span> <span class='ocrx_word' id='word_1_757' title='bbox 717 3292 762 3296; x_wconf 97' lang='lat'><strong>—</strong></span> <span class='ocrx_word' id='word_1_758' title='bbox 782 3278 793 3293; x_wconf 83' lang='lat'><strong>²</strong></span> <span class='ocrx_word' id='word_1_759' title='bbox 812 3273 908 3305; x_wconf 77' lang='lat' dir='ltr'>Eccli.</span> <span class='ocrx_word' id='word_1_760' title='bbox 928 3285 974 3311; x_wconf 87' lang='lat'>11,</span> <span class='ocrx_word' id='word_1_761' title='bbox 999 3276 1051 3305; x_wconf 74' lang='lat'>14.</span> <span class='ocrx_word' id='word_1_762' title='bbox 1075 3294 1121 3297; x_wconf 83' lang='lat'>-—</span> <span class='ocrx_word' id='word_1_763' title='bbox 1139 3274 1152 3297; x_wconf 80' lang='lat'>3</span> <span class='ocrx_word' id='word_1_764' title='bbox 1176 3279 1188 3306; x_wconf 91' lang='lat' dir='ltr'>I</span> <span class='ocrx_word' id='word_1_765' title='bbox 1213 3278 1285 3308; x_wconf 90' lang='lat' dir='ltr'>Cor.</span> <span class='ocrx_word' id='word_1_766' title='bbox 1315 3288 1369 3315; x_wconf 70' lang='lat' dir='ltr'>xv,</span> <span class='ocrx_word' id='word_1_767' title='bbox 1397 3282 1453 3309; x_wconf 66' lang='lat'>50.</span> <span class='ocrx_word' id='word_1_768' title='bbox 1472 3296 1514 3300; x_wconf 85' lang='lat'>—-</span> <span class='ocrx_word' id='word_1_769' title='bbox 1531 3277 1641 3309; x_wconf 61' lang='lat' dir='ltr'>411sal.</span> <span class='ocrx_word' id='word_1_770' title='bbox 1662 3290 1767 3316; x_wconf 66' lang='lat' dir='ltr'>rxxv,</span> <span class='ocrx_word' id='word_1_771' title='bbox 1794 3281 1825 3310; x_wconf 80' lang='lat'>3.</span> <span class='ocrx_word' id='word_1_772' title='bbox 1847 3297 1891 3300; x_wconf 98' lang='lat'><strong>—</strong></span> <span class='ocrx_word' id='word_1_773' title='bbox 1909 3277 1923 3300; x_wconf 80' lang='lat'><strong>5</strong></span> <span class='ocrx_word' id='word_1_774' title='bbox 1944 3278 2062 3310; x_wconf 85' lang='lat' dir='ltr'>Matth.</span> <span class='ocrx_word' id='word_1_775' title='bbox 2087 3289 2141 3320; x_wconf 70' lang='lat' dir='ltr'>XI,</span> <span class='ocrx_word' id='word_1_776' title='bbox 2164 3280 2220 3309; x_wconf 90' lang='grc'>30.</span> <span class='ocrx_word' id='word_1_777' title='bbox 2234 3295 2278 3300; x_wconf 51' lang='grc' dir='ltr'>ν-</span> <span class='ocrx_word' id='word_1_778' title='bbox 2294 3273 2310 3297; x_wconf 83' lang='lat'><strong>⁶</strong></span> <span class='ocrx_word' id='word_1_779' title='bbox 2329 3277 2418 3307; x_wconf 82' lang='lat' dir='ltr'>Rom.</span> 
     </span>
     <span class='ocr_line' id='line_1_101' title="bbox 329 3325 2280 3368; baseline 0.001 -8"><span class='ocrx_word' id='word_1_780' title='bbox 329 3332 537 3367; x_wconf 69' lang='lat' dir='ltr'>V111,l&#39;{.—</span> <span class='ocrx_word' id='word_1_781' title='bbox 558 3333 570 3356; x_wconf 80' lang='grc'>7</span> <span class='ocrx_word' id='word_1_782' title='bbox 593 3326 709 3357; x_wconf 67' lang='lat' dir='ltr'>Mulli).</span> <span class='ocrx_word' id='word_1_783' title='bbox 731 3338 764 3363; x_wconf 67' lang='lat' dir='ltr'>N,</span> <span class='ocrx_word' id='word_1_784' title='bbox 785 3330 840 3358; x_wconf 71' lang='lat'>22.</span> <span class='ocrx_word' id='word_1_785' title='bbox 863 3345 902 3349; x_wconf 81' lang='lat'>—-</span> <span class='ocrx_word' id='word_1_786' title='bbox 925 3325 1116 3365; x_wconf 71' lang='lat' dir='ltr'>311C‹›1·.v,</span> <span class='ocrx_word' id='word_1_787' title='bbox 1139 3332 1192 3360; x_wconf 83' lang='lat'>10.</span> <span class='ocrx_word' id='word_1_788' title='bbox 1212 3349 1255 3351; x_wconf 34' lang='lat' dir='ltr'>—v</span> <span class='ocrx_word' id='word_1_789' title='bbox 1277 3335 1291 3358; x_wconf 71' lang='lat'><strong>9</strong></span> <span class='ocrx_word' id='word_1_790' title='bbox 1310 3334 1386 3362; x_wconf 81' lang='lat' dir='ltr'>Luc.</span> <span class='ocrx_word' id='word_1_791' title='bbox 1403 3343 1492 3365; x_wconf 75' lang='lat' dir='ltr'>xvir.</span> <span class='ocrx_word' id='word_1_792' title='bbox 1514 3335 1569 3362; x_wconf 76' lang='lat'>21.</span> <span class='ocrx_word' id='word_1_793' title='bbox 1590 3351 1632 3354; x_wconf 90' lang='lat'>-—</span> <span class='ocrx_word' id='word_1_794' title='bbox 1659 3338 1687 3352; x_wconf 89' lang='lat'>¹⁰</span> <span class='ocrx_word' id='word_1_795' title='bbox 1703 3335 1896 3366; x_wconf 80' lang='lat' dir='ltr'>Joan.xv1,</span> <span class='ocrx_word' id='word_1_796' title='bbox 1917 3335 1949 3364; x_wconf 84' lang='lat'>7.</span> <span class='ocrx_word' id='word_1_797' title='bbox 1968 3351 2011 3354; x_wconf 44' lang='lat' dir='ltr'>-ffl</span> <span class='ocrx_word' id='word_1_798' title='bbox 2034 3339 2059 3354; x_wconf 81' lang='lat'>¹¹</span> <span class='ocrx_word' id='word_1_799' title='bbox 2080 3335 2152 3365; x_wconf 74' lang='lat' dir='ltr'>Act.</span> <span class='ocrx_word' id='word_1_800' title='bbox 2172 3344 2204 3368; x_wconf 76' lang='lat' dir='ltr'>V,</span> <span class='ocrx_word' id='word_1_801' title='bbox 2225 3334 2280 3362; x_wconf 82' lang='grc'>41.</span> 
     </span>
    </p>
   </div>
   <div class='ocr_carea' id='block_1_33' title="bbox 2465 2370 2495 2390">
    <p class='ocr_par' dir='ltr' id='par_1_35' title="bbox 2465 2370 2495 2390">
     <span class='ocr_line' id='line_1_102' title="bbox 2465 2370 2495 2390; baseline 0 0"><span class='ocrx_word' id='word_1_802' title='bbox 2465 2370 2471 2385; x_wconf 60' lang='lat' dir='ltr'><em>Q</em></span> <span class='ocrx_word' id='word_1_803' title='bbox 2493 2386 2495 2390; x_wconf 95' lang='lat'><em>.</em></span> 
     </span>
    </p>
   </div>
   <div class='ocr_carea' id='block_1_34' title="bbox 1417 2431 2494 2528">
    <p class='ocr_par' dir='ltr' id='par_1_36' title="bbox 1417 2431 2517 2528">
     <span class='ocr_line' id='line_1_103' title="bbox 2480 2431 2494 2460; baseline 0 0"><span class='ocrx_word' id='word_1_804' title='bbox 2480 2431 2494 2460; x_wconf 76' lang='grc' dir='ltr'>Ἰ</span> 
     </span>
     <span class='ocr_line' id='line_1_104' title="bbox 1417 2477 2427 2528; baseline 0.002 -14"><span class='ocrx_word' id='word_1_805' title='bbox 1417 2478 1658 2528; x_wconf 86' lang='lat' dir='ltr'>promittitur</span> <span class='ocrx_word' id='word_1_806' title='bbox 1689 2478 1853 2528; x_wconf 87' lang='lat' dir='ltr'>Spiritus</span> <span class='ocrx_word' id='word_1_807' title='bbox 1888 2485 2054 2514; x_wconf 88' lang='lat' dir='ltr'>sanctus.</span> <span class='ocrx_word' id='word_1_808' title='bbox 2092 2477 2246 2514; x_wconf 90' lang='lat' dir='ltr'>Etenim</span> <span class='ocrx_word' id='word_1_809' title='bbox 2279 2477 2427 2527; x_wconf 55' lang='lat' dir='ltr'>inquitf</span> 
     </span>
    </p>
   </div>
  </div>
 </body>
</html>
