2565 3952
100 170 169 210 3³11

99 262 206 286 mana
227 246 394 285 Ecclesia
410 244 522 282 valde
543 244 710 282 clemens
731 251 786 280 est
805 258 813 280 ;
831 242 897 280 sed
920 243 1094 279 nihilomi
1116 238 1148 256 '⁴

1019 162 1283 199 1·1PISTOLAE.

1157 238 1164 254 ¹
1183 240 1334 289 placere
1356 239 1508 276 studeas
1527 239 1574 276 de
1593 239 1742 289 reliquo
1759 270 1768 287 ,
1790 249 1978 290 quatenus
2001 244 2147 293 placcat
2163 247 2197 282 ei

2119 167 2195 204 342

98 323 167 348 nus
184 317 333 359 potens.
353 306 483 344 Fidele
498 306 698 342 consilium
712 334 721 349 ‚
742 313 778 341 et
799 304 905 340 omni
925 305 1115 353 acceptio·
1133 306 1163 338 A
1184 311 1262 334 non
1286 298 1409 335 solum
1429 311 1581 335 servare
1605 298 1671 334 tibi
1689 312 1774 348 quae
1793 300 1980 347 reddidit,
2003 303 2067 339 sed
2085 305 2197 341 etiam

98 385 144 408 ne
165 371 321 419 dignum
351 382 358 403 z
382 367 468 404 ,Noli
490 366 596 403 abuti
617 366 840 411 clementia,
863 378 910 402 ne
940 365 1113 415 potentia

97 429 338 482 opprimaris.

148 491 183 529 2.
209 489 280 526 Sed
307 488 399 525 dicit
417 487 552 537 aliquis
578 502 585 524 :
605 485 783 524 Debitam
801 486 834 522 ei
853 486 1108 522 reverentiam

95 549 284 589 exhibebo
301 579 310 596 ,
331 558 368 586 et
387 549 480 585 nihil
503 548 680 598 amplius.
708 551 822 593 Esto,
846 546 902 584 fac
922 546 1028 596 quod
1047 546 1109 583 di-

94 613 146 651 cis
167 627 176 649 ε
197 611 286 661 quia
307 610 336 647 si
357 609 538 647 exhibeas
555 608 721 646 debitam
739 637 748 654 ,
770 616 807 644 et
828 606 1105 644 omnimodam.

94 671 295 712 Plenitudo
319 670 508 720 siquidem
533 669 732 720 potestatis
762 682 879 719 super
910 669 1108 705 universas

94 733 196 771 orbis
216 732 426 778 Ecclesias,
448 730 628 780 singulari
659 731 916 781 praerogativa
949 740 1108 781 aposto-

93 794 173 832 licae
192 792 279 832 Sedi
300 792 440 829 donata
469 800 537 828 est.
566 791 641 840 Qui
668 792 783 841 igitur
809 792 898 829 huic
928 792 1107 843 potestati

93 855 250 900 resistit,
274 853 344 891 Dei
365 853 600 890 ordinationi
627 853 778 890 resistit.
801 857 949 900 Potest,
969 854 998 891 si
1016 855 1108 891 utile

88 915 344 967 judicaverit,
378 928 502 952 novos
532 914 713 951 ordinare
743 915 1009 965 episcopatus,
1042 915 1108 953 ubi

93 979 272 1016 hactenus
287 989 364 1013 non
382 976 552 1013 fuerunt.
572 979 702 1013 Potest
719 989 784 1012 eos
802 976 868 1026 qui
882 986 970 1013 sunt
986 1005 994 1022 ,
1015 977 1109 1014 alios

93 1038 328 1090 deprimere,
359 1038 453 1074 alios
494 1036 720 1083 sublimare,
750 1045 868 1087 prout
900 1037 998 1073 ratio
1037 1036 1107 1074 sibi
1127 1043 1154 1077 B

92 1099 314 1146 dictaverit,
343 1099 395 1135 ita
424 1106 468 1135 ut
490 1098 536 1135 de
556 1098 746 1149 episcopis
767 1111 896 1135 creare
917 1098 1102 1148 archiepi-

91 1174 229 1211 scopos
249 1161 359 1198 liceat
378 1189 387 1206 ,
410 1169 447 1197 et
467 1174 488 1197 e
511 1173 700 1197 converso
715 1189 725 1205 ,
751 1159 780 1196 si
808 1172 961 1196 necesse
983 1160 1108 1196 visum

91 1221 214 1258 suerit.
248 1224 378 1258 Potest
405 1234 427 1257 a
459 1219 599 1257 finibus
633 1228 743 1257 terrae
776 1219 959 1257 sublimes
993 1234 1108 1270 quas-

90 1295 254 1332 cumque
273 1294 458 1332 personas
479 1281 752 1318 ecclesiasticas
774 1294 938 1318 evocare
951 1311 960 1328 ,
983 1290 1020 1317 et
1040 1295 1107 1318 co-

90 1356 178 1394 gere
197 1342 245 1380 ad
263 1356 369 1380 suam
398 1342 639 1392 praesentiam
658 1371 667 1387 ,
691 1355 770 1379 non
789 1342 905 1378 semel
929 1351 994 1378 aut
1022 1341 1080 1378 bis
1096 1370 1106 1388 ,

92 1403 157 1442 sed
173 1403 324 1453 quoties
346 1402 530 1453 expedire
547 1401 707 1440 videbit.
726 1406 848 1440 Porro
866 1402 903 1439 in
921 1411 1109 1453 promptu

91 1473 147 1502 est
174 1464 209 1501 ei
237 1477 392 1501 omnem
426 1463 558 1500 ulcisci
590 1462 920 1509 inobedientiam,
961 1463 991 1500 si
1025 1463 1110 1513 quis

93 1527 189 1564 forte
210 1525 389 1562 reluctari
409 1532 570 1561 conatus
590 1524 718 1561 fuerit.
742 1524 919 1574 Denique
938 1523 1111 1575 probasti

93 1596 130 1625 ct
148 1595 200 1624 tu.
224 1585 325 1635 Quid
345 1586 447 1623 enim
470 1584 636 1622 contulit
654 1583 722 1622 tibi
740 1593 850 1622 vetus
867 1594 933 1622 tua
950 1584 1111 1622 rebellio

93 1657 130 1686 et
159 1647 414 1685 recalcitratio
446 1647 545 1684 male
566 1659 677 1683 suasa
706 1660 727 1683 a
758 1646 1112 1697 pseudoprophetis

94 1709 220 1747 tuis*?
239 1722 354 1759 quem
379 1708 547 1745 fructum
574 1706 763 1755 habuisti,
788 1708 827 1744 in
849 1707 988 1758 quibus
1010 1721 1112 1745 nunc

95 1770 315 1811 erubescis?
348 1775 522 1822 Agnosce
554 1771 684 1822 potius
709 1772 749 1808 in
780 1785 855 1822 qua
890 1780 1109 1822 potestate,

1182 359 1348 409 adjicere
1375 372 1459 409 quae
1483 359 1660 395 nondum
1687 359 1802 396 dedit.

1179 490 2183 504 =====================================================================

1303 615 1683 673 EPISTOLA
1749 614 2074 673 CXXXII?

1394 766 1442 787 AD
1472 765 1622 787 CLERL‘M
1652 764 1974 788 MEDIOLANENSEM
1981 781 1987 788 .

1176 873 1360 905 Gratulatur
1378 874 1460 905 clero
1481 873 1730 910 Mediolanensi,
1749 874 1836 916 cujus
1863 885 1957 916 opera
1975 874 2101 913 civitas,
2124 876 2196 907 reli<

1199 935 1249 959 cto
1269 928 1436 960 schismate
1456 929 1598 960 Anacleti
1610 953 1617 967 ‚
1637 929 1677 960 ad
1694 929 1845 960 unitatem
1862 930 2006 961 Ecclesiae
2022 930 2169 962 redierat.

1229 1044 1426 1081 Benedicti
1453 1058 1521 1081 vos
1549 1058 1570 1081 a
1597 1045 1765 1082 Domino
1783 1074 1792 1091 ,
1820 1058 1985 1096 quorum
2007 1046 2134 1083 studio
2155 1056 2192 1084 et

1176 1106 1364 1142 industria
1390 1106 1521 1142 civitas
1543 1114 1670 1142 vestra
1696 1105 1857 1142 liberata
1883 1116 1938 1143 est
1958 1106 2004 1143 ab
2032 1121 2163 1145 errore
2180 1138 2190 1154 ,

1177 1176 1215 1204 et
1238 1167 1370 1203 relicto
1401 1167 1604 1203 schismate
1635 1166 1680 1203 ad
1715 1167 1939 1203 catholicam
1966 1168 2077 1204 rediit
2106 1169 2196 1205 uni—

1177 1235 1306 1264 tatem.
1324 1227 1426 1263 Exiit
1443 1240 1569 1263 sermo
1591 1227 1660 1263 iste
1678 1227 1778 1263 inter
1793 1228 2005 1265 Catholicos
2025 1243 2032 1265 :
2052 1229 2198 1266 audivit

1178 1296 1215 1324 et
1248 1288 1372 1324 laetata
1404 1295 1463 1323 est
1491 1287 1602 1333 Sion,
1635 1295 1673 1323 et
1694 1295 1750 1323 est
1779 1287 1890 1324 vobis
1920 1289 2041 1337 gloria
2068 1303 2197 1326 corani

1177 1352 1260 1387 Deo
1283 1357 1321 1385 et
1344 1348 1451 1384 omni
1485 1348 1649 1398 populo.
1688 1351 1811 1395 Quam
1843 1349 1938 1385 laetis
1959 1348 2200 1399 §mplexibus

1178 1418 1302 1446 mater
1320 1408 1489 1446 Ecclesia
1512 1407 1656 1457 colligit
1679 1416 1735 1443 tot
1753 1416 1791 1444 et
1809 1416 2003 1446 tantorum
2022 1411 2198 1448 multitu—

1180 1470 1308 1506 dinem
1333 1469 1523 1515 filiorum,
1540 1481 1637 1518 quos
1653 1481 1691 1505 se
1707 1469 1877 1506 amisisse
1894 1470 2065 1508 dolebat!
2083 1486 2197 1522 quam

1180 1532 1266 1569 laeto
1299 1540 1337 1568 et
1368 1544 1505 1567 sereno
1542 1531 1651 1567 vultu
1682 1533 1784 1568 Deus
1817 1540 1927 1581 pater
1956 1533 2092 1583 recipit
2126 1533 2199 1571 hoc

1180 1592 1410 1630 sacrificium
1445 1591 1491 1628 de
1522 1590 1701 1628 manibus
1733 1592 1890 1628 vestris!
1925 1593 2036 1641 Quod
2071 1603 2197 1632 autem

1180 1662 1218 1691 et
1242 1654 1327 1704 paci
1348 1662 1457 1689 terrae
1476 1652 1696 1697 intenditis,
1719 1652 1839 1689 facitis
1859 1653 1962 1702 quod
1991 1654 2056 1690 filii
2078 1655 2196 1705 pacis.

1181 1718 1229 1752 Et
1249 1728 1340 1764 ego,
1362 1714 1517 1756 fratres,
1535 1712 1729 1763 particeps
1747 1721 1784 1749 et
1801 1714 1926 1750 socius
1939 1714 2066 1763 gaudii
2084 1716 2201 1752 vestri

1180 1776 1263 1812 fieri
1284 1775 1444 1825 cupiens
1460 1803 1470 1821 ,
1490 1773 1603 1823 juxta
1625 1773 1850 1823 petitionem
1871 1783 2037 1811 vestram
2063 1775 2109 1812 ad
2131 1789 2201 1814 vos

97 1833 214 1884 gloria
244 1841 283 1870 et
311 1833 461 1870 honore
485 1832 816 1883 suffraganeorum
846 1841 1000 1870 tuorum
1036 1841 1110 1870 tam
1132 1840 1159 1876 C
1183 1849 1268 1873 cum
1294 1835 1443 1872 dilectis
1472 1833 1654 1871 fratribus
1683 1834 1846 1880 nostris,
1876 1835 2019 1872 nuntiis
2038 1837 2200 1883 vestris,

98 1894 163 1931 diu
194 1895 344 1945 privata
374 1893 595 1931 exstitisti*.
628 1894 722 1942 Quis
753 1907 825 1945 pro
847 1902 883 1931 te
903 1895 1023 1931 valuit
1045 1893 1112 1931 ob-

98 1955 199 1993 viare
222 1955 443 2006 apostolicae
469 1955 707 1992 auctoritatis
725 1953 947 2004 justissimae
969 1954 1114 1992 severi-

101 2017 186 2064 tati,
204 2031 290 2054 cum
308 2025 518 2068 provocata
535 2016 608 2054 tuis
625 2016 864 2063 excessibus,
886 2016 1057 2054 decrevit
1077 2024 1113 2053 te

100 2078 172 2115 tuis
198 2078 272 2115 illis
305 2078 473 2128 antiquis
493 2091 536 2114 ac
563 2077 756 2128 praeclaris
777 2078 1014 2114 ornamentis
1035 2091 1112 2114 nu-

71 2134 78 2136 *
100 2138 187 2176 dare
204 2168 212 2184 ,
246 2139 425 2176 mutilare
454 2138 663 2175 membris?
684 2142 732 2176 Et
754 2138 868 2176 hodie
891 2139 1049 2175 confusa
1076 2146 1113 2174 et

101 2208 270 2237 truncata
294 2199 468 2250 jaceres,
491 2199 521 2236 si
547 2212 627 2236 non
657 2198 861 2249 benignius
891 2213 1005 2249 quam
1038 2212 1112 2249 po-

102 2260 239 2298 tentius
265 2268 392 2297 tecum
415 2268 541 2297 actum
572 2259 716 2296 fuisset.
749 2259 842 2308 Quis
871 2273 955 2296 eam
984 2258 1114 2310 prohi-

102 2319 189 2358 bere
213 2322 359 2359 valebit
389 2321 501 2358 etiam
536 2334 557 2358 a
590 2321 859 2371 gravioribus,
896 2322 926 2358 si
958 2334 1112 2358 rursum

103 2381 227 2434 (quod
245 2381 343 2420 absit
358 2381 372 2434 )
400 2381 586 2431 adjeceris
608 2384 848 2432 provocare?
868 2381 963 2419 Vide
981 2396 1028 2419 ne
1045 2396 1114 2433 pa-

104 2442 203 2480 tiaris
229 2443 439 2481 recidivum
463 2458 471 2480 :
494 2443 583 2494 quia
612 2457 685 2494 pro
719 2452 825 2481 certo
844 2473 853 2490 ‚
884 2444 956 2481 nisi
987 2445 1112 2490 fallor,

103 2516 178 2541 non
212 2513 286 2541 tam
318 2505 425 2542 facile
458 2504 587 2542 denuo
616 2505 762 2555 poterit
787 2505 954 2542 inveniri
988 2519 1114 2543 reme-

104 2562 219 2602 dium.
238 2566 273 2603 Si
291 2566 377 2616 quis
393 2566 522 2616 itaque
537 2565 680 2603 dixerit
697 2565 763 2602 tibi
775 2595 784 2613 ,
801 2566 944 2603 Partim
961 2574 1118 2617 oportet

104 2623 282 2674 obedire,
314 2627 453 2677 partim
486 2640 566 2664 non
601 2635 756 2677 oportet
786 2642 794 2664 ε

104 2696 259 2738 experta
275 2688 324 2725 sis
343 2688 623 2739 plenitudinem
645 2689 866 2739 apostolicae
887 2690 1086 2739 potestatis
1103 2719 1112 2736 ,

105 2748 335 2785 auctoritatis
354 2749 635 2799 integritatem3
662 2763 792 2786 nonne
813 2749 1037 2800 hujusmodi
1053 2759 1117 2788 aut

105 2808 280 2847 seductus
308 2819 391 2858 est,
423 2819 488 2847 aut
507 2810 691 2847 seducere
714 2811 818 2847 vult?
840 2810 913 2848 Sed
934 2811 991 2848 fac
1012 2811 1117 2861 quod

106 2868 189 2907 dico
206 2885 213 2907 ε
232 2883 316 2908 nam
334 2885 404 2922 ego
422 2880 457 2909 te
474 2885 553 2908 non
571 2871 728 2909 seduco.
748 2875 983 2910 Convertere
1001 2873 1120 2923 magis

107 2928 154 2965 ad
170 2929 422 2969 humilitatem
441 2962 450 2978 ‚
473 2932 518 2970 ad
543 2933 878 2970 mansuetudinem
899 2948 906 2969 :
929 2933 1116 2983 siquidem

107 2996 144 3025 et
174 2989 382 3029 humilibus
412 2992 478 3029 dat
511 2996 612 3030 Deus
646 2993 832 3043 gratiam,
862 3001 900 3029 et
933 2994 1119 3030 mansueti

109 3047 384 3089 liaereditabunt
400 3061 553 3089 terram.
571 3055 664 3090 Esto
680 3061 791 3090 cauta
806 3052 972 3089 dominae
989 3061 1026 3090 et
1043 3067 1121 3090 ma-

110 3108 174 3147 tris
197 3118 269 3148 tuae
290 3121 555 3164 recuperatam
573 3126 727 3150 servare
749 3112 909 3163 gratiam
929 3128 936 3149 :
957 3121 995 3150 et
1015 3114 1067 3150 sic
1086 3115 1121 3152 ei

156 3240 171 3257 ὃ
190 3236 311 3279 Scripta
324 3248 408 3269 anno
421 3237 537 3270 Christi
555 3245 566 3270 ι
579 3242 655 3271 134.

828 2641 915 2664 cum
941 2637 981 2664 tu
1011 2628 1050 2664 in
1082 2637 1117 2666 te
1136 2636 1168 2670 D

1180 1896 1383 1933 veniebam
1411 1910 1418 1932 :
1444 1895 1490 1932 de
1513 1894 1654 1945 quibus
1684 1894 1777 1931 mihi
1798 1895 2001 1945 scripsistis
2018 1924 2028 1942 ,
2051 1896 2202 1946 plenius

1181 1957 1392 1995 secundum
1426 1956 1613 1994 rationem
1649 1955 1689 1992 in
1717 1955 1959 2006 beneplacito
1989 1957 2058 1994 Dei
2094 1958 2202 1995 satis-

1182 2020 1365 2056 facturus.
1399 2017 1473 2056 Sed
1499 2017 1589 2067 quia
1621 2025 1774 2068 tempus
1804 2016 1922 2054 breve
1954 2026 2010 2055 est
2042 2032 2120 2068 quo
2154 2019 2201 2056 ad

1182 2080 1387 2117 concilium
1418 2079 1642 2116 festinamus
1658 2076 1699 2124 1);
1728 2091 1808 2114 non
1829 2087 1962 2128 gravet
1990 2092 2060 2117 vos
2081 2087 2202 2130 usque

1181 2141 1229 2178 ad
1250 2141 1416 2178 reditum
1440 2148 1615 2177 nostrum
1637 2139 1836 2176 sustinere.

1181 2287 2200 2298 ιιιιιιιιιιιιιιιιιιιιιιιιιιιιιιιιιιιιιιιιιιιιιιιιιιιιιιιιιιιιιιιιιιιιιι

1298 2428 1673 2486 EPISTOLA
1732 2430 2087 2488 CXXXIII?

1294 2589 1342 2611 AD
1374 2588 1582 2612 [NIVERSOS
1611 2588 1717 2611 CIYES
1748 2588 2100 2612 MEDiOLANENSIL‘M.

1186 2705 1339 2735 Invitatus
1359 2703 1399 2735 ad
1422 2703 1674 2746 componendam
1698 2715 1827 2746 pacem,
1847 2704 1969 2736 laetatur
1987 2704 2027 2735 ad
2046 2704 2106 2737 hoc
2125 2717 2203 2749 opus

1501 2770 1589 2790 suam
1608 2769 1737 2801 operam
1757 2758 1885 2800 requiri.

1240 2877 1294 2911 L't
1329 2887 1375 2909 ex
1417 2872 1568 2923 scriptis
1602 2872 1738 2909 vestris
1769 2871 1961 2922 percipio,
1992 2873 2205 2910 nonnullus

1188 2935 1280 2971 mihi
1316 2935 1423 2971 locus
1456 2933 1586 2983 gratiae
1618 2933 1719 2983 apud
1750 2946 1819 2970 vos
1846 2941 1914 2970 est.
1944 2936 1991 2969 Et
2021 2934 2202 2982 quoniam

1189 3008 1315 3031 meum
1348 3008 1426 3031 non
1456 2994 1613 3030 invenio
1643 2994 1841 3039 meritum,
1875 2993 2059 3030 divinitus
2089 2992 2203 3029 credo

1189 3055 1333 3092 datum.
1351 3058 1436 3092 Non
1454 3067 1589 3091 recuso
1606 3054 1774 3090 favorem
1789 3053 1952 3102 ingentis
1971 3052 2202 3102 insignisque

1187 3115 1336 3166 populi.
1372 3115 1597 3165 Amplector
1627 3113 1793 3151 oblatam
1820 3116 1977 3163 gratiam
1993 3142 2002 3159 ,
2024 3121 2060 3149 et
2081 3111 2203 3148 obviis

158 3289 173 3310 b
189 3289 284 3322 Conci
297 3290 362 3322 inm
390 3291 429 3322 de
454 3291 594 3334 quo·hic
609 3299 640 3324 et
665 3293 699 3324 in
723 3293 988 3336 subsequentibus
1007 3295 1146 3338 epistolis
1170 3296 1284 3339 agitur,
1309 3301 1355 3327 est
1376 3295 1543 3327 concilium
1568 3294 1713 3326 Pisanum
1732 3293 1805 3324 anni
1835 3294 1932 3323 1134.
1950 3290 2030 3320 vide
2050 3288 2204 3320 Bet-nardi

112 3341 235 3381 Vitam,
260 3344 313 3375 lib.
334 3349 364 3376 2.
381 3356 412 3376 n.
429 3349 462 3377 8.
484 3366 526 3369 —
541 3352 555 3367 θ
569 3347 691 3389 Scripta
711 3359 793 3379 anno
814 3347 931 3379 Christi
951 3352 1050 3381 1134.
