2565 3952
103 131 173 171 501

1023 128 1288 166 EPISTOLAE.

2135 136 2211 174 502

101 211 148 249 sti
166 206 386 246 haereditate
409 217 559 255 quaeras
576 217 661 255 quae
682 213 747 241 tua
764 211 877 250 sunt,
895 203 962 253 qui
979 202 1058 254 jam
1079 205 1350 245 et²⁵⁴munere
1365 237 1374 254 ,
1407 207 1474 258 qui
1508 207 1659 245 dicebat
1693 208 1739 245 de
1769 209 1888 246 corde
1916 223 2016 260 puro
2048 220 2085 247 et
2113 227 2209 250 eon—

102 279 188 309 ante
212 267 399 305 didiceras
413 295 422 312 ,
449 279 529 303 non
551 266 638 303 dico
664 274 729 303 tua
750 279 826 302 non
846 265 1034 312 retinere,
1055 266 1121 303 scd
1139 268 1170 302 A
1189 270 1348 306 scientia
1378 268 1482 306 bona
1517 285 1524 306 :

104 344 174 370 nec
196 338 283 366 tuus
299 328 408 365 esse?

155 391 190 428 3.
211 393 312 439 Ergo
328 387 507 424 fiduciam
532 387 644 424 talem
668 386 814 423 habens
830 387 868 423 in
887 394 943 433 te,
968 387 1122 437 qualem

101 452 141 490 in
168 450 275 488 nullo
296 447 625 499 praedecessorum
648 456 805 484 tuorum
823 461 844 484 a
864 447 996 484 multis
1016 456 1122 485 retro

103 510 340 562 temporibus
370 510 452 546 visa
481 518 538 547 est
568 508 747 546 habuisse
762 538 772 555 ,
793 509 960 546 exsultat
980 509 1120 546 merito

101 573 245 623 ubique
266 580 305 609 et
325 571 512 621 gloriatur
538 570 578 607 in
608 570 779 608 Domino
801 570 927 606 omnis
950 570 1121 608 Ecclesia

100 643 317 675 sanctorum
344 648 351 670 ε
372 632 439 670 sed
455 632 672 682 specialiter
693 631 756 668 illa
771 660 780 676 ‚
800 630 910 680 cujus
928 640 1062 668 uterus
1085 640 1120 668 te

99 694 268 748 portavit
279 723 289 741 ,
305 701 343 732 et
360 692 468 742 cujus
490 692 610 730 ubera
625 701 665 729 tu
680 692 817 729 suxisti
832 698 861 729 ²².
881 691 982 740 Quid
1000 705 1091 742 ergo
1106 694 1120 729 ,³

99 760 234 797 Nonne
255 763 294 793 et
314 755 409 792 mihi
429 755 516 791 licet
536 753 704 804 gaudere
723 767 809 791 cum
833 752 1089 804 gaudentibus
1108 754 1122 789 .³

99 816 286 868 numquid
306 829 385 853 non
407 829 474 853 ero
493 829 594 852 unus
619 815 665 852 de
687 828 852 852 numero
875 814 1120 851 laetantium?

99 878 296 918 Exsultavi
310 908 319 925 ,
339 877 479 924 fateor,
499 876 566 914 sed
585 890 671 914 cum
691 885 860 914 tremore
881 892 888 914 ε
905 876 1120 923 exsultavi,

99 939 164 979 sed
194 940 235 977 in
267 940 354 990 ipso
380 939 652 976 exsultationis
688 951 783 975 meae
811 938 974 975 articulo
1006 938 1123 974 timor

1560 272 1766 318 Argentum
1801 280 1837 306 et
1875 285 2010 307 aarum
2049 286 2122 307 non
2160 283 2214 309 ese

1190 332 1326 368 Jnilti⁴'.
1350 335 1441 368 Haec
1468 331 1666 368 hactenus.

1245 395 1282 430 5.
1307 392 1499 430 Caeterum
1525 406 1658 438 causa,
1683 405 1803 442 quare
1828 400 1917 429 ante
1938 401 2090 443 tempus
2117 393 2214 430 scri-

1191 453 1336 504 pserim
1350 453 1462 490 vobis
1478 483 1487 500 ,
1509 453 1590 491 haec
1609 462 1675 491 est.
1691 453 1972 491 Wintoniensis
1989 454 2213 504 episcopus,

1191 522 1229 551 et
1248 513 1503 552 Eboracensis
1521 514 1836 564 archiepiscopus
1850 543 1859 560 ,
1883 527 1961 550 non
1984 513 2215 564 gradiuntur

1189 588 1269 612 uno
1290 575 1426 625 spiritu
1456 588 1542 611 cum
1561 574 1838 612 ‚Cantuariensi
1867 574 2187 624 archiepiscopo*
2206 590 2213 611 :

1191 635 1256 673 sed
1278 635 1463 672 incedunt
1482 634 1554 672 sibi
1579 649 1625 672 ex
1655 635 1840 680 adverso,
1870 643 1909 671 ct
1927 634 2009 671 liaec
2031 643 2141 671 vetus
2159 644 2215 672 est

1191 696 1237 733 de
1258 696 1448 746 legatione
1469 696 1637 746 querela.
1656 699 1935 733 Verumtamen
1957 695 2042 745 quis
2057 704 2115 732 est
2130 696 2213 742 ille,

1191 765 1228 794 et
1247 757 1418 807 quisunt
1438 757 1522 793 illi?
1553 760 1691 794 Nonne
1722 756 2006 793 Eboracensis*
2029 757 2110 808 ipse
2135 765 2214 803 est,

1191 818 1252 854 cui
1278 826 1314 854 te
1343 826 1553 868 praesente,
1585 831 1675 855 cum
1697 817 1823 854 adhuc
1853 831 1953 854 esses
1975 818 2084 868 quasi
2114 831 2215 855 unus

1190 893 1235 917 ex
1258 879 1391 926 nobis,
1414 880 1549 917 fratres
1583 880 1637 917 tui
1670 880 1896 917 restiterunt
1920 880 2134 925 infaciem,
2168 893 2214 916 00

1190 940 1297 990 (]110(1
1318 940 1631 991 reprehensibilis
1650 942 1758 978 erat?
1775 940 1847 978 Sed
1865 942 2034 992 speravit
2054 941 2093 977 in
2112 941 2213 977 mul-

98 1010 136 1039 et
163 1009 310 1038 tremor
338 1007 533 1037 venerunt
563 1012 681 1050 super
704 1012 777 1035 me.
811 1001 891 1048 Ego
920 998 1023 1035 enim
1049 997 1120 1035 etsi
1139 997 1167 1032 Β
1189 1001 1351 1039 titudine
1370 1002 1590 1039 divitiarum
1613 1015 1789 1050 suarum,
1808 1011 1845 1039 et
1866 1002 2120 1053 praevaluitin
2140 1016 2211 1039 va—

96 1075 240 1101 nomcn
267 1061 387 1112 patris
409 1060 599 1111 deposui,
630 1059 696 1097 sed
722 1073 803 1096 non
831 1060 1008 1097 timorem
1026 1089 1036 1107 ,
1054 1059 1120 1097 sed

96 1136 176 1161 non
203 1122 459 1170 anxietatem,
482 1130 681 1172 postremo
714 1134 785 1158 nec
819 1121 1000 1158 affectum
1016 1150 1026 1168 ,
1050 1134 1121 1158 nec

95 1183 241 1221 viscera
260 1182 394 1234 patris.
411 1182 624 1220 Considero
639 1182 801 1232 gradum
816 1211 825 1228 ,
847 1190 886 1218 et
906 1195 1035 1219 casum
1053 1195 1120 1217 ve-

95 1257 186 1283 reor
203 1259 211 1281 :
233 1243 438 1281 considero
458 1243 649 1293 fastigium
671 1242 887 1293 dignitatis,
906 1251 943 1279 et
963 1242 1118 1279 intueor

96 1304 230 1343 faciem
255 1302 384 1353 abyssi
403 1303 568 1354 jacentis
589 1302 786 1340 deorsum.
818 1301 989 1340 Attendo
1008 1301 1118 1338 celsi-

95 1365 268 1404 tudinem
289 1364 470 1411 honoris,
497 1372 535 1401 et
557 1377 577 1401 e
604 1364 733 1401 vicino
755 1363 973 1415 periculum
990 1363 1117 1400 refor-

95 1426 225 1474 mido,
247 1440 321 1477 pro
350 1439 397 1463 eo
427 1424 533 1476 quod
563 1425 747 1476 scriptum
781 1433 839 1463 est
860 1441 868 1462 :
891 1428 1013 1461 Homo
1035 1439 1117 1461 enin

97 1492 136 1525 in
163 1489 302 1524 honore
329 1495 441 1533 esset,
474 1500 549 1523 non
575 1488 799 1523 intellexlffl.
825 1486 940 1535 Quod
962 1485 1119 1536 quidem

96 1550 144 1588 ad
172 1562 326 1587 causam
352 1548 496 1599 magis,
524 1562 641 1599 quam
673 1548 722 1586 ad
763 1557 915 1599 tempus
950 1547 1121 1586 arbitror

95 1624 176 1649 esse
202 1609 449 1648 referendum
488 1618 569 1648 :ut
599 1610 654 1647 sic
684 1610 923 1660 intelligatur
953 1608 1119 1656 dictum,

96 1686 176 1710 cum
200 1677 239 1708 In
260 1672 403 1709 honore
424 1681 540 1717 esset,
561 1686 635 1708 non
662 1674 876 1716 intelleoeit,
897 1684 940 1708 ac
961 1671 991 1708 si
1013 1670 1118 1707 dice—-

95 1741 220 1780 retur,
243 1736 382 1771 Honor
401 1732 604 1770 absorbuit
623 1733 877 1770 intellectum.

1187 1063 1308 1100 nitate
1329 1076 1406 1100 sua.
1429 1065 1584 1101 Certum
1603 1072 1659 1100 est
1677 1072 1805 1100 tamen
1825 1063 1932 1113 quod
1952 1077 2031 1100 non
2054 1063 2212 1100 intravit

1187 1137 1258 1174 per
1275 1124 1415 1160 ostium
1430 1123 1469 1160 in
1485 1124 1587 1161 ovile
1603 1124 1735 1160 ovium
1748 1154 1757 1171 ,
1775 1125 1842 1161 sed
1857 1124 2027 1162 ascendit
2041 1124 2208 1161 aliunde.

1187 1185 1224 1221 Si
1251 1193 1385 1234 pastor
1404 1185 1558 1230 fuisset,
1588 1185 1805 1234 diligendus
1826 1194 1929 1232 erat,
1955 1186 1983 1222 si
2011 1199 2210 1222 mercena-

1186 1245 1288 1290 rius,
1316 1244 1540 1281 tolerandus
1560 1259 1567 1280 :
1590 1258 1692 1281 nunc
1715 1254 1843 1281 autem
1875 1245 2069 1282 cavendus
2093 1254 2131 1282 et
2152 1259 2213 1282 re-

1186 1305 1416 1356 pellendus,
1439 1313 1576 1355 utpote
1599 1306 1660 1342 fur
1685 1314 1723 1342 et
1746 1306 1858 1342 latro.
1891 1306 1993 1355 Quid
2022 1306 2144 1343 dicam
2164 1306 2211 1343 de

1187 1365 1347 1402 domino
1381 1366 1670 1403 U‘intoniensi?
1704 1370 1832 1417 Opera
1866 1380 1952 1417 quae
1985 1367 2066 1417 ipse
2104 1367 2212 1413 facit,

1189 1427 1453 1464 testimonium
1482 1427 1690 1478 perhibent
1717 1428 1763 1465 de
1785 1442 1842 1465 eo.
1875 1433 1996 1466 Porro
2026 1428 2212 1478 archiepi-

1187 1502 1328 1539 scopus
1349 1490 1648 1537 Cantuariensis,
1675 1490 1736 1526 cui
1767 1489 2045 1536 adversantur,
2068 1490 2128 1526 vir
2151 1502 2213 1526 re-

1186 1550 1344 1601 ligiosus
1366 1559 1437 1598 est,
1456 1560 1493 1588 et
1513 1551 1772 1588 suaveolentis
1793 1551 2003 1601 opinionis.
2027 1556 2101 1589 Pro
2122 1551 2206 1601 ipso

1186 1611 1378 1662 petimus,
1399 1621 1442 1649 ut
1463 1612 1697 1663 respondeat
1724 1613 1758 1650 ei
1782 1612 1931 1662 justitia
1959 1626 2038 1649 sua.
2065 1616 2208 1649 Verum

1185 1673 1340 1710 illorum
1369 1673 1551 1724 iniquitas
1581 1687 1700 1724 super
1731 1687 1818 1720 eos,
1845 1682 1886 1710 ut
1917 1674 1965 1710 sit
1992 1673 2089 1709 sicut
2114 1673 2209 1710 scri—

1183 1742 1295 1785 ptum
1320 1742 1377 1771 est
1399 1749 1406 1771 :
1429 1736 1584 1771 lustitia
1597 1739 1696 1781 susti
1716 1749 1831 1784 snper
1854 1749 1937 1771 eum
1963 1740 2051 1780 erit,
2076 1744 2112 1770 et
2135 1739 2209 1770 im-

147 1795 184 1832 4.
201 1798 250 1832 Et
274 1794 431 1846 quidem
451 1795 620 1844 elegeras
642 1793 814 1844 abjectus
835 1807 917 1831 esse
934 1794 973 1830 in
997 1793 1115 1831 domo
1132 1797 1159 1833 C
1176 1800 1306 1844 pietas
1341 1801 1453 1845 impii
1491 1801 1564 1832 erit
1588 1810 1702 1845 super
1736 1795 1855 1833 cnin5.
1883 1799 1978 1834 Cum
2015 1797 2208 1846 acceperis

93 1857 164 1896 Dei
197 1856 278 1904 tui,
311 1864 351 1893 et
381 1855 611 1894 recumbere
640 1857 679 1892 in
715 1855 928 1893 novissimo
962 1856 1050 1892 1000
1078 1855 1116 1892 in

95 1918 273 1956 convivio
295 1916 402 1968 ejus;
425 1917 492 1955 sed
510 1917 657 1968 placuit
671 1917 798 1955 dicere
819 1918 853 1954 ei
873 1917 940 1968 qui
963 1926 997 1955 te
1014 1917 1118 1954 invi—

94 1979 188 2018 tavit
208 1995 216 2017 :
237 1983 390 2025 Annce,
413 1981 578 2016 ascende
596 1984 809 2029 superius2.
834 1983 969 2029 Itaque
988 1992 1117 2016 ascen-

94 2040 180 2079 disti
199 2041 238 2078 in
255 2042 398 2089 altum3
423 2041 502 2078 noli
520 2041 641 2078 altum
662 2054 818 2092 sapere,
839 2041 905 2078 sed
925 2041 1016 2078 time
1030 2070 1039 2087 ‚
1063 2054 1111 2077 ne

93 2101 189 2140 forte
205 2103 403 2153 contingat
423 2115 510 2140 sero
535 2101 792 2140 miserabilem
811 2103 915 2139 illam
934 2102 1110 2139 emittere

10 2176 17 2192 .·
70 2204 78 2207 ,
92 2175 224 2201 vocem
247 2179 256 2201 z
277 2167 314 2201 A
331 2163 442 2213 facie
463 2168 536 2200 iroe
556 2173 592 2200 et
611 2166 891 2213 indignationis
918 2173 1010 2210 ticoe,
1037 2166 1112 2200 ele-

93 2237 180 2261 vans
198 2226 351 2261 allisisti
370 2222 466 2262 me3.
492 2225 681 2263 Altiorem
711 2229 857 2275 quippe
882 2225 1010 2262 Iocum
1032 2238 1112 2262 sor-

93 2284 182 2322 titus
201 2298 263 2332 es,
288 2284 355 2323 sed
374 2298 453 2322 non
481 2285 687 2332 tutiorem3
720 2284 984 2322 sublimiorem
1000 2315 1009 2331 ,
1031 2299 1111 2322 non

91 2345 337 2383 securiorem.
374 2344 577 2384 Terribilis
614 2359 799 2397 prorsus,
832 2345 1017 2383 terribilis
1056 2354 1113 2383 est

62 2422 66 2425 ·
88 2405 194 2444 locus
220 2406 304 2444 iste.
327 2410 477 2454 Locus,
497 2406 659 2458 inquam
675 2437 685 2454 ,
714 2407 753 2444 in
783 2421 863 2457 quo
888 2416 986 2455 stas,
1010 2415 1113 2444 terra

89 2475 217 2504 sancta
236 2475 317 2515 est3
333 2467 448 2516 locus,
457 2468 561 2506 Petri
575 2476 650 2516 est,
672 2468 783 2506 locus
803 2468 993 2520 Principis
1009 2472 1113 2519 Apo-

90 2528 298 2576 stolorum,
325 2527 394 2566 ubi
427 2537 618 2566 steterunt
645 2529 764 2581 pedes
788 2529 885 2580 ejus.
922 2529 1046 2567 Locus
1066 2530 1113 2567 il-

1187 1864 1340 1906 tempus
1357 1887 1366 1903 ,
1389 1856 1603 1894 secundum
1626 1870 1744 1907 opera
1768 1870 1953 1893 manuum
1970 1856 2126 1893 illorum
2149 1869 2208 1892 re-

1186 1917 1332 1955 tribues
1352 1918 1445 1965 illis,
1465 1927 1506 1955 ut
1525 1919 1646 1956 sciant
1663 1918 1894 1969 prophetam
1915 1931 1995 1955 esse
2017 1918 2054 1954 in
2076 1917 2206 1955 Israel.

1241 1981 1276 2017 6.
1304 1980 1397 2029 Quis
1428 1980 1520 2017 mihi
1547 1980 1635 2027 det,
1657 1988 1864 2030 antequam
1895 1979 2051 2025 moriar,
2074 1978 2207 2015 videre

1184 2042 1394 2079 Ecclesiam
1416 2043 1506 2089 Dei,
1531 2043 1627 2080 sicut
1648 2043 1687 2079 in
1710 2042 1844 2079 diebus
1866 2042 2054 2091 antiquis;
2080 2054 2205 2090 quan—

1180 2102 1230 2139 do
1253 2103 1430 2154 Apostoli
1452 2103 1633 2141 laxabant
1653 2104 1748 2141 retia
1764 2103 1802 2140 in
1821 2112 2040 2154 capturam,
2065 2116 2142 2138 non
2166 2103 2203 2139 in

1181 2173 1380 2214 capturam
1422 2166 1569 2215 argenti
1603 2166 1663 2202 vel
1702 2166 1809 2211 auri,
1830 2165 1896 2202 sed
1931 2165 1970 2201 in
2003 2173 2203 2214 capturam

1181 2226 1422 2263 animarum?
1437 2230 1560 2275 Quam
1582 2227 1697 2278 cupio
1717 2227 1818 2264 illius
1837 2236 1872 2264 te
1890 2225 2119 2263 haereditare
2140 2239 2205 2261 vo-

1181 2301 1263 2324 cem
1281 2317 1290 2333 ,
1315 2289 1425 2337 cujus
1440 2288 1603 2339 adeptus
1625 2302 1664 2326 es
1685 2289 1834 2326 sedem!
1852 2290 2039 2331 Pecunia,
2057 2287 2201 2336 inquit,

1179 2357 1243 2385 tua
1267 2356 1385 2384 tectim
1407 2353 1458 2385 sit
1481 2353 1518 2385 in
1540 2351 1795 2398 perililionem
1809 2348 1836 2386 ⁶.
1854 2352 1885 2387 Ο
1908 2362 1984 2385 vox
2010 2347 2172 2385 tonitrui
2194 2350 2201 2383 !

1180 2423 1203 2447 0
1224 2424 1300 2447 vox
1330 2410 1624 2460 magnificentiae
1648 2418 1685 2447 et
1708 2410 1884 2447 virtutis!
1906 2409 1954 2446 ad
1985 2408 2095 2458 cujus
2122 2418 2200 2445 ter-

1180 2483 1310 2507 rorem
1328 2469 1620 2507 confundantur
1634 2478 1672 2506 et
1692 2477 1970 2506 convertantur
1987 2477 2200 2506 retrorsum

1181 2545 1316 2568 omnes
1341 2532 1408 2581 qui
1436 2531 1604 2568 oderunt
1629 2533 1732 2569 Sion.
1755 2535 1838 2568 Hoc
1864 2531 2115 2567 vehementer
2135 2543 2201 2566 ex-

90 2587 162 2626 lius
189 2597 263 2637 est,
299 2603 415 2640 quem
447 2590 648 2628 constituit
677 2590 872 2628 Dominus
904 2591 1106 2628 dominum
1125 2595 1159 2629 D
1178 2600 1324 2642 spectat
1344 2601 1380 2630 et
1402 2593 1564 2629 omnino
1585 2593 1732 2642 expetit
1759 2606 1780 2628 a
1806 2600 1842 2628 te
1870 2600 1992 2628 mater
2018 2599 2103 2637 tua,
2127 2590 2202 2627 1100

91 2647 226 2688 domus
248 2663 353 2698 suae,
382 2658 421 2688 et
448 2650 667 2702 principem
700 2652 826 2688 omnis
858 2651 1110 2703 possessionis

87 2721 178 2748 suae.
200 2710 238 2749 Si
257 2711 357 2749 forte
375 2711 630 2749 declinaveris
649 2725 670 2749 a
689 2712 752 2749 via
767 2712 926 2750 Domini
942 2728 952 2759 ;
978 2713 1110 2763 sepul-

89 2776 148 2807 tus
167 2779 223 2808 est
241 2771 281 2808 in
302 2771 440 2810 eodem
473 2772 584 2819 loco,
609 2781 652 2810 ut
678 2773 726 2810 sit
759 2772 828 2811 tibi
852 2782 987 2811 contra
1014 2782 1050 2811 te
1070 2773 1108 2810 in

89 2831 362 2870 testimonium.
391 2832 532 2870 Merito
561 2833 627 2870 tali
659 2834 826 2884 pastori,
851 2833 917 2871 tali
946 2834 1109 2871 nutritio

88 2893 287 2931 commissa
302 2902 360 2932 est
382 2894 554 2932 Ecclesia
566 2924 577 2943 ,
596 2908 684 2932 cum
702 2895 830 2932 adhuc
849 2904 1000 2944 tenera,
1021 2909 1108 2933 cum

38 2949 40 2954 ’
87 2951 210 2991 adhuc
225 2954 263 2992 in
285 2954 487 2993 cunabulis
507 2965 606 2994 esset
614 2972 624 3004 ;
649 2955 760 3007 cujus
775 2956 912 2994 edocta
932 2957 1110 3008 magiste-

38 3046 39 3053 ,
87 3012 166 3060 riu,
185 3023 223 3052 et
241 3017 425 3069 exemplo
445 3017 632 3066 educata,
654 3018 787 3056 onmia
816 3027 968 3056 terrena
986 3019 1111 3057 calca-

87 3083 144 3112 ret
163 3091 171 3114 :
193 3085 327 3129 utpote
346 3079 413 3129 qui
432 3088 653 3118 excusserat
672 3093 810 3118 manus
827 3093 913 3118 suas
933 3079 981 3117 ab
1001 3081 1109 3118 omni

1179 2653 1248 2690 filii
1270 2653 1402 2690 matris
1423 2662 1519 2700 tuae,
1539 2653 1668 2704 pusilli
1693 2666 1780 2690 cum
1804 2651 2016 2702 majoribus
2048 2651 2200 2688 deside-

1179 2722 1287 2760 rant,
1310 2714 1384 2752 1100
1406 2715 1601 2765 suspirant
1621 2730 1628 2751 :
1647 2723 1690 2751 ut
1708 2714 1834 2751 omnis
1856 2714 2066 2764 plantatio,
2083 2726 2198 2763 quam

1177 2790 1256 2814 non
1278 2776 1468 2827 plantavit
1488 2780 1601 2813 Pater
1621 2776 1803 2822 coelestis,
1827 2775 1899 2812 tuis
1921 2774 2098 2811 manibus
2119 2787 2200 2811 era-

1177 2837 1338 2875 dicetur.
1353 2837 1413 2876 Ad
1426 2838 1500 2875 1100
1515 2838 1617 2875 enim
1633 2838 1868 2875 constitutus
1883 2850 1922 2874 es
1937 2850 2052 2887 super
2069 2843 2201 2885 gentes

1177 2907 1215 2936 et
1242 2913 1381 2949 regna,
1405 2908 1447 2937 ut
1473 2901 1614 2938 evellas
1633 2929 1642 2947 ‚
1664 2908 1702 2937 et
1726 2899 1900 2936 destruas
1920 2914 1929 2945 ;
1954 2906 1991 2935 et
2016 2897 2200 2943 aedifices,

1177 2969 1215 2997 et
1245 2961 1409 3011 plantes
1442 2962 1555 2999 Multi
1590 2961 1723 2999 audito
1758 2960 1833 2997 hoc
1861 2957 1983 2996 verbo
2020 2958 2203 2995 dixerunt

1179 3020 1282 3071 apud
1303 3033 1342 3057 se
1365 3035 1372 3058 :
1395 3025 1479 3058 Jam
1503 3021 1646 3058 securis
1665 3020 1713 3058 ad
1735 3019 1901 3057 radicem
1921 3017 2106 3055 arborum
2126 3030 2198 3068 po—

1179 3082 1249 3120 sita
1269 3089 1339 3119 est.
1364 3082 1476 3120 Multi
1498 3082 1631 3119 dicunt
1652 3082 1691 3118 in
1716 3079 1833 3118 corde
1859 3093 1929 3117 suo
1949 3095 1956 3117 :
1979 3080 2110 3118 Flores
2129 3092 2200 3128 ap-

133 3216 144 3232 ¹
162 3213 244 3245 Psal.
263 3225 391 3252 xnvxn,
417 3218 472 3253 13,
495 3219 551 3248 21.
567 3236 610 3240 --
627 3223 639 3239 ²
657 3220 734 3249 Luc.
752 3229 823 3255 xxv,
846 3221 897 3249 10.
914 3237 959 3240 ὴ-
976 3216 989 3240 3
1009 3219 1091 3250 Psal.
1111 3230 1142 3250 ct
1157 3244 1165 3257 ,
1195 3222 1248 3250 11.
1269 3237 1312 3241 —
1328 3218 1343 3245 4
1363 3222 1434 3251 Act.
1449 3231 1510 3254 111,
1533 3223 1566 3250 6.
1588 3238 1633 3242 -—
1650 3216 1662 3240 5
1678 3218 1793 3250 Ezecli.
1816 3229 1923 3256 xviri,
1948 3220 2004 3248 20.
2031 3234 2072 3238 —
2093 3213 2107 3236 6
2122 3218 2194 3246 AC!-

86 3275 166 3304 vni,
189 3270 245 3299 20.

130 3327 144 3343 ³
170 3330 289 3371 Nempe
306 3329 582 3363 Clarae-Vallensis
596 3342 650 3363 seu
671 3332 885 3364 Cisterciensis
898 3357 905 3371 ,
923 3332 977 3364 sed
994 3334 1098 3375 potius
1117 3334 1387 3367 (llario—Vallensis
1403 3358 1407 3372 ,
1429 3344 1497 3376 quic
1515 3334 1629 3365 iterum
1647 3332 1871 3364 unum-dicitur
1888 3343 1919 3364 11.
1938 3336 1967 3361 G.

1 3573 40 3952 L——mm-
37 3521 40 3528 .
