2565 3952
68 160 143 199 529

991 153 1255 188 EPISTOLAE.

2091 154 2171 191 530

69 247 181 278 tantae
217 234 405 286 majestati
436 247 516 271 non
552 232 711 270 obedire
748 231 854 268 nefas
888 231 1078 268 ducimus.
1096 230 1379 278 ²³'Quanquam
1416 228 1486 265 etsi
1523 241 1596 278 pro
1633 228 1714 264 sola
1748 228 1930 265 charitate
1970 239 2101 268 nostra
2135 233 2173 269 id

71 305 296 351 Quanquam
323 304 361 333 et
379 292 610 332 venerabilis
631 291 750 329 abbas
770 291 1030 330 Godescalcus
1045 298 1059 314 ³
1074 321 1085 338 ,
1104 293 1135 326 A
1152 289 1370 326 voluntarie
1399 287 1659 334 dimisissent,
1690 300 1760 323 nec
1789 288 2011 337 religionem
2039 303 2173 328 eorum

70 361 134 413 qui
164 359 210 396 de
228 357 366 394 vestris
387 363 444 392 est
464 354 576 405 (nam
607 353 638 389 is
667 366 688 389 a
718 352 878 389 domino
909 356 1012 403 Papa
1039 351 1087 389 ad

69 434 137 460 vos
165 417 280 468 hujus
311 417 367 454 rei
399 416 520 465 gratia
552 415 678 450 fuerat
702 411 968 463 destinatus),
1006 426 1085 449 non

69 483 180 534 plane
200 477 396 528 negaverit
416 483 633 525 reportasse
662 486 700 510 se
721 486 742 510 a
764 472 893 520 vobis,
918 481 955 509 et
985 472 1083 509 libe—

70 555 149 581 ram
171 539 296 577 fratris
317 536 667 586 emancipationem
681 564 690 581 ,
717 542 755 571 et
776 542 942 571 vestram
964 534 1085 585 ipsius

71 609 319 654 spontaneam
343 597 632 635 concessionem
647 593 677 631 ¹³.

122 664 158 700 5.
179 664 263 698 Jam
282 659 329 696 de
347 659 463 695 fratre
479 655 703 695 Fromundo
720 668 797 692 non
819 663 875 691 est
892 653 998 705 quod
1015 668 1086 691 nos

56 720 274 767 lacessam,
295 733 381 757 cum
399 730 644 768 nequaquam
658 729 746 753 eum
767 716 848 752 sine
867 715 1086 752 voluntaria

70 782 216 823 abbatis
236 781 293 819 sui
316 780 566 817 concessione
593 778 806 827 receperim
831 792 839 813 :
862 776 969 826 quod
994 776 1083 825 qui-

70 844 154 883 dem
168 856 238 880 nec
254 855 324 878 vos
341 841 495 878 latuisse
513 853 643 876 amara
658 839 723 875 illa
741 838 904 888 epistola
926 837 1086 874 demon-

71 912 183 950 strat,
211 904 250 940 in
270 915 346 953 qua
365 900 479 938 nobis
497 900 544 938 de
563 900 643 937 sola
665 899 823 950 capituli
845 912 924 935 non
945 911 1085 949 exspe-

70 973 165 1004 ctata
179 963 427 1001 conniventia
441 962 669 999 calumniam
687 961 844 998 struitis.
860 959 977 1008 Quasi
992 972 1086 996 vero

1155 349 1395 387 dedecuisset
1415 379 1423 396 ‚
1446 362 1517 385 nec
1546 347 1748 385 immeritis
1772 347 1932 384 forsitan
1954 350 2175 398 praestitisse

1154 411 1385 448 beneficium
1416 409 1656 446 viderentur.
1684 408 1806 445 Miror
1839 421 1929 445 sane
1960 409 2063 446 unde
2093 410 2174 448 haec

1154 471 1309 508 tandem
1332 471 1490 521 querela
1510 469 1730 515 emerserit,
1753 482 1840 506 cum
1860 477 1897 505 et
1917 468 2035 507 abbas
2056 471 2118 507 ille
2134 472 2174 508 in

1151 531 1273 578 bona,
1296 532 1370 568 nisi
1396 531 1528 577 fallor,
1551 538 1589 567 et
1610 529 1750 566 devota
1771 543 1860 579 erga
1886 543 1956 566 nos
1976 531 2175 568 voluntate

1152 601 1382 643 praesentem
1401 591 1544 628 finierit
1560 592 1679 628 vitam
1701 606 1708 628 ε
1732 599 1769 627 et
1786 591 1851 641 qui
1873 590 2102 629 substitutus
2121 601 2178 630 est

1154 655 1207 701 ei,
1230 654 1455 704 frequenter
1475 660 1513 689 et
1535 652 1772 689 familiariter
1793 653 2028 689 conveniens
2046 667 2117 690 nos
2138 654 2176 689 in

1154 714 1446 753 necessitatibus
1473 714 1574 758 suis,
1605 714 1749 750 nullam
1782 713 1894 750 nobis
1924 714 2176 763 querimoniae

1152 776 1268 826 liujus
1289 774 1499 826 aliquando
1519 775 1652 811 fecerit
1669 774 1919 811 mentionem.
1939 775 2116 825 Denique
2139 783 2177 812 et

1153 838 1192 875 in
1215 837 1349 875 eadem
1370 846 1505 888 postea
1527 836 1646 873 domo
1674 836 1950 873 humanissime
1971 845 2174 886 susceptus

1153 898 1342 949 hospitio,
1360 897 1454 933 nihil
1472 897 1561 933 hinc
1582 896 1642 933 vel
1664 895 1711 932 ab
1730 896 1816 946 ipso
1837 895 1999 941 abbate,
2020 896 2081 932 vel
2103 895 2179 932 alio

1154 972 1351 1010 quoquam
1383 957 1528 995 audivi.
1559 957 1632 994 Sed
1667 965 1704 994 et
1739 955 1941 993 vobiscum
1975 957 2014 992 in
2047 957 2181 994 Clara-

69 1026 127 1064 vel
145 1025 184 1062 in
206 1033 340 1062 mutua
354 1032 486 1061 nostra
506 1022 764 1060 conventione
782 1021 820 1058 id
844 1019 1082 1071 prohibitum
1105 1017 1132 1051 Β
1154 1021 1259 1058 Valle
1275 1019 1525 1071 postmodum
1544 1032 1714 1069 praesens
1735 1018 1806 1054 fuit
1825 1017 1964 1063 abbas,
1982 1026 2018 1054 et
2037 1031 2179 1068 nuper—

69 1086 180 1125 suerit
206 1101 214 1123 :
245 1086 307 1122 vel
332 1084 587 1134 emancipatio
619 1083 687 1120 filii
713 1082 760 1119 ad
783 1082 1016 1132 capitulum,
1048 1089 1085 1118 et

69 1160 144 1185 non
165 1146 295 1197 potius
315 1145 363 1183 ad
384 1146 508 1183 solum
531 1152 678 1195 spectet
695 1141 887 1180 abbatem.

119 1210 156 1246 6.
176 1207 354 1258 Adjicitis
375 1216 413 1244 et
433 1207 480 1243 de
502 1206 619 1243 domo
641 1204 808 1255 quadam
831 1205 994 1240 fratrum
1014 1217 1085 1240 ve-

69 1278 233 1309 strorum
267 1269 314 1306 de
341 1271 605 1307 Basso-Fonte
629 1295 638 1312 ,
674 1266 780 1316 quod
812 1279 895 1302 eam
931 1278 1002 1301 nos
1037 1264 1085 1301 de

69 1331 194 1369 medio
228 1331 405 1377 tulimus,
436 1330 524 1366 licet
559 1337 668 1365 extra
700 1335 864 1364 statutos
899 1326 1085 1363 terminos

69 1391 325 1430 constitutam.
351 1394 479 1440 Atque
502 1389 650 1426 utinam
673 1388 900 1438 priusquam
924 1400 995 1424 nos
1019 1400 1084 1423 ar-

68 1453 254 1504 gueretis,
284 1451 440 1489 eosdem
474 1449 784 1500 interrogassetis
818 1449 973 1495 fratres,
1005 1461 1086 1485 non

69 1514 188 1552 solum
206 1512 292 1563 quis
308 1525 392 1550 eam
409 1512 457 1556 de
473 1511 602 1548 medio
620 1511 774 1558 tulerit,
793 1510 859 1548 sed
878 1511 993 1547 etiam
1010 1523 1088 1560 qua

68 1573 115 1612 de
134 1587 258 1611 causa.
281 1577 415 1624 Neque
432 1573 535 1610 enim
556 1573 744 1610 celassent
761 1571 873 1609 vobis
890 1601 899 1618 ,
927 1581 969 1609 ut
996 1585 1088 1611 con-

69 1635 242 1682 fidimus,
270 1634 387 1684 hujus
413 1635 469 1671 rei
490 1635 706 1671 veritatem.
738 1636 928 1671 Caeterum
957 1633 1087 1670 audite

69 1709 148 1734 eam
166 1710 270 1734 nunc
291 1697 353 1733 vel
376 1709 398 1733 a
417 1695 530 1733 nobis
543 1725 553 1743 ,
575 1709 618 1733 ac
636 1694 797 1742 deinde,
817 1695 848 1732 si
868 1695 920 1732 ita
940 1695 1086 1745 placet,

70 1771 133 1796 eos
145 1758 392 1808 interrogate.
415 1760 624 1808 Coeperant
644 1756 832 1794 aedificare
850 1757 978 1793 locum
992 1786 1002 1803 ‚
1020 1755 1088 1793 ubi

1153 1082 1248 1119 rime
1269 1082 1399 1128 Barri,
1419 1080 1498 1131 jam
1517 1081 1686 1117 instante
1707 1080 1878 1130 capitulo
1896 1088 2025 1116 vestro
2039 1109 2048 1126 ,
2072 1079 2176 1117 unde

1152 1143 1289 1179 litterae
1324 1142 1397 1178 illae
1429 1142 1600 1192 querulae
1615 1170 1624 1187 ,
1661 1155 1709 1177 ne
1746 1140 1869 1177 dicam
1906 1140 2175 1186 calumniosae,

1152 1212 1346 1241 venerunt
1369 1218 1376 1239 :
1401 1211 1438 1239 et
1459 1216 1529 1239 nec
1550 1203 1611 1239 hic
1626 1232 1636 1249 ,
1667 1216 1738 1239 nec
1762 1201 1818 1238 ibi
1842 1215 1959 1252 super
1979 1201 2074 1248 hoc,
2098 1202 2178 1238 sive

1153 1264 1200 1301 ab
1227 1278 1273 1301 eo
1289 1293 1298 1310 ,
1331 1264 1410 1300 sive
1431 1277 1452 1300 a
1472 1262 1602 1309 vobis,
1626 1263 1685 1299 vel
1708 1263 1876 1299 tenuiter
1904 1261 2059 1311 quidem
2094 1275 2178 1299 me-

1152 1325 1247 1362 mini
1264 1338 1325 1361 me
1345 1324 1460 1361 fuisse
1482 1332 1733 1360 conventum.

1208 1387 1244 1424 8.
1278 1389 1470 1423 Praeterea
1499 1384 1730 1429 causamini,
1763 1382 1871 1432 quod
1901 1382 2177 1419 domunculam

1154 1449 1316 1485 fratrum
1336 1455 1556 1484 vestrorum
1574 1445 1620 1482 de
1640 1446 1797 1482 Brena*
1820 1457 2029 1481 conversus
2047 1444 2176 1494 Ignia-

1156 1510 1279 1547 censis
1301 1508 1526 1546 combussit.
1551 1510 1581 1545 O
1609 1507 1908 1543 domunculam!
1932 1519 2071 1556 nempe
2092 1519 2178 1542 um-

1156 1571 1359 1608 braculum
1381 1569 1577 1620 quoddam
1598 1582 1795 1605 ramorum
1818 1576 1919 1614 erat,
1944 1566 2010 1604 ubi
2031 1567 2182 1604 sederet

1155 1634 1295 1679 frater,
1319 1632 1385 1682 qui
1405 1639 1546 1668 stantes
1567 1630 1692 1666 adhuc
1711 1630 1750 1666 in
1773 1642 1864 1678 agro
1882 1637 2028 1678 segetes
2052 1636 2182 1664 custo-

1155 1694 1266 1731 diret.
1281 1697 1414 1743 Neque
1429 1693 1503 1729 hoc
1517 1690 1763 1729 combustum
1780 1690 1924 1727 malitia
1940 1719 1949 1735 ,
1965 1689 2063 1726 sicut
2078 1688 2180 1725 fideli

1155 1755 1342 1791 relatione
1357 1753 1611 1804 cognovimus
1627 1767 1634 1788 :
1652 1751 1716 1789 sed
1730 1751 1836 1802 quod
1851 1752 2020 1801 positum
2034 1750 2074 1786 in
2089 1763 2180 1800 agro

70 1820 212 1870 aliquas
238 1833 259 1857 e
293 1819 493 1857 sororibus
527 1819 605 1856 suis
637 1818 941 1865 constituerent,
972 1818 1088 1867 longe
1107 1815 1134 1851 C
1154 1816 1322 1866 quodam
1356 1816 1519 1852 fratrum
1547 1814 1853 1864 Igniacensium,
1889 1821 2030 1849 terram
2065 1825 2181 1848 occu-

70 1879 222 1931 quidem
243 1878 292 1917 ab
309 1879 461 1917 abbatia
479 1893 565 1927 sua,
586 1880 627 1916 in
645 1880 816 1917 confinio
846 1887 974 1916 autem
997 1879 1088 1916 dua-

71 1954 153 1979 rum
172 1941 419 1991 grangiarum
445 1941 584 1978 domus
604 1949 747 1978 nostrae
764 1970 774 1987 ‚
799 1949 837 1977 et
864 1953 989 1991 prope
1016 1954 1088 1991 pa-

71 2015 157 2041 scua
171 2003 302 2040 ovium
320 2011 555 2040 nostrarum.
571 2003 808 2053 Rogavimus
823 2015 888 2039 eos
905 2011 1089 2052 tanquam

72 2063 210 2102 amicos
223 2093 232 2110 ,
254 2072 291 2100 et
309 2063 450 2114 quibus
471 2063 571 2100 forte
592 2077 671 2100 non
692 2064 849 2100 inutiles
867 2063 1084 2108 fuissemus,

72 2139 119 2163 ne
134 2125 382 2163 seminarium
400 2125 589 2171 scandali,
609 2134 646 2162 et
664 2124 947 2162 dissensionum
971 2123 1088 2160 fomi-

67 2195 146 2226 tem
163 2188 240 2226 suis
268 2187 414 2238 pariter
439 2195 478 2224 et
506 2187 649 2224 nostris
680 2195 889 2237 pararent,
923 2186 1089 2236 posteris

74 2249 378 2299 relinquendum.
401 2253 453 2286 At
480 2248 536 2285 illi
557 2248 811 2285 nihilominus
832 2246 1087 2284 aedificabant.

73 2313 160 2348 Haec
195 2310 266 2347 fuit
290 2318 372 2347 tota
406 2310 593 2347 violentia
627 2318 760 2346 nostra
797 2323 805 2345 :
845 2308 899 2345 sic
936 2321 1007 2344 nos
1043 2307 1090 2344 de

74 2371 198 2409 medio
219 2372 376 2409 tulimus
398 2370 558 2408 domum
578 2371 696 2408 illam.
718 2368 1006 2407 Inexcusabiles
1025 2382 1090 2405 su-

74 2445 176 2480 mus,
207 2433 239 2470 si
264 2446 422 2484 rogare,
442 2433 520 2469 vim
542 2433 715 2482 irrogare
736 2439 804 2469 est.

126 2495 161 2532 7.
187 2498 340 2532 Revera
367 2494 574 2545 episcopus
598 2492 734 2544 (quod
765 2491 985 2543 negandum
1011 2505 1090 2528 non

75 2553 154 2606 est)
172 2554 412 2605 indignatus,
441 2568 522 2591 non
543 2553 660 2591 modo
687 2553 792 2604 quod
819 2553 1030 2590 oratorium
1049 2553 1089 2589 in

76 2627 143 2653 suo
160 2616 406 2667 episcopatu,
436 2615 501 2653 sed
519 2624 557 2652 et
582 2614 689 2665 quod
719 2614 877 2652 domum
896 2614 933 2650 in
967 2613 1088 2650 fundo
1105 2613 1140 2647 D

76 2677 239 2714 ecclesiae
259 2685 297 2714 et
318 2685 420 2714 terra
441 2675 545 2713 feudi
573 2676 632 2713 sui
659 2675 849 2712 aedificare
882 2688 921 2712 se
950 2675 1090 2711 incon—

76 2737 174 2774 sulto
195 2738 551 2789 praesumpsissent,
575 2746 704 2788 coepto
722 2736 933 2774 intervenit
958 2737 1090 2786 operi,

42 2800 45 2805 '
77 2799 247 2848 quamvis
276 2800 449 2837 frustra:
479 2812 567 2836 nam
599 2812 671 2835 nec
698 2797 808 2835 vetiti
836 2797 884 2835 ab
915 2811 961 2835 eo
980 2797 1092 2834 desti-

77 2861 376 2899 teruntAExinde
390 2860 605 2898 transeunti
619 2860 712 2896 mihi
730 2873 801 2910 per
818 2868 959 2896 terram
975 2859 1095 2905 illam,

77 2918 108 2956 is
127 2921 192 2970 qui
208 2929 299 2958 tunc
325 2929 409 2958 erat
431 2920 550 2958 abbas
569 2920 834 2958 Bassi—Fontis
864 2931 1092 2966 occurren5‚

44 3022 45 3027 ¹
78 2979 256 3019 indicavit
275 2981 381 3032 quod
400 2981 449 3019 ab
479 2981 735 3018 aedificatione
766 2988 989 3017 cessassent.
1019 2983 1095 3016 Ve-

44 3051 47 3064 '
79 3051 291 3081 rumtamen
311 3058 391 3081 non
413 3052 489 3081 tam
509 3051 673 3094 propter
700 3056 771 3079 nos
785 3071 794 3088 ,
818 3041 916 3079 sicut
937 3055 984 3078 ex
1011 3039 1094 3090 ejus

20 3629 54 3952 t--„‘„-‚
48 3584 50 3598 ,
47 3527 50 3536 -
48 3464 49 3474 ᾼ
46 3411 49 3424 ,

79 3103 259 3142 relatione
275 3105 459 3156 cognovi,
481 3118 596 3155 quam
614 3112 778 3155 propter
791 3103 952 3140 militem
970 3103 1093 3150 illum,

80 3163 143 3212 qui
163 3172 303 3201 terram
324 3165 377 3202 eis
408 3164 514 3201 visus
543 3163 714 3210 dedisse,
743 3161 929 3213 gravabat
964 3175 1029 3199 eos
1058 3161 1097 3198 in

81 3224 231 3271 multis,
267 3225 320 3262 ita
351 3234 395 3262 ut
423 3225 470 3262 de
499 3238 546 3262 eo
579 3225 792 3275 plurimum
826 3231 1096 3274 quererentur.

1156 1887 1266 1928 paret
1280 1906 1289 1923 ,
1308 1891 1423 1927 quam
1446 1877 1569 1914 excoli
1585 1874 1804 1926 oportebat.
1825 1873 2003 1923 Denique
2019 1873 2080 1908 vix
2103 1885 2182 1908 uno

1159 1947 1286 1976 taxata
1305 1947 1362 1976 est
1383 1938 1585 1975 nummulo
1609 1936 1844 1974 domuncula
1862 1935 1943 1972 haec
1964 1948 1970 1970 :
1995 1942 2033 1971 et
2054 1932 2183 1970 abbati

1163 2000 1210 2037 de
1230 2003 1355 2037 Brena
1375 2000 1426 2036 ita
1442 1998 1521 2049 jam
1539 2028 1548 2045 ,
1573 1999 1647 2035 nisi
1676 1998 1864 2042 fallimur,
1891 2009 2006 2046 super
2025 1995 2100 2031 hoc
2121 2008 2184 2031 sa-

1163 2061 1379 2107 tisfactum,
1398 2068 1441 2097 ut
1458 2060 1620 2097 omnino
1639 2072 1711 2095 nec
1729 2066 1933 2108 queratur,
1954 2070 2024 2093 nec
2045 2054 2185 2092 habeat

1155 2123 1260 2159 unde
1288 2131 1485 2172 queratur.
1510 2122 1547 2158 Si
1564 2121 1772 2171 quominus
1786 2149 1794 2165 ,
1813 2118 1880 2156 ubi
1898 2118 1936 2155 id
1953 2131 2024 2154 nos
2041 2117 2181 2154 rescire

1158 2185 1348 2230 feceritis,
1384 2183 1507 2234 parati
1537 2196 1670 2219 sumus
1699 2181 1746 2218 ad
1768 2194 1922 2217 omnem
1954 2179 2183 2216 satisfactio-

1158 2259 1259 2282 nem.
1280 2245 1339 2283 Sic
1357 2253 1394 2281 et
1416 2244 1462 2281 de
1482 2243 1620 2280 abbate
1636 2241 1913 2292 Longi-Pontis
1925 2241 1954 2287 *,
1972 2239 2038 2277 ubi
2056 2240 2184 2290 primo

1160 2306 1359 2356 querelam
1386 2313 1554 2341 vestram
1584 2304 1822 2354 accepimus,
1845 2301 1950 2352 quod
1978 2301 2080 2337 inter
2102 2309 2179 2336 ter-

1159 2368 1284 2404 minos
1301 2375 1452 2403 vestros
1473 2365 1632 2402 domum
1661 2365 1777 2401 vellet
1801 2363 2010 2408 aedificare,
2044 2361 2183 2412 prohi-

1158 2428 1313 2465 buimus
1336 2441 1424 2465 eum
1455 2443 1462 2464 :
1500 2426 1633 2476 etjam
1664 2425 1856 2462 credimus
1878 2424 2078 2460 destitisse.
2118 2422 2181 2460 Sin

1158 2499 1311 2536 autem3
1343 2497 1380 2526 et
1409 2488 1447 2525 id
1480 2488 1564 2533 liet,
1588 2487 1654 2523 ubi
1678 2486 1818 2523 factum
1842 2497 1919 2521 non
1953 2496 2034 2520 esse
2060 2496 2184 2519 nove-

1158 2552 1292 2588 rimus.

1212 2613 1249 2649 9.
1282 2615 1407 2661 Super
1441 2609 1571 2646 omnia
1606 2609 1787 2660 plangitis
1802 2637 1811 2653 ,
1846 2605 1952 2657 quod
1979 2605 2177 2642 ecclesiam

1159 2671 1535 2716 Sancti—Foillani*,
1570 2684 1654 2721 quae
1684 2670 1730 2706 de
1765 2669 1909 2707 Ordine
1934 2675 2062 2704 vestro
2098 2674 2183 2711 est,

1160 2733 1279 2771 abbas
1306 2742 1441 2770 noster
1473 2731 1520 2768 de
1542 2731 1673 2768 Villari
1701 2730 1833 2767 fecerit
1855 2727 2066 2765 imbanniri
2081 2733 2106 2763 ⁰.
2137 2731 2187 2764 At

1161 2795 1259 2831 forte
1277 2793 1420 2844 justius
1440 2791 1553 2829 vobis
1577 2791 1704 2828 fratris
1728 2799 1764 2827 et
1782 2789 1978 2827 coabbatis
2000 2787 2118 2824 vestri
2139 2788 2186 2824 de

1164 2854 1353 2906 praedicta
1374 2854 1492 2891 domo
1520 2851 1835 2890 Sancti-Foillani
1857 2849 2094 2887 incredibilis
2115 2847 2189 2885 ob-

1166 2915 1324 2953 stinatio
1344 2944 1354 2962 ,
1387 2928 1503 2964 quam
1536 2912 1677 2950 summi
1710 2911 1907 2949 Pontificis
1938 2909 2150 2959 justissima
2172 2906 2190 2930 ‘¹

1164 2975 1449 3013 animadversio
1470 2974 1702 3024 displiceret.
1724 2972 1823 3010 Novi
1843 2970 2030 3021 siquidem
2048 2998 2057 3015 ,
2082 2967 2188 3018 quod

1163 3036 1292 3074 multis
1314 3043 1533 3073 vestrorum
1555 3034 1676 3084 ipsius
1704 3031 1853 3069 abbatis
1872 3030 2093 3068 animositas
2112 3028 2189 3065 dis-

1165 3098 1306 3149 pliceat
1337 3096 1508 3146 graviter
1541 3110 1548 3132 ε
1585 3095 1726 3131 mirum
1750 3093 1883 3138 valde,
1913 3092 1942 3128 si
1973 3104 2051 3128 non
2075 3090 2187 3126 etiam

1167 3159 1289 3197 vobis.
1313 3162 1372 3196 Ita
1391 3171 1483 3208 ergo
1514 3157 1600 3194 dico
1620 3155 1752 3201 vobis,
1779 3154 1868 3191 huic
1896 3149 2150 3201 indignamini
2179 3163 2186 3184 :

1166 3219 1355 3271 siquidem
1377 3219 1458 3270 ipse
1475 3226 1551 3264 est,
1570 3216 1680 3266 cujus
1701 3224 1766 3253 aut
1788 3213 1998 3264 cupiditas,
2019 3218 2084 3247 aut
2101 3222 2192 3246 con-

127 3347 139 3361 ³
156 3348 203 3378 De
215 3357 253 3378 eo
270 3346 339 3378 vide
350 3347 514 3391 epistolam
537 3350 589 3379 14.
608 3366 651 3370 —
670 3340 685 3363 h
704 3347 791 3379 Alias
809 3347 889 3378 male
901 3371 908 3385 ,
927 3347 1170 3378 consessionem.
1188 3365 1234 3369 ——-
1252 3350 1264 3366 ς
1286 3343 1321 3375 Id
1347 3348 1410 3380 est,
1440 3340 1596 3374 interdici.
1616 3359 1653 3362 μ
1672 3339 1685 3359 ‘¹
1708 3338 1814 3374 Alias,
1837 3331 2093 3380 rcprclzemzbilis.
