2517 3936
87 188 179 225 1501

746 190 890 225 LIBER
920 191 984 226 DF,
1014 191 1123 225 VITA
1157 192 1191 226 S.
1224 192 1504 229 MALACtttl-L.

84 265 272 310 munitus,
292 271 505 301 extremum
520 262 558 299 in
575 262 675 300 bona
692 265 930 304 confessione
948 264 1146 304 efflavit⁰⁷⁰

2060 203 2155 239 1302

1158 266 1404 304 nihilominus
1422 269 1611 305 Heroden]
1628 272 1843 321 redhilwns,
1859 289 1934 313 non
1954 279 2066 315 niodo
2083 294 2156 316 non

83 325 314 376 spirituni.O
335 323 434 360 oliva
456 322 648 359 fructifera
672 323 709 359 in
732 324 848 361 domo
862 327 950 363 Dei!
968 340 990 362 ο
1010 327 1082 362 ole-
1106 329 1134 362 A
1155 326 1299 363 audivit
1323 341 1408 363 eum
1423 356 1432 372 ‚
1461 328 1524 363 scd
1550 338 1585 365 ct
1611 332 1772 379 superbe
1793 337 1986 384 respondit
2006 367 2014 382 ‚
2036 347 2070 374 et
2099 353 2160 374 ‹¹0—

84 398 147 421 um
162 383 424 434 jucunditatis,
441 395 586 431 ungens
603 390 639 418 et
657 383 806 421 lucens!
825 389 869 422 Et
885 386 1088 435 splendore

85 443 474 481 miraculiillustravit
497 455 630 488 sanos,
652 451 689 479 et
709 445 893 481 suavitate
913 445 1088 482 beneficii

83 504 194 541 unxit
222 504 442 548 infirmum,
471 503 532 540 cui
560 516 649 539 mox
676 505 862 541 morituro
887 507 1090 542 salutarem

84 564 291 602 confitendi
303 572 340 601 et
354 563 663 601 communicandi
679 563 845 601 obtinuit
861 566 1089 602 facultatem.

82 625 243 662 Intravit
263 625 309 662 ad
337 638 423 662 eum
447 624 600 674 quidam
632 623 678 660 de
706 623 919 672 nobilibus,
946 625 1091 662 habens

84 685 118 722 ei
132 685 273 735 aliquid
289 685 426 721 dicere.
448 684 522 732 Qui
536 683 636 720 inter
650 684 885 733 loquendum
897 713 906 730 ‚
922 684 994 721 fide.
1011 686 1092 734 ple-

85 759 174 792 nus,
196 755 271 782 tres
287 745 427 795 juncos
444 745 506 795 pie
527 744 672 781 furatus
695 744 742 781 de
769 745 926 790 lectulo,
948 745 987 780 in
1015 758 1092 794 quo

84 805 147 842 ille
180 805 355 852 sedebat,
387 805 472 842 tulit
505 818 632 842 secum
657 820 664 842 z
693 814 731 841 et
760 805 879 841 multa
907 808 1010 842 Deus
1029 797 1093 841 'de

85 865 188 902 furto
202 866 352 916 pietatis
372 873 429 902 est
448 873 648 915 operatus,
667 865 739 902 fide
757 865 856 902 illius
869 894 878 911 ‚
894 873 930 901 et
947 868 1095 902 Praesu-

85 925 129 962 lis
153 926 361 962 sanctitate.
388 929 500 963 Forte
528 933 686 962 venerat
717 925 756 961 in
780 925 971 962 civitatem
988 954 997 971 ,
1025 938 1096 961 no-

85 985 187 1022 mine
217 985 427 1023 Duevania.
456 988 502 1022 Et
531 998 617 1021 cuni
648 984 795 1022 sederet
825 984 872 1021 ad
901 997 1092 1030 mensam,

1157 399 1235 423 ram
1259 386 1437 423 omnibus
1466 388 1568 436 jurat
1598 402 1789 439 nunquam
1812 407 1849 430 se
1871 395 2112 434 dimissurum
2137 406 2159 435 ¹.

1155 449 1249 482 Tum
1283 455 1499 483 commotus
1528 448 1748 496 Malachias,
1780 453 1873 488 sicut
1895 464 1971 490 crat
2003 470 2072 505 pro
2093 458 2160 506 jn-

1157 506 1255 542 stitia
1279 506 1524 542 vehementer
1547 508 1697 544 zelans:
1726 526 1738 539 «
1766 513 1809 545 lit
1836 515 1955 557 Deus,
1993 534 2003 544 ἰ
2024 516 2162 565 inquit,

1158 582 1171 595 «
1193 573 1228 600 tc
1243 564 1289 600 ab
1307 565 1370 601 illa
1386 573 1535 614 separet
1556 567 1611 601 vel
1635 567 1807 604 invitum.
1830 588 1842 600 »ι
1865 573 1970 607 Parvi
1992 576 2160 622 pendens

1158 624 1239 670 ille,
1255 638 1299 660 ex
1323 625 1477 661 instanti
1499 624 1589 662 abiit
1604 627 1923 677 indignabundus.
1941 633 2161 671 Ol'l'vndens-

1159 697 1232 732 que
1251 685 1446 721 mulierem
1471 699 1546 722 non
1576 687 1686 736 longe
1708 702 1728 724 a
1750 688 1860 725 turha
1892 693 2095 729 constituta
2122 695 2158 730 in

1159 744 1244 781 loco
1256 774 1265 791 ,
1282 745 1319 781 vi
1342 746 1531 795 oppressit
1554 760 1634 783 eam
1651 776 1660 791 ‚
1680 748 1775 784 sicut
1793 758 1872 785 erat
1886 759 2023 787 satanae
2039 760 2138 789 totus
2152 783 2160 797 ‚

1160 804 1220 840 cui
1238 805 1352 854 paulo
1375 813 1461 842 ante
1491 806 1648 843 traditus
1678 808 1810 844 fuerat.
1832 813 1906 846 Nec
1934 810 2039 847 latuit
2060 812 2164 860 flagi—

1162 864 1267 901 tium.
1291 865 1458 911 Ancilla,
1478 879 1561 915 quae
1585 866 1776 904 dominam
1806 868 2078 916 comitabatur,
2103 884 2164 907 rc-

1162 938 1318 961 eurrcns
1356 925 1511 962 domum
1531 936 1536 969 4
1575 940 1710 976 nempe
1744 927 1843 964 haud
1875 930 2006 978 procul
2039 929 2167 967 aberat

1162 985 1275 1036 loco)
1304 987 1452 1023 nuntiat
1485 988 1619 1031 anhela
1647 989 1738 1037 quid
1768 990 1853 1025 mali
1879 990 2070 1027 acciderit.
2103 992 2160 1028 Ad

84 1045 275 1095 ingressus
295 1046 355 1082 vir
374 1045 513 1082 nobilis
534 1045 580 1082 de
608 1045 759 1082 civitate
778 1046 879 1095 ipsa,
899 1044 1094 1081 humiliter
1114 1043 1141 1077 Β
1163 1059 1277 1094 quani
1304 1060 1433 1083 vocem
1464 1049 1631 1095 germani
1660 1049 1758 1085 illius
1775 1078 1784 1095 ,
1812 1050 1875 1098 qui
1904 1049 2006 1086 domi
2033 1060 2161 1094 erant,

85 1105 273 1155 supplicat
298 1119 369 1155 pro
398 1118 518 1142 uxore
538 1114 783 1155 praegnante‚
815 1119 899 1155 quae
929 1104 1007 1154 jam
1030 1118 1093 1141 so—

86 1165 212 1202 lemne
239 1179 352 1202 omne
381 1166 613 1216 praeterisset
649 1175 799 1216 tempus
820 1165 1008 1216 pariendi,
1044 1165 1096 1201 ita

86 1233 129 1262 nt
146 1225 378 1262 mirarentur
399 1238 552 1272 ornnes3
565 1234 601 1262 et
623 1239 736 1262 nemo
751 1255 760 1272 ‚
781 1227 847 1276 qui
862 1224 965 1262 aliud
980 1238 1095 1275 quam

86 1285 173 1321 vitae
205 1285 417 1336 periculum
446 1285 619 1322 crederet
650 1286 867 1323 imminere.
905 1289 1028 1335 Rogat
1059 1293 1096 1321 et

85 1360 172 1383 cum
193 1360 240 1384 eo
269 1347 444 1384 Neemias
469 1347 674 1397 episcopus
703 1348 803 1385 illius
824 1347 1007 1392 civitatis,
1031 1346 1096 1396 qui

80 1405 192 1456 juxta
211 1420 298 1444 eum
313 1406 470 1445 sedebat
488 1422 496 1444 :
521 1416 655 1457 rogant
675 1416 713 1445 et
734 1408 879 1454 meteri,
906 1415 1097 1458 quotquot

84 1466 245 1504 aderant
265 1468 376 1504 simul
392 1467 686 1505 discumbentes.
711 1472 807 1505 Tum
830 1469 917 1505 ille:
942 1485 956 1500 «
979 1469 1095 1504 Com-

87 1543 103 1560 »
123 1527 250 1578 patior
269 1528 323 1573 ei,
348 1545 362 1560 »
378 1527 522 1578 inquit,
546 1544 560 1559 «
575 1529 680 1578 quod
696 1527 799 1565 bona
814 1529 951 1565 mulier
974 1528 1041 1573 sit,
1059 1536 1096 1564 et

88 1606 103 1621 ›>
120 1588 272 1638 pudica.
290 1606 305 1621 υ
328 1591 376 1625 Et
398 1589 597 1639 porrigens
609 1590 693 1626 viro
711 1590 895 1640 poculum
912 1618 921 1634 ‚
944 1588 1004 1625 cui
1025 1587 1096 1624 be-

87 1647 310 1685 nedixerat:
334 1664 349 1680 «
370 1648 495 1693 Vade,
522 1666 536 1680 »
555 1648 707 1698 inquit,
741 1666 755 1681 «
784 1649 831 1685 da
858 1649 913 1685 illi
945 1647 1094 1694 bibere,

87 1724 103 1740 »
123 1708 246 1745 sciens
261 1721 343 1745 eam
359 1717 513 1759 sumpto
530 1708 810 1746 benedictionis
826 1718 919 1759 potu
932 1738 942 1755 ‚
964 1717 1001 1746 et
1015 1709 1096 1746 sine

85 1784 102 1800 1>
122 1781 249 1814 mora,
283 1777 320 1805 et
341 1768 422 1806 sine
451 1769 624 1819 periculo
651 1770 911 1819 parituram.»
940 1772 1095 1807 Factum

85 1835 142 1864 est
168 1827 274 1878 quod
302 1828 508 1878 praecepit,
544 1837 582 1865 et
608 1837 720 1866 nocte
748 1829 831 1880 ipsa
855 1828 1100 1866 subsecutum
1119 1830 1147 1866 C

87 1896 144 1925 est
166 1888 271 1938 quod
291 1888 479 1939 promisit.
505 1888 667 1927 Sedebat
691 1890 730 1926 in
760 1903 895 1940 campo
926 1903 1012 1926 cum
1030 1891 1100 1927 Co-

87 1948 180 1985 mite
200 1948 352 1998 Ulydiae
369 1949 494 1999 aliqua
519 1957 707 1996 tractans,
735 1958 773 1987 et
801 1948 1008 1986 multitudo
1035 1962 1101 1986 co-

86 2007 195 2058 piosa
223 2008 321 2045 circa
338 2021 415 2045 eos.
435 2008 549 2046 Venit
575 2009 713 2046 mulier
741 2009 916 2059 gravida,
947 2017 984 2045 et
1010 2021 1101 2045 vere

87 2068 224 2117 gravis.
251 2067 400 2105 Iudicat
434 2081 474 2105 se
504 2077 636 2106 contra
663 2083 795 2106 omnes
823 2077 969 2106 naturae
1000 2070 1102 2119 leges

87 2128 251 2165 retinere
281 2137 435 2179 partum
466 2128 544 2178 jam
579 2129 799 2179 quindecim
842 2129 1036 2166 mensibus
1065 2138 1104 2166 et

89 2189 224 2227 diebus
241 2190 387 2242 viginti.
407 2191 635 2240 compassus
651 2190 856 2228 Malachias
871 2203 987 2240 super
1001 2203 1104 2227 novo

90 2258 129 2286 et
155 2249 328 2286 inaudito
355 2250 623 2295 incommodo,
645 2258 749 2296 orat,
772 2258 809 2287 et
834 2250 971 2286 mulier
990 2250 1104 2299 parit.

91 2309 164 2358 Qui
183 2309 363 2356 aderant,
385 2310 500 2346 Iaetati
516 2318 618 2355 sunt,
639 2319 676 2347 et
696 2310 823 2346 mirati
842 2317 943 2346 sunt.
963 2312 1105 2346 Omnes

91 2370 192 2406 enim
222 2370 425 2415 viderunt,
450 2370 490 2406 in
519 2384 594 2420 qua
621 2370 809 2407 facilitate>
829 2378 866 2406 et
897 2369 1104 2407 velocitate

90 2430 177 2467 loco
194 2430 329 2467 eodem
345 2431 458 2467 enixa
475 2431 540 2475 sit,
561 2439 598 2467 et
615 2431 721 2468 triste
740 2431 867 2480 negati
892 2438 1024 2481 partus
1038 2444 1106 2481 pe-

91 2491 254 2528 riculum
277 2491 463 2529 miraculo
481 2500 759 2529 commutatum
782 2491 1022 2542 jucundiori.

422 2618 600 2657 CAPUT
629 2618 765 2657 XXII.

210 2739 443 2773 concubinario
468 2740 626 2772 obstinato
654 2740 782 2772 exitium
810 2737 985 2770 denuntiat.

143 2861 206 2898 48.
229 2860 377 2898 Accidit
398 2860 540 2898 ibidem
557 2860 739 2911 quiddam
760 2860 844 2911 pari
856 2858 1013 2909 quidem
1035 2857 1107 2893 mi-

94 2922 246 2968 raculo,
271 2921 338 2958 sed
363 2929 467 2958 sorte
488 2921 642 2972 dispari.
662 2920 768 2959 Vidit
789 2920 986 2956 hominem
1000 2946 1009 2963 ‚
1041 2916 1106 2966 qui

95 2980 250 3031 publice
281 2990 413 3018 tenere
447 2981 639 3019 diceretur
672 2980 928 3019 concubinam
960 2977 1106 3023 fratri53

96 3049 135 3077 et
152 3041 214 3078 hic
236 3049 319 3078 erat
345 3041 471 3089 miles,
500 3042 672 3080 minister
694 3041 863 3079 Comitis.
886 3042 934 3075 Et
957 3036 1109 3088 publice

95 3100 330 3138 conveniens
350 3101 634 3148 incestuosum,
664 3102 826 3138 alterum
855 3099 890 3135 ei
920 3101 1110 3135 Joannem

96 3158 270 3197 exhibuit
289 3175 297 3196 :
319 3177 334 3193 α
355 3163 442 3198 Non
460 3161 550 3198 licet
567 3160 635 3198 tibi
649 3189 659 3207 ‚
676 3178 691 3194 »
706 3159 884 3209 inquiens
898 3186 908 3204 ‚
925 3174 940 3190 «
962 3169 1108 3193 concu-

99 3237 114 3252 »
129 3218 260 3256 binam
276 3218 419 3257 habere
441 3221 567 3258 fratris
581 3220 649 3257 tui.
670 3223 748 3257 »At
764 3219 828 3255 ille
849 3217 1010 3254 alterum
1034 3214 1109 3265 ipsi

149 3356 159 3371 ¹
179 3353 278 3382 Marc.
298 3362 344 3391 w,
373 3354 485 3382 17-28.

1162 1106 1325 1142 zelantes
1351 1107 1490 1143 sororis
1520 1116 1714 1157 stuprum,
1748 1118 1824 1145 tota
1847 1110 1911 1145 illo
1949 1111 2162 1147 festinantia

1162 1166 1382 1215 pervolant,
1417 1167 1606 1216 pudicitia?
1639 1168 1805 1214 hostem,
1844 1169 1925 1218 ipso
1953 1170 1990 1205 in
2010 1171 2096 1206 loco
2127 1180 2163 1206 ‹·t

1163 1239 1279 1276 opere
1302 1227 1451 1264 sceleris
1472 1227 1768 1277 deprehensum,
1796 1231 1922 1266 multis
1946 1232 2161 1267 confossum

1161 1286 1384 1323 vulneribus
1405 1287 1638 1324 interimunt.
1670 1289 1837 1326 Necdum
1860 1299 2069 1327 conventus
2101 1305 2164 1327 so-

1163 1345 1265 1383 lutus
1285 1355 1382 1393 erat,
1412 1361 1496 1383 cum
1518 1362 1603 1384 ecee
1626 1350 1786 1398 armiger
1812 1350 1931 1394 illius,
1952 1350 2053 1398 quod
2074 1364 2164 1386 eve—

1164 1414 1290 1452 nerat,
1318 1408 1517 1444 nuntiavit.
1540 1411 1585 1444 Et
1604 1409 1727 1445 mirati
1746 1418 1834 1445 sunt
1855 1409 2039 1454 universi,
2062 1409 2163 1459 quod

1163 1467 1347 1522 sententia
1374 1467 1564 1504 Malachiae
1597 1476 1670 1504 tam
1705 1469 1864 1505 celerem
1892 1467 2082 1505 habuisset
2109 1470 2164 1505 cs·-

1164 1526 1314 1564 fectum.
1336 1527 1558 1564 Timuerunt
1584 1529 1724 1577 quique
1747 1529 1917 1578 flagitiosi
1941 1529 2072 1565 audito
2091 1529 2163 1564 hnc

1162 1586 1281 1623 verbo
1300 1587 1398 1637 <nam
1420 1588 1529 1624 multi
1550 1597 1657 1624 erant
1677 1589 1715 1624 in
1738 1589 1865 1639 terra),
1884 1598 1920 1625 et
1938 1589 2057 1625 territi
2073 1603 2165 1639 pur—

1162 1648 1237 1697 gati
1258 1655 1364 1693 sunt,
1384 1648 1551 1685 lavantes
1572 1662 1704 1685 manus
1721 1662 1804 1685 suas
1821 1649 1858 1685 in
1880 1649 2059 1699 sanguine
2075 1661 2166 1698 pec-

1163 1708 1313 1744 catoris.

1487 1833 1662 1871 CAPL‘T
1695 1832 1848 1871 XXIII.

1308 1948 1405 1979 Varia
1422 1948 1590 1979 sanitatum
1607 1948 1759 1979 beneficia
1773 1947 1864 1978 variis
1884 1948 2031 1990 praestita.

1223 2069 1286 2106 49.
1306 2068 1546 2106 Diarmitiurn
1563 2068 1737 2104 comitem
1751 2097 1760 2113 ‚
1775 2068 1893 2104 multo
1905 2067 1982 2116 jam
2000 2076 2172 2118 tempore

1171 2129 1462 2167 decumbentem
1481 2130 1577 2165 lecto
1593 2158 1602 2175 ‚
1620 2129 1764 2165 duriter
1779 2128 1930 2178 quidem
1951 2128 2169 2178 increpans,

1171 2189 1276 2240 quod
1295 2191 1413 2227 malus
1433 2189 1550 2226 homo
1571 2197 1684 2233 esset,
1703 2188 1986 2225 immoderatius
2004 2188 2172 2224 serviens

1170 2250 1295 2287 ventri
1316 2258 1352 2286 et
1368 2250 1465 2299 gulae
1479 2278 1488 2295 ,
1509 2248 1706 2285 benedicta
1729 2261 1921 2297 aspersum
1947 2260 2065 2296 aqua,
2094 2260 2172 2283 sur-

1171 2323 1259 2360 gere
1279 2310 1366 2346 seeit
1395 2311 1474 2346 sine
1505 2322 1630 2354 mora,
1661 2309 1711 2344 ita
1732 2309 1942 2353 valentem,
1966 2315 2007 2344 ut
2033 2320 2171 2356 equum

1169 2370 1392 2407 ascenderet
1410 2370 1533 2416 illico,
1555 2378 1591 2406 et
1610 2369 1740 2418 utique
1769 2376 1908 2418 praeter
1929 2380 2033 2416 spem
2067 2379 2170 2402 suam

1172 2431 1292 2481 ipsius
1313 2439 1349 2466 et
1373 2443 1540 2467 suorum.
1557 2433 1600 2465 In
1620 2428 1713 2465 urbe
1733 2427 1919 2465 Caselensi
1936 2427 2040 2462 venit
2060 2426 2175 2461 homo

1173 2500 1259 2529 ante
1281 2505 1366 2529 eum
1384 2505 1469 2528 eum
1492 2490 1569 2526 filio
1587 2489 1813 2539 paralytico,
1836 2499 1970 2536 rogans
1989 2487 2094 2522 illum
2116 2498 2176 2521 sa-

1174 2553 1256 2589 nari
1276 2567 1283 2589 ;
1307 2552 1373 2602 qui
1392 2565 1503 2588 orans
1524 2550 1708 2595 breviter,
1727 2566 1740 2581 «
1759 2547 1880 2591 Vade,
1900 2564 1913 2578 >1
1931 2546 2073 2595 inquit,
2098 2562 2112 2576 α
2131 2545 2176 2580 fi-

1123 2617 1155 2650 D
1173 2632 1187 2646 »
1209 2614 1282 2650 lius
1303 2621 1390 2649 tuus
1407 2611 1611 2649 sanabitur.
1628 2627 1642 2642 »
1659 2609 1716 2655 It,
1737 2616 1773 2645 et
1790 2607 1952 2644 crastino
1974 2606 2071 2642 redit
2089 2618 2173 2641 cum

1174 2674 1277 2719 filio,
1307 2672 1373 2709 sed
1402 2671 1555 2708 minime
1582 2677 1723 2706 sanato.
1747 2672 1840 2705 Tum
1871 2679 2026 2715 surgens
2058 2666 2176 2702 Mala-

1175 2733 1276 2769 chias
1290 2762 1299 2778 ,
1319 2741 1355 2769 et
1373 2740 1474 2769 stans
1493 2743 1607 2779 super
1624 2742 1707 2765 eun]
1731 2727 1869 2763 diutius
1891 2725 2012 2762 oravit
2026 2754 2036 2771 ‚
2058 2733 2095 2761 et
2114 2725 2177 2760 ille

1174 2802 1326 2830 sanatus
1347 2801 1413 2829 est.
1435 2795 1480 2828 Et
1498 2801 1703 2826 conversus
1724 2786 1769 2823 ad
1788 2795 1957 2836 patrem:
1978 2801 1991 2817 «
2013 2784 2144 2828 Offer,
2163 2802 2177 2816 υ

1173 2853 1322 2903 inquit,
1344 2869 1357 2883 «
1386 2852 1490 2887 illum
1520 2853 1613 2886 Deo.
1638 2864 1651 2879 υ
1672 2846 1817 2884 Annuit
1843 2845 1958 2881 homo
1975 2872 1983 2887 ‚
2006 2843 2071 2881 sed
2100 2857 2176 2880 non

1175 2912 1322 2949 tenuit:
1341 2919 1378 2948 et
1406 2918 1493 2960 post
1523 2908 1666 2956 aliquot
1694 2918 1814 2942 annos
1842 2904 1904 2940 ille
1933 2902 2012 2952 jam
2030 2901 2181 2951 juvenis

1175 2972 1310 3009 recidit
1341 2972 1381 3007 in
1407 2970 1591 3019 idipsum,
1618 2966 1696 3002 sine
1717 2963 1835 3001 dubio
1856 2971 2015 3014 propter
2045 2961 2180 2998 inobe-

1178 3032 1356 3069 dientiam
1374 3029 1510 3080 patris,
1531 3035 1567 3063 et
1584 3026 1685 3075 pacti
1705 3023 2052 3073 transgressionem.
2073 3021 2178 3057 Alius

1178 3092 1332 3142 quidam
1358 3090 1514 3127 veniens
1547 3087 1593 3123 de
1625 3085 1854 3135 longinquo,
1877 3095 1959 3118 cum
1982 3088 2076 3116 esset
2097 3083 2180 3115 Ma-

1176 3152 1314 3189 lachias
1334 3151 1373 3186 in
1400 3147 1541 3185 finibus
1560 3145 1764 3184 Mumoniae
1778 3173 1787 3189 ‚
1810 3141 1933 3178 attulit
1952 3139 1996 3175 ad
2018 3151 2102 3174 eum
2126 3139 2174 3172 fi-

1174 3212 1289 3258 lium,
1312 3209 1451 3260 pedum
1483 3206 1635 3257 penitus
1669 3203 1794 3241 officio
1825 3200 2056 3236 destitutum.
2086 3200 2178 3234 Per·—
