2533 3920
356 236 431 273 495

1123 238 1158 270 S.
1190 235 1444 270 BERNARDI
1474 234 1673 268 ABBATIS

2356 231 2429 271 496

408 315 443 351 3.
465 318 558 362 Quae
579 327 664 350 cum
689 314 738 350 ita
766 314 837 350 sint
853 343 862 359 ‚
888 328 900 349 x
914 313 1012 349 idete
1026 343 1034 358 ‚
1058 312 1212 348 domine
1233 310 1417 357 Patet-‚²³⁰
1430 310 1654 348 Innocentio
1668 338 1677 354 ‚
1697 321 1782 345 cum
1802 314 1929 343 vestro
1945 314 1982 342 et
1998 309 2181 343 Romanae
2199 307 2312 344 curiae
2325 320 2432 357 gene-

357 388 404 412 ne
421 374 586 411 declinet
606 388 672 411 cor
692 383 860 411 vestrum
883 375 919 410 in
944 386 1041 423 opus
1067 373 1218 409 malitiae
1234 401 1242 416 ‚
1268 386 1367 421 quo-
1389 374 1414 405 A
1436 371 1504 406 rali
1525 383 1677 406 assensu
1694 397 1702 413 ‚
1723 367 1867 403 irritam
1888 379 1968 402 esse
1984 366 2164 402 Willelmi
2187 366 2431 407 Eboracensis

357 436 458 473 niam
478 465 488 482 ‚
521 434 729 471 secundum
775 434 1001 485 proplietam
1024 463 1033 479 ‚
1063 436 1292 468 declinantes
1326 436 1363 466 in

359 495 620 544 obligationem
644 497 803 530 adduc-ec
822 497 1004 529 Dumium·
1025 507 1106 528 cam
1125 492 1364 540 apel-antibus·

359 560 596 604 iniquitatem
618 562 643 591 ¹.
672 555 851 604 Alioquin
893 554 996 603 quod
1033 554 1232 590 consilium
1270 552 1366 588 datis

360 616 507 652 miseris
539 614 740 652 abbatibus
777 615 873 659 illis,
901 627 997 663 quos
1032 614 1078 650 ad
1112 612 1365 650 accusandum

359 689 446 712 eum
474 675 625 711 vocatio
653 675 861 724 apostolica
889 677 1048 710 Romam
1080 674 1216 718 traxit3
1239 672 1302 708 scd
1331 681 1369 708 et

359 737 443 774 aliis
481 750 594 785 quam
628 735 803 785 pluribus
837 748 882 770 ex
916 735 981 770 illo
1020 734 1241 783 episcopatu
1280 732 1369 768 viris

360 796 567 845 religiosis?
587 796 711 832 sintne
732 794 922 831 obedituri
946 794 1051 838 huic,
1072 802 1109 829 et
1135 801 1368 829 sacramenta

363 856 556 905 accepturi
574 854 621 891 ab
639 854 794 891 homine
809 854 866 890 bis
883 855 1032 890 intruso
1044 883 1052 899 ‚
1072 854 1198 903 primo
1215 853 1370 902 quidem

362 929 430 965 per
448 919 588 964 Regem
604 942 613 959 ‚
636 914 774 950 deinde
795 927 864 963 per
886 918 1068 962 Legatum
1086 916 1100 948 Ρ
1126 914 1278 962 Quippe
1302 913 1368 961 qui

363 975 468 1011 illum
495 974 533 1009 in
569 974 824 1009 sanctuarium
852 973 945 1016 Dei,
974 981 1108 1008 contra
1139 972 1202 1020 jus
1228 980 1266 1008 et
1297 972 1370 1016 sas,

363 1046 498 1069 contra
516 1032 734 1068 mandatum
751 1032 889 1067 summi
908 1031 1121 1073 Pontiticis,
1142 1031 1179 1066 in
1195 1030 1373 1079 injuriam

1430 431 1681 475 electionem,
1716 429 1792 464 imo
1818 427 2089 472 intrusionem,
2119 427 2187 463 nisi
2216 427 2426 468 W’illelmus
2459 442 2464 448 ·

1432 492 1538 536 alter,
1564 499 1652 526 tunc
1677 489 1842 525 decanus
1857 517 1865 533 ‚
1888 487 1992 536 quod
2019 486 2212 535 objectum
2235 489 2267 523 ei
2291 488 2434 538 fuerat,

1433 551 1598 602 propriae
1623 563 1755 586 manus
1779 548 2000 597 juramento
2037 548 2249 597 repelleret.
2271 550 2349 584 Nec
2369 542 2437 589 νόὲ

1434 611 1542 647 latuit
1558 623 1670 659 quam
1694 609 1806 658 plena
1834 614 1930 643 esset
1951 606 2162 649 sententia,
2188 618 2264 641 non
2282 604 2437 655 judicii,

1435 671 1500 707 scd
1523 669 1790 707 misericordiae
1813 683 1820 704 :
1844 667 2025 703 nimirum
2045 680 2129 703 cum
2146 666 2218 702 hoc
2230 664 2442 707 XVillelmtffi

1436 730 1516 779 ipse
1533 730 1738 778 quaesisset.
1758 727 1830 765 Sed
1847 728 1991 763 utinam
2010 727 2069 763 vel
2084 727 2165 776 ipsa
2179 734 2270 772 stet,
2286 734 2324 763 et
2339 726 2441 776 quod
2490 747 2493 777 ς

1437 789 1621 825 adversus
1656 801 1737 824 eam
1776 788 1915 823 sactum
1951 795 2028 830 est,
2061 794 2162 822 stare
2192 798 2270 821 non
2308 785 2440 835 possit.

1438 848 1537 896 Quid
1557 849 1685 884 enim?
1703 852 1786 885 Mn
1805 847 1950 896 juravit
1968 847 2031 883 ille
2045 875 2054 892 ‚
2074 854 2111 883 et
2124 846 2194 882 iste
2209 844 2248 882 in
2269 845 2442 884 cathedra

1439 908 1663 956 pestilentiae
1684 908 1800 943 sedet.
1820 907 1912 955 Quis
1932 906 2077 943 tribuat
2099 914 2140 943 ut
2163 905 2344 942 adversus
2364 905 2440 943 for-

1442 967 1671 1003 nicationem
1683 967 1779 1003 hanc
1794 967 1953 1004 Pliinees
1968 980 2053 1003 cum
2071 967 2238 1016 pugione
2253 964 2444 1015 procedat,

1441 1035 1505 1062 aut
1524 1027 1629 1062 vivat
1649 1027 1687 1062 in
1707 1026 1794 1063 sede
1816 1039 1883 1062 sua
1904 1030 2036 1063 Petrus
2050 1054 2059 1071 ,
2085 1026 2151 1075 qui
2167 1025 2303 1076 spiritu
2321 1023 2442 1062 labio-

365 1105 521 1128 summae
538 1091 643 1129 Sedis
661 1100 697 1127 et
717 1090 834 1127 totius
850 1094 1033 1127 Romanae
1052 1090 1179 1134 curiae,
1197 1103 1281 1126 cum
1299 1103 1376 1126 non
1396 1093 1422 1126 B
1444 1100 1527 1122 rum
1553 1100 1710 1122 suorum
1735 1086 1938 1122 interliciat
1964 1086 2129 1136 impios?
2149 1086 2260 1123 Multi
2288 1085 2447 1123 clamant

370 1151 493 1202 potuit
509 1164 580 1200 per
596 1150 748 1194 ostium,
773 1149 868 1186 fodit
889 1158 1084 1198 argenteo,
1098 1158 1139 1185 ut
1156 1150 1284 1195 aiunt,
1303 1162 1378 1186 sar-

369 1212 474 1257 culo,
498 1210 600 1247 unde
620 1209 864 1259 impudenter
890 1210 1053 1245 intrusit.
1073 1214 1172 1246 Ante
1187 1239 1196 1255 ‚
1216 1210 1287 1245 nisi
1308 1209 1378 1245 fal·-

369 1273 439 1318 lor,
460 1271 536 1308 suis
553 1270 705 1308 sedibus
723 1269 973 1315 exsulabunt,
997 1283 1109 1319 quam
1127 1270 1216 1306 dare
1232 1270 1379 1319 acquie-

367 1339 473 1368 scant
503 1343 636 1367 manus
671 1330 775 1366 idolo
806 1329 921 1376 huie,
953 1330 1023 1366 nisi
1056 1338 1180 1366 vestra
1210 1330 1378 1366 violenta

374 1391 579 1427 auctoritas
618 1389 794 1426 obviarit.
829 1392 1015 1427 Caeteruin
1048 1403 1161 1439 quam
1199 1390 1380 1426 sanctiori

372 1460 575 1500 vestroque
595 1450 811 1500 apostolatu
833 1450 994 1498 digniori
1011 1450 1091 1486 zelo
1112 1450 1278 1499 gladium
1293 1450 1380 1486 Plii-

370 1525 458 1548 nees
479 1512 517 1547 in
539 1510 809 1547 confusionem
830 1510 995 1546 duorum
1021 1518 1095 1546 tam
1119 1510 1281 1559 turpiter
1300 1510 1381 1546 for-

369 1571 577 1608 nicantium
594 1570 828 1619 stringeretis
841 1599 850 1615 ‚
872 1583 984 1619 quam
1005 1578 1058 1606 tot
1075 1578 1225 1606 sanctos
1244 1578 1306 1606 aut
1337 1569 1383 1606 de

372 1632 448 1668 suis
476 1632 607 1680 fugere
641 1631 734 1667 loeis
765 1631 1008 1680 permittitis,
1037 1640 1101 1668 aut
1129 1639 1264 1670 contra
1290 1643 1384 1667 eon-

374 1691 548 1729 scientias
565 1705 651 1729 suas
670 1691 802 1740 cogitis
820 1693 1042 1728 remanere?

381 1829 1387 1841 ===================================================================

472 1932 842 1988 EPISTULA
897 1931 1292 1989 CCXXXV1.·'

586 2080 633 2100 AD
662 2079 785 2100 TOTAM
817 2078 957 2100 CURIAM
989 2079 1184 2102 ROMANAM.

811 2160 892 2184 Unde
913 2168 965 2192 sup
974 2168 1012 2185 ra.

390 2238 562 2275 Dominis
589 2246 626 2273 et
652 2237 824 2287 patribus
856 2240 1100 2284 reici-endis,
1132 2241 1321 2291 episcopis
1357 2252 1395 2279 ct

445 2296 696 2333 cardinalibus
723 2297 854 2342 eurise,
878 2299 993 2335 frater
1012 2303 1233 2337 Bam-Aunes
1254 2302 1394 2339 Clarae-

442 2357 556 2394 Vallis
596 2365 754 2393 vocatus
789 2356 904 2393 abbas
927 2386 936 2402 ‚
975 2359 1133 2396 salutem
1171 2369 1209 2396 et
1246 2370 1396 2398 nostras

442 2417 738 2467 qualescumque
759 2418 965 2454 orationes.

448 2522 478 2559 l.
496 2521 682 2560 Omnibus
703 2522 945 2560 scribendum
964 2524 1033 2560 suit
1049 2524 1096 2561 de
1118 2538 1163 2561 eo
1187 2526 1291 2575 quod
1313 2540 1399 2576 spe—

396 2589 471 2617 ctat
488 2581 535 2618 ad
555 2595 700 2619 omnes.
732 2586 807 2619 Nec
835 2596 984 2630 vereor,
1012 2597 1059 2620 ne
1088 2585 1184 2621 forte
1212 2599 1398 2635 praesum-

393 2641 535 2691 ptionis
561 2656 725 2691 arguar:
749 2642 892 2692 quippe
917 2644 984 2693 qui
1012 2644 1099 2680 licet
1126 2646 1297 2683 omnium
1324 2648 1398 2683 mi-
1415 2652 1664 2701 Dproprium
1698 2664 1852 2701 quoque
1885 2659 2176 2701 contemptum,
2210 2659 2247 2688 et
2279 2649 2467 2687 infamiam
2503 2639 2506 2650 ι

1466 2711 1562 2747 lianc
1578 2711 1778 2760 pessimam
1802 2711 1977 2747 Eeclesiae
1995 2704 2466 2762 principes[aequanimitek
2504 2710 2505 2713 ’

1468 2771 1589 2806 serant
1607 2772 1620 2806 Ρ
1635 2770 1733 2817 Quid
1753 2771 1854 2807 euim
1873 2771 1902 2807 si
1924 2772 2142 2821 sacrilegam
2165 2771 2281 2808 homo
2298 2770 2359 2807 ille
2374 2779 2468 2806 conv·
2504 2766 2513 2775 '¹

1467 2830 1717 2867 secr-ationem
1741 2831 1914 2881 recepit?
1934 2832 2108 2869 Profecto
2135 2831 2248 2881 longe
2270 2828 2465 2881 gloriosi&

1468 2890 1540 2926 erit
1568 2889 1647 2939 jam
1685 2891 1873 2928 elevatum
1909 2886 2089 2941 dejicere¹
2113 2891 2328 2938 Simonem,
2359 2883 2468 2940 quam
2506 2913 2508 2923 ;

1470 2951 1675 3000 prohibere
1701 2961 1916 2989 conantem.
1933 2952 2113 3002 Alioquin
2143 2952 2236 3002 quid
2258 2950 2397 2988 facietis
2414 2959 2470 2986 re·
2504 2982 2507 3003 ἱ,

1472 3011 1613 3059 ligiosis
1636 3012 1729 3048 viris
1743 3041 1751 3057 ,
1772 3013 1837 3061 qui
1858 3013 2016 3049 omnino
2032 3026 2109 3049 non
2130 3012 2354 3058 inveniunt,
2373 3006 2471 3048 salvi
2504 3011 2508 3022 '

394 2701 538 2747 nimus,
565 2710 690 2738 tamen
721 2706 904 2739 Romanae
936 2704 1050 2739 ctnriae
1084 2703 1263 2752 iujuriam
1292 2720 1313 2742 a
1338 2720 1398 2744 me

393 2773 470 2797 non
486 2760 618 2810 judico
643 2762 817 2799 alienam.
842 2763 1000 2800 Urimur
1026 2764 1197 2810 assidue,
1221 2764 1306 2802 dico
1328 2779 1399 2802 vo-

395 2819 471 2867 bis,
496 2822 644 2858 urimur
674 2822 839 2871 graviter
869 2822 1002 2867 nimis,
1034 2823 1084 2860 ita
1106 2833 1147 2860 ut
1173 2838 1242 2861 nos
1264 2825 1400 2862 taedeat

396 2880 508 2916 etiam
532 2883 672 2917 vivere.
696 2885 736 2917 In
762 2881 878 2918 domo
906 2883 972 2918 Dei
995 2883 1168 2921 videmus
1192 2885 1396 2924 horrenda.

398 2942 443 2976 Et
468 2939 554 2989 quia
581 2941 770 2990 corrigere
800 2954 869 2977 nos
903 2955 979 2978 non
1014 2956 1216 2993 possumus
1235 2974 1244 2991 ‚
1269 2947 1401 2984 saltem

399 3000 634 3049 suggerimus
670 3001 726 3038 his
762 3001 808 3038 ad
844 3015 940 3051 quos
980 3012 1135 3052 spectat.
1178 3005 1213 3042 Si
1249 3007 1401 3055 quidem

399 3059 707 3105 enit2¹ntlavet·ittt‚
735 3060 858 3107 l>ene3
887 3062 942 3097 sin
977 3071 1128 3110 autem,
1159 3078 1229 3101 nos
1260 3067 1405 3104 animas

401 3126 550 3155 nostras
590 3119 832 3156 liberavinms
871 3136 877 3157 :
909 3135 976 3157 vos
1009 3125 1290 3162 excusationem
1326 3140 1402 3162 non

401 3177 588 3214 habebitis
615 3179 660 3216 de
688 3189 854 3229 peccato.
887 3185 967 3217 >mn
1001 3183 1183 3231 ignoratis
1218 3187 1404 3235 prolatam

401 3251 482 3275 esse
503 3240 727 3276 seutentiam
748 3254 767 3277 a
791 3241 947 3278 domino
967 3256 1063 3293 papa
1082 3243 1192 3280 bona*
1211 3247 1404 3284 memoriae

454 3369 462 3385 ¹
478 3364 559 3395 Psal.
580 3375 693 3403 cxxiv,
716 3370 744 3396 ζ».

1426 1871 1662 1908 {audierunt
1693 1871 1759 1907 lilii
1792 1869 2147 1907 incircumcisorum

1444 1146 1490 1182 ad
1521 1159 1590 1182 vos
1613 1147 1651 1182 in
1682 1155 1762 1183 toto
1793 1146 1910 1183 corde
1937 1160 2026 1193 suo,
2048 1154 2090 1183 ut
2115 1145 2350 1195 sacrilegium
2378 1145 2450 1192 hoc·

1447 1206 1560 1256 digna
1577 1207 1908 1244 animadversione
1926 1206 2119 1243 vindicare
2140 1205 2334 1243 studeatis.
2353 1205 2448 1243 Alio'-

2492 1159 2499 1244 .--,-
2491 1042 2498 1136 ὴῂφ-

1445 1267 1556 1316 quin,
1590 1267 1676 1303 dico
1707 1266 1837 1310 vobis,
1871 1266 2092 1304 scandalum
2132 1279 2311 1316 magnum
2342 1264 2449 1302 nimis
2494 1285 2498 1293 ·

1447 1327 1519 1363 erit
1534 1328 1571 1363 in
1590 1327 1755 1364 Ecclesia
1777 1327 1847 1364 Dei
1866 1342 1873 1364 :
1896 1335 1933 1363 et
1955 1327 2072 1363 timeo
2091 1338 2138 1363 ne
2153 1329 2335 1363 Romanae
2350 1323 2451 1362 Sedis

1447 1389 1652 1424 auctoritas
1670 1401 1822 1437 gravem
1845 1386 2053 1424 admodum
2072 1385 2262 1435 jacturam
2280 1393 2318 1422 et
2335 1384 2450 1421 detri-

1448 1458 1618 1485 mentum
1639 1448 1779 1498 grande
1801 1448 2000 1498 suscipiat,
2020 1448 2092 1484 nisi
2109 1447 2149 1483 in
2169 1459 2271 1492 eum,
2285 1445 2350 1495 qui
2370 1457 2453 1495 per-

1448 1510 1562 1546 rertit
1578 1509 1793 1559 generalem
1815 1508 1897 1558 ejus
1918 1508 2159 1554 sententiam,
2180 1505 2348 1543 vindicta
2366 1517 2454 1556 pro-

1449 1570 1628 1615 cesserit,
1659 1578 1698 1606 ct
1721 1569 1865 1614 taliter,
1890 1577 1934 1605 ut
1963 1568 2090 1607 caeteri
2111 1575 2255 1604 metum
2277 1565 2451 1603 habeant.

1504 1630 1538 1667 2.
1561 1630 1661 1677 Quid
1683 1630 1783 1666 enim
1807 1629 1853 1665 de
1875 1643 1920 1665 eo
1941 1629 2063 1665 dicam
2081 1658 2090 1674 ‚
2115 1627 2220 1678 quod
2238 1627 2404 1664 occultas
2417 1634 2455 1664 et

1449 1704 1538 1727 x‘ere
1566 1689 1786 1727 tenebrosas
1816 1690 1960 1726 litteras
1996 1688 2174 1726 habuisse
2204 1701 2243 1724 se
2275 1687 2456 1737 gloriatur

1480 1752 1673 1789 ‘villelmus
1699 1751 1788 1787 ille?
1808 1751 1952 1787 utinam
1975 1764 1995 1787 a
2015 1748 2254 1800 principibus
2282 1746 2458 1785 tenebra-

1460 1825 1542 1848 rum
1557 1841 1566 1857 ‚
1591 1824 1667 1847 non
1692 1825 1712 1847 a
1734 1810 1975 1861 principibus
1999 1809 2287 1859 Apostolorum.
2310 1811 2358 1844 Et
2376 1818 2458 1845 ecoe

1470 1936 1667 1967 ‘tonianam
1690 1931 1832 1967 curiam
1850 1961 1859 1977 ,
1881 1945 1901 1967 a
1921 1943 1997 1980 qua
2020 1937 2108 1979 post
2130 1928 2255 1966 datam
2283 1936 2358 1964 tam
2383 1939 2461 1965 ma-

1459 1992 1630 2028 nifestam
1669 1991 1922 2037 sententiam,
1952 1990 2082 2027 furtim
2112 1989 2218 2026 datas
2249 2001 2330 2025 esse
2361 1988 2463 2025 aiunt
2499 2009 2503 2020 ‚

1459 2051 1668 2088 contrarias
1698 2051 1854 2087 litteras.
1877 2050 1977 2099 Quid
2006 2049 2128 2087 dicam
2157 2048 2295 2087 vobis?
2322 2048 2358 2086 Si
2387 2059 2461 2085 non
2498 2053 2504 2083 ἰ

1461 2126 1530 2149 vos
1554 2112 1630 2148 urit
1656 2112 1875 2148 scandalum
1901 2120 2038 2161 grave,
2061 2118 2139 2161 quo
2165 2109 2464 2148 scandalizantur

1462 2185 1540 2208 non
1562 2172 1712 2221 pusilli,
1738 2171 1803 2208 sed
1825 2171 2011 2221 magniet
2034 2170 2193 2221 perfecti
2219 2170 2314 2216 viri3
2336 2169 2365 2206 si
2390 2167 2482 2213 [1οῂ

1463 2232 1725 2281 compatimini
1740 2230 1974 2281 pauperibus
1991 2230 2214 2277 abbatibus,
2234 2242 2330 2280 quos
2350 2243 2369 2266 a
2387 2227 2463 2266 fini&

1463 2292 1535 2329 bus
1557 2301 1666 2328 terrae
1686 2291 1837 2328 vocatio
1863 2291 2073 2341 apostolica
2094 2294 2256 2328 Romam
2276 2289 2388 2326 traxit
2403 2303 2413 2334 ς
2431 2286 2463 2327 εἰ

1464 2366 1543 2389 non
1560 2351 1792 2388 miseremini
1804 2352 1949 2400 magnis
1962 2359 1999 2387 et
2016 2350 2202 2401 religiosis
2219 2343 2467 2399 monasterii-⁶1}

1465 2411 1603 2462 quibus
1624 2412 1782 2448 omnino
1803 2411 1874 2448 sul)
1905 2411 2131 2448 incubatore
2163 2411 2230 2448 illo
2263 2408 2467 2447 destructi-3

1466 2473 1638 2509 imminet
1653 2488 1662 2518 3
1680 2473 1708 2508 si
1729 2472 1858 2522 (quod
1878 2472 2042 2522 primum
2062 2471 2188 2509 dicere
2208 2469 2349 2522 debui)
2369 2469 2467 2508 zeltss
2502 2483 2519 2515 τ’,

1467 2532 1603 2569 domus
1623 2532 1692 2568 Dei
1713 2545 1788 2568 non
1812 2532 1978 2568 comedit
2004 2544 2074 2568 vos
2101 2546 2108 2568 :
2140 2530 2326 2581 numquid
2353 2535 2466 2580 usqne

1466 2591 1561 2628 adeo
1590 2591 1732 2628 inimici
1765 2591 1930 2628 hominis
1958 2591 2126 2628 versutia
2161 2589 2406 2641 praevalebit,
2425 2595 2467 2627 ut

1472 3072 1703 3109 conscientia
1717 3102 1726 3118 ,
1748 3074 1807 3110 vel
1833 3074 1914 3123 ipsa
1935 3073 2150 3110 eommunia
2171 3075 2410 3110 Sacramenta
2424 3066 2470 3106 de

1473 3132 1621 3181 leprosa
1656 3147 1769 3170 manu
1799 3134 2020 3183 suscipere?
2039 3138 2160 3180 Ante,
2188 3133 2227 3171 ni
2253 3127 2469 3182 ,sallon-,fett-
2506 3139 2509 3143 ”

1473 3200 1562 3239 gent
1584 3193 1733 3241 sugere,
1754 3207 1867 3242 quam
1886 3193 1976 3230 dare
1995 3206 2130 3230 manus
2150 3193 2263 3230 morti
2275 3208 2285 3240 ;
2305 3200 2342 3230 et
2359 3200 2469 3228 exsut
2506 3180 2509 3219 ¹,

1473 3251 1550 3306 lare
1581 3252 1688 3302 prius
1712 3282 1722 3299 ,
1750 3267 1863 3303 quam
1900 3252 1999 3290 vesei
2032 3252 2267 3303 idolothytis.
2301 3248 2411 3301 Quod
2440 3246 2470 3286 si

1486 3381 1490 3393 ⁸
1511 3378 1629 3419 Scripta
1647 3390 1728 3410 auno
1748 3379 1861 3411 Christi
1885 3383 1981 3413 1143.

2498 1491 2527 1755 ›aa-m
2495 1587 2500 1614 μ
2496 1532 2497 1539 ⁴
2496 1507 2498 1509 '
2494 1305 2523 1486 effla-3?

2184 1883 2192 1905 ε
2229 1867 2460 1904 subsannant
2498 1886 2503 1896 ·

2496 1757 2529 1979 Λμ-..ηῗέ-’ζῗῦ

2518 3587 2533 3704 ιᾳὼ-
2510 3419 2533 3565 -Ᾰ-αιρ
2527 3376 2530 3389 -
