2517 3920
367 228 464 266 1395)

363 307 479 344 matio
507 306 587 342 fieri
611 303 749 341 habeat
771 303 818 340 de
843 303 972 351 nobis,
991 304 1069 341 sive
1091 304 1204 341 etiam
1228 305 1266 340 in
1293 316 1365 340 no—
1377 298 1407 316 ⁰²

706 228 741 262 S.
774 226 1027 262 BERNARDI
1058 227 1160 263 ABB.
1191 227 1364 262 TRACT.
1397 224 1462 258 DE
1493 222 1679 258 GRATIA
1709 222 1768 256 ET
1797 223 1887 257 LIB.
1920 222 2113 257 ARBITR.

2344 220 2444 258 1400

1413 298 1525 335 ²cuin
1546 298 1628 347 ejus
1653 298 1755 335 bona
1776 298 1994 343 voluntate,
2016 298 2186 335 fiebant?
2205 302 2299 336 Nam
2323 304 2356 335 si
2381 304 2443 336 in—

361 367 438 411 ως,
459 380 537 403 non
558 374 683 402 autem
704 378 725 401 a
750 364 882 411 nobi53
906 365 1047 401 creatio
1072 378 1164 401 vero
1198 365 1295 401 facta
1323 364 1369 401 sit
1388 360 1417 393 A
1440 363 1532 394 vitiis
1547 387 1558 403 ,
1579 357 1725 408 inquit,
1747 360 2068 405 evangelizavero,
2101 359 2331 405 dispensatio
2357 360 2447 395 mihi
2500 389 2501 397 1

362 436 401 464 et
430 427 511 463 sine
540 425 650 462 nobis
679 440 686 462 :
716 425 816 470 sola,
843 438 927 474 quae
949 424 1146 462 nobiscum
1180 425 1371 474 quodam-

364 487 481 524 modo
504 487 545 523 fit
565 495 725 536 propter
745 498 972 522 consensum
994 486 1253 522 voluntarium
1283 499 1373 522 nos-

365 556 488 594 trum,
509 547 548 583 in
570 546 704 583 merita
735 544 846 582 nobis
874 544 1113 594 reputabitur
1140 545 1372 582 reformatio.

364 611 452 657 Ipsa
487 615 576 644 sunt
617 605 764 655 jejunia
804 612 951 650 nostra,
981 604 1137 654 vigiliae,
1171 605 1373 642 continen-

365 668 434 714 tia,
467 680 584 717 opera
625 665 911 709 misericordiae,
945 673 1157 715 caeteraque
1188 666 1373 704 virtutum

363 727 564 773 exercitia,
594 739 662 776 per
693 739 778 775 quae
809 726 941 774 utique
974 734 1122 762 constat
1149 727 1373 763 interiorem

364 787 559 824 hominem
591 794 763 822 nostrum
792 786 968 822 renovari
998 786 1044 822 de
1075 786 1135 823 die
1164 787 1202 822 in
1234 787 1333 823 diem
1365 802 1373 823 ε

367 849 458 884 (lum
491 856 527 884 et
561 846 720 882 intentio
755 847 915 883 terrenis
944 847 1143 883 incurvata
1174 848 1294 892 curis,
1328 848 1375 884 de

366 907 451 943 imis
480 905 663 955 paulatini
689 904 736 940 ad
765 917 931 953 superna
958 906 1142 954 resurgit3
1164 914 1201 942 et
1223 907 1374 943 affectio

366 967 464 1003 circa
486 966 608 1002 carnis
629 964 813 1002 desideria
835 966 1040 1015 languens,
1060 967 1199 1003 sensim
1216 967 1255 1003 in
1272 981 1376 1005 amo-

369 1040 447 1063 rem
476 1025 631 1075 spiritus
657 1025 907 1071 convalescit3
927 1033 965 1061 et
990 1026 1174 1062 memoria
1201 1035 1374 1064 veterum

1442 420 1583 455 credita
1612 427 1664 454 est
1684 432 1694 452 :
1711 422 1745 453 si
1774 426 1898 453 autem
1928 419 2080 461 volens,
2101 420 2222 466 gloria
2238 427 2293 454 est
2308 419 2402 454 milei·
2419 417 2445 454 ⁵.

1496 480 1558 516 51.
1586 481 1770 516 Caeterum
1803 477 1833 514 si
1858 478 1917 514 vel
1948 478 2031 527 ipsa
2059 478 2239 514 voluntas
2256 506 2266 524 ,
2295 477 2342 514 de
2370 491 2446 528 qua
2499 482 2508 530 Y

1441 553 1555 576 omne
1581 539 1758 575 meritum
1782 537 1946 588 pendet,
1968 536 2015 574 ab
2035 537 2119 588 ipso
2140 538 2258 575 Paulo
2275 551 2353 575 non
2370 547 2444 586 est;

1441 614 1518 650 quo
1535 608 1648 650 pacto
1666 613 1768 645 eam,
1787 612 1900 649 quam
1920 598 1992 635 sibi
2009 599 2215 649 repositam
2231 600 2446 649 praesumit,
2500 614 2502 619 ·

1442 674 1623 698 coronam
1644 659 1949 709 vocatjiistitiae?
1965 663 2025 696 An
2042 659 2224 708 quoniam
2238 658 2354 708 juste,
2367 659 2446 709 jam
2500 694 2503 701 ,

1442 730 1480 758 et
1500 735 1546 758 ex
1567 720 1697 758 debito
1725 720 1947 770 requiritur,
1968 719 2238 770 quodcumque
2258 720 2316 757 vel
2333 721 2449 770 gratis
2499 713 2504 718 ¹

1443 782 1707 832 promittitur?
1730 781 1904 830 Denique
1930 780 1981 817 ait
2003 795 2011 816 2
2048 781 2131 815 Scio
2157 784 2217 815 cuc·
2240 782 2398 827 credidi,
2414 791 2451 818 et
2500 778 2502 785 ¹

1442 851 1560 877 certus
1594 856 1674 877 siim
1711 845 1800 889 quia
1834 841 1968 889 Potens
2000 849 2054 876 est
2089 842 2293 888 depositum
2327 855 2447 878 meum
2499 867 2503 896 .'

1441 915 1585 937 servare
1599 900 1627 937 5.
1647 902 1715 937 Dei
1735 901 1985 951 promissum,
2004 914 2115 938 suum
2138 901 2305 951 appellat
2324 901 2448 952 depo·
2499 914 2503 924 ¹

1441 962 1555 999 situm
1587 977 1594 999 :
1622 970 1659 999 et
1689 962 1778 1012 quia
1810 961 1973 998 credidit
1995 962 2260 1012 promittenti,
2288 963 2450 1001 fidenter
2500 971 2503 985 ⁷

1441 1022 1673 1072 promissum
1700 1022 1850 1072 repetit.
1876 1022 2109 1059 Promissum
2131 1022 2285 1072 quidem
2307 1036 2355 1060 ex
2377 1025 2449 1061 mi—
2500 1031 2509 1054 ÷'

367 1099 528 1136 operum
547 1085 785 1135 turpitudine
806 1085 978 1132 sordenS,
992 1086 1101 1122 novis
1118 1085 1304 1136 bonisque
1320 1101 1376 1125 ac·
1396 1087 1421 1120 Β
1443 1082 1671 1129 sel'icordia‚
1694 1083 1760 1119 sed
1784 1082 1863 1132 jam
1892 1096 1939 1119 ex
1959 1082 2109 1132 justitia
2136 1084 2448 1133 persolvendum.

368 1146 468 1183 tibus
488 1146 688 1183 candidata
708 1146 747 1182 in
768 1145 847 1182 dies
860 1146 1061 1184 hilarescit.
1080 1151 1123 1184 In
1138 1147 1195 1184 his
1212 1160 1377 1198 namque

367 1207 489 1244 tribus
514 1207 676 1243 interior
699 1206 897 1243 renovatio
924 1207 1096 1244 consistit
1117 1223 1124 1244 :
1148 1208 1376 1246 rectitudine

367 1267 510 1304 scilicet
531 1267 772 1313 intentionis,
796 1268 962 1317 puritate
983 1268 1196 1305 affectionis
1210 1297 1219 1314 ,
1247 1282 1377 1307 recor—

366 1327 521 1364 datione
551 1326 662 1363 bonae
684 1327 938 1376 operationis,
961 1341 1030 1378 per
1055 1342 1168 1378 quani
1190 1327 1260 1365 sibi
1279 1328 1377 1366 bene

368 1389 519 1425 conseia
541 1387 726 1424 memoria
745 1387 929 1424 enitescit.

421 1449 484 1485 50.
513 1452 653 1485 Verum
683 1447 764 1483 haec
793 1461 880 1484 cum
913 1455 1058 1484 certum
1095 1447 1141 1485 sit
1177 1448 1308 1485 divino
1337 1449 1376 1485 in

367 1507 478 1544 nobis
498 1507 644 1543 actitari
673 1507 815 1556 Spiritu
830 1535 839 1553 ‚
862 1508 931 1544 Dei
958 1516 1046 1545 sunt
1074 1522 1232 1545 munera
1252 1525 1260 1546 z
1288 1511 1377 1559 quia

366 1581 459 1605 vero
493 1581 579 1604 cum
616 1576 757 1604 nostrae
791 1569 999 1606 voluntatis
1033 1582 1214 1616 assensu,
1248 1580 1378 1608 nostra

368 1636 457 1664 sunt
482 1628 628 1664 merita.
660 1629 744 1663 Non
777 1630 874 1664 em‘m
906 1643 973 1665 vos
1003 1635 1114 1675 estis,
1138 1630 1287 1680 inquit,
1315 1636 1379 1679 qui

368 1691 580 1737 loquimini,
599 1690 668 1724 secl
681 1690 841 1737 Spiritus
855 1690 983 1725 Patris
1001 1696 1118 1726 vestri
1133 1695 1200 1739 qai
1217 1693 1381 1739 loquitur

368 1754 406 1785 in
428 1749 554 1785 vobis¹
576 1764 583 1785 z
603 1757 641 1785 et
660 1750 888 1799 Apostolus,
906 1754 967 1786 Aa
986 1753 1282 1800 experimentum
1299 1756 1378 1797 ejus

368 1814 558 1859 (juset-itis,
580 1809 725 1859 inquit,
749 1815 815 1858 qui
834 1812 872 1846 in
893 1825 952 1846 me
973 1814 1138 1860 loquitur
1163 1812 1326 1847 Christus
1339 1814 1377 1848 ²?

1445 1147 1511 1181 Est
1541 1157 1631 1194 ergo
1658 1157 1772 1193 quam
1803 1144 1943 1181 Paulus
1968 1152 2188 1194 exspectat,
2217 1157 2360 1181 corona
2383 1144 2450 1194 ju-
2500 1149 2503 1160 '

1445 1205 1554 1242 stitiae
1570 1219 1577 1241 z
1595 1205 1661 1241 sed
1674 1205 1832 1254 justitiae
1851 1205 1944 1250 Dei,
1959 1217 2037 1241 non
2061 1217 2150 1241 suae.
2172 1207 2321 1242 Justum
2336 1206 2452 1256 quip-
2500 1213 2502 1236 ἑ

1445 1278 1493 1315 pe
1528 1273 1585 1302 est
1621 1274 1664 1302 ut
1694 1265 1829 1302 reddat
1859 1265 1965 1314 quod
2001 1264 2116 1302 debet
2141 1279 2149 1302 ε
2180 1264 2295 1301 debet
2325 1274 2451 1303 autem
2499 1262 2502 1270 ’

1445 1325 1550 1376 quod
1577 1326 1770 1376 pollicitus
1795 1334 1864 1362 est.
1886 1328 1933 1362 Et
1953 1325 2032 1362 liaec
2052 1333 2108 1362 est
2119 1324 2267 1375 justitia
2282 1354 2292 1370 ,
2311 1325 2358 1362 de
2378 1340 2453 1376 qua
2499 1352 2503 1360 .

1445 1386 1642 1436 praesumit
1658 1385 1879 1436 Apostolus,
1900 1384 2105 1435 promissio
2123 1384 2193 1422 Dei
2215 1400 2222 1421 :
2244 1398 2292 1422 ne
2309 1385 2338 1422 si
2355 1385 2454 1423 hanc
2500 1403 2501 1407 ¹

1447 1453 1696 1482 contemnens
1712 1474 1720 1490 ‚
1741 1458 1846 1482 suam
1877 1445 1969 1482 velit
1999 1453 2186 1488 statuere,
2200 1444 2356 1495 justitiae
2381 1446 2452 1483 Dei
2500 1437 2501 1445 ἵ

1445 1519 1523 1542 non
1558 1506 1604 1542 sit
1634 1505 1856 1555 subjectus,
1885 1504 1995 1555 cujus
2028 1513 2155 1542 tamen
2188 1519 2265 1543 suae
2295 1505 2453 1555 justitiae
2498 1516 2503 1527 ¹

1445 1567 1569 1616 ipsum
1606 1570 1708 1603 Deus
1738 1567 1861 1603 voluit
1894 1565 2035 1603 habere
2073 1575 2315 1613 consortem,
2346 1575 2388 1603 ut
2417 1575 2455 1604 et
2500 1562 2504 1570 ’

1446 1641 1599 1665 coronae
1627 1628 1767 1664 faceret
1792 1627 2102 1678 promeritorem.
2125 1630 2170 1663 In
2191 1640 2237 1663 eo
2256 1626 2358 1663 enim
2384 1626 2454 1663 sibi
2498 1659 2502 1677 Ι.

1442 1688 1599 1739 justitiae
1633 1697 1847 1725 consortem
1866 1717 1875 1734 ,
1904 1696 1942 1725 et
1967 1701 2122 1725 coronae
2146 1687 2277 1724 statuit
2298 1701 2456 1737 prome·

1446 1751 1625 1795 ritorem3
1648 1762 1733 1785 cum
1756 1761 1917 1798 operum
1938 1777 1947 1794 ,
1969 1747 2109 1797 quibus
2133 1755 2214 1784 erat
2237 1747 2300 1784 illa
2324 1761 2455 1797 repro-

1447 1810 1560 1847 missa
1576 1822 1738 1854 corona,
1755 1808 1897 1845 habere
1912 1808 2089 1858 dignatus
2104 1816 2160 1844 est
2175 1806 2453 1857 coadjutorem.
2500 1838 2501 1842 ,

369 1870 406 1907 Si
425 1883 515 1919 ergo
535 1869 727 1915 Christus,
749 1878 814 1906 aut
839 1870 1004 1920 Spiritus
1030 1880 1182 1908 sanctus
1205 1872 1379 1921 loquitur
1400 1872 1425 1907 C
1443 1873 1565 1907 Porro
1589 1868 1854 1917 coadjutorem
1880 1869 1989 1914 fecit,
2014 1881 2101 1904 cum
2125 1868 2215 1905 fecit
2235 1868 2450 1914 volentem,

369 1930 407 1966 in
428 1930 547 1967 Paulo
561 1959 569 1975 ,
596 1943 674 1965 non
702 1930 813 1966 etiam
843 1930 973 1967 itidem
1001 1940 1184 1982 operatur
1205 1932 1243 1968 in
1264 1932 1378 1982 ipso?

370 1990 454 2025 Non
484 1994 581 2025 enim
622 1992 764 2038 loquor,
791 1989 863 2035 ait,
889 2005 977 2039 quoe
995 2005 1071 2039 per
1093 2006 1151 2027 me
1170 2005 1244 2027 non
1267 1994 1379 2037 (fficit

368 2049 510 2087 Deus3.
533 2049 633 2098 Quid
660 2052 774 2099 ergo?
801 2051 830 2087 si
858 2064 936 2087 non
966 2052 1094 2098 Pauli,
1116 2051 1182 2088 sed
1216 2052 1285 2088 Dei
1315 2053 1376 2089 lo-

368 2111 520 2160 quentis
537 2111 575 2146 in
592 2111 711 2147 Paulo
724 2139 734 2156 ,
756 2111 815 2147 vel
834 2112 1027 2160 operantis
1048 2125 1117 2161 per
1137 2112 1297 2149 Paulum
1311 2141 1320 2157 ,
1341 2121 1377 2149 et

367 2170 484 2207 verba
510 2179 623 2216 sunt,
648 2179 685 2207 et
715 2184 854 2220 opera3
878 2171 944 2208 ubi
973 2171 1053 2221 jani
1083 2173 1189 2209 Pauli
1217 2174 1377 2210 merita?

367 2229 433 2266 ubi
456 2238 512 2266 cst
533 2229 636 2279 quod
665 2238 741 2266 tam
769 2230 932 2267 fidenter
957 2231 1100 2278 aiebat,
1122 2235 1271 2269 Bonam
1294 2248 1377 2269 cer—

366 2299 490 2325 tamen
511 2294 648 2325 certavi
659 2320 671 2336 ‚
694 2304 839 2326 cursam
855 2297 1138 2336 >cmzsammcwi,
1157 2294 1276 2338 fidem
1297 2308 1377 2330 ser-

501 2351 547 2385 (le
567 2352 708 2398 reliquo
738 2355 901 2399 reposita
921 2361 975 2387 esc
994 2352 1086 2387 milii
1107 2366 1246 2388 corona
1255 2353 1376 2398 juste·-

369 2414 451 2453 tice,
475 2423 587 2457 quain
610 2411 739 2445 reddet
763 2411 857 2446 milei
886 2413 1070 2448 Dominus
1090 2417 1129 2448 in
1150 2416 1216 2448 illa
1239 2415 1377 2460 (liejlc-

369 2478 445 2504 stus
453 2468 599 2516 sunteas*⁵
610 2471 624 2506 Ρ
635 2474 694 2507 An
709 2470 747 2506 in
761 2484 807 2507 eo
822 2471 921 2509 forte
933 2472 1092 2509 confidit
1103 2472 1174 2510 sibi
1192 2486 1378 2510 coronam

365 2542 446 2565 esse
476 2529 680 2579 repositam
698 2558 707 2576 ,
735 2531 841 2580 quod
870 2545 940 2582 per
964 2533 1091 2582 ipsum
1112 2533 1175 2570 illa
1205 2533 1377 2570 fiebant?

366 2590 438 2627 Sed
459 2590 577 2627 multa
593 2604 663 2641 per
681 2593 800 2629 malos
815 2621 824 2638 ,
850 2593 928 2630 sive
950 2594 1128 2644 angelos,
1149 2595 1227 2631 sive
1247 2595 1375 2632 homi-

366 2662 454 2695 nes,
477 2649 572 2686 liunt
594 2649 720 2697 bona,
742 2665 811 2688 nec
838 2660 965 2689 tamen
992 2662 1221 2703 reputantur
1244 2654 1318 2692 illis
1338 2654 1377 2690 in

368 2709 513 2746 merita.
545 2714 605 2747 An
634 2710 723 2761 quia
753 2713 883 2762 potius
912 2721 950 2749 et
978 2726 1064 2750 cum
1093 2714 1202 2764 ipso,
1227 2714 1300 2751 hoc
1323 2723 1379 2751 est

368 2353 446 2385 vavi
467 2364 477 2384 :

1444 1931 1517 1967 hoc
1550 1938 1606 1967 est
1636 1943 1714 1966 suae
1747 1929 1937 1966 voluntati
1972 1930 2289 1966 consentientem.
2319 1933 2453 1979 Itaque

1444 1992 1622 2028 voluntas
1653 1990 1692 2026 in
1719 1990 1903 2027 auxilium
1925 2018 1935 2036 ,
1969 1990 2152 2027 auxilium
2189 1998 2391 2040 reputatur
2414 1991 2453 2027 in
2496 1991 2502 2052 '²

1445 2051 1636 2088 meritum.
1664 2051 1701 2089 Si
1726 2064 1817 2100 ergo
1838 2064 1858 2087 a
1877 2054 1959 2088 Deo
1979 2051 2158 2088 voluntas
2180 2058 2259 2097 est;
2281 2059 2319 2088 et
2339 2051 2453 2087 meri—
2496 2086 2500 2099 ,¹

1445 2121 1538 2149 tum.
1568 2115 1644 2148 Nec
1670 2110 1829 2148 dubium
1859 2111 1952 2161 quin
1979 2124 2000 2148 a
2025 2114 2110 2148 Deo
2133 2110 2182 2149 sit
2207 2118 2244 2147 et
2271 2110 2389 2157 velle,
2417 2118 2455 2147 et

1443 2173 1628 2222 perficere
1641 2185 1714 2221 pro
1728 2170 1831 2208 bona
1846 2171 2054 2208 voluntate.
2071 2174 2175 2208 Deus
2189 2170 2308 2220 igitur
2321 2178 2454 2207 auctor
2500 2199 2504 2204 ,

1447 2240 1503 2268 est
1524 2231 1673 2276 meriti,
1690 2231 1756 2280 qui
1770 2239 1808 2267 et
1822 2231 2062 2267 voluntatem
2077 2230 2245 2281 applicat
2264 2229 2395 2281 operi,
2416 2237 2453 2267 et
2498 2221 2500 2225 Δ

1444 2305 1543 2342 opus
1573 2292 1741 2342 explicat
1768 2291 2000 2328 voluntatia.
2030 2291 2214 2341 Alioquin
2241 2290 2270 2327 si
2295 2291 2452 2341 proprie

1445 2353 1690 2403 appellentur
1721 2365 1787 2397 ea,
1817 2365 1903 2402 quae
1935 2351 2095 2389 dicimus
2129 2359 2261 2389 nostra
2291 2351 2451 2398 merita3
2496 2363 2499 2397 ι]

1446 2414 1527 2464 spei
1562 2413 1737 2464 quaedam
1775 2421 1865 2450 sunt
1903 2412 2106 2450 seminaria
2127 2441 2136 2459 ,
2174 2412 2367 2450 charitatis
2394 2412 2453 2448 in-
2496 2418 2500 2448 ἓ

1446 2474 1618 2519 centiva,
1644 2474 1804 2511 occultae
1832 2473 2180 2524 praedestinationis
2206 2472 2371 2519 indicia,
2395 2473 2454 2510 fu-
2497 2493 2500 2499 v

1446 2543 1539 2572 turae
1567 2534 1754 2571 felicitatis
1774 2534 1974 2584 praesagia,
2008 2534 2067 2570 via
2089 2533 2214 2583 regni,
2237 2546 2316 2570 non
2342 2544 2453 2569 causa
2495 2529 2498 2533 ⁸

1445 2594 1642 2644 regnandi.
1664 2594 1839 2644 Denique
1867 2606 1963 2644 quos
1987 2592 2223 2642 justificavit,
2249 2606 2328 2630 non
2357 2604 2452 2642 quos

1441 2654 1567 2705 justos
1592 2654 1762 2700 invenit,
1782 2654 1852 2691 hos
1876 2662 1913 2691 et
1933 2653 2189 2704 magnificavit
2204 2660 2231 2690 7.

422 2845 430 2859 ¹
450 2840 563 2872 Matlh.
579 2853 613 2879 X,
635 2846 688 2874 20.
702 2862 748 2866 -
764 2850 776 2866 ²
791 2847 823 2876 11
838 2847 912 2878 Cor.
926 2857 992 2876 xm
1006 2871 1013 2885 ‚
1035 2849 1065 2878 3.
1080 2866 1126 2869 —
1144 2844 1157 2869 3
1172 2850 1265 2878 Rom.
1281 2859 1338 2886 xv,
1361 2851 1411 2879 18.
1436 2868 1468 2872 —
1499 2848 1513 2875 ⁴5
1535 2851 1565 2880 II
1578 2847 1659 2879 Tim.
1676 2860 1722 2887 xv,
1741 2851 1773 2886 7,
1791 2850 1822 2879 8.
1837 2867 1881 2871 —
1895 2846 1909 2870 5
1924 2851 1939 2880 I
1951 2849 2023 2880 Cor.
2042 2859 2078 2878 1x
2092 2872 2100 2887 ,
2121 2850 2173 2880 17.
2188 2866 2232 2870 —›
2246 2844 2262 2868 (3
2276 2849 2308 2878 11
2320 2845 2402 2878 Tim.
2418 2857 2429 2875 1
2441 2869 2450 2884 ,

378 2894 428 2921 12.
442 2909 487 2913 —
505 2899 518 2922 7
533 2896 626 2926 Rom.
639 2907 703 2926 VI11
717 2920 725 2935 ‚
743 2900 798 2929 30.

422 2955 436 2972 ‘¹
456 2951 560 2991 Alias,
583 2953 768 2989 voluntatis.

907 3218 1029 3254 FlMS
1057 3220 1344 3256 TRACTATUS
1373 3221 1437 3256 DE
1467 3221 1646 3256 LIBERO
1676 3221 1922 3256 ARBITRIO.
