2565 3952
100 153 171 190 285
1018 152 1284 189 EPISTOLAE.

99 229 219 270 fendis
250 227 496 278 dignitatem3
533 234 569 263 ct
607 234 647 263 tu
679 225 797 263 homo
833 233 946 264 cuma
980 228 1169 274 esscs‚'⁰⁸

96 294 282 330 honorem
321 297 428 326 tuum
470 301 548 325 non
586 288 827 338 intelligens,
866 296 1162 339 comparatusA
1180 301 1604 317 ..........................
1605 313 1607 315 .
1608 309 2200 334 ,,,,,,,,,,,,,,,,,,,,,,,,,,,,,,,,,,,,,,,,

2127 176 2202 215 28ss

92 352 272 404 jumentis
301 348 596 400 insipientibus,
620 358 658 386 et
679 350 813 386 similis
842 350 963 387 factus
999 352 1047 388 sis
1072 351 1116 387 il-

97 415 164 452 lis?
193 413 282 449 dum
314 411 365 447 nil
399 410 597 461 spirituale
624 410 801 447 videlicet
833 419 899 448 aut
925 419 1113 448 aeternum

96 472 367 517 elaboraveris,
399 470 465 508 sed
497 471 617 507 instar
648 469 809 508 belluini
841 471 1022 521 spiritus,
1047 471 1114 522 qui

95 545 136 575 ut
155 549 176 574 a
194 547 376 586 corpore,
395 533 447 570 ita
464 547 551 570 cum
570 546 734 583 corpore
754 533 1000 580 dissolvitur,
1020 534 1112 571 solis

95 597 208 636 fueris
234 603 438 633 contentus
468 594 736 645 corporalibus
767 608 810 631 ac
834 594 1112 645 temporalibus

94 660 222 706 bonis,
244 658 450 709 evangelici
471 658 572 695 illius
600 657 740 695 surdus
761 658 918 695 auditor
936 658 1111 696 consilii:

99 723 321 774 operamini
341 733 417 755 non
438 718 558 755 cibum
580 723 647 768 qui
657 723 774 767 perit,
795 720 869 754 secl
884 722 950 768 qui
959 732 1115 767 perma-

95 791 157 820 net
182 786 220 818 in
244 786 363 817 vitam
395 789 582 816 (eternam
604 786 629 816 ¹.
653 779 847 830 Scriptum
878 787 936 816 est
960 788 1085 817 autem
1101 808 1111 826 ,

95 842 197 896 quod
217 855 294 879 non
317 841 489 879 ascendit
509 841 548 878 in
568 850 740 878 montem
762 841 939 889 Domini,
958 842 1029 879 nisi
1047 846 1114 891 qui

94 918 166 942 non
196 907 340 953 accepit
364 904 402 939 in
429 916 533 939 vano
563 908 734 939 animam
765 917 886 940 suam.
914 902 987 941 Sed
1009 916 1056 941 ne
1080 903 1111 941 is

93 964 269 1017 quidem,
300 964 373 1001 nisi
404 963 521 1001 etiam
555 963 670 1001 fuerit
699 965 877 1000 innocens
908 964 1106 1011 manibus,

92 1035 129 1063 et
155 1026 292 1061 mundo
323 1026 436 1061 corde
453 1031 479 1061 ².
510 1024 660 1062 Videris
691 1033 749 1072 tu,
779 1038 827 1062 an
858 1024 905 1062 de
935 1025 1007 1062 tuis
1038 1025 1112 1062 hoc

91 1085 272 1137 operibus
308 1085 421 1123 simul
461 1094 500 1123 et
536 1085 836 1136 cogitationibus
876 1099 1112 1136 praesumere

91 1146 228 1185 audeas
247 1162 255 1184 ε
275 1147 333 1184 sin
352 1155 479 1184 autem
493 1177 502 1193 ,
522 1147 675 1184 attende
700 1147 793 1197 quid
816 1156 1011 1184 mereatur
1033 1148 1112 1185 ini-

89 1208 231 1259 quitas,
260 1208 290 1246 si
323 1209 404 1246 sola
434 1208 575 1245 sufficit
605 1208 792 1245 inutilitas
813 1209 859 1245 ad
893 1208 1113 1246 damnatio—

89 1281 189 1306 nem.
222 1272 270 1306 Et
292 1281 427 1306 revera
450 1281 583 1305 secura
606 1282 684 1305 non
715 1269 788 1305 erit
820 1269 928 1318 spina
957 1269 1014 1305 vel
1044 1269 1113 1305 tri-

89 1329 223 1375 bulus,
262 1328 330 1366 ubi
372 1329 516 1366 securis
556 1329 806 1366 infructuosae
845 1328 977 1366 arbori
1018 1330 1112 1379 poni

88 1389 281 1429 videbitur
299 1405 307 1427 :
328 1403 398 1427 nec
418 1398 550 1441 parcet
570 1390 783 1440 pungenti,
805 1390 871 1440 qui
888 1390 1058 1427 minatur
1075 1398 1112 1426 et

91 1451 218 1490 sterili.
238 1454 304 1489 Vae
324 1450 454 1500 igitur,
475 1458 514 1487 et
528 1463 586 1487 vae
607 1450 746 1487 iterum
767 1450 814 1487 de
835 1463 913 1500 quo
932 1450 1083 1487 dicetur
1103 1465 1110 1487 :

89 1515 320 1562 Exspectnvi
340 1510 538 1560 utsncerec
567 1525 669 1557 uvas,
693 1521 729 1547 et
738 1510 836 1560 fecit
862 1512 1057 1548 labruscas
1072 1510 1109 1548 3!

141 1574 178 1611 3.
201 1572 274 1612 Sed
292 1571 385 1609 novi
402 1585 473 1622 ego
491 1585 606 1622 quam
627 1571 775 1622 liquido
797 1581 834 1609 et
851 1573 1008 1623 copiose
1028 1573 1110 1610 haec

88 1648 148 1673 me
165 1647 320 1685 quoque
343 1642 493 1671 tacente
525 1634 695 1684 cogitare
716 1634 908 1682 sufficia53
932 1643 1107 1672 materno

87 1709 178 1734 vero
198 1695 400 1733 devinctus
421 1708 572 1742 amore,
598 1695 766 1732 necdum
791 1696 915 1747 possis
937 1695 1105 1746 abjicere

88 1756 191 1807 quod
209 1755 291 1806 jam
315 1764 567 1794 contemnere
594 1757 712 1794 noris.
747 1760 794 1794 Et
820 1756 915 1807 quid
949 1770 1020 1807 ego
1055 1757 1103 1794 ad

1417 400 1796 460 EPISTULA
1829 406 1952 464 CV.

1254 553 1300 575 AD
1323 553 1509 579 ROMANL'M
1530 557 1688 581 ROMAXE
1708 559 1829 585 cltum
1850 562 2129 593 St‘BDIACOXsM.

1182 661 1266 693 Vitce
1296 663 1449 707 religiosae
1480 667 1681 710 propositum
1712 677 1801 713 urget
1827 696 1834 710 ‚
1875 675 1986 707 mortis
2020 680 2204 711 memoriam

1606 723 1780 757 inculcans.

1181 835 1413 872 Bnmzxnncs
1445 835 1563 875 abbas
1600 839 1860 881 Clarae-Vallis
1893 847 2059 885 Romxo
2093 862 2163 887 suo
2185 879 2195 897 ,

1587 901 1691 951 quod
1715 915 1798 941 suo.

1134 1021 1161 1056 Β
1233 1020 1336 1054 Bene
1353 1019 1494 1068 fecisti,
1514 1021 1753 1072 charissime,
1771 1026 1827 1063 tui
1846 1027 1957 1066 nobis
1971 1043 2041 1080 per
2055 1033 2201 1073 litteras

1180 1086 1218 1114 et
1251 1093 1445 1118 renovans
1475 1082 1626 1120 dulcem
1660 1088 1908 1136 memoriam,
1943 1100 1981 1128 et
2010 1106 2197 1133 excusans

1179 1143 1488 1182 molestissimam
1514 1160 1673 1185 moram.
1696 1150 1853 1187 Minime
1874 1153 2030 1202 quidem
2053 1156 2202 1195 deside-

1180 1204 1347 1240 rantium
1368 1214 1403 1242 te
1420 1206 1602 1244 cordibus
1620 1209 1696 1246 ulla
1710 1212 1837 1259 potuit
1853 1213 2064 1265 subrepere
2082 1231 2203 1267 quan<

1179 1263 1308 1314 doque
1324 1265 1468 1303 oblivio
1487 1275 1560 1304 tuce
1579 1268 1793 1308 dilectionis
1809 1287 1816 1308 :
1835 1273 1900 1309 sed
1918 1283 1953 1311 te
1971 1277 2022 1313 tui
2035 1307 2044 1323 ,
2064 1278 2199 1327 fateor,

1180 1338 1280 1375 pene
1307 1325 1472 1364 oblitum
1496 1342 1577 1366 esse
1598 1331 1839 1379 putavimus,
1868 1335 2092 1386 priusquam
2113 1339 2196 1377 illas

1180 1386 1325 1423 litteras
1346 1387 1578 1426 videremus.
1601 1394 1713 1428 Nunc
1734 1392 1864 1442 itaque
1886 1408 2022 1447 rumpe
2045 1412 2172 1437 moras
2187 1429 2197 1447 ,

1180 1448 1237 1485 fac
1265 1449 1342 1485 cito
1374 1449 1481 1499 quod
1506 1451 1691 1501 scripsisti
1718 1467 1726 1489 :
1753 1462 1789 1489 et
1812 1455 1841 1490 si
1876 1458 2062 1495 veraciter
2093 1461 2201 1499 stilus

1178 1508 1368 1559 expressit
1384 1509 1586 1557 affectum,
1610 1511 1816 1550 efficaciter
1832 1528 1930 1565 opus
1947 1517 2076 1555 stilum
2099 1522 2204 1558 testi-

1178 1569 1326 1606 ficetur.
1354 1570 1456 1619 Quid
1486 1571 1612 1609 tardas
1638 1573 1789 1624 ipsum,
1825 1589 1940 1625 quem
1969 1578 2200 1628 jamdudum

1177 1631 1409 1681 concepisti,
1434 1632 1614 1682 spiritum
1634 1635 1827 1684 parturire
1842 1637 1999 1675 salutis?
2020 1641 2077 1677 Nil
2100 1656 2201 1680 mor-

1176 1690 1317 1729 talibus
1345 1692 1406 1729 vel
1440 1703 1564 1731 morte
1593 1696 1757 1743 certius,
1792 1699 1853 1735 vel
1884 1699 2068 1739 incertius
2101 1703 2198 1742 hora

1174 1752 1310 1789 mortis
1342 1768 1350 1790 :
1382 1753 1574 1803 siquidem
1611 1763 1795 1806 tanquam
1826 1759 1888 1796 fur
1919 1760 1958 1796 in
1989 1771 2124 1810 nocte,
2149 1765 2201 1802 ita

85 1817 165 1855 haec
183 1816 428 1868 respondebo
450 1817 545 1855 tibi?
565 1821 619 1856 Ut
641 1826 803 1855 matrem
826 1818 1006 1855 deseras?
1039 1818 1105 1855 sed
1128 1815 1155 1852 C
1175 1815 1316 1852 veniet.
1338 1818 1404 1853 Vae
1432 1818 1724 1867 praegnantibus
1751 1820 1789 1857 in
1811 1821 1875 1858 illa
1904 1822 1976 1861 die.
2000 1825 2037 1863 Si
2060 1839 2199 1876 super-

86 1877 334 1916 inhumanum
355 1877 523 1916 videtur.
545 1882 598 1917 Et
624 1893 712 1916 cum
734 1879 817 1930 ipsa
838 1881 1020 1917 maneas?
1039 1879 1107 1917 sed

88 1951 158 1976 nec
178 1939 251 1990 ipsi
276 1939 453 1990 expedit,
484 1948 528 1977 ut
549 1940 597 1978 sit
618 1940 696 1977 filio
720 1954 832 1978 causa
856 1941 1102 1992 perditionis.

86 2003 197 2039 Forte
217 2008 260 2038 ut
281 2009 320 2038 et
338 2001 487 2039 mundo
519 2002 632 2039 simul
654 2002 794 2039 milites
810 2031 819 2048 ,
851 2011 889 2040 et
919 2003 1072 2041 Christo
1091 2005 1105 2040 Ρ

86 2060 151 2098 sed
166 2074 278 2099 nemo
294 2070 423 2112 potest
443 2061 597 2100 duobus
618 2063 785 2101 dominis
802 2065 959 2101 servire.
979 2068 1103 2102 Mater

74 2123 149 2159 'tua
166 2123 248 2160 vult
265 2123 460 2161 contraria
476 2132 570 2172 tuae,
594 2137 637 2161 ac
656 2137 727 2174 per
742 2124 816 2162 hoc
831 2133 869 2161 et
886 2138 964 2162 suae
982 2125 1102 2176 ipsius

86 2184 205 2222 saluti.
237 2185 343 2236 Elige
375 2198 467 2236 ergo
500 2194 540 2222 tu
571 2199 592 2223 e
613 2185 766 2223 duobus
794 2186 898 2236 quod
921 2187 1002 2233 vis,
1038 2196 1103 2224 aut

85 2244 191 2282 unius
210 2245 391 2284 videlicet
408 2246 625 2284 satisfacere
645 2247 858 2294 voluntati,
877 2256 942 2284 aut
958 2248 1102 2285 utrius—

86 2317 158 2355 que
174 2306 296 2344 saluti.
311 2310 455 2345 Verum
472 2307 502 2344 si
518 2308 684 2344 multum
699 2321 783 2345 eam
803 2308 948 2358 diligis,
969 2308 1101 2346 desere

83 2365 208 2416 potius
226 2366 349 2417 ipsam
378 2375 541 2418 propter
560 2367 682 2418 ipsam
713 2383 721 2406 ε
749 2381 820 2415 ne,
847 2368 878 2405 si
908 2369 1100 2407 Christum

83 2425 230 2465 deseras
251 2436 293 2465 ut
314 2442 469 2466 maneas
487 2443 574 2466 cum
596 2429 679 2480 ipsa
695 2459 704 2477 ,
726 2439 889 2481 propter
907 2439 942 2468 te
965 2440 1099 2482 pereat

85 2494 123 2523 et
139 2480 230 2538 ipsa.
253 2489 435 2540 Alioquin
457 2491 556 2528 male
579 2491 721 2528 meruit
741 2491 789 2528 de
807 2500 843 2528 te
861 2505 948 2542 quae
972 2501 1006 2528 te
1030 2506 1100 2543 pe-

83 2549 204 2598 perit,
227 2549 258 2586 si
277 2559 441 2602 propter
461 2560 498 2588 te
522 2552 636 2602 perit.
655 2552 863 2601 Quomodo
891 2553 993 2590 enim
1018 2566 1097 2589 non

1174 1877 1326 1914 venerit
1368 1887 1405 1914 et
1444 1881 1678 1929 przevenerit
1715 1881 1816 1919 hunc
1851 1892 1925 1920 tam
1960 1886 2199 1925 salutiferum

1172 1947 1329 1988 partum
1345 1967 1354 1984 ,
1376 1939 1472 1976 heu!
1494 1941 1688 1991 perfodiet
1708 1942 1866 1981 domum
1882 1975 1891 1992 ,
1921 1956 2093 1985 sanctum
2113 1962 2200 1999 ger-

1173 2013 1264 2036 men
1300 2001 1532 2052 exstinguet.
1564 2004 1654 2040 Cum
1684 2010 1784 2042 enim
1812 2008 1983 2045 dixerint
1994 2039 2006 2055 ,
2041 2012 2132 2046 Pax
2165 2019 2202 2048 et

1171 2066 1376 2107 securim&
1411 2072 1497 2099 tunc
1517 2070 1736 2114 repentinus
1756 2074 1991 2117 superveniet
2008 2076 2062 2107 eis
2081 2077 2198 2110 [nter—

1171 2126 1244 2159 itus
1258 2152 1270 2169 ,
1290 2128 1387 2160 sicut
1407 2126 1514 2161 dolor
1540 2130 1579 2162 ln
1605 2137 1706 2164 atero
1728 2129 1919 2175 habentis,
1940 2141 1975 2168 et
1993 2147 2067 2169 non
2090 2133 2195 2183 cffu-

1169 2188 1277 2234 gient
1291 2183 1318 2221 5.
1337 2185 1436 2223 Volo
1453 2194 1488 2223 te
1503 2196 1665 2224 mortem
1681 2219 1690 2236 ,
1706 2190 1775 2227 etsi
1790 2204 1867 2227 non
1884 2192 2072 2242 effugere,
2093 2204 2195 2232 certe

1168 2245 1231 2281 vel
1247 2259 1326 2282 non
1343 2246 1488 2284 timere.
1508 2251 1641 2286 Justus
1657 2250 1802 2301 quippe
1820 2261 1984 2290 mortem
1996 2283 2005 2300 ,
2029 2255 2098 2292 etsi
2113 2269 2193 2293 non

1170 2313 1278 2342 cavet
1292 2335 1301 2352 ,
1320 2314 1447 2344 tamen
1466 2321 1544 2344 non
1562 2318 1688 2359 pavet.
1706 2312 1884 2362 Denique
1905 2314 1935 2350 si
1953 2323 2077 2353 morte
2095 2330 2193 2366 prae-

1170 2375 1382 2416 occupatus
1412 2368 1527 2404 fuerit
1540 2399 1549 2415 ,
1579 2370 1616 2406 in
1648 2371 1847 2421 refrigerio
1878 2374 1950 2411 erit
1964 2383 1991 2412 T.
2025 2377 2194 2414 Moritur

1169 2427 1325 2476 quidem
1341 2426 1534 2477 etjustus,
1550 2430 1617 2466 sed
1632 2444 1765 2468 secure
1781 2447 1788 2469 :
1805 2434 1950 2485 quippe
1964 2435 2072 2485 cujus
2087 2451 2193 2476 mors

1168 2495 1211 2523 ut
1230 2497 1432 2537 praesentis
1458 2498 1514 2526 est
1535 2491 1660 2528 exitus
1680 2492 1789 2540 vitre,
1823 2494 1875 2530 ita
1894 2495 2078 2535 introitus
2106 2512 2192 2535 me—

1170 2548 1287 2585 lioris.
1310 2552 1416 2586 Bona
1437 2564 1542 2588 mors
1563 2552 1592 2588 si
1614 2562 1773 2602 peccato
1792 2556 1988 2602 moriaris,
2013 2566 2055 2594 ut
2075 2557 2191 2608 justi-

82 2610 199 2660 perit,
222 2625 308 2661 quae
333 2613 460 2664 ipsum
482 2628 597 2664 quem
619 2615 799 2665 peperit,
833 2615 1019 2666 perimit?
1050 2619 1098 2653 Et
1115 2619 1148 2653 D
1168 2610 1228 2647 tiae
1252 2610 1371 2648 rivas
1397 2616 1488 2649 Haec
1510 2626 1614 2650 mors
1638 2628 1793 2652 necesse
1817 2625 1874 2653 est
1895 2626 1937 2654 ut
1955 2628 2190 2668 praecurrat,

83 2669 159 2708 haec
178 2671 338 2710 dixerim
354 2703 364 2722 ,
399 2683 441 2712 ut
462 2684 528 2712 tuo
550 2676 680 2726 aliquo
702 2676 819 2713 modo
841 2677 983 2714 carnali
1005 2690 1099 2714 con-

83 2729 304 2770 descendam
338 2736 615 2786 consulamque
643 2737 810 2774 affectui.
839 2740 1029 2775 Caeterum
1057 2738 1099 2774 fi-

83 2789 174 2830 delis
198 2807 322 2832 sermo
340 2825 350 2843 ,
372 2804 409 2833 et
429 2797 535 2833 omni
565 2798 790 2848 acceptione
815 2798 954 2848 dignus
987 2814 994 2835 :
1027 2799 1095 2836 etsi

81 2851 236 2903 impium
267 2864 325 2893 est
355 2866 604 2895 contemnere
625 2867 810 2905 matrem,
842 2868 1092 2898 contemnere

81 2918 202 2951 tamen
224 2925 385 2967 propter
411 2918 603 2956 Christum
618 2949 627 2965 ,
657 2919 874 2969 piissimum
904 2929 972 2957 est.
996 2924 1092 2958 Nam

58 2967 145 3022 ¹qui
174 2974 289 3022 dixit,
325 2980 480 3014 Honora
504 2988 658 3027 patrem
695 2988 730 3015 ec
763 2980 975 3027 matrem43
1010 2980 1092 3031 ipse

80 3033 188 3072 etiam
209 3036 324 3086 dixit,
354 3041 429 3086 Qui
444 3049 554 3076 amat
565 3049 717 3090 patrem
738 3050 804 3078 aut
824 3050 982 3078 matrem
998 3045 1094 3091 plus

79 3107 188 3142 quam
209 3111 288 3145 me,
314 3113 388 3136 non
409 3110 464 3137 est
483 3117 542 3139 me
562 3100 739 3151 dignm-⁵.

1167 2679 1210 2707 ut
1232 2681 1416 2722 sequatur
1436 2674 1502 2710 illa
1533 2689 1679 2712 secura.
1706 2681 1748 2714 In
1773 2677 1843 2715 hae
1870 2679 1944 2716 vita
1962 2709 1971 2727 ,
2004 2682 2192 2731 quamdiu

1166 2731 1301 2780 durat,
1335 2747 1517 2784 compara
1539 2735 1607 2773 tibi
1628 2736 1731 2774 illam
1761 2752 1847 2788 quae
1875 2753 2027 2791 semper
2059 2743 2186 2781 durat.

1163 2796 1265 2831 Dum
1287 2795 1386 2832 vivis
1410 2796 1448 2833 in
1474 2811 1611 2844 carne,
1646 2813 1798 2837 morere
1820 2801 1967 2839 mundo
1982 2832 1991 2849 ,
2026 2812 2068 2840 ut
2100 2814 2189 2855 post

1164 2864 1329 2893 mortem
1358 2858 1485 2895 carnis
1506 2863 1589 2896 Deo
1611 2861 1740 2898 vivere
1760 2862 1934 2913 incipias.
1962 2864 2063 2913 Quid
2086 2866 2189 2904 enim

1164 2916 1193 2953 si
1215 2918 1429 2955 conciderit
1447 2933 1551 2957 mors
1569 2933 1720 2959 saccum
1742 2924 1916 2974 corporis
1938 2925 2011 2971 tui,
2036 2925 2127 2963 dum
2153 2935 2189 2964 te

1160 2975 1326 3015 subinde
1342 2979 1555 3018 circumdet
1573 2982 1731 3020 laetitia?
1752 2987 1782 3022 O
1800 2998 1914 3034 quam
1937 2985 2036 3022 beati
2051 2991 2189 3024 mortni

1159 3044 1228 3087 qai
1247 3043 1286 3075 in
1308 3043 1472 3078 Domino
1493 3049 1726 3092 moriuntur,
1750 3047 1950 3085 audientes
1972 3062 1992 3084 a
2014 3048 2182 3099 Spiritu,

1160 3110 1201 3137 ut
1217 3106 1461 3149 requiescant
1469 3105 1556 3151 jam
1575 3120 1599 3142 a
1614 3105 1800 3144 laboribus
1815 3113 1892 3144 suis
1906 3106 1938 3144 31
1958 3112 2042 3146 Non
2058 3110 2183 3146 solum

126 3230 137 3245 ¹
157 3227 273 3259 Joann.
290 3240 338 3266 w,
360 3232 416 3262 27.
435 3249 482 3253 —-
501 3235 514 3251 2
533 3231 616 3263 Psal.
635 3243 746 3270 xxm,
773 3234 805 3263 4.
826 3251 869 3255 —
893 3229 907 3253 3
924 3232 995 3264 [sai.
1021 3245 1052 3270 v,
1073 3235 1105 3264 4.
1129 3250 1173 3255 -—
1188 3230 1204 3257 4
1219 3230 1338 3264 Matth.
1358 3244 1412 3273 xv,
1429 3236 1460 3266 4.
1482 3254 1528 3259 —
1546 3234 1559 3257 5
1578 3236 1625 3268 Id.
1650 3249 1683 3275 x,
1703 3240 1758 3270 37.
1776 3256 1824 3261 —
1843 3235 1859 3260 6
1878 3241 1893 3269 I
1910 3237 2018 3270 Thess.
2038 3249 2067 3274 ν,
2089 3241 2119 3269 3.
2135 3256 2180 3262 -·

82 3278 96 3305 7
112 3277 182 3321 Sap.
201 3291 246 3319 1v‚
266 3283 297 3313 7.
311 3300 355 3305 -—
375 3280 389 3305 8
407 3286 509 3326 Apoc.
526 3295 596 3323 xxv,
618 3287 673 3316 13.

125 3333 139 3347 “’“
156 3332 236 3365 Editi
252 3334 371 3368 addunt
382 3361 390 3376 ‚
407 3337 440 3368 in
454 3335 576 3370 honore
589 3363 597 3375 ‚
615 3349 653 3370 ex
666 3339 791 3371 Psalmo
808 3351 916 3371 xnvm
931 3352 938 3379 ς
955 3341 1009 3373 sed
1030 3342 1115 3374 deest
1129 3344 1162 3376 iu
1178 3341 1418 3384 manuscriptis,
1435 3348 1465 3373 et
1482 3349 1564 3375 certe
1582 3344 1738 3376 redundat
1758 3344 1819 3376 hoc
1833 3345 1912 3377 loco,
