2533 3920
389 219 465 253 655

392 420 528 454 Pacem
556 431 689 455 omnes
717 418 899 468 diligunt,
921 421 1031 470 pauci
1051 430 1259 459 merentur.
1278 427 1400 461 Porro

391 477 438 513 de
463 477 699 515 amatoribus
726 492 823 529 puer
851 488 976 516 vester
995 493 1034 517 se
1053 494 1133 518 esse
1155 481 1294 519 fatetur
1322 498 1329 520 ι
1351 497 1398 520 an

389 546 427 573 et
444 537 490 573 de
508 537 751 575 meritoribus
765 540 826 584 sit,
846 539 1160 589 vosjudicabitiS.
1179 546 1308 580 [num
1327 552 1397 589 est,

388 597 493 646 quod
515 599 584 634 etsi
611 611 680 635 nos
708 612 785 635 non
814 613 1030 646 meremur,
1057 614 1207 650 sponsae
1238 603 1398 649 Christi,

389 670 474 705 quae
508 666 565 694 est
596 659 780 704 Ecclesia,
816 661 1018 697 necessitas
1054 663 1169 711 exigit
1205 677 1213 698 :
1253 663 1397 701 amicus

388 717 527 766 Sponsi
546 730 623 753 non
646 718 884 756 contristabit
900 721 1029 757 ean1*.
1056 721 1115 758 Ad
1143 722 1216 758 hoc
1246 722 1300 758 illi
1329 724 1396 759 uni

391 776 478 813 Sedi
509 778 727 826 apostolicae
760 779 946 815 incumbit
978 780 1193 817 sollicitudo
1223 782 1395 818 omnium

390 837 663 882 Ecclesiarum‚
682 846 725 874 ut
741 851 873 875 omnes
892 838 962 875 sub
979 840 1042 876 illa
1054 869 1062 884 ‚
1079 849 1116 876 et
1132 841 1171 876 in
1186 841 1250 877 illa
1264 842 1399 878 unian-

391 904 476 941 tur3
505 905 541 932 et
568 897 649 945 ipsa
675 911 746 946 pro
773 898 949 935 omnibus
976 900 1136 936 sollicita
1156 901 1223 945 sit,
1246 914 1397 938 servare

391 957 573 992 unitatem
597 957 759 1006 Spiritus
779 958 816 993 in
840 958 997 995 vinculo
1019 960 1133 1008 pacis.
1150 963 1284 997 Pacem
1307 974 1399 1011 ergo

390 1015 476 1051 date
497 1015 626 1061 nobis,
647 1029 780 1065 pacem
805 1018 941 1054 mittite
964 1018 1074 1056 nobis
1097 1034 1104 1056 ε
1122 1020 1191 1056 etsi
1212 1033 1290 1057 non
1311 1021 1401 1071 quia

1153 226 1188 261 S.
1218 227 1472 265 BERNARDI
1500 233 1701 269 ABBATIS

404 295 514 333 vobis
534 296 746 346 flagitamus
768 298 959 335 effectum.
979 300 1084 337 Pacis
1101 309 1226 338 vester
1245 304 1455 353 aposto—⁵²⁵
1470 308 1648 345 moniam.
1679 310 1752 346 Sed
1781 323 1828 347 ne
1853 310 1918 347 diu
1938 312 2138 349 sollicitam
2161 313 2380 353 charitatem
2398 331 2462 357 ve.

389 356 511 401 latus,
542 357 646 406 pacis
675 358 801 403 locus,
831 372 945 408 quem
977 361 1131 407 tenetis,
1153 361 1304 400 debitor
1329 373 1397 401 est.
1421 368 1450 400 A
1465 378 1581 406 stram
1615 369 1892 420 suspendamus
1909 399 1918 415 ,
1936 384 2034 407 unus
2057 384 2104 407 ex
2134 372 2312 410 fratribus
2331 379 2462 418 nostris

2388 242 2460 281 656

1466 428 1705 475 abbatibusfii
1733 429 1798 478 qui
1845 429 2041 467 dicebatur
2081 431 2128 468 de
2171 433 2463 488 Morimundo‘,
2492 462 2493 467 ,

1466 487 1590 536 ipsum
1619 488 1678 524 cui
1706 496 1869 537 praeerat
1891 490 2162 527 monasterium
2184 491 2396 533 inconsulte
2411 509 2464 536 sa-

1467 546 1513 583 tis
1539 546 1739 593 deserens,
1766 548 1901 597 spiritu
1936 549 2098 586 levitatis
2128 551 2315 601 impulsus
2342 556 2466 597 statuit
2513 575 2516 579 ·

1467 614 1597 655 petere
1621 607 1918 656 Jerosolymam,
1943 608 2052 658 prius
2078 609 2256 658 quidem,
2278 620 2321 648 ut
2339 613 2465 666 aiunt,
2493 630 2517 650 ·.·

1467 665 1818 715 circumspectionis
1829 676 1962 705 vestrae
1981 668 2225 719 prudentiam
2245 679 2465 725 tentaturus,

1466 729 1495 765 si
1528 742 1605 778 quo
1632 728 1793 765 modo’‘a
1815 728 1926 765 vobis
1952 742 2021 765 suo
2043 738 2173 778 posset
2193 732 2315 768 errori
2342 742 2468 774 extor-

1465 801 1583 837 quere
1597 789 1690 825 licen
1698 789 1801 825 tiam.
1811 791 1895 836 Qua
1911 789 1948 825 in
1965 802 2005 826 re
2016 790 2047 826 si
2062 803 2177 839 quem
2188 790 2220 827 ei
2230 791 2349 841 (quod
2360 791 2468 848 absit)

1463 861 1655 885 assensum
1676 847 1934 897 praebueritis,
1957 850 2038 899 ipse
2055 849 2305 899 perpendite,
2328 861 2465 901 quanta
2496 862 2500 900 ῑ

1462 908 1584 957 possit
1603 916 1735 943 nostro
1759 907 1892 945 Ordini
1907 921 1987 945 esse
2011 908 2280 947 destructionis
2297 913 2465 954 occasio:
2497 929 2500 936 ·

1466 980 1553 1004 cum
1568 968 1745 1016 exemplo
1761 967 1874 1016 hujus
1885 997 1895 1014 ,
1914 969 2146 1019 quicumque
2161 969 2278 1007 abbas
2293 973 2468 1020 pastorali
2498 980 2499 1001 3

1467 1041 1506 1064 se
1528 1027 1666 1064 sentiet
1683 1027 1829 1064 sarcina
1848 1037 2092 1077 aggravatum
2107 1057 2117 1074 ,
2143 1043 2233 1066 mox
2253 1030 2356 1068 illam
2375 1031 2470 1082 abji-
2497 1031 2527 1093 ig

2505 864 2524 1027 d.0·›d
2509 799 2523 833 Δ.
2496 749 2522 773 ὲ
2495 692 2522 721 ..Δ

393 1074 539 1111 <lebetis
554 1104 563 1121 ,
593 1084 695 1112 certe
725 1077 815 1126 quia
845 1076 1002 1115 obedire
1023 1078 1182 1116 debetis.
1209 1081 1304 1118 Satis
1329 1095 1400 1131 pro
1424 1088 1453 1122 B
1471 1088 1569 1133 ciet,
1590 1095 1724 1136 utpote
1743 1100 1857 1136 quam
1880 1100 1919 1124 se
1938 1087 2039 1124 licite
2063 1101 2175 1138 posse
2192 1088 2356 1138 abjicere
2372 1091 2470 1130 arbi·
2499 1093 2529 1132 ιδ

392 1136 567 1185 imperio.

548 1281 1055 1292 -ιικναιιι·πκιιιιιιικνικιιικκιιικνιιι
1061 1284 1332 1296 ιιι-νινιιιιιικιςιι,
1338 1288 1348 1296 κ
1366 1288 1405 1296 xxx

510 1401 887 1457 EPISTOLA
943 1404 1242 1462 CCCLIX.
1263 1406 1277 1421 ³

437 1558 820 1583 CLARAE-VALLEXSIUM
842 1562 889 1584 AD
911 1563 1071 1586 Ecum-:21
1092 1565 1361 1590 COELESTINL'M.

436 1673 596 1704 Abbaten]
620 1675 816 1706 Morimundi
842 1677 1071 1719 Jerosolymam
1102 1681 1371 1722 peregrinaturum

754 1730 885 1771 cupiunt
906 1731 1045 1763 retineri.

402 1856 558 1891 Summo
594 1855 769 1892 Pontifici
802 1859 841 1894 C.
878 1858 1039 1908 pusillus
1071 1873 1161 1909 grex
1199 1862 1246 1899 de
1281 1864 1411 1901 Clara·
1431 1873 1458 1908 C
1479 1868 1563 1917 quis
1593 1881 1670 1903 non
1702 1867 1849 1911 videat,
1877 1867 1964 1917 plus
1990 1867 2068 1904 illic
2087 1868 2226 1905 milites
2248 1876 2510 1918 pugnantes,¹

456 1915 583 1960 Valle,
639 1915 923 1954 devotissimam
977 1918 1113 1957 debitae
1163 1922 1413 1971 subjectionis

459 1973 740 2023 obedientiam,
767 1986 804 2013 et
833 1978 864 2014 si
889 1979 981 2028 quid
1011 1989 1137 2029 potest
1165 1992 1411 2032 peccatorum

461 2042 595 2070 oratio.

460 2140 647 2187 Quoniam
669 2141 768 2178 illius
788 2155 856 2178 vos
876 2155 1007 2191 gerere
1022 2145 1143 2182 vicem
1161 2148 1410 2196 gratulamur,

408 2199 474 2247 qui
502 2212 606 2235 suam
637 2199 787 2236 dicebat
813 2201 1031 2240 instantiam
1052 2206 1315 2254 quotidianam
1336 2209 1415 2245 sol-

408 2258 644 2295 licitudinem
675 2260 845 2298 omnium
866 2264 1119 2302 Ecclesiarum
1137 2272 1167 2313 ¹3
1186 2268 1287 2317 apud
1305 2282 1415 2306 aures

406 2318 560 2355 Pietatis
589 2327 746 2366 vestrae,
767 2321 853 2357 licet
882 2321 1091 2371 majoribus
1118 2336 1321 2376 occupatas
1352 2342 1416 2365 ne-

408 2377 518 2426 gotiis
533 2406 541 2422 ‚
568 2379 757 2428 repulsam
784 2389 909 2417 tamen
938 2396 1016 2419 non
1037 2386 1172 2422 metuit
1194 2396 1325 2424 nostra
1343 2403 1419 2439 pu—

412 2436 558 2481 sillitas,
583 2451 716 2476 verum
735 2454 871 2490 magna
888 2444 1083 2493 compellit
1102 2447 1304 2484 necessitas
1325 2463 1333 2484 :
1353 2461 1421 2485 ne-

412 2509 489 2545 que
503 2497 604 2533 enim
621 2511 694 2548 pro
711 2501 872 2538 minimo
886 2502 1018 2540 audire
1035 2506 1207 2554 potestis,
1223 2506 1270 2543 de
1283 2507 1422 2556 quibus

409 2556 607 2594 auditurus
627 2560 727 2606 estis,
749 2563 862 2606 Quod
881 2568 946 2598 uni
962 2577 1010 2599 ex
1031 2570 1199 2601 minimis
1219 2572 1310 2603 meis
1323 2569 1422 2616 jeci-

414 2621 491 2662 stis,
509 2620 602 2653 milti
611 2618 757 2666 fecistis
769 2627 795 2658 ².
818 2624 937 2659 Causa
955 2632 1080 2660 autem
1099 2625 1178 2661 haec
1195 2639 1273 2662 non
1290 2637 1419 2665 nostra
1437 2643 1470 2677 D

418 2684 586 2722 mutum,
619 2678 685 2714 sed
720 2680 835 2716 totius
863 2681 1016 2719 Ordinis
1053 2684 1194 2730 nostri,
1227 2685 1277 2721 ob
1305 2700 1417 2736 quani

415 2735 526 2770 ctiam
564 2736 662 2773 filius
694 2747 838 2783 vester,
868 2749 999 2777 noster
1028 2743 1199 2780 omnium
1241 2745 1419 2784 videlicet

413 2802 546 2842 pater,
573 2796 626 2840 si,
657 2810 742 2833 cum
772 2799 829 2835 hae
859 2800 954 2837 datae
977 2811 1084 2849 sunt,
1107 2803 1208 2841 domi
1238 2806 1418 2854 fuissetb,

414 2861 479 2888 aut
498 2862 633 2891 vestrae
654 2870 723 2906 per
745 2871 783 2894 se
807 2859 931 2908 ipsum
951 2861 1155 2910 Majestatis
1178 2867 1418 2913 praesentiam

417 2911 581 2958 adiisset,
601 2923 665 2950 aut
685 2925 787 2953 certe
804 2931 848 2954 ex
867 2931 936 2955 suo
958 2921 1112 2958 nomine
1127 2924 1304 2974 scriptam
1322 2925 1419 2964 hanc

416 2971 668 3010 miserabilem
691 2976 1052 3030 lacrymabilemque
1067 2981 1273 3032 delegasset
1290 2988 1419 3034 queri—

468 3129 476 3143 ¹
493 3126 524 3154 ΙΙ
542 3125 616 3155 Cor.
631 3136 686 3161 xt,
708 3128 760 3157 28.
778 3145 820 3150 —
839 3133 851 3148 ²
871 3129 986 3161 Manli,
1006 3143 1085 3169 xxv,
1106 3137 1160 3165 40.

1473 1156 1612 1194 tretur,
1644 1147 1856 1197 praesertim
1880 1148 1982 1197 apud
2009 1161 2101 1195 nOS,
2129 1148 2197 1186 ubi
2226 1163 2296 1186 nec
2325 1151 2471 1200 grandis
2498 1152 2528 1195 lv}

1472 1209 1620 1253 honor,
1644 1216 1681 1244 et
1700 1207 1842 1256 grande
1863 1208 2017 1245 videtur
2033 1222 2142 1246 onus.
2166 1209 2310 1248 Deinde
2330 1210 2376 1248 ad
2396 1225 2472 1250 ma-
2503 1230 2510 1248 ·,

1465 1267 1591 1318 jorem
1608 1267 1745 1304 domus
1762 1266 1833 1304 sibi
1853 1268 2063 1305 commissae
2080 1268 2353 1307 desolationem
2365 1299 2375 1316 ,
2394 1283 2472 1309 me-
2500 1280 2504 1307 .·
2522 1325 2525 1331 ⁴

1468 1329 1584 1365 liores
1617 1341 1790 1378 quosque
1822 1341 1864 1363 ac
1894 1327 2140 1377 perfectiores
2153 1357 2162 1372 ,
2195 1329 2262 1378 qui
2292 1329 2362 1366 sub
2393 1330 2474 1380 ipso
2501 1338 2529 1420 ιη

1470 1387 1678 1438 degebant,
1696 1401 1772 1424 suae
1790 1387 1912 1423 socios
1931 1387 2145 1436 vagationis
2166 1389 2369 1439 assumpsit
2389 1405 2397 1426 :
2418 1391 2474 1428 in·
2500 1403 2519 1430 u

1472 1457 1530 1485 ter
1549 1461 1646 1499 quos
1665 1448 1780 1484 etiam
1797 1446 1964 1483 nobilem
1983 1447 2090 1484 illum
2108 1461 2292 1498 puerum,
2309 1441 2421 1499 quem
2439 1459 2475 1488 et
2503 1446 2528 1510 q

1473 1517 1584 1545 antea
1609 1508 1656 1545 de
1676 1508 1834 1545 Colonia
1851 1506 1864 1558 (
1880 1507 1984 1557 quod
2004 1520 2074 1544 nec
2092 1521 2161 1546 vos
2183 1508 2336 1546 latuisse
2353 1509 2474 1548 credi·
2502 1516 2530 1547 'tn

1474 1567 1582 1618 mus)
1598 1582 1674 1605 non
1696 1569 1776 1605 sine
1792 1567 1971 1604 scandalo
1988 1568 2147 1615 tulerat,
2164 1568 2212 1605 ad
2230 1567 2352 1617 majus
2368 1582 2485 1607 scan--
2502 1573 2531 1614 ιζ

1477 1630 1605 1666 dalum
1623 1641 1726 1665 nunc
1744 1627 1935 1665 abducere
1951 1641 2077 1665 secum
2095 1629 2350 1679 praesumpsit.
2371 1629 2478 1678 Quod
2502 1636 2533 1687 ,ς

1476 1689 1530 1734 si,
1552 1697 1593 1725 ut
1612 1687 1722 1725 vobis
1741 1689 1901 1725 relatum
1919 1696 1987 1733 est,
2007 1687 2099 1725 dicit
2112 1701 2151 1725 se
2165 1689 2203 1725 in
2221 1689 2285 1725 illa
2303 1697 2403 1726 terra
2417 1703 2480 1728 no-
2503 1680 2530 1740 ἕξ

1480 1749 1547 1786 stri
1575 1748 1728 1786 Ordinis
1742 1748 1840 1785 velle
1861 1761 2013 1785 servare
2040 1747 2320 1795 observantias,
2344 1757 2380 1786 et
2399 1749 2480 1788 ideo

1479 1809 1639 1844 fratrum
1671 1821 1710 1844 se
1737 1806 1828 1844 dicit
1853 1820 1981 1844 secum
2011 1806 2151 1845 ducere
2176 1808 2480 1858 multitudinem;
2503 1814 2511 1843 t*

1479 1940 1593 1977 quam
1616 1926 1823 1963 monachos
1848 1934 2043 1963 cantantes
2065 1935 2130 1963 aut
2148 1927 2344 1977 plorantes
2361 1940 2482 1966 neces-
2507 1958 2508 1961 ,

1481 1987 1600 2023 sarios
1622 1987 1733 2022 esse?
1757 1985 1828 2023 Sed
1849 1993 1886 2022 et
1908 1994 2039 2022 nostra
2059 1986 2192 2036 religio
2212 1987 2419 2037 plurimum
2438 1999 2483 2026 ex
2506 2006 2522 2026 ·,

1480 2047 1552 2083 hoc
1584 2046 1707 2095 capiet
1731 2045 2003 2082 detrimentum
2022 2060 2030 2081 :
2051 2058 2136 2081 cnm
2159 2046 2266 2082 facile
2286 2047 2332 2083 sit
2352 2047 2483 2098 cuique
2506 2048 2510 2068 ²

1478 2107 1607 2156 vagari
1626 2106 1818 2156 gestienti,
1840 2106 1927 2150 illo,
1949 2114 2130 2155 tanquam
2151 2104 2296 2156 absque
2311 2108 2389 2144 ullo
2412 2107 2484 2146 dis—
2508 2139 2522 2158 u

1480 2167 1661 2213 crimine,
1699 2178 1932 2217 praesumere
1973 2166 2229 2215 peregrinari,
2255 2165 2322 2203 ubi
2349 2168 2487 2205 seilioet

1480 2227 1603 2273 idem,
1633 2225 1739 2276 quod
1764 2225 1959 2275 professus
1983 2233 2057 2272 est,
2074 2225 2302 2264 inventurus
2324 2236 2381 2264 est
2398 2234 2485 2277 pro·-

1480 2287 1650 2337 positum
1683 2285 1890 2323 observari.
1921 2289 2005 2322 Jam
2033 2298 2127 2322 vero
2153 2287 2246 2336 quid
2275 2282 2486 2338 superffioc

1481 2347 1592 2384 vobis
1612 2347 1781 2397 placeat,
1800 2345 1940 2396 quidve
1956 2354 2119 2382 vestram
2137 2346 2344 2384 decernere
2361 2347 2486 2386 deceat

1488 2408 1751 2446 auctoritatem
1766 2436 1775 2452 ‚
1813 2419 1892 2443 non
1925 2415 1980 2443 est
2014 2415 2154 2443 nostrae
2185 2407 2486 2458 praesumptionis

1488 2468 1656 2505 indicare
1671 2497 1680 2514 ‚
1701 2467 1766 2504 sed
1789 2475 1923 2503 vestrae
1945 2466 2184 2505 discretionis
2209 2468 2435 2506 examinare.

467 3185 479 3198 ³
498 3183 636 3224 Epistola
656 3195 738 3215 nova
754 3196 761 3216 :
777 3196 845 3227 quae
870 3199 943 3219 vero
957 3197 1047 3221 autea
1073 3195 1137 3223 359
1153 3200 1217 3225 erat
1233 3219 1239 3231 ,
1262 3207 1344 3228 nunc
1357 3202 1436 3231 377.
1453 3202 1573 3243 Scripta
1587 3214 1671 3234 anno
1691 3202 1805 3235 Christi
1829 3206 1838 3235 1
1854 3207 1926 3237 143.

466 3228 481 3250 ¹¹
500 3236 661 3268 Glossema
675 3237 736 3269 liuc
750 3239 912 3281 irrepserat
926 3266 933 3278 ,
962 3245 1055 3273 Forte
1073 3256 1139 3274 eum
1155 3253 1229 3277 tunc
1245 3251 1420 3292 contigerat
1433 3252 1548 3289 abesse,
1566 3263 1595 3285 et
1607 3255 1700 3298 hujus
1714 3258 1760 3287 rei
1783 3257 1888 3289 adhuc
1910 3258 2055 3302 ignarum
2069 3271 2142 3290 esse.

464 3293 478 3308 ⁰
492 3290 672 3331 Raynaldus
686 3292 818 3329 scilicet,
834 3293 930 3325 abbas
945 3298 1139 3329 Morimundi
1158 3308 1284 3341 quartus
1302 3303 1342 3334 ab
1357 3307 1500 3337 Aruoldo
1514 3308 1628 3339 abbate
1651 3310 1771 3350 primo,
1794 3311 1846 3352 qui
1863 3311 1936 3343 item
1956 3311 2114 3344 abbatiam
2135 3313 2269 3345 deseruit
2282 3338 2289 3351 ‚
2311 3324 2349 3345 ex
2365 3309 2487 3355 epi-‘1¹⁰¹-

416 3346 536 3380 quarta.
561 3343 740 3383 Raynaldus
762 3346 853 3376 etiam
871 3348 959 3378 cessit
980 3349 1161 3390 przrsectura
1181 3360 1249 3393 post
1269 3357 1446 3396 quindecim
1466 3370 1564 3391 annos
1585 3361 1751 3402 regimini&
