2565 3952
59 158 130 197 537

974 149 1049 183 Ep]
1056 148 1237 183 STOLAE.

1118 224 1131 241 ⁸
1143 225 1257 273 Quasi
1274 238 1344 261 nos
1359 225 1529 274 glacialia
1545 238 1709 274 corpora
1727 225 1947 263 habeamus.
1968 233 2027 264 An
2043 231 2158 265 corda

2080 152 2155 188 538

57 303 1075 326 ======================================================================
1090 285 1123 318 A
1141 285 1256 322 nobis
1277 285 1395 334 magis
1426 286 1624 334 congelata
1654 294 1760 331 suut,
1785 295 1821 322 et
1851 300 1965 323 nemo
1986 297 2043 324 est
2070 291 2158 338 qui,

230 417 615 477 EPISTOLA
661 417 906 475 CCLV.a

176 578 222 600 AD
252 574 475 599 LUDOVICUM
506 573 635 596 REGEM
666 572 895 597 FRANCORUM
914 561 942 598 h.

58 699 166 732 Monet
187 697 306 735 Regem
322 716 330 730 ‚
357 701 398 723 ne
424 690 592 722 concilium
619 689 681 721 1106
706 695 849 732 tempore
877 691 1022 723 Ecclesia:
1042 698 1073 724 et

100 759 194 793 regno
219 754 281 779 tam
302 745 532 783 necessarium,
554 744 714 787 ipsiusque
739 744 818 786 regis
840 744 954 777 hon01i
973 758 1074 778 cessu-

100 815 186 841 rum,
205 800 367 844 impediat.

58 931 277 970 Lunovlco,
291 923 362 960 Dei
378 922 499 973 gratia
521 921 843 959 excellentissimo
860 923 938 972 regi
955 926 1071 960 Fran—

107 999 259 1030 corum,
286 988 517 1022 Bam-mors
542 983 798 1021 Clarae-Vallis
819 993 977 1021 vocatus
1003 984 1064 1021 ab·

106 1047 193 1093 bas,
212 1044 335 1082 fidelis
362 1057 474 1091 suus,
493 1044 654 1081 salutem
680 1057 700 1080 a
727 1047 832 1094 Rege
855 1058 1011 1094 regum,
1034 1053 1071 1081 et

105 1106 274 1147 Domino
292 1105 598 1152 dominantium,
619 1105 712 1156 ipsi,
735 1113 771 1141 et
792 1104 940 1142 dilectae
963 1104 1068 1155 ejus,

107 1176 144 1206 et
159 1167 244 1205 filiis
257 1167 353 1217 ejus.

110 1301 142 1340 1.
162 1304 295 1350 Regna
315 1307 427 1336 terrae
454 1306 493 1335 et
508 1296 598 1348 jura
625 1310 834 1347 regnorum
858 1305 950 1334 tunc
979 1312 1070 1336 sane

59 1375 142 1402 sana
155 1361 232 1398 suis
250 1360 417 1397 dominis
437 1368 553 1410 atque
572 1359 691 1396 1113653
706 1358 939 1409 persistunt,
962 1359 991 1395 si
1011 1358 1069 1395 di-

59 1422 151 1461 vinis
169 1419 480 1459 ordinationibus
498 1432 541 1456 36
562 1417 880 1469 dispositionibus
901 1431 980 1454 non
1008 1432 1070 1455 re-

59 1483 200 1522 sistunt.
219 1483 317 1528 Cur,
340 1480 516 1526 domine,
535 1479 711 1516 irascitur
735 1479 843 1515 furor
866 1486 955 1515 tuus
976 1493 1070 1516 con-

60 1551 114 1582 tra
137 1542 208 1581 Dei
236 1542 400 1579 electum
414 1570 423 1588 ‚
445 1553 560 1590 quem
593 1548 657 1576 tua
684 1553 840 1589 quoque
859 1538 1072 1576 sublimitas

59 1603 219 1654 suscepit
232 1632 242 1649 ‚
265 1611 303 1640 et
321 1602 520 1653 praeelegit
532 1630 542 1648 ,
562 1599 631 1638 tibi
652 1600 808 1650 quidem
839 1601 876 1637 in
901 1609 1070 1651 patrem,

59 1665 132 1704 filio
162 1673 290 1701 autem
321 1672 389 1701 tuo
419 1663 532 1700 etiam
555 1663 594 1699 in
624 1662 868 1701 Samuelem?
889 1667 1073 1699 Armatur

60 1726 158 1777 regia
175 1725 388 1775 indignatio
401 1755 410 1772 ‚
426 1738 504 1762 non
522 1725 636 1775 plane
653 1724 690 1760 in
709 1732 933 1770 extraneos,
950 1723 1015 1760 sed
1033 1724 1072 1760 in

1135 345 1249 395 juxta
1284 346 1535 396 prophetam,
1567 347 1825 396 compatiatur
1860 361 1976 396 super
2015 351 2160 386 contri-

1140 406 1245 442 tione
1266 406 1410 456 Joseph
1435 408 1474 442 ²?
1495 406 1567 444 Sed
1590 406 1670 443 haec
1692 407 1794 443 alias.
1814 410 1922 443 Nunc
1945 416 2071 444 autem
2091 423 2160 458 ego

1138 467 1320 503 minimus
1353 467 1392 503 111
1422 480 1542 516 reguo
1568 476 1716 513 vestro,
1746 467 1811 503 sed
1845 467 2050 517 dignitate,
2082 483 2161 506 non

1140 527 1344 574 fidelitate,
1368 527 1455 564 dico
1479 526 1590 563 vobis
1607 556 1615 572 ,
1641 541 1719 564 non
1744 527 1899 577 expedit
1920 528 2017 564 velle
2039 529 2162 578 impc-

1140 588 1221 625 dire
1254 597 1404 625 tantum
1440 596 1477 625 et
1505 596 1580 624 tam
1608 588 1866 625 necessarium
1896 587 2056 624 bonum.
2088 592 2164 625 Nee

1141 649 1280 687 desunt
1307 650 1504 687 evidentes
1527 662 1671 694 causae,
1697 648 1838 699 quibus
1859 648 1897 685 id
1919 649 2162 686 manifestum

1141 712 1263 748 facere
1284 725 1434 762 possem
1452 741 1460 757 ,
1485 725 1580 761 quas
1602 719 1639 747 et
1669 724 1773 747 1111116
1802 711 1979 760 proferre
2008 711 2046 746 in
2080 724 2164 747 me-

1141 771 1246 808 dium
1263 772 1309 808 ad
1328 786 1485 809 manum
1504 772 1595 808 mihi
1615 781 1671 808 cst
1685 801 1693 817 ,
1712 772 1783 808 nisi
1802 771 1907 821 quod
1922 780 1978 808 sat
1996 770 2164 808 arbitror

1142 832 1286 869 dictum
1318 833 1493 883 sapienti.
1514 837 1655 870 Tamen
1690 833 1719 869 si
1748 833 1841 883 quid
1875 847 1921 869 ex
1943 833 2162 883 apostolicae

1140 894 1378 930 auctoritatis
1414 894 1540 943 rigore
1575 894 1783 944 processit,
1817 893 1920 930 unde
1955 907 1992 930 se
2026 894 2163 931 merito

1140 967 1221 991 esse
1242 954 1434 992 turbatam
1463 955 1706 992 Celsitudinis
1728 964 1864 992 vestrae
1895 956 2078 992 serenitas
2106 969 2163 992 ar-

1093 1013 1325 1062 Bbitretur3
1361 1016 1526 1066 qualiter
1566 1016 1641 1052 hoc
1675 1016 1800 1066 ipsum
1838 1025 2064 1061 revocetur,
2097 1025 2164 1053 aut

1141 1085 1378 1127 temperetur
1392 1107 1401 1123 ‚
1437 1086 1555 1127 prout
1595 1086 1751 1127 oportet
1793 1077 1839 1113 ad
1869 1077 2056 1114 honorem
2092 1090 2162 1113 ve-

1141 1146 1263 1175 strum
1278 1167 1286 1183 ,
1306 1137 1437 1174 fideles
1456 1138 1573 1174 vestri
1593 1139 1658 1187 qui
1677 1138 1842 1174 aderunt
1859 1136 1873 1160 ‘¹
1887 1167 1896 1184 ,
1916 1138 2002 1174 totis
2017 1136 2162 1174 viribus

1140 1199 1347 1235 enitentur.
1370 1202 1476 1235 Inter
1497 1212 1595 1248 quos
1618 1212 1688 1234 1105
1709 1212 1883 1248 quoque,
1907 1199 1936 1235 si
1958 1198 2049 1248 quid
2071 1211 2163 1248 pos-

1139 1273 1291 1306 sumus,
1311 1273 1390 1296 non
1418 1258 1755 1296 dissimulabimus.

1209 1398 1545 1408 xxxvnmwx==xw=s=====s
1551 1398 1898 1407 Ἁιιιιικκκνι-«ιιιιιιιιιιι
1904 1397 1986 1406 ’.ιιι-ιι
1993 1397 2165 1406 ικικιιιιιιι»

1291 1520 1677 1579 EPISTOLA
1740 1521 1993 1578 CCLVI.
2015 1518 2029 1534 ‘²

1318 1678 1366 1699 AD
1398 1678 1584 1701 DOMINUM
1616 1679 1736 1700 PAPAM
1765 1677 1980 1700 EL'GENH'M.

59 1787 293 1838 semetipsam
314 1794 352 1823 et
380 1799 483 1823 SUOS·
501 1789 589 1823 Non
611 1785 751 1822 misum
773 1785 804 1822 Si
817 1814 826 1831 ⁹
839 1783 951 1834 ,1ΠΧίἱὶ
972 1785 1072 1822 scri*
1092 1795 1119 1832 C
1139 1800 1262 1832 Excitat
1284 1801 1461 1843 Eugenium
1483 1800 1522 1832 ad
1543 1800 1702 1843 suppetias
1724 1800 1868 1831 orientali
1890 1800 2035 1831 Ecclesia:
2060 1799 2163 1830 feren-

58 1857 202 1902 pturam
218 1878 228 1896 ,
250 1851 318 1885 Ira
337 1851 413 1885 viri
427 1853 617 1895 justifiam
647 1851 722 1884 Dei
746 1861 820 1883 non
841 1855 1020 1896 operatur
1039 1854 1048 1868 ¹
1060 1862 1070 1893 3

59 1923 137 1962 quae
158 1910 328 1961 propriae
354 1922 510 1960 quoque
540 1908 737 1954 utilitatis,
757 1907 823 1945 sed
852 1907 1069 1957 dignitatis,

59 1970 120 2009 sed
134 1971 262 2008 salutis
289 1970 377 2007 facit
394 1980 495 2020 saepe
523 1978 566 2006 ut
586 1983 657 2006 nec
675 1969 919 2006 manifestum
943 1969 1072 2005 omni-

57 2031 124 2070 bus
144 2031 320 2070 advertas
343 2031 560 2082 periculum
573 2060 582 2077 ,
604 2031 745 2068 sentias
764 2030 961 2067 damnum.
981 2030 1072 2068 Col-

59 2093 180 2143 ligitur
199 2093 404 2130 concilium
419 2099 445 2129 ⁶.
465 2091 566 2140 Quid
581 2092 620 2128 in
638 2092 712 2128 hoc
727 2091 943 2128 detrahitur
960 2091 1072 2140 regiae

10 2182 14 2186 -
59 2153 202 2204 gloriae,
234 2154 341 2204 regni
371 2152 630 2191 utilitatibus?
650 2151 709 2189 Ibi
731 2152 920 2189 universae
940 2151 1074 2187 Eccle-

59 2214 118 2252 siae
132 2213 466 2252 commendabitur
481 2227 525 2250 36
540 2211 865 2250 rememorabitur
882 2212 1071 2248 excellen-

60 2275 116 2314 tiae
129 2284 264 2313 vestrae
285 2283 467 2326 prompta
488 2283 526 2311 et
558 2273 732 2325 specialis
761 2272 938 2317 devotio,
964 2271 1070 2322 quod

60 2349 183 2388 regum
209 2337 380 2388 primus,
408 2345 474 2373 aut
503 2344 606 2373 certe
633 2335 735 2372 inter
760 2333 926 2384 primos,
951 2332 1071 2369 rabiei

59 2398 365 2450 persequentium
395 2397 570 2434 eamdem
598 2404 761 2433 matrem
781 2403 947 2432 'vestram
973 2403 1071 2430 stre-

61 2457 232 2496 nuissime
259 2467 297 2496 et
328 2457 640 2496 christianissime
672 2455 919 2493 defendendo
939 2454 1075 2492 obvia-

61 2518 132 2556 stis.
147 2518 205 2557 Ibi
223 2519 389 2569 gloriose
410 2517 458 2555 ab
480 2518 629 2568 ingenti
646 2516 711 2554 illa
737 2515 984 2553 multitudine
1006 2514 1074 2552 de-

60 2577 142 2617 bitae
177 2580 308 2630 gratiae
339 2579 557 2616 referentur
587 2577 700 2615 vobis
728 2592 736 2614 ε

61 2648 273 2678 sanctorum
294 2639 469 2678 orabitur
491 2653 564 2691 pro
586 2638 698 2676 vobis
720 2647 757 2675 et
777 2637 926 2675 vestris.

110 2701 146 2739 2.
165 2702 269 2740 Alias
289 2709 416 2739 autem
440 2714 555 2751 quam
579 2700 628 2738 sit
647 2700 722 2737 hoc
742 2708 917 2749 tempore
941 2711 1074 2734 116665-

62 2762 174 2800 sarius
193 2771 408 2800 conventus
427 2754 720 2812 episcoporum,
743 2760 873 2797 nullus
899 2759 1071 2808 ignorat,

63 2821 131 2860 nisi
149 2824 211 2875 qui
232 2824 352 2861 durus
381 2823 499 2860 corde
525 2822 658 2859 matris
679 2820 859 2858 Ecclesiae
880 2819 1075 2869 angustias

63 2895 135 2921 non
163 2884 336 2922 attendit.
370 2889 422 2922 At
453 2883 576 2928 calor,
602 2882 802 2932 inquiunt,
829 2879 971 2916 nimius
989 2889 1072 2931 zest.

1188 1856 1260 1894 das3
1277 1867 1336 1887 nec
1354 1855 1565 1898 abjiciendum
1586 1856 1726 1887 animum
1746 1856 1787 1887 ob
1808 1862 1969 1898 acceptam
1987 1854 2107 1886 cladem
2131 1855 2163 1885 111

1188 1910 1355 1941 amissione
1371 1910 1503 1941 civitatis
1519 1909 1657 1942 Edessae.
1682 1910 1820 1942 Miratur
1838 1920 1913 1941 vero
1934 1920 1967 1941 se
1986 1909 2115 1942 Carnoti
2131 1909 2163 1940 111

1188 1966 1301 1997 (11166111
1320 1965 1394 1997 belli
1415 1965 1561 1997 electum.

1199 2091 1230 2126 1.
1253 2092 1339 2126 Non
1360 2097 1416 2125 est
1441 2088 1525 2124 leve
1553 2086 1716 2124 verbum
1739 2087 1846 2137 quod
1868 2088 1997 2125 sonuit
2020 2103 2026 2124 :
2057 2087 2163 2125 triste

1141 2149 1231 2186 satis
1252 2157 1289 2185 et
1310 2162 1425 2198 grave
1459 2157 1527 2185 est.
1555 2151 1602 2185 Et
1625 2149 1685 2185 cui
1708 2149 1840 2185 triste?
1872 2153 1955 2186 Imo
1990 2149 2051 2186 cui
2083 2162 2161 2185 non

1142 2210 1278 2246 triste?
1299 2210 1377 2247 Soli
1399 2209 1467 2245 filii
1488 2209 1554 2246 irae
1575 2209 1669 2245 iram
1695 2222 1773 2246 non
1795 2210 1986 2255 sentiunt,
2007 2223 2078 2246 nec
2100 2209 2163 2245 tri-

1140 2279 1292 2307 stantur
1315 2269 1509 2316 tristibus,
1538 2269 1605 2306 sed
1636 2270 1816 2306 laetantur
1845 2279 1881 2306 et
1909 2270 2102 2307 exsultant
2123 2269 2161 2305 in

1139 2330 1256 2368 rebus
1284 2331 1470 2381 pessimis.
1505 2334 1561 2367 De
1595 2339 1735 2367 czetero
1766 2330 1982 2367 communis
2012 2330 2163 2367 tristitia

1141 2401 1218 2439 est,
1241 2392 1331 2441 quia
1349 2391 1566 2428 communis
1587 2400 1643 2428 est
1661 2405 1785 2428 causa.
1808 2395 1909 2428 Bene
1929 2392 2069 2428 fecistis
2082 2391 2164 2440 jus-

1143 2453 1334 2490 tissimum
1356 2453 1481 2489 zelum
1502 2460 1645 2489 nostrae
1668 2453 1863 2501 gallicanae
1884 2452 2062 2489 Ecclesiae
2084 2452 2162 2488 col-

1142 2514 1358 2561 laudando,
1388 2523 1425 2551 et
1450 2513 1742 2551 corroborando
1765 2514 1992 2550 auctoritate
2014 2514 2162 2550 littera—

765 2576 819 2613 ibi
852 2590 873 2613 a
902 2575 1074 2613 millibus
1092 2583 1126 2617 D
1145 2589 1231 2613 rum
1250 2584 1480 2612 vestrarum.
1511 2578 1596 2612 Non
1619 2583 1693 2621 est,
1722 2574 1807 2612 dico
1834 2573 1967 2620 vobis,
1992 2576 2031 2611 in
2050 2588 2164 2611 causa

1141 2646 1218 2674 tam
1240 2636 1409 2687 generali
1429 2645 1466 2673 et
1489 2645 1563 2672 tam
1585 2636 1691 2685 gravi
1711 2635 1836 2685 tepide
1858 2635 2072 2685 agendum,
2097 2634 2164 2671 sed

1141 2712 1189 2734 ne
1211 2697 1343 2734 timide
1365 2696 1535 2747 quidem.
1555 2698 1645 2746 Legi
1671 2696 1774 2746 apud
1794 2695 1999 2746 quemdam
2016 2696 2164 2745 sapien-

1146 2769 1222 2797 tem
1243 2774 1250 2796 :
1271 2777 1285 2791 «
1304 2762 1391 2797 “Non
1413 2767 1469 2796 est
1495 2759 1556 2795 vir
1581 2758 1710 2805 fortis,
1732 2758 1793 2794 6111
1823 2771 1901 2794 non
1925 2757 2061 2794 crescit
2081 2757 2164 2793 ani-

1143 2838 1159 2854 »
1180 2833 1265 2857 mus
1285 2820 1325 2856 111
1354 2820 1436 2870 ipsa
1457 2833 1587 2856 rerum
1614 2819 1840 2855 difficultate
1854 2816 1879 2856 3.
1897 2836 1912 2851 »
1933 2821 2015 2867 Ego
2036 2826 2163 2854 autem

1143 2881 1246 2928 dico,
1272 2880 1376 2918 fideli
1396 2880 1547 2918 homini
1562 2881 1680 2930 magis
1694 2889 1731 2917 et
1751 2880 1853 2916 inter
1873 2879 2022 2929 flagella
2045 2878 2165 2915 fiden-

107 3003 118 3020 ¹
132 2999 242 3031 Jacobi
256 3011 268 3030 1
280 3025 288 3039 ‚
313 3003 371 3032 20.
390 3019 438 3023 —
451 3006 465 3022 ²
483 3002 584 3032 Amos
601 3010 652 3036 w,
672 3003 705 3030 6.
721 3016 767 3021 ——
786 2993 800 3017 3
815 2999 952 3036 Seneca,
967 2999 1000 3029 in
1012 2998 1107 3041 epist.
1129 3001 1170 3029 22
1186 3022 1192 3036 ‚
1211 2997 1252 3029 ad
1264 2998 1433 3030 Lucillum.

103 3060 118 3076 ²
132 3060 255 3103 Scripta
266 3071 350 3092 auno
368 3059 485 3094 Christi
508 3063 520 3091 1
533 3061 594 3091 134
604 3085 611 3090 .

103 3113 121 3135 δ
135 3114 171 3145 Id
183 3121 229 3147 est
253 3119 407 3148 Grossum
419 3140 427 3154 ‚
447 3115 533 3157 quod
549 3113 734 3156 intelligitur
752 3119 818 3144 tum
840 3124 879 3144 ex
896 3113 1058 3145 codicibus
1074 3111 1297 3154 manuscriptis
1316 3111 1351 3141 in
1365 3104 1479 3153 quibus
1496 3110 1564 3142 haec
1577 3111 1708 3153 epistola
1720 3111 1891 3141 collocatur
1907 3113 1977 3150 post
1999 3106 2160 3149 epistolam

66 3168 126 3198 126
144 3167 183 3198 ad
197 3168 369 3210 Episcopos
382 3168 580 3210 Aquitaniae3
596 3174 663 3198 tum
678 3178 716 3198 ex
736 3167 805 3208 ipso
823 3172 971 3198 contextu
987 3191 994 3205 ,
1018 3177 1089 3197 cum
1107 3165 1222 3197 dicitur
1241 3165 1305 3196 filio
1326 3175 1382 3196 suo
1399 3165 1527 3207 elegisse
1546 3169 1663 3207 Papam
1681 3165 1710 3195 111
1733 3164 1926 3196 Saumelem.
1947 3160 2030 3202 quod
2049 3159 2087 3189 de
2109 3162 2162 3189 Iu-

63 3222 202 3253 11066υῇ0
220 3225 252 3253 Π
269 3221 504 3264 intelligendum
515 3245 523 3260 ‚
547 3221 600 3263 qui
617 3220 814 3253 Ludovicum
836 3223 856 3252 J
859 3221 1002 3252 uniorem
1021 3220 1131 3251 Remis
1147 3219 1272 3251 inunxit
1287 3230 1370 3250 anno
1393 3222 1495 3250 1131.

106 3278 120 3295 ⁰
133 3275 278 3306 Pisanum
291 3275 429 3318 intellige
442 3286 526 3307 anno
543 3277 632 3307 1134
655 3274 848 3306 celebratum
865 3299 872 3311 ‚
899 3274 938 3305 ad
963 3273 1048 3315 quod
1074 3276 1144 3304 Rex
1160 3274 1308 3316 praesules
1326 3274 1507 3305 Gallicanos
1533 3273 1681 3305 accedere
1699 3269 1886 3314 prohibebat
1905 3268 2034 3299 obtentu
2050 3266 2161 3297 caloris

65 3324 226 3359 immodici.
244 3347 286 3352 „-
302 3328 318 3349 ᾶ
338 3329 425 3361 Alias
439 3353 447 3366 ,
468 3327 634 3359 odlzoerertt
650 3340 659 3358 .·
673 3328 767 3359 male.
789 3347 833 3350 ο
849 3333 862 3347 ⁰
890 3327 1010 3370 Scripta
1029 3338 1112 3359 anno
1128 3327 1243 3360 Christi
1263 3332 1273 3358 1
1289 3330 1364 3359 146.
