<?xml version="1.0" encoding="UTF-8"?>
<!DOCTYPE html PUBLIC "-//W3C//DTD XHTML 1.0 Transitional//EN"
    "http://www.w3.org/TR/xhtml1/DTD/xhtml1-transitional.dtd">
<html xmlns="http://www.w3.org/1999/xhtml" xml:lang="en" lang="en">
 <head>
  <title>
</title>
<meta http-equiv="Content-Type" content="text/html;charset=utf-8" />
  <meta name='ocr-system' content='tesseract 3.04.00' />
  <meta name='ocr-capabilities' content='ocr_page ocr_carea ocr_par ocr_line ocrx_word'/>
</head>
<body>
  <div class='ocr_page' id='page_1' title='image "./operaomniapostho01bernuoft_0190.png"; bbox 0 0 2533 3920; ppageno 0'>
   <div class='ocr_carea' id='block_1_1' title="bbox 371 197 446 233">
    <p class='ocr_par' dir='ltr' id='par_1_1' title="bbox 371 197 446 233">
     <span class='ocr_line' id='line_1_1' title="bbox 371 197 446 233; baseline 0.013 -1"><span class='ocrx_word' id='word_1_1' title='bbox 371 197 446 233; x_wconf 66' lang='lat'>3153</span> 
     </span>
    </p>
   </div>
   <div class='ocr_carea' id='block_1_2' title="bbox 423 275 1376 326">
    <p class='ocr_par' dir='ltr' id='par_1_2' title="bbox 423 275 1376 326">
     <span class='ocr_line' id='line_1_2' title="bbox 423 275 1376 326; baseline 0.001 -14"><span class='ocrx_word' id='word_1_2' title='bbox 423 277 459 312; x_wconf 90' lang='lat'>3.</span> <span class='ocrx_word' id='word_1_3' title='bbox 479 278 574 313; x_wconf 87' lang='lat' dir='ltr'>Sane</span> <span class='ocrx_word' id='word_1_4' title='bbox 591 275 702 312; x_wconf 85' lang='lat' dir='ltr'>simili</span> <span class='ocrx_word' id='word_1_5' title='bbox 721 275 820 321; x_wconf 84' lang='lat' dir='ltr'>zelo,</span> <span class='ocrx_word' id='word_1_6' title='bbox 837 284 875 312; x_wconf 89' lang='lat' dir='ltr'>et</span> <span class='ocrx_word' id='word_1_7' title='bbox 892 276 929 312; x_wconf 90' lang='lat' dir='ltr'>in</span> <span class='ocrx_word' id='word_1_8' title='bbox 947 288 1062 312; x_wconf 89' lang='lat' dir='ltr'>manu</span> <span class='ocrx_word' id='word_1_9' title='bbox 1080 289 1187 326; x_wconf 81' lang='lat' dir='ltr'>aeque</span> <span class='ocrx_word' id='word_1_10' title='bbox 1204 276 1376 326; x_wconf 80' lang='lat' dir='ltr'>potenti,</span> 
     </span>
    </p>
   </div>
   <div class='ocr_carea' id='block_1_3' title="bbox 369 335 2166 385">
    <p class='ocr_par' dir='ltr' id='par_1_3' title="bbox 369 335 2166 385">
     <span class='ocr_line' id='line_1_3' title="bbox 369 335 2166 385; baseline -0.001 -12"><span class='ocrx_word' id='word_1_11' title='bbox 369 336 547 373; x_wconf 77' lang='lat' dir='ltr'>Ecclesiae</span> <span class='ocrx_word' id='word_1_12' title='bbox 576 337 788 373; x_wconf 84' lang='lat' dir='ltr'>Turonensi</span> <span class='ocrx_word' id='word_1_13' title='bbox 815 335 1051 385; x_wconf 85' lang='lat' dir='ltr'>jamjamque</span> <span class='ocrx_word' id='word_1_14' title='bbox 1077 336 1282 374; x_wconf 76' lang='lat' dir='ltr'>subvenire</span> <span class='ocrx_word' id='word_1_15' title='bbox 1310 350 1379 373; x_wconf 82' lang='lat' dir='ltr'>ne·</span> <span class='ocrx_word' id='word_1_16' title='bbox 1399 335 2166 374; x_wconf 66' lang='lat' dir='ltr'>A........................‘..........................</span> 
     </span>
    </p>
   </div>
   <div class='ocr_carea' id='block_1_4' title="bbox 358 396 1381 1834">
    <p class='ocr_par' dir='ltr' id='par_1_4' title="bbox 358 396 1381 1834">
     <span class='ocr_line' id='line_1_4' title="bbox 370 396 1380 447; baseline 0.001 -15"><span class='ocrx_word' id='word_1_17' title='bbox 370 410 472 433; x_wconf 87' lang='lat' dir='ltr'>cesse</span> <span class='ocrx_word' id='word_1_18' title='bbox 490 405 558 432; x_wconf 91' lang='lat' dir='ltr'>est.</span> <span class='ocrx_word' id='word_1_19' title='bbox 583 397 763 446; x_wconf 83' lang='lat' dir='ltr'>Alioquin</span> <span class='ocrx_word' id='word_1_20' title='bbox 786 409 908 446; x_wconf 90' lang='lat' dir='ltr'>prope</span> <span class='ocrx_word' id='word_1_21' title='bbox 928 396 1124 433; x_wconf 87' lang='lat' dir='ltr'>interitum</span> <span class='ocrx_word' id='word_1_22' title='bbox 1148 406 1204 433; x_wconf 90' lang='lat' dir='ltr'>est</span> <span class='ocrx_word' id='word_1_23' title='bbox 1224 406 1260 433; x_wconf 90' lang='lat' dir='ltr'>et</span> <span class='ocrx_word' id='word_1_24' title='bbox 1277 397 1358 447; x_wconf 91' lang='lat' dir='ltr'>ipsa</span> <span class='ocrx_word' id='word_1_25' title='bbox 1372 426 1380 442; x_wconf 93' lang='lat'>,</span> 
     </span>
     <span class='ocr_line' id='line_1_5' title="bbox 369 456 1379 502; baseline 0.001 -10"><span class='ocrx_word' id='word_1_26' title='bbox 369 457 441 493; x_wconf 89' lang='lat' dir='ltr'>nisi</span> <span class='ocrx_word' id='word_1_27' title='bbox 474 456 549 492; x_wconf 89' lang='lat' dir='ltr'>cito</span> <span class='ocrx_word' id='word_1_28' title='bbox 582 456 709 493; x_wconf 87' lang='lat' dir='ltr'>feratis</span> <span class='ocrx_word' id='word_1_29' title='bbox 741 456 937 493; x_wconf 74' lang='lat' dir='ltr'>auxilium.</span> <span class='ocrx_word' id='word_1_30' title='bbox 969 456 1140 502; x_wconf 69' lang='lat' dir='ltr'>Revixit,</span> <span class='ocrx_word' id='word_1_31' title='bbox 1174 465 1216 493; x_wconf 89' lang='lat' dir='ltr'>ut</span> <span class='ocrx_word' id='word_1_32' title='bbox 1250 457 1379 502; x_wconf 79' lang='lat' dir='ltr'>aiunt,</span> 
     </span>
     <span class='ocr_line' id='line_1_6' title="bbox 368 516 1381 568; baseline 0.001 -15"><span class='ocrx_word' id='word_1_33' title='bbox 368 516 570 553; x_wconf 85' lang='lat' dir='ltr'>Gisleberti</span> <span class='ocrx_word' id='word_1_34' title='bbox 592 517 773 566; x_wconf 83' lang='lat' dir='ltr'>spiritus*</span> <span class='ocrx_word' id='word_1_35' title='bbox 795 517 832 552; x_wconf 90' lang='lat' dir='ltr'>in</span> <span class='ocrx_word' id='word_1_36' title='bbox 856 516 1051 567; x_wconf 88' lang='lat' dir='ltr'>Philippo,</span> <span class='ocrx_word' id='word_1_37' title='bbox 1074 517 1191 567; x_wconf 87' lang='lat' dir='ltr'>ipsius</span> <span class='ocrx_word' id='word_1_38' title='bbox 1212 518 1323 568; x_wconf 86' lang='lat' dir='ltr'>plane</span> <span class='ocrx_word' id='word_1_39' title='bbox 1343 526 1381 554; x_wconf 92' lang='lat' dir='ltr'>et</span> 
     </span>
     <span class='ocr_line' id='line_1_7' title="bbox 368 576 1380 626; baseline 0.001 -13"><span class='ocrx_word' id='word_1_40' title='bbox 368 586 509 626; x_wconf 83' lang='lat' dir='ltr'>ncpotc</span> <span class='ocrx_word' id='word_1_41' title='bbox 543 578 685 623; x_wconf 87' lang='lat' dir='ltr'>carnis,</span> <span class='ocrx_word' id='word_1_42' title='bbox 720 586 757 614; x_wconf 88' lang='lat' dir='ltr'>et</span> <span class='ocrx_word' id='word_1_43' title='bbox 788 576 939 614; x_wconf 74' lang='lat' dir='ltr'>haerede</span> <span class='ocrx_word' id='word_1_44' title='bbox 968 577 1197 615; x_wconf 80' lang='lat' dir='ltr'>ambitionis.</span> <span class='ocrx_word' id='word_1_45' title='bbox 1230 582 1380 626; x_wconf 90' lang='lat' dir='ltr'>Quanta</span> 
     </span>
     <span class='ocr_line' id='line_1_8' title="bbox 368 637 1379 687; baseline 0.002 -15"><span class='ocrx_word' id='word_1_46' title='bbox 368 650 506 686; x_wconf 85' lang='lat' dir='ltr'>nempe</span> <span class='ocrx_word' id='word_1_47' title='bbox 550 637 772 673; x_wconf 88' lang='lat' dir='ltr'>dominandi</span> <span class='ocrx_word' id='word_1_48' title='bbox 807 637 1015 687; x_wconf 87' lang='lat' dir='ltr'>cupiditate</span> <span class='ocrx_word' id='word_1_49' title='bbox 1050 646 1088 674; x_wconf 86' lang='lat' dir='ltr'>et</span> <span class='ocrx_word' id='word_1_50' title='bbox 1127 639 1197 674; x_wconf 89' lang='lat' dir='ltr'>iste</span> <span class='ocrx_word' id='word_1_51' title='bbox 1226 637 1379 686; x_wconf 73' lang='lat' dir='ltr'>juvenis</span> 
     </span>
     <span class='ocr_line' id='line_1_9' title="bbox 367 698 1376 743; baseline 0.002 -10"><span class='ocrx_word' id='word_1_52' title='bbox 367 698 601 743; x_wconf 80' lang='lat' dir='ltr'>inardescat,</span> <span class='ocrx_word' id='word_1_53' title='bbox 622 698 761 734; x_wconf 88' lang='lat' dir='ltr'>indicat</span> <span class='ocrx_word' id='word_1_54' title='bbox 783 698 911 734; x_wconf 89' lang='lat' dir='ltr'>matris</span> <span class='ocrx_word' id='word_1_55' title='bbox 934 712 1010 735; x_wconf 73' lang='lat' dir='ltr'>suae</span> <span class='ocrx_word' id='word_1_56' title='bbox 1027 699 1202 736; x_wconf 63' lang='lat' dir='ltr'>Ecclesiae</span> <span class='ocrx_word' id='word_1_57' title='bbox 1224 698 1376 735; x_wconf 87' lang='lat' dir='ltr'>diutur-</span> 
     </span>
     <span class='ocr_line' id='line_1_10' title="bbox 367 758 1375 809; baseline 0.001 -15"><span class='ocrx_word' id='word_1_58' title='bbox 367 771 438 794; x_wconf 86' lang='lat' dir='ltr'>nus</span> <span class='ocrx_word' id='word_1_59' title='bbox 472 767 509 794; x_wconf 85' lang='lat' dir='ltr'>et</span> <span class='ocrx_word' id='word_1_60' title='bbox 551 758 774 795; x_wconf 85' lang='lat' dir='ltr'>miserabilis</span> <span class='ocrx_word' id='word_1_61' title='bbox 805 759 1015 804; x_wconf 84' lang='lat' dir='ltr'>cruciatus,</span> <span class='ocrx_word' id='word_1_62' title='bbox 1054 773 1131 809; x_wconf 89' lang='lat' dir='ltr'>quo</span> <span class='ocrx_word' id='word_1_63' title='bbox 1164 773 1262 809; x_wconf 82' lang='lat' dir='ltr'>pene</span> <span class='ocrx_word' id='word_1_64' title='bbox 1293 773 1375 796; x_wconf 90' lang='lat' dir='ltr'>eam</span> 
     </span>
     <span class='ocr_line' id='line_1_11' title="bbox 365 820 1378 869; baseline 0.002 -15"><span class='ocrx_word' id='word_1_65' title='bbox 365 820 549 855; x_wconf 74' lang='lat' dir='ltr'>eviscerat</span> <span class='ocrx_word' id='word_1_66' title='bbox 567 820 693 864; x_wconf 82' lang='lat' dir='ltr'>miser,</span> <span class='ocrx_word' id='word_1_67' title='bbox 713 828 755 855; x_wconf 89' lang='lat' dir='ltr'>ut</span> <span class='ocrx_word' id='word_1_68' title='bbox 775 833 813 855; x_wconf 92' lang='lat' dir='ltr'>se</span> <span class='ocrx_word' id='word_1_69' title='bbox 834 820 1020 869; x_wconf 77' lang='lat' dir='ltr'>parturiat</span> <span class='ocrx_word' id='word_1_70' title='bbox 1037 820 1075 856; x_wconf 90' lang='lat' dir='ltr'>in</span> <span class='ocrx_word' id='word_1_71' title='bbox 1095 820 1294 856; x_wconf 76' lang='lat' dir='ltr'>honorem.</span> <span class='ocrx_word' id='word_1_72' title='bbox 1312 823 1378 856; x_wconf 87' lang='lat' dir='ltr'>Est</span> 
     </span>
     <span class='ocr_line' id='line_1_12' title="bbox 367 879 1377 929; baseline 0.001 -14"><span class='ocrx_word' id='word_1_73' title='bbox 367 888 492 916; x_wconf 84' lang='lat' dir='ltr'>tamen</span> <span class='ocrx_word' id='word_1_74' title='bbox 515 889 669 916; x_wconf 88' lang='lat' dir='ltr'>auctore</span> <span class='ocrx_word' id='word_1_75' title='bbox 690 884 771 916; x_wconf 89' lang='lat' dir='ltr'>Deo</span> <span class='ocrx_word' id='word_1_76' title='bbox 792 879 872 928; x_wconf 86' lang='lat' dir='ltr'>ejus</span> <span class='ocrx_word' id='word_1_77' title='bbox 900 880 1275 929; x_wconf 71' lang='lat' dir='ltr'>tergiversationibus</span> <span class='ocrx_word' id='word_1_78' title='bbox 1292 880 1377 916; x_wconf 87' lang='lat' dir='ltr'>finis</span> 
     </span>
     <span class='ocr_line' id='line_1_13' title="bbox 366 939 1378 989; baseline 0 -14"><span class='ocrx_word' id='word_1_79' title='bbox 366 940 519 975; x_wconf 85' lang='lat' dir='ltr'>tandem</span> <span class='ocrx_word' id='word_1_80' title='bbox 555 940 755 989; x_wconf 88' lang='lat' dir='ltr'>impositus</span> <span class='ocrx_word' id='word_1_81' title='bbox 786 954 793 975; x_wconf 94' lang='lat'>:</span> <span class='ocrx_word' id='word_1_82' title='bbox 824 940 853 975; x_wconf 92' lang='lat' dir='ltr'>si</span> <span class='ocrx_word' id='word_1_83' title='bbox 895 948 1042 984; x_wconf 86' lang='lat' dir='ltr'>tamen,</span> <span class='ocrx_word' id='word_1_84' title='bbox 1077 940 1181 989; x_wconf 90' lang='lat' dir='ltr'>quod</span> <span class='ocrx_word' id='word_1_85' title='bbox 1212 939 1378 976; x_wconf 85' lang='lat' dir='ltr'>dictante</span> 
     </span>
     <span class='ocr_line' id='line_1_14' title="bbox 358 998 1378 1048; baseline 0.001 -14"><span class='ocrx_word' id='word_1_86' title='bbox 358 998 527 1048; x_wconf 85' lang='lat' dir='ltr'>justitia,</span> <span class='ocrx_word' id='word_1_87' title='bbox 550 1007 587 1034; x_wconf 87' lang='lat' dir='ltr'>et</span> <span class='ocrx_word' id='word_1_88' title='bbox 607 999 861 1047; x_wconf 83' lang='lat' dir='ltr'>compellente</span> <span class='ocrx_word' id='word_1_89' title='bbox 882 999 1043 1044; x_wconf 85' lang='lat' dir='ltr'>malitia,</span> <span class='ocrx_word' id='word_1_90' title='bbox 1065 1007 1102 1035; x_wconf 85' lang='lat' dir='ltr'>ct</span> <span class='ocrx_word' id='word_1_91' title='bbox 1120 1012 1213 1048; x_wconf 85' lang='lat' dir='ltr'>pace</span> <span class='ocrx_word' id='word_1_92' title='bbox 1234 1012 1378 1048; x_wconf 84' lang='lat' dir='ltr'>provo-</span> 
     </span>
     <span class='ocr_line' id='line_1_15' title="bbox 364 1058 1377 1108; baseline 0 -14"><span class='ocrx_word' id='word_1_93' title='bbox 364 1068 472 1095; x_wconf 85' lang='lat' dir='ltr'>cante</span> <span class='ocrx_word' id='word_1_94' title='bbox 492 1059 530 1094; x_wconf 91' lang='lat' dir='ltr'>in</span> <span class='ocrx_word' id='word_1_95' title='bbox 554 1072 640 1094; x_wconf 90' lang='lat' dir='ltr'>eum</span> <span class='ocrx_word' id='word_1_96' title='bbox 668 1067 793 1095; x_wconf 88' lang='lat' dir='ltr'>actum</span> <span class='ocrx_word' id='word_1_97' title='bbox 821 1067 896 1104; x_wconf 86' lang='lat' dir='ltr'>est,</span> <span class='ocrx_word' id='word_1_98' title='bbox 919 1059 1136 1108; x_wconf 86' lang='lat' dir='ltr'>apostolicae</span> <span class='ocrx_word' id='word_1_99' title='bbox 1162 1058 1377 1095; x_wconf 87' lang='lat' dir='ltr'>auctoritati</span> 
     </span>
     <span class='ocr_line' id='line_1_16' title="bbox 363 1118 1377 1168; baseline 0 -14"><span class='ocrx_word' id='word_1_100' title='bbox 363 1127 486 1154; x_wconf 86' lang='lat' dir='ltr'>ratum</span> <span class='ocrx_word' id='word_1_101' title='bbox 505 1118 646 1155; x_wconf 88' lang='lat' dir='ltr'>habere</span> <span class='ocrx_word' id='word_1_102' title='bbox 664 1119 861 1168; x_wconf 83' lang='lat' dir='ltr'>placuerit.</span> <span class='ocrx_word' id='word_1_103' title='bbox 880 1119 989 1156; x_wconf 79' lang='lat' dir='ltr'>Absit</span> <span class='ocrx_word' id='word_1_104' title='bbox 1005 1127 1131 1155; x_wconf 87' lang='lat' dir='ltr'>autem</span> <span class='ocrx_word' id='word_1_105' title='bbox 1152 1127 1194 1154; x_wconf 91' lang='lat' dir='ltr'>ut</span> <span class='ocrx_word' id='word_1_106' title='bbox 1212 1119 1377 1154; x_wconf 83' lang='lat' dir='ltr'>confun-</span> 
     </span>
     <span class='ocr_line' id='line_1_17' title="bbox 363 1178 1376 1229; baseline 0.001 -15"><span class='ocrx_word' id='word_1_107' title='bbox 363 1179 427 1214; x_wconf 87' lang='lat' dir='ltr'>dat</span> <span class='ocrx_word' id='word_1_108' title='bbox 457 1178 587 1215; x_wconf 83' lang='lat' dir='ltr'>fideles</span> <span class='ocrx_word' id='word_1_109' title='bbox 607 1192 696 1215; x_wconf 88' lang='lat' dir='ltr'>suos</span> <span class='ocrx_word' id='word_1_110' title='bbox 717 1178 881 1228; x_wconf 74' lang='lat' dir='ltr'>benigna</span> <span class='ocrx_word' id='word_1_111' title='bbox 909 1178 1100 1229; x_wconf 85' lang='lat' dir='ltr'>majestas,</span> <span class='ocrx_word' id='word_1_112' title='bbox 1120 1178 1258 1228; x_wconf 90' lang='lat' dir='ltr'>quibus</span> <span class='ocrx_word' id='word_1_113' title='bbox 1275 1178 1376 1215; x_wconf 88' lang='lat' dir='ltr'>idem</span> 
     </span>
     <span class='ocr_line' id='line_1_18' title="bbox 363 1240 1377 1289; baseline 0.001 -14"><span class='ocrx_word' id='word_1_114' title='bbox 363 1240 557 1288; x_wconf 73' lang='lat' dir='ltr'>negotium</span> <span class='ocrx_word' id='word_1_115' title='bbox 583 1240 738 1289; x_wconf 78' lang='lat' dir='ltr'>dignum</span> <span class='ocrx_word' id='word_1_116' title='bbox 769 1240 879 1276; x_wconf 82' lang='lat' dir='ltr'>duxit</span> <span class='ocrx_word' id='word_1_117' title='bbox 906 1241 1144 1277; x_wconf 85' lang='lat' dir='ltr'>committere</span> <span class='ocrx_word' id='word_1_118' title='bbox 1164 1240 1377 1277; x_wconf 89' lang='lat' dir='ltr'>terminan-</span> 
     </span>
     <span class='ocr_line' id='line_1_19' title="bbox 363 1299 1374 1350; baseline 0.001 -14"><span class='ocrx_word' id='word_1_119' title='bbox 363 1300 468 1337; x_wconf 90' lang='lat' dir='ltr'>dum.</span> <span class='ocrx_word' id='word_1_120' title='bbox 498 1300 626 1347; x_wconf 81' lang='lat' dir='ltr'>Absit,</span> <span class='ocrx_word' id='word_1_121' title='bbox 657 1299 755 1337; x_wconf 90' lang='lat' dir='ltr'>absit</span> <span class='ocrx_word' id='word_1_122' title='bbox 786 1309 828 1337; x_wconf 86' lang='lat' dir='ltr'>ut</span> <span class='ocrx_word' id='word_1_123' title='bbox 859 1315 957 1338; x_wconf 78' lang='lat' dir='ltr'>saeva</span> <span class='ocrx_word' id='word_1_124' title='bbox 990 1300 1150 1338; x_wconf 84' lang='lat' dir='ltr'>ambitio</span> <span class='ocrx_word' id='word_1_125' title='bbox 1186 1302 1374 1350; x_wconf 80' lang='lat' dir='ltr'>refugium</span> 
     </span>
     <span class='ocr_line' id='line_1_20' title="bbox 362 1360 1376 1411; baseline 0.001 -15"><span class='ocrx_word' id='word_1_126' title='bbox 362 1360 500 1397; x_wconf 88' lang='lat' dir='ltr'>habeat</span> <span class='ocrx_word' id='word_1_127' title='bbox 517 1360 620 1411; x_wconf 90' lang='lat' dir='ltr'>apud</span> <span class='ocrx_word' id='word_1_128' title='bbox 637 1361 866 1398; x_wconf 79' lang='lat' dir='ltr'>innocentiae</span> <span class='ocrx_word' id='word_1_129' title='bbox 883 1361 1136 1398; x_wconf 84' lang='lat' dir='ltr'>defensorem.</span> <span class='ocrx_word' id='word_1_130' title='bbox 1154 1364 1237 1398; x_wconf 90' lang='lat' dir='ltr'>Hoc</span> <span class='ocrx_word' id='word_1_131' title='bbox 1250 1362 1376 1411; x_wconf 91' lang='lat' dir='ltr'>ipsum</span> 
     </span>
     <span class='ocr_line' id='line_1_21' title="bbox 363 1421 1376 1472; baseline 0.001 -16"><span class='ocrx_word' id='word_1_132' title='bbox 363 1429 516 1470; x_wconf 70' lang='lat' dir='ltr'>quantae</span> <span class='ocrx_word' id='word_1_133' title='bbox 537 1421 703 1458; x_wconf 64' lang='lat' dir='ltr'>audaciae</span> <span class='ocrx_word' id='word_1_134' title='bbox 733 1430 789 1458; x_wconf 91' lang='lat' dir='ltr'>est</span> <span class='ocrx_word' id='word_1_135' title='bbox 820 1422 925 1471; x_wconf 90' lang='lat' dir='ltr'>quod</span> <span class='ocrx_word' id='word_1_136' title='bbox 959 1431 1095 1469; x_wconf 85' lang='lat' dir='ltr'>tentat,</span> <span class='ocrx_word' id='word_1_137' title='bbox 1126 1430 1279 1472; x_wconf 83' lang='lat' dir='ltr'>quantae</span> <span class='ocrx_word' id='word_1_138' title='bbox 1307 1421 1376 1458; x_wconf 89' lang='lat' dir='ltr'>de-</span> 
     </span>
     <span class='ocr_line' id='line_1_22' title="bbox 363 1481 1375 1532; baseline 0 -14"><span class='ocrx_word' id='word_1_139' title='bbox 363 1482 516 1518; x_wconf 86' lang='lat' dir='ltr'>mentiae</span> <span class='ocrx_word' id='word_1_140' title='bbox 551 1482 655 1531; x_wconf 90' lang='lat' dir='ltr'>quod</span> <span class='ocrx_word' id='word_1_141' title='bbox 690 1484 843 1532; x_wconf 78' lang='lat' dir='ltr'>sperat?</span> <span class='ocrx_word' id='word_1_142' title='bbox 872 1483 995 1520; x_wconf 87' lang='lat' dir='ltr'>Semel</span> <span class='ocrx_word' id='word_1_143' title='bbox 1030 1491 1068 1519; x_wconf 85' lang='lat' dir='ltr'>et</span> <span class='ocrx_word' id='word_1_144' title='bbox 1098 1482 1267 1519; x_wconf 88' lang='lat' dir='ltr'>secundo</span> <span class='ocrx_word' id='word_1_145' title='bbox 1296 1481 1375 1531; x_wconf 85' lang='lat' dir='ltr'>jam</span> 
     </span>
     <span class='ocr_line' id='line_1_23' title="bbox 363 1541 1376 1593; baseline 0 -15"><span class='ocrx_word' id='word_1_146' title='bbox 363 1543 564 1592; x_wconf 87' lang='lat' dir='ltr'>apostolici</span> <span class='ocrx_word' id='word_1_147' title='bbox 581 1551 824 1593; x_wconf 87' lang='lat' dir='ltr'>contemptor</span> <span class='ocrx_word' id='word_1_148' title='bbox 836 1543 1208 1593; x_wconf 83' lang='lat' dir='ltr'>mandati‚justitiam</span> <span class='ocrx_word' id='word_1_149' title='bbox 1223 1541 1376 1579; x_wconf 86' lang='lat' dir='ltr'>subter—</span> 
     </span>
     <span class='ocr_line' id='line_1_24' title="bbox 363 1603 1377 1654; baseline 0 -15"><span class='ocrx_word' id='word_1_150' title='bbox 363 1603 486 1652; x_wconf 78' lang='lat' dir='ltr'>fugit:</span> <span class='ocrx_word' id='word_1_151' title='bbox 509 1612 546 1639; x_wconf 90' lang='lat' dir='ltr'>et</span> <span class='ocrx_word' id='word_1_152' title='bbox 578 1617 681 1640; x_wconf 90' lang='lat' dir='ltr'>nunc</span> <span class='ocrx_word' id='word_1_153' title='bbox 711 1604 985 1654; x_wconf 87' lang='lat' dir='ltr'>impudentiori</span> <span class='ocrx_word' id='word_1_154' title='bbox 1015 1605 1226 1641; x_wconf 86' lang='lat' dir='ltr'>temeritate</span> <span class='ocrx_word' id='word_1_155' title='bbox 1262 1603 1377 1639; x_wconf 88' lang='lat' dir='ltr'>audet</span> 
     </span>
     <span class='ocr_line' id='line_1_25' title="bbox 364 1662 1376 1714; baseline -0.001 -15"><span class='ocrx_word' id='word_1_156' title='bbox 364 1662 493 1700; x_wconf 90' lang='lat' dir='ltr'>denuo</span> <span class='ocrx_word' id='word_1_157' title='bbox 531 1663 780 1701; x_wconf 88' lang='lat' dir='ltr'>nihilominus</span> <span class='ocrx_word' id='word_1_158' title='bbox 819 1672 932 1701; x_wconf 88' lang='lat' dir='ltr'>tantae</span> <span class='ocrx_word' id='word_1_159' title='bbox 977 1663 1164 1714; x_wconf 80' lang='lat' dir='ltr'>aequitatis</span> <span class='ocrx_word' id='word_1_160' title='bbox 1205 1662 1376 1699; x_wconf 77' lang='lat' dir='ltr'>vultibus</span> 
     </span>
     <span class='ocr_line' id='line_1_26' title="bbox 361 1723 1375 1775; baseline -0.001 -15"><span class='ocrx_word' id='word_1_161' title='bbox 361 1724 609 1773; x_wconf 69' lang='lat' dir='ltr'>praesentari?</span> <span class='ocrx_word' id='word_1_162' title='bbox 636 1725 704 1761; x_wconf 92' lang='lat' dir='ltr'>Cui</span> <span class='ocrx_word' id='word_1_163' title='bbox 724 1723 931 1762; x_wconf 87' lang='lat' dir='ltr'>obscurum</span> <span class='ocrx_word' id='word_1_164' title='bbox 956 1734 1013 1762; x_wconf 88' lang='lat' dir='ltr'>est</span> <span class='ocrx_word' id='word_1_165' title='bbox 1035 1739 1149 1775; x_wconf 90' lang='lat' dir='ltr'>quam</span> <span class='ocrx_word' id='word_1_166' title='bbox 1174 1724 1292 1774; x_wconf 91' lang='lat' dir='ltr'>impie</span> <span class='ocrx_word' id='word_1_167' title='bbox 1310 1737 1375 1760; x_wconf 91' lang='lat' dir='ltr'>co-</span> 
     </span>
     <span class='ocr_line' id='line_1_27' title="bbox 361 1783 1375 1834; baseline -0.001 -14"><span class='ocrx_word' id='word_1_168' title='bbox 361 1785 454 1834; x_wconf 78' lang='lat' dir='ltr'>gitet</span> <span class='ocrx_word' id='word_1_169' title='bbox 483 1785 522 1821; x_wconf 89' lang='lat' dir='ltr'>in</span> <span class='ocrx_word' id='word_1_170' title='bbox 553 1798 780 1822; x_wconf 84' lang='lat' dir='ltr'>mammonae</span> <span class='ocrx_word' id='word_1_171' title='bbox 807 1785 954 1822; x_wconf 68' lang='lat' dir='ltr'>viribus</span> <span class='ocrx_word' id='word_1_172' title='bbox 976 1786 1111 1822; x_wconf 87' lang='lat' dir='ltr'>turrim</span> <span class='ocrx_word' id='word_1_173' title='bbox 1141 1783 1375 1821; x_wconf 84' lang='lat' dir='ltr'>fortitudinis</span> 
     </span>
    </p>
   </div>
   <div class='ocr_carea' id='block_1_5' title="bbox 1135 199 1689 234">
    <p class='ocr_par' dir='ltr' id='par_1_5' title="bbox 1135 199 1689 234">
     <span class='ocr_line' id='line_1_28' title="bbox 1135 199 1689 234; baseline -0.002 0"><span class='ocrx_word' id='word_1_174' title='bbox 1135 200 1170 234; x_wconf 93' lang='lat' dir='ltr'>S.</span> <span class='ocrx_word' id='word_1_175' title='bbox 1203 199 1455 233; x_wconf 67' lang='lat' dir='ltr'>RERNARDI</span> <span class='ocrx_word' id='word_1_176' title='bbox 1484 200 1689 234; x_wconf 81' lang='lat' dir='ltr'><strong>ABBATIS</strong></span> 
     </span>
    </p>
   </div>
   <div class='ocr_carea' id='block_1_6' title="bbox 1391 274 1438 292">
    <p class='ocr_par' dir='ltr' id='par_1_6' title="bbox 1391 274 1438 292">
     <span class='ocr_line' id='line_1_29' title="bbox 1391 274 1438 292; baseline 0.021 -1"><span class='ocrx_word' id='word_1_177' title='bbox 1391 274 1438 292; x_wconf 68' lang='lat'>«54</span> 
     </span>
    </p>
   </div>
   <div class='ocr_carea' id='block_1_7' title="bbox 2378 199 2449 236">
    <p class='ocr_par' dir='ltr' id='par_1_7' title="bbox 2378 199 2449 236">
     <span class='ocr_line' id='line_1_30' title="bbox 2378 199 2449 236; baseline 0.028 -2"><span class='ocrx_word' id='word_1_178' title='bbox 2378 199 2449 236; x_wconf 75' lang='lat'>364</span> 
     </span>
    </p>
   </div>
   <div class='ocr_carea' id='block_1_8' title="bbox 2169 358 2453 370">
    <p class='ocr_par' dir='ltr' id='par_1_8' title="bbox 2169 358 2453 370">
     <span class='ocr_line' id='line_1_31' title="bbox 2169 358 2453 370; baseline 0.011 -3"><span class='ocrx_word' id='word_1_179' title='bbox 2169 358 2282 368; x_wconf 58' lang='grc' dir='ltr'>ιιιιιιιι</span> <span class='ocrx_word' id='word_1_180' title='bbox 2287 358 2425 369; x_wconf 56' lang='grc' dir='ltr'>ιιιῑιινιιι</span> <span class='ocrx_word' id='word_1_181' title='bbox 2429 360 2453 370; x_wconf 55' lang='grc' dir='ltr'>ις</span> 
     </span>
    </p>
   </div>
   <div class='ocr_carea' id='block_1_9' title="bbox 1659 464 2260 524">
    <p class='ocr_par' dir='ltr' id='par_1_9' title="bbox 1659 464 2260 524">
     <span class='ocr_line' id='line_1_32' title="bbox 1659 464 2260 524; baseline 0.002 -2"><span class='ocrx_word' id='word_1_182' title='bbox 1659 464 2033 523; x_wconf 72' lang='lat' dir='ltr'>EPISTOLA</span> <span class='ocrx_word' id='word_1_183' title='bbox 2093 465 2260 524; x_wconf 60' lang='lat' dir='ltr'>CLI?</span> 
     </span>
    </p>
   </div>
   <div class='ocr_carea' id='block_1_10' title="bbox 1445 623 2454 664">
    <p class='ocr_par' dir='ltr' id='par_1_10' title="bbox 1445 623 2454 664">
     <span class='ocr_line' id='line_1_33' title="bbox 1445 623 2454 664; baseline 0.003 -4"><span class='ocrx_word' id='word_1_184' title='bbox 1445 639 1490 660; x_wconf 75' lang='lat' dir='ltr'>AD</span> <span class='ocrx_word' id='word_1_185' title='bbox 1512 638 1717 660; x_wconf 61' lang='lat' dir='ltr'>PHILIPPL‘M</span> <span class='ocrx_word' id='word_1_186' title='bbox 1735 636 1966 660; x_wconf 67' lang='lat' dir='ltr'>TCRONENSIS</span> <span class='ocrx_word' id='word_1_187' title='bbox 1981 637 2161 660; x_wconf 75' lang='lat' dir='ltr'>ECCLESIAE</span> <span class='ocrx_word' id='word_1_188' title='bbox 2176 623 2454 664; x_wconf 69' lang='lat' dir='ltr'>INVASOREM*¹’.</span> 
     </span>
    </p>
   </div>
   <div class='ocr_carea' id='block_1_11' title="bbox 1443 756 2457 853">
    <p class='ocr_par' dir='ltr' id='par_1_11' title="bbox 1443 756 2457 853">
     <span class='ocr_line' id='line_1_34' title="bbox 1443 756 2457 799; baseline -0.002 -10"><span class='ocrx_word' id='word_1_189' title='bbox 1443 762 1579 790; x_wconf 74' lang='lat' dir='ltr'>Gravem</span> <span class='ocrx_word' id='word_1_190' title='bbox 1598 757 1692 788; x_wconf 87' lang='lat' dir='ltr'>animi</span> <span class='ocrx_word' id='word_1_191' title='bbox 1711 758 1758 787; x_wconf 88' lang='lat' dir='ltr'>sui</span> <span class='ocrx_word' id='word_1_192' title='bbox 1780 757 1918 788; x_wconf 81' lang='lat' dir='ltr'>dolorem</span> <span class='ocrx_word' id='word_1_193' title='bbox 1941 757 2086 799; x_wconf 75' lang='lat' dir='ltr'>exprimit</span> <span class='ocrx_word' id='word_1_194' title='bbox 2106 767 2200 799; x_wconf 88' lang='lat' dir='ltr'>super</span> <span class='ocrx_word' id='word_1_195' title='bbox 2213 756 2359 799; x_wconf 84' lang='lat' dir='ltr'>Philippo</span> <span class='ocrx_word' id='word_1_196' title='bbox 2371 781 2378 794; x_wconf 85' lang='lat'><strong><em>‚</em></strong></span> <span class='ocrx_word' id='word_1_197' title='bbox 2394 760 2457 789; x_wconf 89' lang='lat' dir='ltr'>Tu-.</span> 
     </span>
     <span class='ocr_line' id='line_1_35' title="bbox 1466 810 2436 853; baseline 0 -10"><span class='ocrx_word' id='word_1_198' title='bbox 1466 812 1606 843; x_wconf 86' lang='lat' dir='ltr'>ronensis</span> <span class='ocrx_word' id='word_1_199' title='bbox 1621 811 1764 842; x_wconf 67' lang='lat' dir='ltr'>Ecclesize</span> <span class='ocrx_word' id='word_1_200' title='bbox 1779 812 1980 853; x_wconf 61' lang='lat' dir='ltr'>praesulatum</span> <span class='ocrx_word' id='word_1_201' title='bbox 1994 810 2141 842; x_wconf 86' lang='lat' dir='ltr'>indebitis</span> <span class='ocrx_word' id='word_1_202' title='bbox 2155 810 2256 842; x_wconf 85' lang='lat' dir='ltr'>modis</span> <span class='ocrx_word' id='word_1_203' title='bbox 2269 810 2436 843; x_wconf 85' lang='lat' dir='ltr'>ambiente.</span> 
     </span>
    </p>
   </div>
   <div class='ocr_carea' id='block_1_12' title="bbox 1445 931 2457 1040">
    <p class='ocr_par' dir='ltr' id='par_1_12' title="bbox 1445 931 2457 1040">
     <span class='ocr_line' id='line_1_36' title="bbox 1498 931 2457 982; baseline 0.001 -14"><span class='ocrx_word' id='word_1_204' title='bbox 1498 931 1619 968; x_wconf 90' lang='lat' dir='ltr'>Doleo</span> <span class='ocrx_word' id='word_1_205' title='bbox 1652 944 1768 980; x_wconf 85' lang='lat' dir='ltr'>super</span> <span class='ocrx_word' id='word_1_206' title='bbox 1802 940 1858 976; x_wconf 85' lang='lat' dir='ltr'>te,</span> <span class='ocrx_word' id='word_1_207' title='bbox 1893 931 2068 982; x_wconf 84' lang='lat' dir='ltr'>Philippe</span> <span class='ocrx_word' id='word_1_208' title='bbox 2101 931 2318 969; x_wconf 86' lang='lat' dir='ltr'>charissime</span> <span class='ocrx_word' id='word_1_209' title='bbox 2349 947 2357 968; x_wconf 73' lang='grc' dir='ltr'>ε</span> <span class='ocrx_word' id='word_1_210' title='bbox 2391 932 2457 969; x_wconf 89' lang='lat' dir='ltr'>sed</span> 
     </span>
     <span class='ocr_line' id='line_1_37' title="bbox 1445 990 2457 1040; baseline 0.004 -14"><span class='ocrx_word' id='word_1_211' title='bbox 1445 1004 1574 1040; x_wconf 76' lang='lat' dir='ltr'>quaeso</span> <span class='ocrx_word' id='word_1_212' title='bbox 1597 999 1633 1027; x_wconf 88' lang='lat' dir='ltr'>te</span> <span class='ocrx_word' id='word_1_213' title='bbox 1651 1004 1698 1027; x_wconf 86' lang='lat' dir='ltr'>ne</span> <span class='ocrx_word' id='word_1_214' title='bbox 1720 990 1844 1027; x_wconf 86' lang='lat' dir='ltr'>rideas</span> <span class='ocrx_word' id='word_1_215' title='bbox 1862 991 2036 1028; x_wconf 89' lang='lat' dir='ltr'>dolorem</span> <span class='ocrx_word' id='word_1_216' title='bbox 2057 1006 2208 1039; x_wconf 87' lang='lat' dir='ltr'>meum;</span> <span class='ocrx_word' id='word_1_217' title='bbox 2229 1006 2316 1029; x_wconf 89' lang='lat' dir='ltr'>nam</span> <span class='ocrx_word' id='word_1_218' title='bbox 2339 992 2369 1030; x_wconf 89' lang='lat' dir='ltr'>si</span> <span class='ocrx_word' id='word_1_219' title='bbox 2390 991 2457 1030; x_wconf 88' lang='lat' dir='ltr'>tibi</span> 
     </span>
    </p>
   </div>
   <div class='ocr_carea' id='block_1_13' title="bbox 1397 1051 2458 1097">
    <p class='ocr_par' dir='ltr' id='par_1_13' title="bbox 1397 1051 2458 1097">
     <span class='ocr_line' id='line_1_38' title="bbox 1397 1051 2458 1097; baseline 0 -8"><span class='ocrx_word' id='word_1_220' title='bbox 1397 1051 1601 1089; x_wconf 86' lang='lat' dir='ltr'>Bminime</span> <span class='ocrx_word' id='word_1_221' title='bbox 1635 1051 1777 1087; x_wconf 61' lang='lat' dir='ltr'>videris</span> <span class='ocrx_word' id='word_1_222' title='bbox 1816 1051 1974 1087; x_wconf 86' lang='lat' dir='ltr'>forsitan</span> <span class='ocrx_word' id='word_1_223' title='bbox 2014 1064 2094 1089; x_wconf 89' lang='lat' dir='ltr'>esse</span> <span class='ocrx_word' id='word_1_224' title='bbox 2128 1051 2336 1097; x_wconf 83' lang='lat' dir='ltr'>dolendus,</span> <span class='ocrx_word' id='word_1_225' title='bbox 2370 1051 2458 1090; x_wconf 84' lang='lat' dir='ltr'>ideo</span> 
     </span>
    </p>
   </div>
   <div class='ocr_carea' id='block_1_14' title="bbox 1443 1111 2459 1829">
    <p class='ocr_par' dir='ltr' id='par_1_14' title="bbox 1443 1111 2459 1829">
     <span class='ocr_line' id='line_1_39' title="bbox 1443 1111 2455 1162; baseline 0.001 -14"><span class='ocrx_word' id='word_1_226' title='bbox 1443 1112 1562 1161; x_wconf 79' lang='lat' dir='ltr'>magis</span> <span class='ocrx_word' id='word_1_227' title='bbox 1582 1111 1784 1148; x_wconf 90' lang='lat' dir='ltr'>dolendus.</span> <span class='ocrx_word' id='word_1_228' title='bbox 1806 1115 1862 1149; x_wconf 87' lang='lat' dir='ltr'>Tu</span> <span class='ocrx_word' id='word_1_229' title='bbox 1882 1111 2026 1148; x_wconf 83' lang='lat' dir='ltr'>videris</span> <span class='ocrx_word' id='word_1_230' title='bbox 2044 1112 2138 1162; x_wconf 90' lang='lat' dir='ltr'>quid</span> <span class='ocrx_word' id='word_1_231' title='bbox 2163 1112 2209 1149; x_wconf 91' lang='lat' dir='ltr'>de</span> <span class='ocrx_word' id='word_1_232' title='bbox 2230 1120 2266 1149; x_wconf 90' lang='lat' dir='ltr'>te</span> <span class='ocrx_word' id='word_1_233' title='bbox 2287 1113 2426 1149; x_wconf 88' lang='lat' dir='ltr'>sentias</span> <span class='ocrx_word' id='word_1_234' title='bbox 2447 1128 2455 1150; x_wconf 74' lang='grc' dir='ltr'>ε</span> 
     </span>
     <span class='ocr_line' id='line_1_40' title="bbox 1443 1171 2457 1222; baseline 0.001 -14"><span class='ocrx_word' id='word_1_235' title='bbox 1443 1186 1513 1221; x_wconf 76' lang='lat' dir='ltr'>ego</span> <span class='ocrx_word' id='word_1_236' title='bbox 1541 1181 1576 1209; x_wconf 90' lang='lat' dir='ltr'>te</span> <span class='ocrx_word' id='word_1_237' title='bbox 1607 1171 1775 1209; x_wconf 87' lang='lat' dir='ltr'>arbitror</span> <span class='ocrx_word' id='word_1_238' title='bbox 1803 1172 1909 1208; x_wconf 91' lang='lat' dir='ltr'>omni</span> <span class='ocrx_word' id='word_1_239' title='bbox 1931 1173 2185 1222; x_wconf 69' lang='lat' dir='ltr'>lacrymarum</span> <span class='ocrx_word' id='word_1_240' title='bbox 2217 1172 2322 1209; x_wconf 89' lang='lat' dir='ltr'>fonte</span> <span class='ocrx_word' id='word_1_241' title='bbox 2348 1173 2457 1222; x_wconf 90' lang='lat' dir='ltr'>plan-</span> 
     </span>
     <span class='ocr_line' id='line_1_41' title="bbox 1443 1233 2457 1283; baseline 0.002 -14"><span class='ocrx_word' id='word_1_242' title='bbox 1443 1234 1624 1283; x_wconf 69' lang='lat' dir='ltr'>gendum.</span> <span class='ocrx_word' id='word_1_243' title='bbox 1644 1234 1764 1270; x_wconf 93' lang='lat' dir='ltr'>Dolor</span> <span class='ocrx_word' id='word_1_244' title='bbox 1782 1247 1889 1270; x_wconf 91' lang='lat' dir='ltr'>meus</span> <span class='ocrx_word' id='word_1_245' title='bbox 1907 1247 1985 1270; x_wconf 91' lang='lat' dir='ltr'>non</span> <span class='ocrx_word' id='word_1_246' title='bbox 2012 1242 2069 1270; x_wconf 87' lang='lat' dir='ltr'>est</span> <span class='ocrx_word' id='word_1_247' title='bbox 2088 1233 2225 1283; x_wconf 80' lang='lat' dir='ltr'>dignus</span> <span class='ocrx_word' id='word_1_248' title='bbox 2247 1233 2457 1271; x_wconf 84' lang='lat' dir='ltr'>subsanna-</span> 
     </span>
     <span class='ocr_line' id='line_1_42' title="bbox 1445 1293 2458 1344; baseline 0.001 -13"><span class='ocrx_word' id='word_1_249' title='bbox 1445 1295 1566 1338; x_wconf 89' lang='lat' dir='ltr'>tione,</span> <span class='ocrx_word' id='word_1_250' title='bbox 1589 1294 1654 1331; x_wconf 86' lang='lat' dir='ltr'>sed</span> <span class='ocrx_word' id='word_1_251' title='bbox 1675 1295 1940 1344; x_wconf 87' lang='lat' dir='ltr'>compassione</span> <span class='ocrx_word' id='word_1_252' title='bbox 1960 1310 1968 1331; x_wconf 91' lang='lat'>:</span> <span class='ocrx_word' id='word_1_253' title='bbox 1991 1294 2080 1344; x_wconf 87' lang='lat' dir='ltr'>quia</span> <span class='ocrx_word' id='word_1_254' title='bbox 2101 1293 2214 1331; x_wconf 87' lang='lat' dir='ltr'>dolor</span> <span class='ocrx_word' id='word_1_255' title='bbox 2243 1307 2350 1331; x_wconf 88' lang='lat' dir='ltr'>meus</span> <span class='ocrx_word' id='word_1_256' title='bbox 2379 1307 2458 1332; x_wconf 89' lang='lat' dir='ltr'>non</span> 
     </span>
     <span class='ocr_line' id='line_1_43' title="bbox 1444 1354 2459 1405; baseline 0 -13"><span class='ocrx_word' id='word_1_257' title='bbox 1444 1364 1500 1392; x_wconf 91' lang='lat' dir='ltr'>est</span> <span class='ocrx_word' id='word_1_258' title='bbox 1537 1355 1583 1392; x_wconf 90' lang='lat' dir='ltr'>de</span> <span class='ocrx_word' id='word_1_259' title='bbox 1618 1368 1731 1392; x_wconf 87' lang='lat' dir='ltr'>carne</span> <span class='ocrx_word' id='word_1_260' title='bbox 1761 1364 1797 1391; x_wconf 78' lang='lat' dir='ltr'>et</span> <span class='ocrx_word' id='word_1_261' title='bbox 1831 1355 2037 1405; x_wconf 80' lang='lat' dir='ltr'>sanguine3</span> <span class='ocrx_word' id='word_1_262' title='bbox 2065 1368 2144 1392; x_wconf 89' lang='lat' dir='ltr'>non</span> <span class='ocrx_word' id='word_1_263' title='bbox 2175 1355 2223 1392; x_wconf 87' lang='lat' dir='ltr'>de</span> <span class='ocrx_word' id='word_1_264' title='bbox 2257 1354 2459 1392; x_wconf 87' lang='lat' dir='ltr'>amissione</span> 
     </span>
     <span class='ocr_line' id='line_1_44' title="bbox 1444 1414 2457 1465; baseline 0 -14"><span class='ocrx_word' id='word_1_265' title='bbox 1444 1429 1571 1452; x_wconf 89' lang='lat' dir='ltr'>rerum</span> <span class='ocrx_word' id='word_1_266' title='bbox 1594 1415 1853 1465; x_wconf 90' lang='lat' dir='ltr'>periturarum</span> <span class='ocrx_word' id='word_1_267' title='bbox 1866 1445 1874 1461; x_wconf 89' lang='lat'>,</span> <span class='ocrx_word' id='word_1_268' title='bbox 1894 1414 1960 1452; x_wconf 87' lang='lat' dir='ltr'>sed</span> <span class='ocrx_word' id='word_1_269' title='bbox 1979 1414 2025 1451; x_wconf 89' lang='lat' dir='ltr'>de</span> <span class='ocrx_word' id='word_1_270' title='bbox 2047 1423 2103 1462; x_wconf 88' lang='lat' dir='ltr'>te,</span> <span class='ocrx_word' id='word_1_271' title='bbox 2124 1429 2147 1451; x_wconf 92' lang='lat' dir='ltr'>o</span> <span class='ocrx_word' id='word_1_272' title='bbox 2164 1415 2351 1465; x_wconf 89' lang='lat' dir='ltr'>Philippe.</span> <span class='ocrx_word' id='word_1_273' title='bbox 2373 1417 2457 1452; x_wconf 89' lang='lat' dir='ltr'>Non</span> 
     </span>
     <span class='ocr_line' id='line_1_45' title="bbox 1443 1475 2457 1526; baseline 0 -14"><span class='ocrx_word' id='word_1_274' title='bbox 1443 1477 1551 1526; x_wconf 89' lang='lat' dir='ltr'>potui</span> <span class='ocrx_word' id='word_1_275' title='bbox 1589 1476 1805 1526; x_wconf 78' lang='lat' dir='ltr'>expressius</span> <span class='ocrx_word' id='word_1_276' title='bbox 1851 1476 2114 1513; x_wconf 87' lang='lat' dir='ltr'>demonstrare</span> <span class='ocrx_word' id='word_1_277' title='bbox 2155 1475 2457 1525; x_wconf 87' lang='lat' dir='ltr'>magnitudinem</span> 
     </span>
     <span class='ocr_line' id='line_1_46' title="bbox 1443 1537 2458 1588; baseline 0 -14"><span class='ocrx_word' id='word_1_278' title='bbox 1443 1551 1565 1574; x_wconf 69' lang='lat' dir='ltr'>causae</span> <span class='ocrx_word' id='word_1_279' title='bbox 1583 1537 1727 1574; x_wconf 90' lang='lat' dir='ltr'>doloris</span> <span class='ocrx_word' id='word_1_280' title='bbox 1750 1553 1757 1574; x_wconf 91' lang='lat'>:</span> <span class='ocrx_word' id='word_1_281' title='bbox 1778 1537 1979 1588; x_wconf 89' lang='lat' dir='ltr'>Philippus</span> <span class='ocrx_word' id='word_1_282' title='bbox 1998 1545 2055 1575; x_wconf 88' lang='lat' dir='ltr'>est</span> <span class='ocrx_word' id='word_1_283' title='bbox 2071 1537 2110 1574; x_wconf 91' lang='lat' dir='ltr'>in</span> <span class='ocrx_word' id='word_1_284' title='bbox 2127 1550 2250 1574; x_wconf 89' lang='lat' dir='ltr'>causa.</span> <span class='ocrx_word' id='word_1_285' title='bbox 2272 1540 2367 1575; x_wconf 90' lang='lat' dir='ltr'>Cum</span> <span class='ocrx_word' id='word_1_286' title='bbox 2385 1537 2458 1574; x_wconf 90' lang='lat' dir='ltr'>hoc</span> 
     </span>
     <span class='ocr_line' id='line_1_47' title="bbox 1443 1597 2458 1648; baseline 0 -14"><span class='ocrx_word' id='word_1_287' title='bbox 1443 1597 1548 1643; x_wconf 93' lang='lat' dir='ltr'>dico,</span> <span class='ocrx_word' id='word_1_288' title='bbox 1570 1611 1724 1647; x_wconf 81' lang='lat' dir='ltr'>gravem</span> <span class='ocrx_word' id='word_1_289' title='bbox 1747 1598 1925 1634; x_wconf 83' lang='lat' dir='ltr'>Ecclesiae</span> <span class='ocrx_word' id='word_1_290' title='bbox 1952 1597 2166 1648; x_wconf 86' lang='lat' dir='ltr'>pronuntio</span> <span class='ocrx_word' id='word_1_291' title='bbox 2189 1598 2355 1644; x_wconf 89' lang='lat' dir='ltr'>luctum,</span> <span class='ocrx_word' id='word_1_292' title='bbox 2373 1610 2458 1646; x_wconf 89' lang='lat' dir='ltr'>quae</span> 
     </span>
     <span class='ocr_line' id='line_1_48' title="bbox 1443 1656 2459 1708; baseline 0 -14"><span class='ocrx_word' id='word_1_293' title='bbox 1443 1665 1478 1694; x_wconf 92' lang='lat' dir='ltr'>te</span> <span class='ocrx_word' id='word_1_294' title='bbox 1496 1657 1700 1707; x_wconf 85' lang='lat' dir='ltr'>aliquando</span> <span class='ocrx_word' id='word_1_295' title='bbox 1721 1671 1790 1694; x_wconf 88' lang='lat' dir='ltr'>suo</span> <span class='ocrx_word' id='word_1_296' title='bbox 1809 1657 1954 1707; x_wconf 82' lang='lat' dir='ltr'>gremio</span> <span class='ocrx_word' id='word_1_297' title='bbox 1977 1656 2227 1704; x_wconf 84' lang='lat' dir='ltr'>confovebat,</span> <span class='ocrx_word' id='word_1_298' title='bbox 2245 1657 2459 1708; x_wconf 83' lang='lat' dir='ltr'>germinan-</span> 
     </span>
     <span class='ocr_line' id='line_1_49' title="bbox 1443 1717 2454 1764; baseline -0.001 -8"><span class='ocrx_word' id='word_1_299' title='bbox 1443 1727 1516 1756; x_wconf 88' lang='lat' dir='ltr'>tem</span> <span class='ocrx_word' id='word_1_300' title='bbox 1540 1718 1636 1754; x_wconf 85' lang='lat' dir='ltr'>sicut</span> <span class='ocrx_word' id='word_1_301' title='bbox 1655 1718 1795 1764; x_wconf 87' lang='lat' dir='ltr'>lilium,</span> <span class='ocrx_word' id='word_1_302' title='bbox 1825 1718 2026 1755; x_wconf 86' lang='lat' dir='ltr'>florentem</span> <span class='ocrx_word' id='word_1_303' title='bbox 2055 1718 2166 1756; x_wconf 87' lang='lat' dir='ltr'>donis</span> <span class='ocrx_word' id='word_1_304' title='bbox 2195 1717 2412 1755; x_wconf 82' lang='lat' dir='ltr'>coelestibus</span> <span class='ocrx_word' id='word_1_305' title='bbox 2428 1724 2454 1755; x_wconf 78' lang='lat'>⁴².</span> 
     </span>
     <span class='ocr_line' id='line_1_50' title="bbox 1443 1777 2456 1829; baseline 0.001 -15"><span class='ocrx_word' id='word_1_306' title='bbox 1443 1778 1534 1827; x_wconf 87' lang='lat' dir='ltr'>Quis</span> <span class='ocrx_word' id='word_1_307' title='bbox 1562 1786 1652 1815; x_wconf 90' lang='lat' dir='ltr'>tunc</span> <span class='ocrx_word' id='word_1_308' title='bbox 1681 1779 1866 1829; x_wconf 88' lang='lat' dir='ltr'>temporis</span> <span class='ocrx_word' id='word_1_309' title='bbox 1896 1792 1974 1815; x_wconf 92' lang='lat' dir='ltr'>non</span> <span class='ocrx_word' id='word_1_310' title='bbox 2004 1777 2213 1824; x_wconf 87' lang='lat' dir='ltr'>clamabat,</span> <span class='ocrx_word' id='word_1_311' title='bbox 2236 1777 2350 1815; x_wconf 84' lang='lat' dir='ltr'>honae</span> <span class='ocrx_word' id='word_1_312' title='bbox 2377 1779 2456 1828; x_wconf 87' lang='lat' dir='ltr'>spei</span> 
     </span>
    </p>
   </div>
   <div class='ocr_carea' id='block_1_15' title="bbox 363 1838 2455 1896">
    <p class='ocr_par' dir='ltr' id='par_1_15' title="bbox 363 1838 2455 1896">
     <span class='ocr_line' id='line_1_51' title="bbox 363 1838 2455 1896; baseline 0 -22"><span class='ocrx_word' id='word_1_313' title='bbox 363 1858 608 1895; x_wconf 57' lang='lat' dir='ltr'>oppugnare,</span> <span class='ocrx_word' id='word_1_314' title='bbox 630 1845 747 1882; x_wconf 79' lang='lat' dir='ltr'>homo</span> <span class='ocrx_word' id='word_1_315' title='bbox 776 1845 842 1895; x_wconf 74' lang='lat' dir='ltr'>qui</span> <span class='ocrx_word' id='word_1_316' title='bbox 873 1845 919 1882; x_wconf 73' lang='lat' dir='ltr'>de</span> <span class='ocrx_word' id='word_1_317' title='bbox 941 1845 1088 1895; x_wconf 67' lang='lat' dir='ltr'>justitia</span> <span class='ocrx_word' id='word_1_318' title='bbox 1116 1845 1270 1896; x_wconf 69' lang='lat' dir='ltr'>penitus</span> <span class='ocrx_word' id='word_1_319' title='bbox 1295 1857 1374 1881; x_wconf 82' lang='lat' dir='ltr'>non</span> <span class='ocrx_word' id='word_1_320' title='bbox 1396 1843 1422 1879; x_wconf 95' lang='lat' dir='ltr'>C</span> <span class='ocrx_word' id='word_1_321' title='bbox 1439 1840 1644 1888; x_wconf 74' lang='lat' dir='ltr'>juvenem,</span> <span class='ocrx_word' id='word_1_322' title='bbox 1662 1838 1773 1876; x_wconf 86' lang='lat' dir='ltr'>bonae</span> <span class='ocrx_word' id='word_1_323' title='bbox 1791 1839 1931 1876; x_wconf 89' lang='lat' dir='ltr'>indolis</span> <span class='ocrx_word' id='word_1_324' title='bbox 1945 1838 2342 1891; x_wconf 79' lang='lat' dir='ltr'>adolescentem?Sed</span> <span class='ocrx_word' id='word_1_325' title='bbox 2358 1839 2455 1885; x_wconf 69' lang='lat' dir='ltr'>heu!</span> 
     </span>
    </p>
   </div>
   <div class='ocr_carea' id='block_1_16' title="bbox 362 1905 1375 2613">
    <p class='ocr_par' dir='ltr' id='par_1_16' title="bbox 362 1905 1371 2074">
     <span class='ocr_line' id='line_1_52' title="bbox 362 1905 1370 1956; baseline 0 -15"><span class='ocrx_word' id='word_1_326' title='bbox 362 1905 586 1954; x_wconf 82' lang='lat' dir='ltr'>praesumit?</span> <span class='ocrx_word' id='word_1_327' title='bbox 621 1905 694 1943; x_wconf 90' lang='lat' dir='ltr'>Sed</span> <span class='ocrx_word' id='word_1_328' title='bbox 730 1906 853 1942; x_wconf 87' lang='lat' dir='ltr'>securi</span> <span class='ocrx_word' id='word_1_329' title='bbox 891 1920 1020 1943; x_wconf 88' lang='lat' dir='ltr'>sumus</span> <span class='ocrx_word' id='word_1_330' title='bbox 1052 1921 1060 1943; x_wconf 89' lang='lat'>:</span> <span class='ocrx_word' id='word_1_331' title='bbox 1093 1905 1278 1956; x_wconf 87' lang='lat' dir='ltr'>siquidem</span> <span class='ocrx_word' id='word_1_332' title='bbox 1303 1905 1370 1954; x_wconf 89' lang='lat' dir='ltr'>qui</span> 
     </span>
     <span class='ocr_line' id='line_1_53' title="bbox 365 1965 1371 2015; baseline 0.002 -16"><span class='ocrx_word' id='word_1_333' title='bbox 365 1972 551 2010; x_wconf 86' lang='lat' dir='ltr'>tentatur,</span> <span class='ocrx_word' id='word_1_334' title='bbox 581 1965 829 2002; x_wconf 87' lang='lat' dir='ltr'>Innocentius</span> <span class='ocrx_word' id='word_1_335' title='bbox 861 1974 937 2012; x_wconf 89' lang='lat' dir='ltr'>est,</span> <span class='ocrx_word' id='word_1_336' title='bbox 969 1975 1006 2003; x_wconf 87' lang='lat' dir='ltr'>et</span> <span class='ocrx_word' id='word_1_337' title='bbox 1031 1967 1130 2003; x_wconf 86' lang='lat' dir='ltr'>filius</span> <span class='ocrx_word' id='word_1_338' title='bbox 1160 1965 1371 2015; x_wconf 88' lang='lat' dir='ltr'>iniquitatis</span> 
     </span>
     <span class='ocr_line' id='line_1_54' title="bbox 363 2027 861 2074; baseline 0.002 -13"><span class='ocrx_word' id='word_1_339' title='bbox 363 2037 441 2061; x_wconf 91' lang='lat' dir='ltr'>non</span> <span class='ocrx_word' id='word_1_340' title='bbox 472 2033 641 2074; x_wconf 80' lang='lat' dir='ltr'>apponet</span> <span class='ocrx_word' id='word_1_341' title='bbox 661 2038 799 2061; x_wconf 88' lang='lat' dir='ltr'>nocere</span> <span class='ocrx_word' id='word_1_342' title='bbox 817 2027 861 2062; x_wconf 88' lang='lat' dir='ltr'>ei.</span> 
     </span>
    </p>

    <p class='ocr_par' dir='ltr' id='par_1_17' title="bbox 362 2085 1375 2613">
     <span class='ocr_line' id='line_1_55' title="bbox 417 2085 1371 2124; baseline 0 -3"><span class='ocrx_word' id='word_1_343' title='bbox 417 2085 452 2121; x_wconf 75' lang='lat'>4.</span> <span class='ocrx_word' id='word_1_344' title='bbox 483 2088 540 2122; x_wconf 89' lang='lat' dir='ltr'>De</span> <span class='ocrx_word' id='word_1_345' title='bbox 571 2094 708 2122; x_wconf 84' lang='lat' dir='ltr'>caetero</span> <span class='ocrx_word' id='word_1_346' title='bbox 736 2087 958 2123; x_wconf 86' lang='lat' dir='ltr'>memoriam</span> <span class='ocrx_word' id='word_1_347' title='bbox 979 2086 1224 2124; x_wconf 87' lang='lat' dir='ltr'>abundantiae</span> <span class='ocrx_word' id='word_1_348' title='bbox 1243 2086 1371 2123; x_wconf 77' lang='lat' dir='ltr'>suavi-</span> 
     </span>
     <span class='ocr_line' id='line_1_56' title="bbox 364 2145 1372 2197; baseline 0.001 -16"><span class='ocrx_word' id='word_1_349' title='bbox 364 2145 448 2181; x_wconf 87' lang='lat' dir='ltr'>tatis</span> <span class='ocrx_word' id='word_1_350' title='bbox 477 2153 570 2192; x_wconf 82' lang='lat' dir='ltr'>tuae,</span> <span class='ocrx_word' id='word_1_351' title='bbox 606 2145 822 2183; x_wconf 89' lang='lat' dir='ltr'>dulcissime</span> <span class='ocrx_word' id='word_1_352' title='bbox 852 2151 977 2193; x_wconf 86' lang='lat' dir='ltr'>Pater,</span> <span class='ocrx_word' id='word_1_353' title='bbox 1015 2147 1104 2184; x_wconf 88' lang='lat' dir='ltr'>dum</span> <span class='ocrx_word' id='word_1_354' title='bbox 1137 2147 1372 2197; x_wconf 85' lang='lat' dir='ltr'>suspiramus</span> 
     </span>
     <span class='ocr_line' id='line_1_57' title="bbox 362 2206 1371 2255; baseline 0.001 -14"><span class='ocrx_word' id='word_1_355' title='bbox 362 2206 809 2255; x_wconf 75' lang='lat' dir='ltr'>praesentiam,dulciter</span> <span class='ocrx_word' id='word_1_356' title='bbox 834 2207 998 2243; x_wconf 70' lang='lat' dir='ltr'>invicem</span> <span class='ocrx_word' id='word_1_357' title='bbox 1016 2216 1232 2244; x_wconf 85' lang='lat' dir='ltr'>eructamus</span> <span class='ocrx_word' id='word_1_358' title='bbox 1253 2222 1260 2243; x_wconf 93' lang='lat'><strong>:</strong></span> <span class='ocrx_word' id='word_1_359' title='bbox 1283 2206 1371 2255; x_wconf 90' lang='lat' dir='ltr'>quia</span> 
     </span>
     <span class='ocr_line' id='line_1_58' title="bbox 363 2265 1373 2312; baseline 0.001 -11"><span class='ocrx_word' id='word_1_360' title='bbox 363 2278 536 2302; x_wconf 89' lang='lat' dir='ltr'>caremus</span> <span class='ocrx_word' id='word_1_361' title='bbox 566 2265 650 2312; x_wconf 86' lang='lat' dir='ltr'>illa,</span> <span class='ocrx_word' id='word_1_362' title='bbox 677 2266 718 2302; x_wconf 90' lang='lat' dir='ltr'>in</span> <span class='ocrx_word' id='word_1_363' title='bbox 747 2267 818 2303; x_wconf 89' lang='lat' dir='ltr'>ista</span> <span class='ocrx_word' id='word_1_364' title='bbox 841 2265 1098 2304; x_wconf 89' lang='lat' dir='ltr'>consolamur.</span> <span class='ocrx_word' id='word_1_365' title='bbox 1122 2271 1212 2304; x_wconf 80' lang='lat' dir='ltr'>Haec</span> <span class='ocrx_word' id='word_1_366' title='bbox 1241 2266 1373 2303; x_wconf 89' lang='lat' dir='ltr'>sedula</span> 
     </span>
     <span class='ocr_line' id='line_1_59' title="bbox 362 2324 1373 2376; baseline 0.001 -15"><span class='ocrx_word' id='word_1_367' title='bbox 362 2324 560 2371; x_wconf 88' lang='lat' dir='ltr'>cordibus,</span> <span class='ocrx_word' id='word_1_368' title='bbox 578 2325 659 2362; x_wconf 89' lang='lat' dir='ltr'>haec</span> <span class='ocrx_word' id='word_1_369' title='bbox 679 2325 810 2363; x_wconf 88' lang='lat' dir='ltr'>oribus</span> <span class='ocrx_word' id='word_1_370' title='bbox 830 2327 1026 2376; x_wconf 85' lang='lat' dir='ltr'>frequens,</span> <span class='ocrx_word' id='word_1_371' title='bbox 1048 2328 1101 2364; x_wconf 91' lang='lat' dir='ltr'>sal</span> <span class='ocrx_word' id='word_1_372' title='bbox 1123 2335 1179 2364; x_wconf 90' lang='lat' dir='ltr'>est</span> <span class='ocrx_word' id='word_1_373' title='bbox 1198 2327 1238 2363; x_wconf 90' lang='lat' dir='ltr'>in</span> <span class='ocrx_word' id='word_1_374' title='bbox 1268 2326 1373 2363; x_wconf 88' lang='lat' dir='ltr'>omni</span> 
     </span>
     <span class='ocr_line' id='line_1_60' title="bbox 362 2383 1375 2431; baseline -0.001 -11"><span class='ocrx_word' id='word_1_375' title='bbox 362 2397 558 2429; x_wconf 84' lang='lat' dir='ltr'>sermone,</span> <span class='ocrx_word' id='word_1_376' title='bbox 589 2397 699 2420; x_wconf 87' lang='lat' dir='ltr'>aures</span> <span class='ocrx_word' id='word_1_377' title='bbox 730 2385 889 2431; x_wconf 89' lang='lat' dir='ltr'>mulcet,</span> <span class='ocrx_word' id='word_1_378' title='bbox 929 2385 1104 2422; x_wconf 88' lang='lat' dir='ltr'>dulcorat</span> <span class='ocrx_word' id='word_1_379' title='bbox 1137 2398 1222 2431; x_wconf 87' lang='lat' dir='ltr'>ora,</span> <span class='ocrx_word' id='word_1_380' title='bbox 1257 2383 1375 2420; x_wconf 86' lang='lat' dir='ltr'>corda</span> 
     </span>
     <span class='ocr_line' id='line_1_61' title="bbox 362 2443 1373 2482; baseline 0.001 -3"><span class='ocrx_word' id='word_1_381' title='bbox 362 2451 507 2480; x_wconf 86' lang='lat' dir='ltr'>recreat</span> <span class='ocrx_word' id='word_1_382' title='bbox 529 2451 566 2479; x_wconf 87' lang='lat' dir='ltr'>et</span> <span class='ocrx_word' id='word_1_383' title='bbox 594 2443 829 2481; x_wconf 89' lang='lat' dir='ltr'>inflammat:</span> <span class='ocrx_word' id='word_1_384' title='bbox 855 2444 1102 2482; x_wconf 85' lang='lat' dir='ltr'>celeberrima</span> <span class='ocrx_word' id='word_1_385' title='bbox 1128 2453 1186 2481; x_wconf 89' lang='lat' dir='ltr'>est</span> <span class='ocrx_word' id='word_1_386' title='bbox 1210 2445 1250 2481; x_wconf 92' lang='lat' dir='ltr'>in</span> <span class='ocrx_word' id='word_1_387' title='bbox 1279 2456 1373 2480; x_wconf 88' lang='lat' dir='ltr'>con—</span> 
     </span>
     <span class='ocr_line' id='line_1_62' title="bbox 362 2503 1372 2555; baseline 0.001 -16"><span class='ocrx_word' id='word_1_388' title='bbox 362 2503 541 2540; x_wconf 81' lang='lat' dir='ltr'>ventibus</span> <span class='ocrx_word' id='word_1_389' title='bbox 571 2512 809 2550; x_wconf 87' lang='lat' dir='ltr'>sanctorum,</span> <span class='ocrx_word' id='word_1_390' title='bbox 834 2505 1024 2555; x_wconf 82' lang='lat' dir='ltr'>colloquia</span> <span class='ocrx_word' id='word_1_391' title='bbox 1057 2505 1206 2551; x_wconf 89' lang='lat' dir='ltr'>condit,</span> <span class='ocrx_word' id='word_1_392' title='bbox 1228 2504 1372 2554; x_wconf 87' lang='lat' dir='ltr'>impin-</span> 
     </span>
     <span class='ocr_line' id='line_1_63' title="bbox 363 2564 1375 2613; baseline 0.001 -14"><span class='ocrx_word' id='word_1_393' title='bbox 363 2571 453 2611; x_wconf 73' lang='lat' dir='ltr'>guat</span> <span class='ocrx_word' id='word_1_394' title='bbox 472 2577 624 2613; x_wconf 76' lang='lat' dir='ltr'>preces,</span> <span class='ocrx_word' id='word_1_395' title='bbox 649 2564 696 2601; x_wconf 92' lang='lat' dir='ltr'>ad</span> <span class='ocrx_word' id='word_1_396' title='bbox 727 2565 918 2602; x_wconf 86' lang='lat' dir='ltr'>orandum</span> <span class='ocrx_word' id='word_1_397' title='bbox 946 2565 1134 2602; x_wconf 84' lang='lat' dir='ltr'>sollicitat.</span> <span class='ocrx_word' id='word_1_398' title='bbox 1153 2569 1315 2603; x_wconf 86' lang='lat' dir='ltr'>Oramus</span> <span class='ocrx_word' id='word_1_399' title='bbox 1337 2572 1375 2600; x_wconf 88' lang='lat' dir='ltr'>et</span> 
     </span>
    </p>
   </div>
   <div class='ocr_carea' id='block_1_17' title="bbox 1437 1899 2459 1950">
    <p class='ocr_par' dir='ltr' id='par_1_18' title="bbox 1437 1899 2459 1950">
     <span class='ocr_line' id='line_1_64' title="bbox 1437 1899 2459 1950; baseline 0.001 -14"><span class='ocrx_word' id='word_1_400' title='bbox 1437 1908 1605 1937; x_wconf 90' lang='lat' dir='ltr'>mutatus</span> <span class='ocrx_word' id='word_1_401' title='bbox 1622 1907 1678 1936; x_wconf 85' lang='lat' dir='ltr'>est</span> <span class='ocrx_word' id='word_1_402' title='bbox 1694 1900 1802 1936; x_wconf 85' lang='lat' dir='ltr'>color</span> <span class='ocrx_word' id='word_1_403' title='bbox 1815 1900 1982 1950; x_wconf 89' lang='lat' dir='ltr'>optimus</span> <span class='ocrx_word' id='word_1_404' title='bbox 1993 1907 2018 1936; x_wconf 87' lang='lat'>¹.</span> <span class='ocrx_word' id='word_1_405' title='bbox 2034 1904 2066 1937; x_wconf 91' lang='lat' dir='ltr'>A</span> <span class='ocrx_word' id='word_1_406' title='bbox 2079 1907 2222 1949; x_wconf 86' lang='lat' dir='ltr'>quanta</span> <span class='ocrx_word' id='word_1_407' title='bbox 2236 1912 2303 1949; x_wconf 90' lang='lat' dir='ltr'>spe</span> <span class='ocrx_word' id='word_1_408' title='bbox 2318 1899 2459 1938; x_wconf 86' lang='lat' dir='ltr'>decidit</span> 
     </span>
    </p>
   </div>
   <div class='ocr_carea' id='block_1_18' title="bbox 1437 1955 2515 2009">
    <p class='ocr_par' dir='ltr' id='par_1_19' title="bbox 1437 1955 2515 2009">
     <span class='ocr_line' id='line_1_65' title="bbox 1437 1955 2515 2009; baseline 0 -12"><span class='ocrx_word' id='word_1_409' title='bbox 1437 1960 1608 2006; x_wconf 84' lang='lat' dir='ltr'>Francia,</span> <span class='ocrx_word' id='word_1_410' title='bbox 1624 1973 1709 2008; x_wconf 84' lang='lat' dir='ltr'>quae</span> <span class='ocrx_word' id='word_1_411' title='bbox 1725 1968 1760 1996; x_wconf 90' lang='lat' dir='ltr'>te</span> <span class='ocrx_word' id='word_1_412' title='bbox 1774 1960 1903 2009; x_wconf 77' lang='lat' dir='ltr'>genuit</span> <span class='ocrx_word' id='word_1_413' title='bbox 1916 1968 1954 1996; x_wconf 90' lang='lat' dir='ltr'>et</span> <span class='ocrx_word' id='word_1_414' title='bbox 1966 1959 2148 1996; x_wconf 86' lang='lat' dir='ltr'>nutrivit!</span> <span class='ocrx_word' id='word_1_415' title='bbox 2160 1962 2190 1997; x_wconf 92' lang='lat' dir='ltr'>O</span> <span class='ocrx_word' id='word_1_416' title='bbox 2208 1959 2237 1996; x_wconf 89' lang='lat' dir='ltr'>si</span> <span class='ocrx_word' id='word_1_417' title='bbox 2254 1960 2459 2009; x_wconf 81' lang='lat' dir='ltr'>cognovis-</span> <span class='ocrx_word' id='word_1_418' title='bbox 2512 1955 2515 1962; x_wconf 60' lang='lat'>¹</span> 
     </span>
    </p>
   </div>
   <div class='ocr_carea' id='block_1_19' title="bbox 1438 2019 2457 2371">
    <p class='ocr_par' dir='ltr' id='par_1_20' title="bbox 1438 2019 2457 2371">
     <span class='ocr_line' id='line_1_66' title="bbox 1439 2019 2456 2070; baseline 0.001 -14"><span class='ocrx_word' id='word_1_419' title='bbox 1439 2033 1496 2057; x_wconf 87' lang='lat' dir='ltr'>ses</span> <span class='ocrx_word' id='word_1_420' title='bbox 1518 2028 1554 2056; x_wconf 87' lang='lat' dir='ltr'>et</span> <span class='ocrx_word' id='word_1_421' title='bbox 1576 2026 1638 2056; x_wconf 78' lang='lat' dir='ltr'>tu²</span> <span class='ocrx_word' id='word_1_422' title='bbox 1655 2022 1662 2055; x_wconf 76' lang='lat'>1</span> <span class='ocrx_word' id='word_1_423' title='bbox 1684 2022 1754 2064; x_wconf 90' lang='lat' dir='ltr'>Tu,</span> <span class='ocrx_word' id='word_1_424' title='bbox 1777 2020 1948 2069; x_wconf 82' lang='lat' dir='ltr'>inquam,</span> <span class='ocrx_word' id='word_1_425' title='bbox 1963 2019 1993 2056; x_wconf 90' lang='lat' dir='ltr'>si</span> <span class='ocrx_word' id='word_1_426' title='bbox 2013 2032 2227 2070; x_wconf 87' lang='lat' dir='ltr'>apponeres</span> <span class='ocrx_word' id='word_1_427' title='bbox 2246 2020 2456 2062; x_wconf 86' lang='lat' dir='ltr'>scientiam,</span> 
     </span>
     <span class='ocr_line' id='line_1_67' title="bbox 1439 2079 2457 2130; baseline 0.001 -14"><span class='ocrx_word' id='word_1_428' title='bbox 1439 2093 1654 2130; x_wconf 86' lang='lat' dir='ltr'>apponeres</span> <span class='ocrx_word' id='word_1_429' title='bbox 1670 2088 1707 2116; x_wconf 90' lang='lat' dir='ltr'>et</span> <span class='ocrx_word' id='word_1_430' title='bbox 1724 2079 1897 2117; x_wconf 91' lang='lat' dir='ltr'>dolorem</span> <span class='ocrx_word' id='word_1_431' title='bbox 1909 2079 1923 2102; x_wconf 87' lang='lat'>3</span> <span class='ocrx_word' id='word_1_432' title='bbox 1936 2110 1946 2127; x_wconf 93' lang='lat'>,</span> <span class='ocrx_word' id='word_1_433' title='bbox 1963 2088 2001 2116; x_wconf 87' lang='lat' dir='ltr'>et</span> <span class='ocrx_word' id='word_1_434' title='bbox 2017 2079 2130 2118; x_wconf 88' lang='lat' dir='ltr'>dolor</span> <span class='ocrx_word' id='word_1_435' title='bbox 2147 2089 2235 2118; x_wconf 88' lang='lat' dir='ltr'>tuus</span> <span class='ocrx_word' id='word_1_436' title='bbox 2253 2081 2392 2118; x_wconf 87' lang='lat' dir='ltr'>faceret</span> <span class='ocrx_word' id='word_1_437' title='bbox 2408 2094 2457 2118; x_wconf 88' lang='lat' dir='ltr'>ne</span> 
     </span>
     <span class='ocr_line' id='line_1_68' title="bbox 1438 2140 2453 2179; baseline 0.002 -3"><span class='ocrx_word' id='word_1_438' title='bbox 1438 2148 1569 2177; x_wconf 83' lang='lat' dir='ltr'>noster</span> <span class='ocrx_word' id='word_1_439' title='bbox 1586 2140 1760 2177; x_wconf 88' lang='lat' dir='ltr'>omnium</span> <span class='ocrx_word' id='word_1_440' title='bbox 1790 2149 1888 2177; x_wconf 89' lang='lat' dir='ltr'>esset</span> <span class='ocrx_word' id='word_1_441' title='bbox 1907 2140 2180 2178; x_wconf 87' lang='lat' dir='ltr'>infructuosus.</span> <span class='ocrx_word' id='word_1_442' title='bbox 2202 2141 2453 2179; x_wconf 85' lang='lat' dir='ltr'>Procederem</span> 
     </span>
     <span class='ocr_line' id='line_1_69' title="bbox 1438 2200 2456 2251; baseline 0.002 -14"><span class='ocrx_word' id='word_1_443' title='bbox 1438 2201 1469 2237; x_wconf 91' lang='lat' dir='ltr'>si</span> <span class='ocrx_word' id='word_1_444' title='bbox 1499 2214 1680 2250; x_wconf 78' lang='lat' dir='ltr'>sequerer</span> <span class='ocrx_word' id='word_1_445' title='bbox 1708 2200 1885 2250; x_wconf 90' lang='lat' dir='ltr'>spiritum</span> <span class='ocrx_word' id='word_1_446' title='bbox 1907 2214 2033 2237; x_wconf 90' lang='lat' dir='ltr'>meum</span> <span class='ocrx_word' id='word_1_447' title='bbox 2053 2215 2062 2237; x_wconf 91' lang='lat'>:</span> <span class='ocrx_word' id='word_1_448' title='bbox 2083 2201 2149 2237; x_wconf 91' lang='lat' dir='ltr'>sed</span> <span class='ocrx_word' id='word_1_449' title='bbox 2170 2201 2261 2238; x_wconf 90' lang='lat' dir='ltr'>nolo</span> <span class='ocrx_word' id='word_1_450' title='bbox 2284 2202 2456 2251; x_wconf 84' lang='lat' dir='ltr'>proferre</span> 
     </span>
     <span class='ocr_line' id='line_1_70' title="bbox 1438 2259 2456 2310; baseline 0.002 -14"><span class='ocrx_word' id='word_1_451' title='bbox 1438 2260 1603 2310; x_wconf 88' lang='lat' dir='ltr'>plurima</span> <span class='ocrx_word' id='word_1_452' title='bbox 1632 2260 1670 2295; x_wconf 93' lang='lat' dir='ltr'>in</span> <span class='ocrx_word' id='word_1_453' title='bbox 1691 2259 1899 2305; x_wconf 88' lang='lat' dir='ltr'>incertum,</span> <span class='ocrx_word' id='word_1_454' title='bbox 1918 2268 1955 2296; x_wconf 90' lang='lat' dir='ltr'>et</span> <span class='ocrx_word' id='word_1_455' title='bbox 1974 2272 2054 2296; x_wconf 90' lang='lat' dir='ltr'>esse</span> <span class='ocrx_word' id='word_1_456' title='bbox 2075 2260 2183 2309; x_wconf 91' lang='lat' dir='ltr'>quasi</span> <span class='ocrx_word' id='word_1_457' title='bbox 2211 2273 2337 2296; x_wconf 89' lang='lat' dir='ltr'>aerem</span> <span class='ocrx_word' id='word_1_458' title='bbox 2367 2273 2456 2298; x_wconf 84' lang='lat' dir='ltr'>ver-</span> 
     </span>
     <span class='ocr_line' id='line_1_71' title="bbox 1438 2320 2455 2371; baseline 0.001 -14"><span class='ocrx_word' id='word_1_459' title='bbox 1438 2320 1614 2357; x_wconf 51' lang='lat' dir='ltr'>beransi.</span> <span class='ocrx_word' id='word_1_460' title='bbox 1631 2320 1703 2358; x_wconf 89' lang='lat' dir='ltr'>Sed</span> <span class='ocrx_word' id='word_1_461' title='bbox 1720 2320 1800 2356; x_wconf 88' lang='lat' dir='ltr'>haec</span> <span class='ocrx_word' id='word_1_462' title='bbox 1821 2320 1976 2370; x_wconf 86' lang='lat' dir='ltr'>scripsi,</span> <span class='ocrx_word' id='word_1_463' title='bbox 2000 2328 2039 2356; x_wconf 87' lang='lat' dir='ltr'>ut</span> <span class='ocrx_word' id='word_1_464' title='bbox 2056 2328 2232 2356; x_wconf 86' lang='lat' dir='ltr'>nostrum</span> <span class='ocrx_word' id='word_1_465' title='bbox 2246 2328 2455 2371; x_wconf 84' lang='lat' dir='ltr'>utcumque</span> 
     </span>
    </p>
   </div>
   <div class='ocr_carea' id='block_1_20' title="bbox 1441 2380 2522 2490">
    <p class='ocr_par' dir='ltr' id='par_1_21' title="bbox 1441 2380 2522 2490">
     <span class='ocr_line' id='line_1_72' title="bbox 1441 2380 2522 2431; baseline 0 -13"><span class='ocrx_word' id='word_1_466' title='bbox 1441 2394 1530 2431; x_wconf 83' lang='lat' dir='ltr'>erga</span> <span class='ocrx_word' id='word_1_467' title='bbox 1553 2390 1588 2418; x_wconf 94' lang='lat' dir='ltr'>te</span> <span class='ocrx_word' id='word_1_468' title='bbox 1617 2381 1795 2417; x_wconf 78' lang='lat' dir='ltr'>affectum</span> <span class='ocrx_word' id='word_1_469' title='bbox 1822 2392 2092 2429; x_wconf 79' lang='lat' dir='ltr'>cognosceres,</span> <span class='ocrx_word' id='word_1_470' title='bbox 2120 2388 2157 2416; x_wconf 84' lang='lat' dir='ltr'>et</span> <span class='ocrx_word' id='word_1_471' title='bbox 2184 2387 2227 2416; x_wconf 88' lang='lat' dir='ltr'>ut</span> <span class='ocrx_word' id='word_1_472' title='bbox 2247 2393 2317 2416; x_wconf 89' lang='lat' dir='ltr'>nos</span> <span class='ocrx_word' id='word_1_473' title='bbox 2339 2380 2455 2418; x_wconf 87' lang='lat' dir='ltr'>scires</span> <span class='ocrx_word' id='word_1_474' title='bbox 2506 2398 2522 2410; x_wconf 45' lang='lat'>¹·</span> 
     </span>
     <span class='ocr_line' id='line_1_73' title="bbox 1441 2439 2453 2490; baseline 0.001 -13"><span class='ocrx_word' id='word_1_475' title='bbox 1441 2454 1522 2477; x_wconf 90' lang='lat' dir='ltr'>esse</span> <span class='ocrx_word' id='word_1_476' title='bbox 1551 2441 1589 2477; x_wconf 90' lang='lat' dir='ltr'>in</span> <span class='ocrx_word' id='word_1_477' title='bbox 1618 2440 1817 2490; x_wconf 76' lang='lat' dir='ltr'>proximo,</span> <span class='ocrx_word' id='word_1_478' title='bbox 1852 2440 1883 2476; x_wconf 89' lang='lat' dir='ltr'>si</span> <span class='ocrx_word' id='word_1_479' title='bbox 1911 2440 2009 2476; x_wconf 89' lang='lat' dir='ltr'>forte</span> <span class='ocrx_word' id='word_1_480' title='bbox 2031 2442 2132 2476; x_wconf 88' lang='lat' dir='ltr'>Deus</span> <span class='ocrx_word' id='word_1_481' title='bbox 2153 2439 2359 2490; x_wconf 86' lang='lat' dir='ltr'>inspiraret</span> <span class='ocrx_word' id='word_1_482' title='bbox 2386 2439 2453 2478; x_wconf 89' lang='lat' dir='ltr'>tibi</span> 
     </span>
    </p>
   </div>
   <div class='ocr_carea' id='block_1_21' title="bbox 1442 2499 2452 2609">
    <p class='ocr_par' dir='ltr' id='par_1_22' title="bbox 1442 2499 2452 2609">
     <span class='ocr_line' id='line_1_74' title="bbox 1442 2499 2452 2550; baseline 0.002 -14"><span class='ocrx_word' id='word_1_483' title='bbox 1442 2508 1617 2537; x_wconf 87' lang='lat' dir='ltr'>nostrum</span> <span class='ocrx_word' id='word_1_484' title='bbox 1646 2513 1779 2536; x_wconf 84' lang='lat' dir='ltr'>curare</span> <span class='ocrx_word' id='word_1_485' title='bbox 1806 2499 2063 2549; x_wconf 87' lang='lat' dir='ltr'>colloquium,</span> <span class='ocrx_word' id='word_1_486' title='bbox 2081 2507 2119 2535; x_wconf 87' lang='lat' dir='ltr'>et</span> <span class='ocrx_word' id='word_1_487' title='bbox 2143 2508 2314 2550; x_wconf 86' lang='lat' dir='ltr'>optatam</span> <span class='ocrx_word' id='word_1_488' title='bbox 2342 2499 2452 2538; x_wconf 89' lang='lat' dir='ltr'>nobis</span> 
     </span>
     <span class='ocr_line' id='line_1_75' title="bbox 1442 2559 2451 2609; baseline 0.003 -13"><span class='ocrx_word' id='word_1_489' title='bbox 1442 2561 1497 2596; x_wconf 91' lang='lat' dir='ltr'>tui</span> <span class='ocrx_word' id='word_1_490' title='bbox 1530 2561 1646 2597; x_wconf 67' lang='lat' dir='ltr'>velles</span> <span class='ocrx_word' id='word_1_491' title='bbox 1679 2559 1860 2597; x_wconf 75' lang='lat' dir='ltr'>exhibere</span> <span class='ocrx_word' id='word_1_492' title='bbox 1890 2559 2145 2609; x_wconf 69' lang='lat' dir='ltr'>prsescntiam.</span> <span class='ocrx_word' id='word_1_493' title='bbox 2181 2563 2319 2598; x_wconf 89' lang='lat' dir='ltr'>Sumus</span> <span class='ocrx_word' id='word_1_494' title='bbox 2350 2561 2451 2599; x_wconf 88' lang='lat' dir='ltr'>enim</span> 
     </span>
    </p>
   </div>
   <div class='ocr_carea' id='block_1_22' title="bbox 363 2619 2448 2674">
    <p class='ocr_par' dir='ltr' id='par_1_23' title="bbox 363 2619 2448 2674">
     <span class='ocr_line' id='line_1_76' title="bbox 363 2619 2448 2674; baseline 0 -16"><span class='ocrx_word' id='word_1_495' title='bbox 363 2636 467 2660; x_wconf 89' lang='lat' dir='ltr'>nunc</span> <span class='ocrx_word' id='word_1_496' title='bbox 496 2625 647 2661; x_wconf 86' lang='lat' dir='ltr'>solliciti</span> <span class='ocrx_word' id='word_1_497' title='bbox 678 2638 751 2674; x_wconf 89' lang='lat' dir='ltr'>pro</span> <span class='ocrx_word' id='word_1_498' title='bbox 783 2625 893 2662; x_wconf 75' lang='lat' dir='ltr'>vobis</span> <span class='ocrx_word' id='word_1_499' title='bbox 924 2634 962 2662; x_wconf 90' lang='lat' dir='ltr'>et</span> <span class='ocrx_word' id='word_1_500' title='bbox 989 2626 1144 2671; x_wconf 77' lang='lat' dir='ltr'>vestris,</span> <span class='ocrx_word' id='word_1_501' title='bbox 1172 2634 1213 2662; x_wconf 91' lang='lat' dir='ltr'>ut</span> <span class='ocrx_word' id='word_1_502' title='bbox 1233 2619 1599 2662; x_wconf 68' lang='lat' dir='ltr'>aeternaDViterbii</span> <span class='ocrx_word' id='word_1_503' title='bbox 1622 2621 1650 2666; x_wconf 75' lang='lat'>*,</span> <span class='ocrx_word' id='word_1_504' title='bbox 1679 2629 1716 2656; x_wconf 88' lang='lat' dir='ltr'>ct</span> <span class='ocrx_word' id='word_1_505' title='bbox 1750 2629 1784 2656; x_wconf 84' lang='lat' dir='ltr'>te</span> <span class='ocrx_word' id='word_1_506' title='bbox 1825 2621 1966 2657; x_wconf 89' lang='lat' dir='ltr'>morari</span> <span class='ocrx_word' id='word_1_507' title='bbox 2006 2621 2045 2657; x_wconf 91' lang='lat' dir='ltr'>in</span> <span class='ocrx_word' id='word_1_508' title='bbox 2080 2620 2185 2658; x_wconf 66' lang='lat' dir='ltr'>L&#39;rbe</span> <span class='ocrx_word' id='word_1_509' title='bbox 2223 2620 2448 2660; x_wconf 87' lang='lat' dir='ltr'>audivimus.</span> 
     </span>
    </p>
   </div>
   <div class='ocr_carea' id='block_1_23' title="bbox 363 2683 1372 2796">
    <p class='ocr_par' dir='ltr' id='par_1_24' title="bbox 363 2683 1372 2796">
     <span class='ocr_line' id='line_1_77' title="bbox 363 2683 1372 2735; baseline 0.003 -17"><span class='ocrx_word' id='word_1_510' title='bbox 363 2684 548 2720; x_wconf 80' lang='lat' dir='ltr'>memoria</span> <span class='ocrx_word' id='word_1_511' title='bbox 568 2683 703 2734; x_wconf 85' lang='lat' dir='ltr'>dignos</span> <span class='ocrx_word' id='word_1_512' title='bbox 724 2698 793 2722; x_wconf 77' lang='lat' dir='ltr'>vos</span> <span class='ocrx_word' id='word_1_513' title='bbox 811 2685 893 2735; x_wconf 87' lang='lat' dir='ltr'>ipsa</span> <span class='ocrx_word' id='word_1_514' title='bbox 923 2685 1112 2722; x_wconf 86' lang='lat' dir='ltr'>aeternitas</span> <span class='ocrx_word' id='word_1_515' title='bbox 1138 2684 1293 2732; x_wconf 89' lang='lat' dir='ltr'>habeat,</span> <span class='ocrx_word' id='word_1_516' title='bbox 1311 2689 1372 2721; x_wconf 86' lang='lat' dir='ltr'>cui</span> 
     </span>
     <span class='ocr_line' id='line_1_78' title="bbox 364 2745 1234 2796; baseline 0.006 -19"><span class='ocrx_word' id='word_1_517' title='bbox 364 2751 400 2779; x_wconf 78' lang='lat' dir='ltr'>et</span> <span class='ocrx_word' id='word_1_518' title='bbox 421 2757 491 2792; x_wconf 90' lang='lat' dir='ltr'>pro</span> <span class='ocrx_word' id='word_1_519' title='bbox 511 2758 585 2794; x_wconf 90' lang='lat' dir='ltr'>qua</span> <span class='ocrx_word' id='word_1_520' title='bbox 606 2746 866 2796; x_wconf 80' lang='lat' dir='ltr'>temporaliter</span> <span class='ocrx_word' id='word_1_521' title='bbox 886 2745 1078 2784; x_wconf 87' lang='lat' dir='ltr'>laboratis.</span> <span class='ocrx_word' id='word_1_522' title='bbox 1101 2751 1234 2784; x_wconf 81' lang='lat' dir='ltr'>Amen.</span> 
     </span>
    </p>
   </div>
   <div class='ocr_carea' id='block_1_24' title="bbox 408 3282 932 3325">
    <p class='ocr_par' dir='ltr' id='par_1_25' title="bbox 408 3282 932 3325">
     <span class='ocr_line' id='line_1_79' title="bbox 408 3282 932 3325; baseline 0.002 -12"><span class='ocrx_word' id='word_1_523' title='bbox 408 3286 420 3299; x_wconf 68' lang='lat'>‘¹</span> <span class='ocrx_word' id='word_1_524' title='bbox 443 3283 565 3325; x_wconf 84' lang='lat' dir='ltr'>Scripta</span> <span class='ocrx_word' id='word_1_525' title='bbox 589 3293 670 3313; x_wconf 87' lang='lat' dir='ltr'>anno</span> <span class='ocrx_word' id='word_1_526' title='bbox 691 3282 805 3314; x_wconf 81' lang='lat' dir='ltr'>Christi</span> <span class='ocrx_word' id='word_1_527' title='bbox 834 3285 932 3314; x_wconf 80' lang='grc'>1133.</span> 
     </span>
    </p>
   </div>
   <div class='ocr_carea' id='block_1_25' title="bbox 1439 2680 2451 2732">
    <p class='ocr_par' dir='ltr' id='par_1_26' title="bbox 1439 2680 2451 2732">
     <span class='ocr_line' id='line_1_80' title="bbox 1439 2680 2451 2732; baseline 0.004 -16"><span class='ocrx_word' id='word_1_528' title='bbox 1439 2681 1606 2729; x_wconf 80' lang='lat' dir='ltr'>Dignare</span> <span class='ocrx_word' id='word_1_529' title='bbox 1621 2680 1829 2717; x_wconf 82' lang='lat' dir='ltr'>rescribere</span> <span class='ocrx_word' id='word_1_530' title='bbox 1848 2680 1958 2717; x_wconf 87' lang='lat' dir='ltr'>nobis</span> <span class='ocrx_word' id='word_1_531' title='bbox 1972 2680 2158 2730; x_wconf 87' lang='lat' dir='ltr'>quidquid</span> <span class='ocrx_word' id='word_1_532' title='bbox 2176 2681 2271 2719; x_wconf 91' lang='lat' dir='ltr'>illud</span> <span class='ocrx_word' id='word_1_533' title='bbox 2284 2682 2332 2719; x_wconf 87' lang='lat' dir='ltr'>sit</span> <span class='ocrx_word' id='word_1_534' title='bbox 2348 2681 2451 2732; x_wconf 87' lang='lat' dir='ltr'>quod</span> 
     </span>
    </p>
   </div>
   <div class='ocr_carea' id='block_1_26' title="bbox 2517 1442 2533 1650">
    <p class='ocr_par' dir='ltr' id='par_1_27' title="bbox 2517 1442 2533 1650">
     <span class='ocr_line' id='line_1_81' title="bbox 2517 1442 2533 1650; textangle 90"><span class='ocrx_word' id='word_1_535' title='bbox 2517 1623 2521 1650; x_wconf 62' lang='lat'>‘⁴‘</span> <span class='ocrx_word' id='word_1_536' title='bbox 2517 1540 2533 1603; x_wconf 50' lang='lat'>{2—</span> <span class='ocrx_word' id='word_1_537' title='bbox 2518 1475 2533 1516; x_wconf 56' lang='lat'>2...</span> <span class='ocrx_word' id='word_1_538' title='bbox 2531 1442 2533 1453; x_wconf 37' lang='lat' dir='ltr'>a</span> 
     </span>
    </p>
   </div>
   <div class='ocr_carea' id='block_1_27' title="bbox 2508 1780 2533 2669">
    <p class='ocr_par' dir='ltr' id='par_1_28' title="bbox 2508 1780 2533 2669">
     <span class='ocr_line' id='line_1_82' title="bbox 2516 1780 2533 1812; baseline 0 0"><span class='ocrx_word' id='word_1_539' title='bbox 2516 1780 2533 1812; x_wconf 79' lang='grc'>·;</span> 
     </span>
     <span class='ocr_line' id='line_1_83' title="bbox 2523 1852 2533 1886; baseline 0.5 -4"><span class='ocrx_word' id='word_1_540' title='bbox 2523 1852 2533 1886; x_wconf 63' lang='grc' dir='ltr'>ῐ.</span> 
     </span>
     <span class='ocr_line' id='line_1_84' title="bbox 2523 1912 2533 1940; baseline 0 0"><span class='ocrx_word' id='word_1_541' title='bbox 2523 1912 2533 1940; x_wconf 73' lang='lat' dir='ltr'>x</span> 
     </span>
     <span class='ocr_line' id='line_1_85' title="bbox 2522 1975 2533 1991; baseline 0 0"><span class='ocrx_word' id='word_1_542' title='bbox 2522 1975 2533 1991; x_wconf 82' lang='grc' dir='ltr'><strong><em>Δ</em></strong></span> 
     </span>
     <span class='ocr_line' id='line_1_86' title="bbox 2527 2015 2533 2058; baseline 0 0"><span class='ocrx_word' id='word_1_543' title='bbox 2527 2015 2533 2058; x_wconf 75' lang='grc' dir='ltr'>ἰ</span> 
     </span>
     <span class='ocr_line' id='line_1_87' title="bbox 2510 2075 2533 2118; baseline -0.043 0"><span class='ocrx_word' id='word_1_544' title='bbox 2510 2075 2533 2118; x_wconf 54' lang='lat'>²]</span> 
     </span>
     <span class='ocr_line' id='line_1_88' title="bbox 2510 2124 2533 2183; baseline 0 -41"><span class='ocrx_word' id='word_1_545' title='bbox 2510 2124 2533 2183; x_wconf 50' lang='lat'>3¹.</span> 
     </span>
     <span class='ocr_line' id='line_1_89' title="bbox 2519 2208 2533 2239; baseline 0 0"><span class='ocrx_word' id='word_1_546' title='bbox 2519 2208 2533 2239; x_wconf 62' lang='grc' dir='ltr'><strong><em>ι</em></strong></span> 
     </span>
     <span class='ocr_line' id='line_1_90' title="bbox 2508 2239 2533 2357; baseline 0 0"><span class='ocrx_word' id='word_1_547' title='bbox 2508 2239 2533 2357; x_wconf 62' lang='lat' dir='ltr'>i</span> 
     </span>
     <span class='ocr_line' id='line_1_91' title="bbox 2520 2447 2533 2478; baseline 0 0"><span class='ocrx_word' id='word_1_548' title='bbox 2520 2447 2533 2478; x_wconf 63' lang='grc' dir='ltr'>α</span> 
     </span>
     <span class='ocr_line' id='line_1_92' title="bbox 2514 2513 2532 2539; baseline 0 0"><span class='ocrx_word' id='word_1_549' title='bbox 2514 2513 2532 2539; x_wconf 41' lang='grc' dir='ltr'>’,Ι</span> 
     </span>
     <span class='ocr_line' id='line_1_93' title="bbox 2518 2565 2533 2600; baseline 0 0"><span class='ocrx_word' id='word_1_550' title='bbox 2518 2565 2533 2600; x_wconf 70' lang='grc' dir='ltr'>ἁ</span> 
     </span>
     <span class='ocr_line' id='line_1_94' title="bbox 2514 2633 2531 2669; baseline 0 0"><span class='ocrx_word' id='word_1_551' title='bbox 2514 2633 2531 2669; x_wconf 56' lang='grc' dir='ltr'><strong>ἃ</strong></span> 
     </span>
    </p>
   </div>
   <div class='ocr_carea' id='block_1_28' title="bbox 2513 2685 2530 2732">
    <p class='ocr_par' dir='ltr' id='par_1_29' title="bbox 2513 2685 2530 2732">
     <span class='ocr_line' id='line_1_95' title="bbox 2513 2685 2530 2732; baseline 0 0"><span class='ocrx_word' id='word_1_552' title='bbox 2513 2685 2530 2732; x_wconf 80' lang='lat' dir='ltr'>¹l</span> 
     </span>
    </p>
   </div>
   <div class='ocr_carea' id='block_1_29' title="bbox 2503 2510 2512 2535">
    <p class='ocr_par' dir='ltr' id='par_1_30' title="bbox 2503 2510 2512 2535">
     <span class='ocr_line' id='line_1_96' title="bbox 2503 2510 2512 2535; baseline 0 0"><span class='ocrx_word' id='word_1_553' title='bbox 2503 2510 2512 2535; x_wconf 68' lang='lat' dir='ltr'>i</span> 
     </span>
    </p>
   </div>
   <div class='ocr_carea' id='block_1_30' title="bbox 1440 2739 2504 2791">
    <p class='ocr_par' dir='ltr' id='par_1_31' title="bbox 1440 2739 2504 2791">
     <span class='ocr_line' id='line_1_97' title="bbox 1440 2739 2504 2791; baseline 0 -15"><span class='ocrx_word' id='word_1_554' title='bbox 1440 2739 1486 2776; x_wconf 88' lang='lat' dir='ltr'>de</span> <span class='ocrx_word' id='word_1_555' title='bbox 1506 2740 1562 2776; x_wconf 91' lang='lat' dir='ltr'>his</span> <span class='ocrx_word' id='word_1_556' title='bbox 1583 2741 1718 2777; x_wconf 89' lang='lat' dir='ltr'>litteris</span> <span class='ocrx_word' id='word_1_557' title='bbox 1738 2741 1876 2777; x_wconf 87' lang='lat' dir='ltr'>nostris</span> <span class='ocrx_word' id='word_1_558' title='bbox 1894 2740 2010 2777; x_wconf 89' lang='lat' dir='ltr'>corde</span> <span class='ocrx_word' id='word_1_559' title='bbox 2030 2741 2272 2791; x_wconf 86' lang='lat' dir='ltr'>conceperis,</span> <span class='ocrx_word' id='word_1_560' title='bbox 2294 2750 2337 2779; x_wconf 91' lang='lat' dir='ltr'>ut</span> <span class='ocrx_word' id='word_1_561' title='bbox 2356 2742 2450 2779; x_wconf 85' lang='lat' dir='ltr'>scia·</span> <span class='ocrx_word' id='word_1_562' title='bbox 2500 2767 2504 2776; x_wconf 71' lang='grc'>,</span> 
     </span>
    </p>
   </div>
   <div class='ocr_carea' id='block_1_31' title="bbox 1435 2800 2450 3151">
    <p class='ocr_par' dir='ltr' id='par_1_32' title="bbox 1435 2800 2450 3151">
     <span class='ocr_line' id='line_1_98' title="bbox 1439 2800 2450 2852; baseline 0.004 -16"><span class='ocrx_word' id='word_1_563' title='bbox 1439 2813 1523 2837; x_wconf 88' lang='lat' dir='ltr'>mus</span> <span class='ocrx_word' id='word_1_564' title='bbox 1552 2800 1644 2850; x_wconf 88' lang='lat' dir='ltr'>quid</span> <span class='ocrx_word' id='word_1_565' title='bbox 1674 2801 1889 2838; x_wconf 75' lang='lat' dir='ltr'>laciendum</span> <span class='ocrx_word' id='word_1_566' title='bbox 1919 2802 1965 2838; x_wconf 91' lang='lat' dir='ltr'>sit</span> <span class='ocrx_word' id='word_1_567' title='bbox 1993 2800 2125 2848; x_wconf 90' lang='lat' dir='ltr'>nobis,</span> <span class='ocrx_word' id='word_1_568' title='bbox 2158 2802 2244 2852; x_wconf 87' lang='lat' dir='ltr'>plus</span> <span class='ocrx_word' id='word_1_569' title='bbox 2273 2801 2450 2843; x_wconf 78' lang='lat' dir='ltr'>videlicet</span> 
     </span>
     <span class='ocr_line' id='line_1_99' title="bbox 1439 2861 2446 2911; baseline 0.002 -14"><span class='ocrx_word' id='word_1_570' title='bbox 1439 2861 1612 2897; x_wconf 73' lang='lat' dir='ltr'>minusve</span> <span class='ocrx_word' id='word_1_571' title='bbox 1639 2861 1860 2898; x_wconf 84' lang='lat' dir='ltr'>dolendum.</span> <span class='ocrx_word' id='word_1_572' title='bbox 1880 2862 1994 2911; x_wconf 91' lang='lat' dir='ltr'>Quod</span> <span class='ocrx_word' id='word_1_573' title='bbox 2014 2862 2046 2898; x_wconf 89' lang='lat' dir='ltr'>si</span> <span class='ocrx_word' id='word_1_574' title='bbox 2065 2862 2195 2899; x_wconf 87' lang='lat' dir='ltr'>omnia</span> <span class='ocrx_word' id='word_1_575' title='bbox 2211 2862 2446 2908; x_wconf 85' lang='lat' dir='ltr'>contemnis,</span> 
     </span>
     <span class='ocr_line' id='line_1_100' title="bbox 1435 2922 2446 2972; baseline 0.002 -15"><span class='ocrx_word' id='word_1_576' title='bbox 1435 2930 1470 2958; x_wconf 80' lang='lat' dir='ltr'>ct</span> <span class='ocrx_word' id='word_1_577' title='bbox 1497 2922 1534 2957; x_wconf 89' lang='lat' dir='ltr'>in</span> <span class='ocrx_word' id='word_1_578' title='bbox 1554 2922 1660 2958; x_wconf 89' lang='lat' dir='ltr'>nullo</span> <span class='ocrx_word' id='word_1_579' title='bbox 1679 2935 1748 2959; x_wconf 85' lang='lat' dir='ltr'>nos</span> <span class='ocrx_word' id='word_1_580' title='bbox 1765 2922 1872 2960; x_wconf 88' lang='lat' dir='ltr'>audis</span> <span class='ocrx_word' id='word_1_581' title='bbox 1892 2938 1899 2959; x_wconf 90' lang='lat'><strong>:</strong></span> <span class='ocrx_word' id='word_1_582' title='bbox 1920 2936 1990 2972; x_wconf 79' lang='lat' dir='ltr'>ego</span> <span class='ocrx_word' id='word_1_583' title='bbox 2011 2922 2166 2972; x_wconf 85' lang='lat' dir='ltr'>quidem</span> <span class='ocrx_word' id='word_1_584' title='bbox 2188 2922 2352 2959; x_wconf 84' lang='lat' dir='ltr'>fructum</span> <span class='ocrx_word' id='word_1_585' title='bbox 2371 2935 2446 2959; x_wconf 92' lang='lat' dir='ltr'>non</span> 
     </span>
     <span class='ocr_line' id='line_1_101' title="bbox 1435 2981 2446 3032; baseline 0.003 -16"><span class='ocrx_word' id='word_1_586' title='bbox 1435 2981 1590 3030; x_wconf 84' lang='lat' dir='ltr'>perdam</span> <span class='ocrx_word' id='word_1_587' title='bbox 1609 2982 1819 3019; x_wconf 79' lang='lat' dir='ltr'>litterarum</span> <span class='ocrx_word' id='word_1_588' title='bbox 1832 3012 1841 3029; x_wconf 98' lang='lat'>,</span> <span class='ocrx_word' id='word_1_589' title='bbox 1857 2995 1942 3032; x_wconf 82' lang='lat' dir='ltr'>quae</span> <span class='ocrx_word' id='word_1_590' title='bbox 1956 2996 2002 3019; x_wconf 84' lang='lat' dir='ltr'>ex</span> <span class='ocrx_word' id='word_1_591' title='bbox 2017 2982 2198 3019; x_wconf 86' lang='lat' dir='ltr'>charitate</span> <span class='ocrx_word' id='word_1_592' title='bbox 2212 2982 2446 3032; x_wconf 81' lang='lat' dir='ltr'>procedunt3</span> 
     </span>
     <span class='ocr_line' id='line_1_102' title="bbox 1436 3041 2447 3093; baseline 0.003 -16"><span class='ocrx_word' id='word_1_593' title='bbox 1436 3041 1500 3077; x_wconf 81' lang='lat' dir='ltr'>sed</span> <span class='ocrx_word' id='word_1_594' title='bbox 1534 3050 1573 3079; x_wconf 89' lang='lat' dir='ltr'>tu</span> <span class='ocrx_word' id='word_1_595' title='bbox 1607 3042 1653 3079; x_wconf 84' lang='lat' dir='ltr'>dc</span> <span class='ocrx_word' id='word_1_596' title='bbox 1688 3051 1911 3093; x_wconf 88' lang='lat' dir='ltr'>contemptu</span> <span class='ocrx_word' id='word_1_597' title='bbox 1939 3051 2027 3080; x_wconf 88' lang='lat' dir='ltr'>ante</span> <span class='ocrx_word' id='word_1_598' title='bbox 2048 3042 2214 3080; x_wconf 88' lang='lat' dir='ltr'>tribunal</span> <span class='ocrx_word' id='word_1_599' title='bbox 2239 3042 2447 3087; x_wconf 78' lang='lat' dir='ltr'>terrificum</span> 
     </span>
     <span class='ocr_line' id='line_1_103' title="bbox 1438 3099 1734 3151; baseline 0.01 -14"><span class='ocrx_word' id='word_1_600' title='bbox 1438 3102 1700 3151; x_wconf 82' lang='lat' dir='ltr'>respondebis.</span> <span class='ocrx_word' id='word_1_601' title='bbox 1729 3099 1734 3104; x_wconf 60' lang='lat'><em>⁷</em></span> 
     </span>
    </p>
   </div>
   <div class='ocr_carea' id='block_1_32' title="bbox 410 3336 2058 3382">
    <p class='ocr_par' dir='ltr' id='par_1_33' title="bbox 410 3336 2058 3382">
     <span class='ocr_line' id='line_1_104' title="bbox 410 3336 2058 3382; baseline 0.003 -13"><span class='ocrx_word' id='word_1_602' title='bbox 410 3338 426 3358; x_wconf 69' lang='lat'>¹³</span> <span class='ocrx_word' id='word_1_603' title='bbox 444 3338 530 3369; x_wconf 75' lang='lat' dir='ltr'>Alias</span> <span class='ocrx_word' id='word_1_604' title='bbox 544 3361 551 3375; x_wconf 90' lang='lat'>‚</span> <span class='ocrx_word' id='word_1_605' title='bbox 575 3336 631 3369; x_wconf 80' lang='lat' dir='ltr'>Ad</span> <span class='ocrx_word' id='word_1_606' title='bbox 646 3336 826 3382; x_wconf 80' lang='lat' dir='ltr'>Philippum</span> <span class='ocrx_word' id='word_1_607' title='bbox 846 3337 1033 3369; x_wconf 74' lang='lat' dir='ltr'>Turonensis</span> <span class='ocrx_word' id='word_1_608' title='bbox 1055 3337 1204 3369; x_wconf 66' lang='lat' dir='ltr'>Ecclesia·</span> <span class='ocrx_word' id='word_1_609' title='bbox 1217 3338 1358 3373; x_wconf 63' lang='lat' dir='ltr'>vlt-ctum.</span> <span class='ocrx_word' id='word_1_610' title='bbox 1374 3362 1417 3365; x_wconf 60' lang='lat'>„-</span> <span class='ocrx_word' id='word_1_611' title='bbox 1433 3348 1445 3363; x_wconf 84' lang='lat' dir='ltr'>c</span> <span class='ocrx_word' id='word_1_612' title='bbox 1463 3342 1566 3377; x_wconf 56' lang='lat' dir='ltr'>Aliam,</span> <span class='ocrx_word' id='word_1_613' title='bbox 1583 3343 1748 3380; x_wconf 75' lang='lat' dir='ltr'>florentem</span> <span class='ocrx_word' id='word_1_614' title='bbox 1765 3341 1858 3373; x_wconf 79' lang='lat' dir='ltr'>donis</span> <span class='ocrx_word' id='word_1_615' title='bbox 1878 3344 2058 3374; x_wconf 75' lang='lat' dir='ltr'>innumeris.</span> 
     </span>
    </p>
   </div>
   <div class='ocr_carea' id='block_1_33' title="bbox 2497 2839 2526 3080">
    <p class='ocr_par' dir='ltr' id='par_1_34' title="bbox 2497 2839 2526 3080">
     <span class='ocr_line' id='line_1_105' title="bbox 2497 2839 2526 3080; textangle 90"><span class='ocrx_word' id='word_1_616' title='bbox 2510 3050 2522 3080; x_wconf 76' lang='lat'>-·</span> <span class='ocrx_word' id='word_1_617' title='bbox 2512 2974 2524 3023; x_wconf 52' lang='lat' dir='ltr'>Q.</span> <span class='ocrx_word' id='word_1_618' title='bbox 2497 2899 2526 2958; x_wconf 29' lang='lat' dir='ltr'>ms*</span> <span class='ocrx_word' id='word_1_619' title='bbox 2499 2839 2515 2877; x_wconf 39' lang='grc' dir='ltr'>’μ</span> 
     </span>
    </p>
   </div>
  </div>
 </body>
</html>
