2565 3952
81 135 152 174 457
991 130 1257 165 EPISTOLAE.
2102 139 2177 175 ³158

68 214 129 253 siae
145 208 370 263 potestative
390 219 546 245 versans
559 236 569 254 ‚
586 214 625 244 et
644 220 716 257 pro
736 206 819 243 vice
842 220 910 243 sua
930 206 1074 257 ubique
1089 204 1139 223 ²⁰⁸
1154 207 1399 246 ledicendum
1420 208 1708 257 benedicendis,
1727 218 1766 247 et
1784 211 1922 248 iterum
1939 211 2174 252 benedicen—

67 273 167 313 haud
202 271 366 322 segniter
391 282 529 319 agen5‚
553 268 669 305 infert
700 268 806 305 coelis
831 267 1075 318 quotidianas
1097 271 1130 306 A
1149 269 1242 306 dum
1263 268 1536 307 maledicendis
1559 284 1566 306 :
1592 278 1629 306 et
1649 271 1834 320 quoniam
1861 285 1940 308 non
1967 272 2171 325 obtempe-

67 334 226 379 hostias‚
253 345 333 369 non
356 331 471 381 plane
500 329 676 380 pacificas
691 359 700 374 ‚
725 329 913 366 clamores
933 342 1077 379 paupe-

68 410 149 436 rum
166 423 176 441 ‚
201 395 387 442 lacrymas
416 390 618 427 viduarum
636 418 645 434 ‚
672 390 850 440 planctus
877 390 1078 440 orphano-

67 472 172 504 rum,
202 455 363 507 gemitus
390 452 699 502 compeditorum
717 480 726 497 ,
758 452 984 501 sanguinem
1016 452 1078 489 in-

66 519 322 558 terfectorum.
350 518 491 552 Verum
519 521 702 562 angustus
727 521 783 549 est
813 512 966 549 malitiae
993 511 1076 561 ejus

64 580 125 619 ille
145 578 400 629 episcopatus.
433 578 664 612 Remensem
697 572 866 618 invadit,
894 581 1008 622 atque
1036 572 1076 608 in

65 649 161 679 terra
178 646 398 676 sanctorum
417 635 549 686 iniqua
563 634 682 684 gerit,
699 647 778 670 non
800 634 948 670 clericis
965 662 974 680 ‚
996 646 1076 670 non

63 698 278 744 monachis,
302 710 381 734 non
409 694 767 733 sanctimonialibus
792 707 964 745 parcens.
996 697 1077 731 Dc-

62 762 172 812 nique
215 766 354 797 sanctae
389 757 545 804 Mariae,
575 757 695 794 sancti
734 755 928 804 Remigii,
954 754 1075 791 sancti

62 820 193 862 Nicasii
210 849 219 866 ‚
242 819 363 857 sancti
382 818 611 856 Theoderici
632 827 752 855 terras
774 817 1012 863 fructiferas,
1036 824 1073 853 et

62 883 165 922 villas
181 881 389 932 populosas
402 909 412 926 ‚
430 880 483 917 ita
501 879 540 916 in
559 892 627 916 ore
644 879 758 929 gladii
781 878 1013 924 devastavit,
1031 885 1074 914 ut

60 956 154 996 pene
181 942 220 979 in
248 940 495 979 solitudinem
527 940 721 991 redegerit
748 940 958 977 universas.
981 942 1074 977 Fre-

59 1016 176 1056 quens
191 1003 228 1040 in
244 1003 418 1040 omnium
436 1001 594 1040 auribus
609 1015 685 1039 vox
703 1017 710 1038 :
732 1003 1072 1050 Hoermlztalepos-
1093 1005 1121 1040 B
1142 1001 1290 1047 monia,
1313 1014 1384 1038 nec
1415 1001 1569 1038 laudavi
1594 1015 1786 1051 unquam,
1815 1014 1887 1039 nec
1914 1002 2030 1040 laudo
2058 1018 2066 1040 :

57 1066 241 1103 :ideamus
268 1068 526 1100 sanctuarium
555 1066 628 1098 Del
642 1069 666 1100 ¹.
690 1062 748 1101 Sic
780 1066 862 1099 Rex
894 1061 1073 1098 emendat

57 1125 160 1178 quod
180 1126 220 1162 in
242 1125 451 1163 Ecclesiam
473 1124 748 1161 Bituricensem
769 1123 992 1161 Herodiano
1008 1122 1072 1173 ju-

58 1195 228 1226 ramento
250 1194 453 1224 commisit.

104 1248 140 1286 3.
155 1251 344 1286 Praeterea
372 1250 478 1292 Rex,
502 1245 615 1282 nobis
645 1245 801 1295 quidem
827 1258 905 1281 non
933 1258 1070 1295 parum

57 1308 345 1356 laborantibus,
376 1322 509 1359 pacem
547 1321 635 1345 cum
673 1307 813 1344 comite
845 1305 1069 1343 Theobaldo

56 1371 212 1417 fecerat3
239 1369 378 1416 firmae,
400 1378 443 1406 ut
471 1367 695 1420 putavimus
711 1396 720 1414 ,
742 1366 921 1404 amicitiae
944 1365 1070 1402 foedus

55 1431 185 1470 inierat
211 1445 219 1468 :
247 1439 285 1468 et
315 1444 403 1468 ecce
436 1429 656 1468 occasiones
677 1427 835 1479 quaerit,
868 1426 1068 1477 quomodo

55 1491 202 1530 recedat
228 1489 276 1528 ab
308 1490 446 1528 amico.
481 1494 610 1539 Atque
640 1488 714 1525 hoc
740 1487 885 1538 grande
921 1487 1067 1524 crimen

53 1552 154 1604 quod
184 1552 412 1603 impingitur
441 1551 604 1597 Comiti‚
629 1549 718 1600 quia
748 1562 836 1586 cum
855 1546 1066 1585 baronibus

54 1614 162 1664 Regis
191 1613 238 1651 de
271 1613 402 1650 liberis
431 1612 509 1650 suis
539 1610 733 1649 contrahit
768 1608 1015 1647 matrimonia
1034 1615 1063 1645 ²¹.

54 1678 230 1727 Suspecta
250 1684 307 1712 est
328 1674 384 1712 illi
407 1673 579 1711 dilatatio
603 1672 824 1718 charitatis,
841 1684 913 1708 nec
934 1684 973 1708 se
990 1684 1066 1721 pu-

55 1744 104 1774 tat
122 1749 268 1786 regem,
291 1735 323 1773 si
342 1748 381 1773 se
409 1733 624 1772 amaverint
646 1733 852 1784 principes.
877 1731 1066 1782 Conjieiat

1147 338 1253 367 ratur
1270 343 1343 380 pro
1360 343 1431 368 suo
1445 329 1558 368 libitu
1576 329 1661 377 sibi,
1679 331 1815 368 circuit
1832 345 1935 368 mare
1950 341 1987 369 et
2003 334 2146 372 aridam
2160 365 2170 383 ‚

1146 399 1188 427 ut
1202 391 1590 441 inveniatjuratores,
1603 406 1770 442 quorum
1782 392 1976 443 perjuriis,
1986 408 2084 444 quos
2097 396 2171 433 for-

1148 451 1253 488 tassis
1271 455 1374 489 Deus
1396 451 1618 502 conjungit,
1637 466 1707 503 per
1732 453 1906 490 homines
1929 463 2168 504 separentur.

1146 515 1231 561 Qua
1250 512 1399 560 fronte,
1428 512 1590 551 obsecro
1605 542 1615 559 ,
1653 521 1855 564 tantopere
1881 515 1965 552 aliis
1988 517 2169 566 praescri-

1148 572 1240 610 bere
1258 573 1304 615 de
1322 574 1654 624 consanguinitate
1671 573 1841 622 laborat,
1861 575 1978 612 homo
1995 590 2081 613 cum
2101 591 2170 615 sua

1145 633 1280 686 (quod
1301 635 1428 685 palam
1449 634 1532 687 est)
1555 635 1668 672 tertio
1688 635 1806 672 ferme
1827 637 2170 686 consanguinitatis

1145 695 1265 745 gradu
1281 709 1514 746 permanens
1531 695 1766 733 consobrina
1778 697 1816 733 ²⁶?
1832 700 1879 734 Et
1896 697 2053 747 quidem
2070 698 2170 736 iuter

1146 756 1267 792 filium
1289 757 1441 794 comitis
1465 756 1697 804 Theobaldi,
1721 766 1759 794 et
1781 757 1931 795 comitis
1953 759 2169 797 Flandren—

1146 816 1196 854 sis
1222 818 1358 865 filiam,
1379 826 1417 854 et
1447 818 1539 855 item
1573 818 1674 855 inter
1701 818 1882 855 comitem
1912 819 2168 857 Suessionen-

1143 892 1221 917 sem
1236 908 1246 926 ,
1265 887 1302 916 et
1317 880 1432 917 filiam
1454 880 1606 917 comitis
1631 879 1843 917 Theobaldi
1858 910 1868 927 ,
1895 881 1925 917 si
1942 882 2170 932 consangui-

1145 939 1243 977 nitas
1267 940 1340 988 sit,
1372 941 1500 978 nescio
1524 955 1532 978 z
1565 941 1730 978 scienter
1750 941 1852 978 enim
1881 941 2012 979 illicita
2033 943 2170 980 matri-

2101 1003 2168 1040 sed

1143 1062 1271 1100 sciatis
1299 1076 1390 1110 vos,
1419 1071 1457 1100 et
1478 1063 1572 1100 sciat
1598 1062 1778 1100 dominus
1807 1076 1934 1110 meus,
1957 1063 2166 1114 prohibere

1142 1123 1282 1160 horum
1297 1124 1471 1174 nuptias,
1489 1123 1520 1160 si
1536 1136 1614 1173 quo
1629 1122 1746 1160 modo
1762 1122 1946 1174 conjungi
1966 1125 2019 1162 fas
2037 1125 2163 1172 suerit,

1141 1197 1339 1221 exarmare
1361 1185 1567 1222 Ecclesiam
1587 1193 1664 1231 est,
1686 1192 1724 1221 et
1748 1185 1907 1221 multam
1935 1185 1989 1221 illi
2014 1185 2165 1222 subtra—

1140 1244 1231 1281 here
1266 1245 1546 1282 fortitudinem.
1575 1248 1654 1282 Nec
1686 1244 1801 1282 aliam
1830 1253 1925 1294 puto
1957 1246 2165 1283 adversan-

1140 1304 1233 1341 tium
1254 1305 1347 1355 ipsis
1367 1305 1512 1355 nuptiis
1529 1304 1785 1341 intentionem
1800 1332 1810 1350 ,
1831 1305 1903 1342 nisi
1926 1314 1968 1342 ut
1988 1307 2028 1342 in
2054 1308 2164 1343 terris

1138 1365 1390 1416 praefatorum
1411 1365 1631 1416 principum
1660 1378 1740 1402 non
1764 1365 1914 1416 possint
1934 1365 2076 1403 habere
2108 1380 2167 1404 re-

1139 1425 1283 1476 fugium
1294 1455 1304 1474 ,
1320 1427 1555 1476 quicumque
1574 1424 1773 1463 audebunt
1789 1426 2053 1464 contradicere
2068 1427 2166 1464 schi-

1138 1487 1250 1525 smati
1283 1487 1390 1538 quod
1426 1487 1633 1524 minantur.
1667 1490 1879 1537 Hucusque
1909 1489 2012 1526 zelus
2043 1502 2162 1526 meus.

1135 1551 1221 1586 Non
1243 1561 1403 1599 possum
1436 1548 1539 1585 enim
1571 1561 1642 1598 ego
1675 1547 1881 1585 emendare
1913 1548 2018 1598 quod
2049 1551 2159 1599 potui

1134 1609 1367 1660 redarguere
1389 1625 1396 1647 :
1417 1609 1528 1660 potui
1548 1617 1586 1645 et
1604 1621 1853 1645 commonere
1874 1622 1962 1646 eum
1981 1610 2048 1659 qui
2068 1624 2161 1660 pos·

1134 1669 1194 1707 sit.
1223 1670 1335 1708 Zelus
1367 1669 1516 1707 domini
1538 1669 1614 1707 mei
1649 1669 1761 1706 faciet
1781 1669 1866 1706 hoc.
1904 1673 2037 1720 Ipsum
2067 1670 2159 1707 duxi

1134 1731 1391 1769 necessarium
1427 1731 1467 1768 in
1499 1744 1639 1781 magno
1673 1731 1852 1769 Ecclesiae
1879 1731 2012 1770 labore
2046 1741 2159 1783 atque

55 1796 252 1848 prudentia
273 1804 424 1842 vestra,
444 1794 537 1846 quid
559 1795 677 1832 animi
695 1808 785 1845 erga
802 1793 978 1832 subditos
998 1806 1063 1843 ge·
1084 1796 1112 1833 C
1134 1793 1307 1843 periculo
1328 1792 1664 1844 compellandum,
1684 1800 1722 1830 et
1746 1805 1817 1843 per
1836 1793 1986 1830 nullum
2009 1793 2161 1844 dignius

54 1864 126 1903 rat,
143 1857 209 1907 qui
226 1856 274 1894 de
293 1857 385 1894 odio
407 1865 523 1906 atque
544 1856 755 1902 discordia,
776 1856 807 1893 si
827 1855 942 1892 fuerit
962 1855 1064 1892 inter

55 1930 161 1964 suos,
181 1931 220 1955 se
246 1918 410 1955 aestimat
436 1917 651 1955 fortiorem.
674 1917 812 1955 Videat
833 1925 870 1954 et
892 1929 1063 1967 perpen-

54 1977 136 2025 dat,
156 1978 186 2016 si
202 1987 258 2016 est
277 1978 339 2016 hic
358 1978 476 2016 homo
494 1992 515 2015 a
532 1982 614 2015 Deo
628 2008 637 2025 ‚
659 1978 727 2028 qui
747 1978 783 2014 in
804 1990 963 2014 suorum
986 1990 1064 2013 ma-

32 2038 105 2090 gis
131 2048 262 2077 mutua
290 2039 483 2076 simultate
515 2052 631 2089 quam
667 2038 850 2075 charitate
881 2036 1059 2083 confidit,

33 2130 35 2134 .
54 2112 135 2137 cum
152 2100 314 2138 charitas
335 2100 383 2137 sit
403 2104 532 2137 Deus²
556 2114 563 2136 ε
586 2099 693 2149 quod
715 2099 872 2135 minime
898 2099 1060 2144 faceret,

53 2160 82 2198 si
101 2161 320 2212 sapientiam
352 2161 456 2198 illius
488 2159 647 2197 haberet
680 2160 746 2210 qui
773 2160 842 2205 ait,
865 2161 991 2194 Fortis
1011 2166 1064 2193 esc

53 2217 92 2258 nt
104 2235 199 2259 mors
219 2225 386 2268 dilectis),
405 2224 500 2258 (lura
522 2224 618 2258 sic-ut
633 2220 803 2270 infernus
825 2222 1022 2255 annulatio
1034 2218 1060 2255 3.

34 2315 35 2320 ,
53 2284 253 2333 Propterea
269 2296 361 2332 ergo
382 2282 486 2332 pacis
507 2281 786 2319 conventiones
808 2288 845 2317 et
866 2279 1057 2316 constitu-

53 2343 168 2381 tiones
182 2343 380 2381 manifeste
401 2342 682 2393 transgreditur
703 2357 710 2379 :
734 2355 804 2379 nec
826 2349 930 2378 tenet
951 2349 1062 2391 pacta

53 2415 133 2451 sua,
151 2417 235 2454 quae
255 2404 515 2441 distinxerunt
534 2402 636 2440 labia
656 2416 736 2440 sua.
753 2402 930 2452 Denique
951 2414 1060 2437 revo-

53 2464 146 2501 cavit
167 2465 206 2502 in
232 2464 391 2502 domum
419 2477 550 2511 suam,
575 2472 613 2501 et
634 2463 682 2500 ad
711 2463 914 2500 consilium
949 2475 1061 2498 suum

51 2523 170 2562 virum
190 2525 407 2562 adulterum
432 2533 469 2562 et
494 2523 872 2561 excommunicatum
890 2520 921 2567 b,
945 2535 1061 2572 quem

53 2597 96 2622 ex
121 2587 326 2623 constituto
352 2585 540 2636 ejecerat3
565 2594 604 2623 et
632 2599 704 2635 pro
731 2583 947 2622 exercenda
976 2597 1060 2620 ma-
1080 2594 1115 2628 D

49 2643 122 2695 J'ori
138 2647 300 2695 malitia,
323 2648 406 2685 aliis
426 2647 557 2684 multis
574 2659 739 2696 nequam
767 2659 876 2695 aeque
898 2658 1060 2682 excom-

53 2707 244 2746 municatis
259 2738 269 2755 ‚
297 2708 464 2759 perjuris
477 2738 486 2755 ,
521 2706 768 2745 incendiariis
786 2735 794 2752 ‚
824 2704 1029 2742 homicidis
1049 2733 1059 2752 ‚

52 2770 131 2806 Rex
153 2777 191 2806 et
217 2769 424 2807 advocatus
454 2769 634 2807 Ecclesiae
667 2768 851 2805 adversus
881 2766 1061 2804 Ecclesiae

53 2827 177 2878 (quod
197 2843 273 2867 non
295 2839 353 2867 est
373 2829 561 2881 dubium)
584 2837 795 2866 amatorem
820 2835 857 2864 et
880 2826 1061 2863 defenso-

53 2901 127 2926 rem
147 2888 272 2927 denuo
292 2890 483 2936 sociatur,
505 2889 617 2940 juxta
642 2889 740 2926 illud
761 2888 964 2939 prophetae
988 2902 996 2924 :
1019 2889 1061 2923 Sl·

36 2949 205 2987 *videbas
216 2950 355 2998 sarem,
374 2951 550 2989 currebas
572 2965 652 2987 cum
675 2965 730 2995 es),
752 2959 786 2986 et
807 2963 888 2985 cum
913 2950 1061 2984 adulte-

36 3061 37 3066 1
53 3015 102 3047 rIs
109 3017 316 3060 portionem
331 3023 433 3050 luam
448 3012 621 3062 ponebas
631 3012 658 3049 ⁴'.

101 3074 138 3110 4.
158 3073 217 3110 Ad
237 3073 317 3111 haec
336 3075 439 3125 cogit
463 3088 533 3112 suo
559 3087 668 3111 more
691 3074 894 3124 episcopos
915 3069 963 3107 ad
984 3084 1062 3107 ma-

1132 1868 1247 1905 quam
1264 1868 1334 1906 per
1355 1868 1448 1901 vos,
1470 1854 1537 1904 qui
1555 1853 1638 1903 ejus
1659 1853 1769 1890 lateri
1795 1862 1832 1890 et
1853 1854 2006 1904 spiritui
2028 1854 2159 1890 adhae-

1133 1916 1234 1953 retis.
1269 1915 1383 1967 Apud
1411 1928 1547 1966 quem,
1570 1928 1720 1965 quaeso,
1740 1914 1879 1951 habete
1912 1928 1972 1951 me
2003 1929 2160 1953 excusa-

1132 1987 1232 2024 tum,
1253 1977 1359 2028 quod
1375 1981 1479 2027 Rege
1498 1984 1645 2013 mutato
1668 1975 1898 2012 mutaverim
1918 1976 2045 2013 stilum
2062 2006 2070 2022 ‚
2091 1978 2157 2028 qui

1131 2038 1179 2076 ad
1198 2038 1326 2089 ipsum
1352 2041 1477 2075 Deum
1502 2037 1572 2075 Dei
1596 2036 1829 2087 prophetam
1851 2036 1991 2074 dixisse
2022 2038 2125 2076 scitis
2147 2054 2155 2076 ε

1135 2100 1223 2136 Cnnz
1248 2104 1333 2136 viro
1359 2103 1558 2136 innocente
1583 2104 1763 2135 innocens
1792 2102 1883 2145 eras,
1906 2108 1942 2135 et
1964 2112 2048 2135 cum
2062 2114 2156 2150 per-

1130 2175 1231 2198 verso
1248 2164 1472 2210 perverteris
1492 2160 1518 2196 ⁵.

1132 2301 1510 2313 =su======x=vv=v=xx=x===m
1519 2301 1542 2310 ιι
1549 2300 1660 2310 ιςικικικ
1666 2300 1982 2310 κκιιιιιιιικηκκςηκηιικι
1990 2302 2070 2311 2=1x=x
2077 2303 2126 2311 uxn
2133 2303 2159 2312 μ-

1267 2422 1653 2480 EPISTOLA
1712 2422 2026 2480 CCXX'V.c

1196 2590 1242 2611 AD
1273 2587 1457 2612 DOMINUM
1485 2588 1693 2611 EPISCOPLM
1724 2588 2023 2611 SL'ESSIONENSEM
2048 2575 2078 2612 ¹¹.

1385 2716 1540 2745 Hortatur
1567 2711 1608 2743 ad
1635 2712 1774 2744 studium
1799 2714 1896 2756 pacis.

1182 2835 1464 2874 Laboravimus
1481 2849 1489 2871 :
1508 2833 1574 2871 sed
1593 2833 1640 2871 de
1657 2834 1832 2884 profectu
1851 2835 1976 2872 adhuc
1991 2836 2152 2885 quaestio

1129 2905 1198 2934 cst.
1228 2895 1508 2934 Seminavimus
1542 2895 1706 2931 multum
1723 2925 1732 2942 ,
1755 2895 1822 2932 sed
1848 2896 2049 2934 intulimus
2081 2911 2152 2947 pa-

1128 2971 1227 2995 rum.
1256 2960 1437 2995 Fatemur
1455 2968 1526 2992 nos
1551 2956 1698 3006 eguisse
1717 2964 1843 2993 vestra
1861 2970 1981 3006 opera
1998 2966 2035 2994 et
2057 2971 2153 3007 pra>-

1129 3018 1264 3056 sentia.
1293 3021 1438 3055 Verum
1460 3016 1566 3067 quod
1593 3030 1677 3053 eam
1711 3030 1789 3053 non
1821 3018 2091 3067 requisivimus
2112 3019 2150 3054 iu

1131 3088 1237 3118 tanta
1253 3079 1498 3124 necessitate,
1518 3091 1587 3128 per
1603 3077 1767 3114 amicum
1791 3092 2036 3115 communem
2056 3083 2152 3117 San—

102 3211 110 3227 ¹
127 3208 207 3240 Psal.
228 3220 364 3247 mxxxi,
384 3213 439 3243 13.
455 3229 496 3234 -—
519 3217 532 3233 ²
549 3213 738 3249 1Joan.1v,
763 3214 794 3244 8.
811 3230 856 3235 -—
873 3211 888 3235 3
903 3213 1025 3245 Cantic.
1046 3225 1128 3253 vm,
1148 3219 1181 3246 6.
1203 3233 1247 3238 ——
1265 3215 1280 3242 4
1298 3216 1381 3247 Psal.
1401 3226 1499 3253 uix,
1524 3217 1578 3246 18.
1595 3233 1639 3237 -
1655 3212 1668 3236 5
1684 3214 1766 3246 Psal.
1786 3218 1950 3252 xv11,26.

97 3268 110 3283 ²
128 3267 209 3300 Vide
223 3270 387 3312 epistolam
404 3275 485 3303 222.

99 3311 115 3336 Β
133 3321 251 3354 Scilicet
266 3324 449 3356 Radulfum.
468 3325 550 3356 vide
563 3325 727 3368 epistolam
747 3330 813 3359 216
829 3334 858 3359 et
876 3334 1052 3369 sequentes.
1073 3347 1117 3351 —
1131 3333 1145 3350 e
1163 3329 1285 3372 Scripta
1299 3340 1382 3360 anno
1403 3328 1518 3361 Christi
1537 3332 1546 3359 1
1563 3331 1638 3360 143.
1651 3346 1694 3350 —
1713 3328 1728 3349 ‘1
1745 3329 1920 3360 „rosh-num,
