2565 3952
70 147 142 184 293

978 147 1240 182 EPISTOLE.

68 226 191 270 tione,
231 231 269 259 ct
307 220 431 258 subita
463 220 674 256 mutatione
710 220 876 257 dextcrae
908 221 1095 266 Excelsi‚'

2074 154 2145 191 29²1

1107 222 1431 272 ¹⁵propinquatio.
1454 224 1631 273 Denique
1646 225 1697 261 ait
1718 240 1725 261 ε
1749 231 1858 275 Agite
1870 234 2152 275 poenitcmimn,

65 291 242 336 agnoscat
270 295 308 319 se
340 281 476 318 merito
497 280 652 330 quidem
683 293 760 317 non
785 280 864 330 jam
896 281 961 318 irae
976 312 985 328 ‚
1008 281 1074 319 sed
1093 283 1123 315 A
1142 286 1232 330 quia
1250 288 1576 332 appropinquwaeit
1595 298 1748 332 regnum
1771 290 1945 323 coelorum
1958 289 1984 324 ⁴.
2002 290 2099 326 Audi
2118 300 2153 326 et

64 346 192 397 gratiae
209 343 349 388 lilium3
367 342 510 391 quippe
527 341 592 391 qui
613 350 815 390 paternum
835 356 922 391 erga
951 356 990 379 sc
1010 343 1071 379 di—

64 406 159 443 vinae
179 403 361 440 bonitatis
382 402 579 452 experitur
599 401 776 437 affectum
795 416 802 437 :
818 402 923 451 quod
940 415 978 439 se
994 403 1070 439 uti—

64 479 137 517 que
152 465 335 501 hactenus
356 463 394 499 in
419 470 566 498 tantum
585 461 767 507 latuerat,
786 470 828 498 ut
849 476 927 499 non
947 464 1071 500 solum

63 526 234 571 nesciret,
255 533 475 561 utrumnam
493 522 628 572 dignus
644 522 742 558 foret
758 536 888 559 amore
902 537 948 560 an
964 523 1068 570 odio,

61 599 195 625 verum
215 585 326 622 etiam
344 583 475 620 odium
497 583 614 632 magis
625 611 634 628 ,
649 591 687 618 et
702 595 779 618 non
794 596 963 620 amorem
979 598 1071 634 pro—

61 646 145 697 pria
167 643 406 682 conversatio
426 650 629 678 testaretur
643 656 650 678 z
664 650 773 678 erant
787 643 887 678 enim
904 642 1071 681 tenebrae

62 706 184 744 adhuc
207 717 322 754 super
342 703 475 740 faciem
491 701 618 751 abyssi
645 717 652 739 :
681 715 812 739 nonne
831 704 860 740 is
879 703 946 740 tibi
963 704 1071 742 vide-

60 775 125 804 tur
142 765 249 815 quasi
276 764 322 801 de
339 763 476 812 abysso
498 762 796 813 profundissima
824 772 860 800 et
887 763 1070 801 tenebro-

60 825 204 863 sissima
222 823 426 861 horrendae
459 822 704 872 ignorantiae,
733 823 771 859 in
799 823 909 859 aliam
931 837 1069 873 quam—

60 885 145 923 dam
165 897 320 936 quoque
341 883 439 920 trahi
460 883 639 932 abyssum
660 896 680 920 e
703 884 859 933 regione
879 897 1069 929 amoenam

59 954 96 984 et
110 945 274 983 lucidam
295 944 475 981 claritatis
499 945 674 981 aeternae?

113 1007 147 1044 7.
167 1009 215 1043 Et
232 1014 323 1042 tunc
345 1005 499 1042 demum
523 1005 632 1054 quasi
657 1004 793 1041 dividit
811 1007 915 1041 Deus
944 1006 1066 1043 lucem

1139 341 1186 377 de
1207 341 1561 391 praedestinatione,
1587 345 1691 394 quod
1725 346 1806 395 ipsa
1836 347 1883 383 sit
1910 350 2151 397 praeparatio.

1135 403 1349 450 Perclpite,
1372 403 1518 452 inquit,
1548 418 1700 453 regnum
1729 408 1831 454 quod
1849 407 1954 443 vobis
1971 418 2150 456 paratum

1139 471 1191 497 est
1212 461 1259 497 ab
1279 466 1425 511 origine
1451 466 1581 499 tutandi
1597 463 1624 500 ⁵.

1193 522 1229 557 8.
1261 525 1383 558 Nemo
1405 523 1533 572 itaque
1561 536 1600 560 se
1627 525 1745 561 amari
1775 525 1940 572 diffidat,
1973 527 2038 576 qui
2070 526 2148 576 jam

1138 590 1250 618 amat.
1273 581 1458 619 Libenter
1478 584 1550 621 Dei
1567 597 1676 620 amor
1694 593 1888 631 nostrum,
1911 600 2027 636 quem
2051 601 2151 636 prae—

1137 642 1260 689 venit,
1295 641 1554 693 subsequitur.
1594 648 1685 682 Nam
1720 646 1916 696 quomodo
1954 647 2150 685 redamare

1137 701 1282 751 pigebit
1295 731 1304 749 ,
1324 717 1421 753 quos
1439 705 1580 741 amavit
1597 714 1634 742 et
1651 706 1815 743 necdum
1830 710 2025 744 amantes?
2039 713 2151 746 Αιῃεὶἣ

1137 762 1214 807 vit,
1249 763 1427 812 inquam,
1463 766 1615 802 amavit.
1642 766 1770 804 Habes
1799 768 1898 804 enim
1936 768 2150 806 dilectionis

1135 823 1274 872 pignus
1290 825 1488 874 Spiritum,
1503 825 1619 863 habes
1634 836 1671 863 et
1685 835 1818 865 testem
1838 828 1988 865 fidelem
2006 832 2149 878 Jesum,

1135 891 1172 920 et
1192 883 1295 920 hunc
1313 885 1552 924 crucifixum.
1576 890 1607 925 Ο
1624 888 1816 938 geminum
1831 917 1842 934 ,
1864 889 2067 939 ipsumque
2087 890 2152 926 tir-

1135 944 1293 981 missum
1329 946 1400 983 Dei
1436 960 1525 996 erga
1568 961 1639 986 nos
1681 949 1823 985 amoris
1861 953 2150 998 argumentum!

1135 1004 1304 1042 Christus
1339 1006 1522 1054 moritur,
1553 1016 1591 1044 et
1620 1016 1790 1045 meretur
1822 1009 1953 1045 amari.
1989 1010 2151 1059 Spiritus

58 1079 79 1103 a
100 1065 290 1112 tenebris,
317 1079 402 1102 cum
424 1073 622 1115 peccator,
648 1065 734 1101 Sole
750 1065 992 1103 illucescente
1004 1066 1070 1116 ju-
1088 1067 1115 1100 Β
1137 1066 1275 1111 afficit,
1300 1075 1337 1103 et
1358 1067 1446 1104 facit
1462 1070 1592 1105 amari.
1608 1070 1677 1106 Ille
1698 1070 1785 1106 facit
1800 1079 2049 1117 cui-ametur,
2066 1071 2150 1116 iste,

57 1126 186 1172 stitiae‚
213 1126 370 1176 abjectis
392 1125 577 1176 operibus
610 1124 873 1172 tenebrarum,
896 1126 1069 1164 induitur

56 1200 163 1224 arma
184 1187 299 1234 lucis;
328 1195 365 1223 et
394 1187 424 1223 is
455 1199 569 1235 quem
601 1187 709 1235 prior
739 1186 817 1222 vita
845 1200 887 1222 ac
910 1188 1069 1236 propria

55 1247 310 1294 conscientia,
334 1255 514 1295 tanquam
546 1259 680 1282 revera
712 1246 831 1282 filium
863 1247 1066 1295 gehennae,

55 1306 306 1356 deputaverat
333 1304 535 1342 ardoribus
567 1304 831 1354 sempiternis;
854 1305 901 1341 ad
924 1314 1068 1342 tantam

54 1367 241 1406 visitantis
257 1381 296 1404 se
315 1366 482 1405 Orientis
502 1379 551 1403 ex
570 1366 646 1402 alto
668 1365 927 1414 dignationem
950 1368 1068 1416 respi-

55 1441 163 1475 rans,
190 1428 345 1478 gloriari
368 1427 481 1464 etiam
502 1426 636 1476 incipit
653 1434 793 1476 praeter
809 1439 915 1476 spem
944 1427 981 1463 iu
1000 1440 1067 1477 spe

54 1488 183 1538 gloriae
202 1488 370 1525 filiorum
390 1487 482 1532 Dei,
501 1499 615 1536 quam
633 1485 714 1535 jam
727 1515 737 1532 ,
769 1486 950 1523 nimirum
972 1500 992 1523 e
1010 1488 1068 1523 vi-

54 1549 140 1586 cino
172 1548 337 1585 revelata
362 1547 455 1584 facie
479 1547 692 1593 exsultans,
718 1559 821 1583 novo
853 1547 891 1583 in
921 1547 1066 1584 lumine

54 1608 290 1658 speculatur,
307 1615 345 1643 et
367 1607 458 1643 dicit
475 1621 483 1643 :
510 1607 706 1656 Signatum
728 1616 782 1642 est
795 1620 910 1655 saper
923 1622 990 1643 nos
1007 1610 1065 1643 ltc-

54 1683 137 1704 men
155 1671 279 1704 vultus
295 1673 363 1714 tui,
374 1671 550 1712 Domine;
567 1669 704 1704 dedisti
720 1671 891 1704 laetitiam
906 1674 944 1703 in
961 1671 1071 1706 carde

54 1742 134 1766 mec·
149 1735 174 1765 ¹.
199 1732 230 1767 Ο
257 1728 443 1774 Domine,
466 1727 560 1778 quid
584 1736 640 1764 est
659 1727 799 1773 homo,
833 1728 923 1777 quia
951 1728 1068 1765 inno·

55 1788 155 1825 tuisti
170 1789 228 1826 ei?
242 1797 308 1825 aut
324 1789 422 1825 filius
436 1788 624 1833 hominis,
640 1788 731 1837 quia
746 1796 901 1837 reputas
919 1801 1007 1825 eum
1026 1795 1038 1810 ²
1053 1791 1068 1825 Ξ)

1135 1134 1177 1161 ut
1195 1136 1356 1164 ametur.
1376 1128 1444 1164 Ille
1461 1142 1572 1166 suam.
1587 1131 1744 1167 multam
1760 1130 2005 1167 dilectionem
2024 1131 2062 1167 in
2081 1144 2152 1167 no-

1134 1184 1193 1222 bis
1222 1188 1489 1235 commendat,
1524 1189 1594 1226 iste
1621 1199 1658 1226 et
1684 1190 1760 1227 dat.
1791 1195 1835 1228 In
1864 1191 1929 1227 illo
1959 1192 2150 1228 cernimus

1135 1245 1240 1294 quod
1259 1260 1430 1284 amemus
1450 1263 1460 1293 3
1483 1248 1529 1284 ab
1547 1249 1620 1285 isto
1641 1251 1826 1286 sumimus
1842 1250 1944 1286 unde
1968 1264 2151 1287 amemus.

1136 1305 1336 1343 Charitatis
1350 1307 1467 1356 igitur
1488 1307 1535 1344 ab
1556 1309 1622 1345 illo
1645 1310 1813 1355 occasio,
1835 1323 1882 1346 ex
1902 1310 1972 1345 isto
1986 1310 2151 1346 affectio.

1135 1367 1287 1413 Quanta
1317 1368 1516 1414 confusio,
1556 1369 1627 1404 Dci
1663 1369 1799 1406 Filium
1834 1369 1991 1418 ingratis
2031 1371 2152 1405 oculis

1133 1438 1291 1462 cernere
1323 1428 1572 1464 morientem!
1603 1429 1708 1478 quod
1731 1429 1886 1478 quidem
1919 1429 2026 1465 facile
2057 1443 2153 1466 con—

1135 1484 1268 1534 tingit,
1298 1487 1328 1523 si
1345 1486 1442 1524 desit
1471 1488 1646 1538 Spiritus.
1669 1493 1779 1526 Nunc
1797 1498 1923 1526 autem
1954 1490 2043 1538 quia
2068 1490 2154 1527 cha-

1135 1544 1228 1582 ritas
1256 1547 1327 1583 Dei
1358 1547 1497 1585 diffusa
1534 1557 1591 1585 est
1628 1549 1667 1585 in
1699 1549 1881 1586 cordibus
1912 1551 2053 1587 nostris
2084 1564 2155 1600 per

1132 1606 1315 1656 Spiritum
1334 1617 1531 1654 sanctum,
1554 1610 1620 1659 qui
1645 1610 1755 1646 datus
1773 1619 1829 1647 est
1854 1609 2016 1657 nobi503
2041 1613 2155 1666 amati

1137 1680 1330 1716 amamus,
1359 1680 1530 1709 amantes
1550 1673 1714 1722 amplius
1742 1686 1936 1710 meremur
1968 1675 2098 1710 amari.
2118 1675 2155 1711 Si

1136 1731 1239 1766 enim
1270 1745 1356 1768 cum
1387 1733 1511 1770 adhuc
1534 1734 1677 1770 inimici
1704 1747 1887 1781 essemus,
1917 1735 2154 1772 reconciliati

1135 1805 1266 1829 sumus
1283 1796 1365 1830 Deo
1386 1807 1455 1843 per
1476 1804 1641 1831 mortem
1671 1795 1754 1833 Filii
1771 1794 1873 1844 ejus,
1894 1796 2014 1831 multo
2037 1797 2154 1845 magis

52 1853 134 1887 Jam
148 1862 209 1895 se,
228 1862 252 1885 o
268 1848 372 1885 bone
388 1852 524 1895 Pater,
540 1849 681 1885 vermis
700 1848 906 1885 vilissimus
921 1857 958 1885 et
975 1849 1066 1886 odio
1085 1855 1111 1890 C
1132 1853 1369 1890 reconciliati
1401 1855 1495 1891 salvi
1528 1856 1670 1892 erimus
1706 1856 1745 1892 in
1778 1856 1855 1892 vita
1889 1856 2020 1906 ipsius.
2052 1858 2153 1904 Quid

53 1909 292 1959 dignissimus
318 1909 574 1960 sempiterno,
599 1917 726 1945 tamen
750 1908 910 1945 confidit
933 1910 1064 1956 amari,

52 1971 230 2021 quoniam
255 1984 294 2008 se
320 1971 436 2008 sentit
451 1983 578 2007 amare
608 1984 616 2006 :
644 1970 722 2006 imo
755 1970 845 2019 quia
877 1983 915 2007 se
947 1971 1065 2007 amari

52 2031 264 2082 praesentit‚
287 2044 366 2068 non
383 2030 583 2068 redamare
608 2030 871 2067 confunditur.
890 2035 974 2068 Jam
997 2045 1066 2082 ap-

53 2099 160 2141 paret
179 2091 219 2128 in
237 2091 383 2128 lumine
401 2100 468 2128 tuo
480 2120 490 2137 ,
511 2104 534 2128 o
555 2090 824 2128 inaccessibilis
840 2095 924 2129 Lux
938 2121 947 2137 ‚
972 2092 1065 2142 quid

52 2148 142 2188 boni
162 2164 281 2202 penes
296 2160 346 2199 te,
364 2151 479 2188 etiam
497 2165 584 2188 cum
602 2152 724 2188 malus
744 2160 861 2196 esset,
882 2152 1063 2189 miserum

53 2220 220 2249 maneret
245 2212 536 2249 homunculum.
568 2217 680 2249 Amat
709 2213 872 2262 proinde
895 2226 972 2249 non
991 2213 1062 2250 im-

53 2271 206 2318 merito,
227 2272 316 2322 quia
335 2280 483 2309 amatus
498 2280 556 2308 est
571 2272 652 2308 sine
671 2273 808 2309 merito
831 2288 838 2310 :
861 2282 962 2310 amat
982 2274 1062 2310 sine

52 2330 127 2368 fine
141 2360 151 2378 ‚
173 2332 262 2382 quia
282 2333 363 2369 sine
384 2332 575 2383 principio
603 2334 859 2383 secognoscit
879 2342 1059 2371 amatum.

47 2381 183 2429 ‘Prodit
214 2392 253 2429 in
272 2393 397 2429 lucem
418 2392 466 2430 ad
498 2393 626 2430 miseri
646 2394 949 2430 consolationem
980 2407 1061 2431 ma-

50 2462 165 2501 gnum
186 2453 410 2499 consilium,
445 2453 551 2503 quod
584 2452 632 2490 ab
661 2461 806 2490 aeterno
838 2454 1002 2490 latuerat
1021 2454 1061 2490 in

19 2504 25 2507 .
52 2512 136 2549 sinu
151 2514 373 2550 aeternitatis
391 2528 399 2551 τ
416 2513 521 2564 quod
538 2513 635 2550 nolit
650 2513 828 2550 videlicet
844 2517 946 2551 Deus
961 2527 1061 2550 mor-

53 2579 129 2609 tem
144 2574 373 2623 peccatoris,
395 2573 462 2612 sed
482 2574 601 2624 magis
618 2583 660 2611 ut
681 2582 929 2611 convertatur
946 2583 983 2611 et
1001 2575 1060 2610 vi-

1132 1913 1260 1949 enim?
1279 1913 1344 1963 qui
1364 1915 1525 1964 proprio
1555 1916 1650 1953 Filio
1669 1929 1739 1952 suo
1762 1930 1840 1953 non
1859 1917 2033 1966 pepercit
2051 1946 2060 1962 ,
2085 1918 2151 1954 sed

1132 1986 1205 2023 pro
1241 1972 1352 2011 nobis
1373 1974 1554 2012 omnibus
1584 1976 1741 2013 tradidit
1770 1977 1901 2023 illum,
1931 1991 2011 2014 non
2039 1978 2153 2015 etiam

1131 2035 1261 2071 onmia
1279 2048 1367 2072 cum
1388 2035 1472 2086 ipso
1494 2036 1652 2074 daturus
1673 2046 1730 2074 est
1749 2037 1862 2074 nobis
1878 2045 1890 2067 .-
1908 2039 1922 2074 Ρ

1185 2096 1221 2132 9.
1241 2097 1336 2133 Cum
1359 2110 1450 2146 ergo
1476 2097 1671 2147 geminum
1693 2106 1890 2136 teneamus
1920 2108 2061 2135 nostrae
2091 2113 2151 2136 sa—

1131 2155 1220 2192 lutis
1238 2156 1423 2193 indicium
1437 2185 1446 2202 ,
1476 2158 1667 2207 geminam
1700 2160 1903 2208 Sanguinis
1923 2169 1961 2196 et
1987 2161 2150 2211 Spiritus

1131 2216 1380 2263 effusionem;
1420 2226 1556 2254 neutra
1582 2218 1662 2255 sine
1695 2220 1813 2255 altera
1845 2219 2016 2269 prodest.
2055 2224 2147 2257 Nam

1129 2288 1199 2312 nec
1225 2276 1387 2326 Spiritus
1418 2276 1530 2313 datur
1562 2277 1634 2314 nisi
1669 2277 1915 2315 credentibus
1947 2279 1986 2315 in
2018 2280 2148 2317 Cruci-

1129 2337 1248 2373 fixum
1270 2351 1278 2373 τ
1300 2350 1370 2374 nec
1396 2337 1489 2374 fides
1518 2338 1636 2383 valet,
1665 2339 1695 2375 si
1716 2352 1795 2375 non
1816 2349 2001 2389 operatur
2020 2354 2067 2377 ex
2088 2340 2148 2375 di-

1128 2397 1305 2434 lectione.
1341 2397 1507 2434 Dilectio
1546 2406 1673 2434 autem
1708 2398 1855 2435 donum
1888 2400 2052 2449 Spiritus
2075 2409 2142 2436 est.

1128 2457 1241 2506 Quod
1273 2458 1303 2494 si
1341 2458 1532 2495 secundus
1558 2458 1676 2495 homo
1708 2458 1720 2509 ζ
1749 2459 1939 2496 Christum
1974 2461 2113 2509 loquor
2134 2461 2143 2507 J*

1128 2518 1249 2555 factus
1266 2527 1322 2554 est
1342 2531 1422 2555 non
1445 2519 1569 2555 solum
1588 2519 1625 2555 in
1649 2520 1815 2556 animam
1840 2520 2053 2565 viventem,
2076 2520 2143 2556 sed

1128 2578 1240 2614 etiam
1259 2579 1298 2614 in
1321 2578 1496 2628 spiritum
1519 2578 1774 2615 vivificantem
1790 2608 1799 2625 ,
1831 2592 1878 2615 ex
1903 2592 1981 2615 uno
2006 2579 2142 2615 videli-

52 2639 126 2669 vat.
144 2632 270 2671 Habes
282 2663 292 2680 ‚
313 2634 432 2671 homo
447 2663 457 2682 ,
477 2633 592 2683 hujus
622 2634 751 2671 arcani
768 2634 932 2671 indicem
949 2635 1061 2684 spiri-
1078 2645 1111 2678 D
1128 2646 1188 2674 cet
1208 2638 1379 2675 moriens
1391 2668 1400 2684 ‚
1421 2652 1465 2675 ex
1489 2638 1609 2675 altero
1628 2647 1801 2675 mortuos
1818 2639 2023 2683 suscitan53
2048 2637 2139 2688 quid

54 2700 131 2730 mm
166 2693 440 2743 justificantem
462 2723 473 2740 ‚
495 2693 498 2695 ’
518 2707 642 2744 eoque
678 2694 763 2745 ipso
795 2695 1057 2731 testificantem

54 2752 202 2801 spiritui
216 2762 295 2800 tuo,
317 2754 423 2804 quod
444 2754 543 2791 filius
560 2754 636 2791 Dei
650 2763 688 2791 et
709 2754 788 2804 ipse
803 2755 863 2791 sis.
885 2759 1058 2804 Agnosce

55 2812 252 2851 consilium
274 2815 344 2851 Dei
358 2815 398 2852 in
414 2813 689 2864 justificatione
720 2815 773 2851 tui
792 2830 800 2851 :
822 2816 1005 2852 confitere
1023 2824 1060 2852 et

55 2870 134 2919 dic,
154 2874 358 2911 Consilt'um
381 2889 503 2911 meum
513 2876 805 2923 justificationes
824 2885 900 2911 tuoe
918 2874 943 2912 3.
962 2879 1060 2912 Prae-

56 2944 140 2970 sens
158 2947 323 2985 namque
337 2934 560 2985 justificatio
580 2936 655 2982 tui,
678 2944 715 2972 et
732 2936 851 2972 divini
880 2945 935 2973 est
964 2949 1060 2973 con—

57 2991 127 3031 silii
143 2995 341 3042 revelatio,
365 3004 403 3032 et
426 2996 602 3046 quaedam
632 2996 678 3033 ad
707 2996 875 3033 futuram
901 2996 1061 3046 gloriam

0 3051 3 3063 '
56 3054 294 3103 praeparatio.
315 3058 392 3092 Aut
411 3063 513 3093 certe
529 3055 816 3106 praedestinatio
836 3056 917 3106 ipsa
934 3057 1063 3106 potius

57 3114 280 3164 praeparatio
302 3124 376 3163 est,
389 3115 609 3165 justificatio
622 3125 750 3153 autem
773 3116 892 3165 magis
903 3115 983 3165 jam
999 3130 1063 3167 ap-

1126 2697 1219 2733 mihi
1253 2697 1436 2748 prodesse
1468 2707 1595 2748 potest
1629 2698 1733 2747 quod
1768 2698 1807 2734 in
1841 2698 1925 2748 ipso
1953 2699 2136 2744 moritur,

1126 2757 1270 2807 absque
1300 2772 1346 2795 eo
1379 2758 1485 2808 quod
1513 2759 1706 2795 vivificat?
1740 2758 1915 2809 Denique
1950 2759 2030 2808 ipse
2059 2760 2109 2796 ait
2133 2776 2140 2797 :

1130 2820 1225 2854 Caro
1258 2832 1332 2854 non
1353 2821 1512 2867 prodest
1541 2821 1775 2867 quidquam,
1801 2821 1961 2867 Spiritus
1991 2829 2043 2855 est
2075 2826 2140 2867 (sul

1126 2878 1332 2926 vivificat&
1356 2879 1458 2927 Quid
1480 2888 1535 2916 est
1565 2887 1714 2925 autem,
1743 2880 1936 2925 vivificam
1967 2879 2056 2926 nisi,
2074 2879 2142 2928 ju—

1128 2940 1288 2976 stificat?
1311 2942 1404 2977 Cum
1427 2940 1530 2976 enim
1553 2953 1657 2976 mors
1678 2939 1814 2976 animae
1846 2948 2044 2990 peccatum
2068 2940 2138 2986 sit,

1129 2997 1142 3048 (
1157 2999 1282 3035 anima
1299 2999 1443 3048 quippe
1462 3012 1546 3048 quae
1558 2999 1773 3049 peccaverit
1786 2999 1867 3048 ipsa
1885 3000 2069 3035 morietur
2081 2998 2139 3049 9>;

1129 3058 1206 3093 vita
1223 3057 1305 3106 ejus
1326 3057 1406 3094 sine
1425 3057 1542 3094 dubio
1559 3058 1710 3107 justitia
1723 3066 1798 3104 est,
1816 3058 1996 3107 quoniam
2013 3058 2139 3106 justus

1130 3130 1175 3154 cx
1208 3117 1282 3154 fide
1315 3117 1418 3154 vivit.
1445 3122 1576 3156 Justus
1606 3126 1734 3155 autem
1760 3118 1846 3168 quis
1875 3126 1950 3164 est,
1982 3118 2053 3154 nisi
2074 3119 2139 3167 qui

107 3245 117 3261 ¹
138 3242 216 3274 Psal.
244 3254 290 3279 1v,
319 3247 350 3275 7.
365 3262 410 3267 —
427 3251 440 3266 ²
460 3245 541 3276 Psal.
563 3257 688 3282 oxum,
713 3249 744 3277 3.
760 3263 804 3267 —-
820 3241 834 3265 ³
856 3245 936 3275 Psal.
964 3255 1089 3282 cxv111,
1119 3248 1172 3276 24.
1199 3266 1244 3268 —
1265 3246 1278 3272 ἑ
1305 3246 1421 3277 Matth.
1452 3258 1512 3285 111,
1538 3251 1568 3278 2.
1590 3265 1634 3268 —-
1654 3244 1667 3267 5
1687 3246 1734 3277 Id.
1763 3258 1840 3282 xxv,
1863 3249 1916 3277 34.
1940 3264 1985 3268 —-
2011 3244 2025 3265 5
2044 3248 2137 3275 ium.

4 3302 5 3306 ¹
59 3303 97 3331 v,
118 3296 148 3325 5.
163 3313 206 3318 —
221 3302 235 3326 7
253 3295 301 3328 Id.
319 3307 402 3336 v111,
422 3299 478 3329 32.
492 3316 537 3320 κ-
552 3295 567 3319 ὃ
583 3300 677 3329 Joan.
702 3309 756 3335 vx,
780 3300 836 3329 6¹⁴.
852 3317 893 3320 -—
911 3304 927 3328 9
943 3298 1057 3330 Ezech.
1075 3310 1182 3336 xvm,
1211 3302 1240 3330 4.
