2517 3936
69 218 80 254 1
92 216 166 253 209

63 413 227 462 denique
267 411 433 449 secundo
474 410 738 461 baptizamur,
772 413 862 450 dum
898 429 967 464 per
1002 418 1074 454 hoc

62 473 167 524 quod
195 472 470 509 mortificamus
504 471 676 508 membra
708 482 838 510 nostra
868 489 952 524 quae
984 486 1073 513 sunt

63 545 178 582 super
193 540 346 576 terram,
371 543 522 568 rursum
539 531 730 568 Christum
747 532 955 581 induimus,
971 550 1073 573 com-

63 591 221 643 plantati
241 590 369 627 denuo
398 590 636 627 similitudini
657 592 791 628 mortis
817 592 910 642 ejus.
943 595 1016 632 Sed
1037 605 1074 632 et

62 651 257 703 quomodo
272 651 310 688 in
331 651 524 702 Baptismo
546 652 718 688 eruimur
739 652 785 689 de
806 662 995 703 potestate
1014 663 1073 692 tc-

63 711 287 757 nebrarum,
311 712 402 748 etin
424 724 582 761 regnum
606 712 873 750 transferimur
894 714 1074 751 claritatis

62 781 213 810 aeternae
232 786 240 808 :
260 771 311 808 ita
327 780 364 808 et
383 772 422 808 in
441 772 561 808 sancti
582 771 693 821 liujus
721 773 888 810 secunda
909 774 1074 825 quadam

62 832 350 883 regeneratione
371 833 583 883 propositi,
602 832 648 870 de
664 832 832 870 tenebris
849 847 957 884 aeque
969 864 978 881 ,
995 849 1074 872 non

63 893 174 930 unius
190 893 404 942 originalis,
433 892 498 929 sed
518 893 728 930 multorum
749 895 955 931 actualium
977 895 1074 932 deli-

63 961 210 990 ctorum
229 981 239 999 ,
278 952 319 989 in
360 953 489 989 lumen
528 953 713 990 virtutum
750 953 948 991 evadimus
968 984 977 1001 ,
1012 968 1074 991 re-

61 1021 234 1064 aptantes
261 1012 374 1050 nobis
390 1013 485 1050 illud
505 1014 708 1064 Apostoli,
733 1016 822 1051 Noa:
846 1020 1071 1065 praecessit,

63 1075 142 1110 dies
164 1081 289 1110 autem
311 1079 630 1124 appropinquavit
643 1082 666 1111 ¹.

380 1199 560 1239 CAPUT
589 1199 751 1240 XVIII.

130 1318 236 1348 Morte
252 1315 375 1348 abbatis
391 1326 456 1347 non
474 1316 567 1347 licere
586 1315 734 1359 professis
750 1322 870 1347 mutare
887 1317 1001 1349 locum.

115 1432 179 1469 55.
199 1431 244 1469 Id
265 1444 419 1481 quoque
441 1429 550 1468 vobis
568 1430 754 1468 insinuari
775 1431 1005 1482 precamini,
1027 1446 1074 1468 an

61 1491 207 1529 abbatis
226 1491 388 1529 mutatio
408 1491 683 1528 monasterium
701 1505 813 1529 suum
836 1500 985 1529 mutare
1003 1506 1075 1529 vo-

62 1552 228 1590 lentibus
243 1552 440 1590 monachis
462 1552 501 1589 in
523 1553 653 1603 aliquo
677 1555 968 1603 patrocinetur;
1001 1554 1074 1591 hoc

62 1623 136 1661 est,
157 1614 189 1651 si
217 1614 257 1651 in
286 1621 411 1650 morte
444 1614 504 1650 vel
534 1613 774 1664 depositione
807 1615 954 1665 praelati
989 1616 1074 1665 plus

62 1674 203 1725 aliquid
221 1673 409 1711 libertatis
430 1672 592 1711 subditis
613 1674 819 1722 relaxetur,
843 1689 921 1725 quo
941 1675 1074 1725 utique

62 1735 237 1772 licentius
265 1734 413 1785 possint
434 1747 481 1771 eo
507 1734 669 1772 articulo
700 1736 885 1786 temporis
911 1736 1074 1786 migrare

63 1809 140 1846 quo
164 1795 378 1842 voluerint,
401 1796 521 1832 altero
547 1795 713 1833 necdum
733 1796 913 1834 videlicet
933 1796 1074 1834 substi-

580 218 726 253 LIBER
758 219 821 253 DE
852 221 1119 257 PRAECEPTO
1152 224 1210 259 E'l'
1239 225 1630 268 DISPENSATIONE.

63 294 231 331 divinam
253 293 289 328 in
311 291 465 328 homine
496 292 678 330 reformat
699 294 902 343 imaginem
917 326 925 342 ‚
950 298 1107 334 conii-“²

61 366 202 404 gurans
233 365 303 388 1105
337 351 487 388 Christo
523 351 642 387 instar
672 354 865 402 Baptismi.
891 359 938 393 Et
963 359 1071 407 quasi
1091 361 1116 391 Λ
1140 361 1243 397 1111110
1265 365 1548 413 responderunt
1573 383 1580 403 :

2045 245 2143 280 1210

1117 299 1122 314 '
1141 300 1192 336 lio
1207 330 1215 346 ,
1235 304 1339 351 quod
1361 304 1407 341 de
1429 307 1594 356 conjugii
1612 310 1691 358 lege
1707 312 1857 351 docenti
1873 316 2046 367 discipuli
2066 325 2142 357 Do-

1606 372 1644 403 δι’
1671 375 1724 405 ita
1751 383 1824 417 cst,
1851 375 2049 424 inquiunt,
2073 394 2143 416 mm

1140 424 1298 469 esperlit
1327 424 1507 462 nuberet.
1542 430 1687 475 Magnae
1721 443 1851 468 revera
1884 439 2075 483 angustize.
2107 442 2141 477 Si

1143 482 1305 518 tenuerit
1331 496 1482 521 exosam
1499 514 1508 531 ,
1541 486 1633 522 nihil
1662 490 1860 527 onerosius
1881 507 1887 527 ι
1908 494 1937 529 51
1965 496 2144 535 dimiserit

1140 539 1297 577 invitam
1314 571 1323 587 ,
1346 543 1438 580 nihil
1460 545 1752 585 inchristianius.
1774 555 1832 586 An
1852 564 1928 588 non
1946 555 2056 592 simili
2077 572 2145 593 ne-

1141 600 1313 637 cessitate
1350 604 1624 653 constringitur
1656 607 1721 655 qui
1751 621 1821 644 nec
1851 609 2023 649 deserere
2049 617 2144 651 valet

1142 659 1288 706 locum,
1313 675 1360 698 ne
1382 662 1529 713 frangat
1544 674 1675 702 votum
1692 682 1701 712 3
1721 681 1789 704 nee
1812 683 1964 707 manere
1983 673 2018 708 in
2039 674 2122 710 loco
2138 704 2146 719 ‚

1142 732 1189 756 ne
1211 734 1297 757 cum
1319 735 1478 759 rancore
1503 724 1627 771 vivat,
1650 735 1688 762 et
1716 728 1831 765 vitam
1864 731 2024 779 perdat?
2047 735 2145 781 Quid

1142 781 1337 817 consulam
1356 782 1469 820 huic?
1489 787 1542 821 [t
1563 785 1759 823 discedat?
1779 792 1864 825 Non
1889 790 1975 827 licct
1991 802 2147 843 propter

1142 840 1432 888 professionem.
1450 847 1502 881 [t
1523 848 1620 882 stet?
1653 850 1815 897 Propter
1844 863 2041 889 rancorem
2072 868 2146 891 non

1142 901 1308 950 expedit.
1329 906 1415 940 Duo
1444 904 1534 941 mihi
1561 919 1668 956 aeque
1696 908 2020 959 inconvenientia,
2042 927 2148 964 :eque

1141 960 1356 1009 periculosa
1371 965 1610 1014 proponitis,
1632 976 1674 1003 ut
1687 969 1874 1019 quidquid
1892 974 2146 1023 respondero,

1142 1019 1251 1058 vobis
1285 1023 1438 1060 minime
1469 1026 1601 1074 prosit.
1639 1029 1814 1075 Quaeritis
1848 1044 1984 1082 nempe
2011 1036 2102 1083 quid
2128 1051 2147 1071 e

1095 1078 1122 1112 B
1144 1080 1294 1118 duobus
1313 1085 1499 1121 monacho
1521 1087 1637 1123 tutius
1654 1088 1720 1133 sit,
1744 1090 1908 1127 residere
1929 1093 1966 1128 in
1987 1096 2145 1144 proprio

1142 1144 1372 1180 monasterio
1395 1144 1464 1181 sub
1483 1146 1740 1195 irregulariter
1761 1149 1881 1186 electo
1902 1164 1986 1188 cum
2009 1167 2143 1189 raneo—

1141 1215 1181 1238 re
1195 1230 1204 1246 ‚
1227 1215 1274 1238 an
1290 1203 1335 1239 ad
1352 1204 1516 1253 quietius
1533 1206 1738 1243 vivendum
1754 1209 1827 1245 alio
1844 1210 2017 1259 migrare.
2033 1214 2143 1260 Quod

1141 1262 1295 1311 quidem
1314 1263 1415 1300 haud
1431 1278 1538 1302 secus
1559 1267 1703 1316 accipio
1717 1296 1726 1312 ‚
1748 1281 1861 1316 quam
1881 1270 1909 1306 si
1927 1271 2144 1319 requiratis,

1143 1334 1306 1371 quanam
1341 1332 1463 1360 morte
1499 1325 1624 1375 perire
1657 1327 1851 1363 consulam
1887 1342 1973 1365 eum
2004 1331 2069 1379 qui
2107 1345 2146 1367 se

1144 1383 1267 1432 ipsum
1291 1383 1387 1420 sorte
1410 1386 1599 1434 perimere
1626 1387 1728 1433 vult,
1758 1387 1954 1434 incendio,
1976 1404 2021 1426 an
2046 1404 2147 1440 prae-

1143 1441 1286 1491 cipitio.
1320 1446 1470 1481 Revera
1494 1458 1658 1494 namque
1690 1454 1726 1482 et
1760 1447 1883 1484 uritur
1906 1448 1971 1497 qui
1998 1449 2035 1485 in
2059 1451 2147 1487 odio

1142 1512 1297 1550 manet,
1319 1505 1438 1554 etqui
1460 1505 1596 1555 frangit
1625 1508 1888 1556 propositum,
1919 1509 1956 1544 in
1970 1510 2148 1561 'preeceps

1142 1563 1230 1600 ruit.
1253 1565 1325 1601 Sed
1344 1578 1411 1601 vos
1439 1566 1554 1602 mein
1576 1566 1644 1603 liae
1672 1566 1892 1605 difficultate
1917 1571 2062 1606 consilii
2091 1572 2148 1608 fa-

1141 1623 1210 1660 cile
1236 1625 1445 1675 expeditis,
1467 1640 1552 1662 cum
1575 1626 1711 1662 deinde
1732 1628 1957 1676 sequimini;
1988 1638 2025 1665 et
2049 1644 2145 1679 qua-

1142 1692 1250 1721 tenus
1271 1685 1391 1736 accipi
1412 1685 1484 1722 hoc
1518 1687 1642 1736 ipsum
1669 1687 1792 1724 velitis
1821 1688 1922 1737 quod
1950 1691 2147 1739 appellatis

1140 1744 1370 1794 irregulare,
1410 1746 1618 1796 aperiendo
1650 1745 1876 1796 subjungitis
1903 1763 1910 1784 :
1938 1751 2145 1798 praesertim

1140 1804 1171 1841 si
1203 1806 1400 1843 electionis
1433 1807 1689 1856 irregularitas
1716 1807 1810 1843 adeo
1835 1808 2005 1845 involuta
2035 1810 2081 1846 sit
2110 1821 2146 1848 et

65 1865 159 1894 tuto.
176 1856 235 1894 Ad
251 1856 356 1906 quod
378 1856 594 1906 respondeo
612 1871 620 1893 ε
638 1860 901 1907 Nequaquam.
921 1858 1073 1894 Etenim
1096 1863 1122 1898 C
1140 1865 1302 1911 intorta,
1324 1875 1366 1903 ut
1389 1866 1473 1903 licet
1497 1867 1543 1903 de
1561 1880 1603 1903 ea
1632 1880 1757 1903 copam
1789 1870 1867 1904 Deo
1889 1881 1966 1904 non
1996 1868 2146 1907 dubite-

63 1917 219 1967 sponsio
252 1916 525 1967 professionis,
562 1917 718 1966 quando
750 1930 797 1953 ex
830 1930 935 1954 more
963 1918 1005 1954 fit
1033 1918 1072 1954 111

64 1977 234 2014 oratorio
248 2006 258 2024 ‚
281 1976 328 2014 de
347 1976 497 2013 abbatis
518 1976 595 2013 vita
612 1990 691 2013 non
710 1977 824 2014 sumit
842 1977 1048 2014 terminum
1061 2007 1070 2023 ,

64 2037 129 2076 sed
145 2037 192 2075 de
211 2038 414 2088 praesentia
435 2037 709 2075 testimonium.
726 2038 928 2075 Profitenti
946 2039 1074 2088 itaque

64 2097 201 2135 modus
221 2098 269 2134 sit
291 2111 358 2134 5113
377 2097 476 2142 vita,
500 2110 578 2134 non
600 2097 734 2134 aliena.
761 2097 943 2135 Attendat
964 2097 1075 2135 deni-

64 2172 138 2209 que
154 2158 247 2208 quid
264 2157 352 2195 inde
366 2158 579 2208 Legislator
598 2158 680 2208 ipse
702 2171 781 2194 non
803 2159 925 2195 solum
948 2172 1076 2196 sense-

66 2219 135 2265 rit,
158 2219 225 2257 sed
246 2227 284 2256 et
306 2219 507 2256 tradiderit
529 2233 536 2255 :
558 2227 599 2255 ut
620 2236 634 2251 «
657 2219 859 2269 siquando
873 2249 882 2266 ,
902 2237 915 2251 a
931 2220 1073 2270 inquit,

65 2296 80 2312 α
105 2280 215 2317 aliter
245 2279 404 2326 fecerit,
436 2297 451 2312 ²>
483 2279 664 2316 videlicet
703 2293 818 2329 quam
855 2280 1070 2330 promittit,

67 2357 82 2373 n
101 2353 124 2377 a
149 2343 232 2378 Deo
253 2353 292 2377 se
319 2339 413 2376 sciat
439 2339 700 2376 damnandum
722 2352 836 2389 quem
860 2339 1037 2377 irridet².
1062 2358 1076 2373 »

64 2403 159 2438 Item
182 2400 295 2447 dicit,
316 2399 420 2450 quod
444 2413 513 2436 nee
533 2400 590 2436 sui
607 2399 686 2449 jam
708 2400 881 2451 corporis
905 2401 1078 2438 Novitius

65 2459 264 2497 habiturus
278 2460 326 2498 sit
344 2467 573 2510 potestatem
587 2475 597 2507 3
616 2468 654 2496 et
669 2459 775 2506 item,
797 2476 811 2492 a
828 2463 1078 2498 Perseveran-

11 2554 13 2564 ,
65 2537 82 2553 ι»
103 2529 178 2566 tes,
197 2538 213 2554 »
227 2521 293 2566 ait,
309 2537 324 2552 α
340 2521 378 2558 111
397 2521 631 2557 monasterio
648 2534 768 2570 usque
784 2520 830 2557 ad
847 2522 1048 2559 mortem3.
1062 2540 1076 2556 υ

65 2581 184 2619 Salvis
199 2581 314 2631 igitur
332 2580 644 2632 exceptionibus,
673 2595 767 2631 quas
793 2583 969 2632 superior
997 2583 1076 2619 dis-

1141 1935 1220 1971 tur,
1241 1940 1369 1963 coram
1392 1927 1612 1964 hominibus
1631 1936 1774 1973 tamen,
1796 1936 1860 1964 aut
1878 1928 1939 1964 vix
1954 1958 1963 1975 ,
1979 1937 2043 1965 aut
2058 1930 2145 1966 nul-

1141 1987 1289 2024 latenus
1303 1988 1567 2024 convincatur.
1581 1989 1692 2024 Venit
1707 2001 1809 2024 nunc
1825 2002 1978 2038 quoque
1992 1989 2029 2025 in
2046 2004 2147 2027 men—

1144 2056 1216 2084 tem
1240 2049 1427 2098 Sapientis
1444 2049 1608 2098 elogium
1631 2064 1638 2085 :
1663 2051 1897 2085 Occasionem
1916 2053 2065 2098 qtccerc't,
2084 2057 2149 2099 (μιῖ

1142 2112 1224 2144 vult
1252 2112 1424 2145 recedere
1452 2109 1498 2145 ab
1536 2108 1694 2145 ama-0⁵.
1727 2113 1901 2157 Quonam
1932 2111 2047 2147 modo
2080 2125 2147 2148 vos

1142 2169 1389 2219 irregularem
1413 2170 1536 2207 dicitis
1558 2169 1803 2216 electionem,
1826 2184 1910 2219 quae
1930 2172 2064 2207 cassari
2087 2185 2147 2208 re—

1141 2229 1324 2279 gulariter
1341 2244 1418 2266 non
1440 2231 1560 2275 valet,
1591 2238 1655 2266 aut
1676 2229 1901 2280 reprobari?
1921 2233 1965 2267 Et
1992 2231 2143 2279 quidem

1144 2290 1308 2339 legitur:
1332 2290 1444 2339 Quod
1471 2289 1627 2340 probari
1656 2303 1731 2326 non
1763 2298 1908 2340 potest,
1940 2290 2027 2326 1111111
2048 2291 2147 2327 infe—

1144 2359 1246 2387 ctum
1264 2360 1332 2388 est.
1357 2351 1427 2388 Sed
1460 2351 1582 2388 dicitis
1603 2366 1610 2387 :
1632 2354 1678 2387 Et
1704 2350 1788 2400 quis
1814 2349 1966 2386 obediat
1989 2351 2149 2388 scienter

1144 2410 1325 2460 indigno,
1364 2411 1431 2447 etsi
1464 2424 1542 2447 11011
1571 2410 1800 2447 manifesto?
1830 2413 1993 2454 Fratres,
2021 2423 2148 2447 nonne

1144 2470 1285 2520 legistis
1304 2479 1340 2507 et
1357 2472 1395 2507 in
1422 2479 1564 2517 vestra,
1590 2479 1627 2507 et
1646 2471 1683 2506 in
1710 2469 1886 2506 Veritatis
1911 2471 2036 2518 regula
2056 2485 2062 2506 :
2081 2472 2148 2506 Su-

1137 2543 1212 2579 per
1230 2531 1448 2566 cathedram
1479 2532 1606 2577 1110)Ἢὶ
1628 2531 1798 2566 sederunt
1822 2528 1962 2564 Scriboe
1984 2538 2020 2564 et
2042 2530 2148 2565 Pha-

1146 2595 1251 2626 risoei
1271 2605 1282 2625 .·
1302 2605 1388 2639 quoe
1405 2592 1546 2635 dicunt,
1558 2587 1679 2636 facite
1686 2603 1700 2633 ;
1717 2590 1914 2624 secundum
1929 2602 2042 2636 opera
2059 2602 2145 2625 vero

65 2641 213 2692 putatio
233 2641 480 2692 perstrinxit,
504 2641 550 2678 de
573 2650 712 2678 caetero
740 2642 845 2678 nulla
873 2642 983 2679 liceat
1010 2657 1077 2680 oc·
1096 2654 1126 2688 D
1143 2648 1290 2686 illorum
1314 2648 1630 2697 nolit(,›sacene⁶?

64 2702 217 2740 casione
234 2701 424 2739 monacho
444 2701 586 2747 locum,
607 2702 667 2738 eui
683 2703 880 2752 professus
893 2711 962 2747 est,
981 2704 1076 2741 citra

65 2774 170 2799 suam
190 2770 353 2799 mortem
375 2761 571 2808 deserere,
594 2775 664 2799 suo
685 2762 873 2800 duntaxat
901 2763 1073 2802 arbitrio,

65 2820 245 2873 Alioquin
277 2823 550 2873 praevaricator
584 2831 664 2869 est,
693 2822 976 2861 damnationem
1011 2825 1076 2862 ha·

65 2880 181 2930 bens,
202 2883 291 2933 quia
307 2882 473 2933 primam
495 2882 608 2919 fidem
629 2883 776 2920 irritam
794 2884 893 2921 facit.

118 2944 182 2980 56.
217 2942 290 2980 Sed
315 2955 386 2980 vos
417 2942 576 2993 pergitis
605 2943 768 2993 amplius
802 2944 1004 2992 sciscitari,
1039 2954 1076 2982 et

66 3001 188 3039 dicitis
210 3017 217 3040 :
240 3002 342 3052 Quid
371 3003 401 3040 si
434 3016 511 3040 non
541 3012 668 3053 potest
692 3004 764 3040 nisi
791 3018 876 3041 cum
917 3018 1076 3043 rancore

66 3071 253 3113 perpetuo
277 3063 393 3099 animi
416 3062 559 3100 ibidem
593 3076 768 3110 manere,
795 3063 845 3100 ob
880 3064 1004 3101 minus
1025 3065 1080 3102 vi-

67 3121 202 3160 delicet
224 3124 458 3173 regularem,
482 3123 656 3160 minusve
693 3122 894 3160 amabilem
932 3123 1079 3162 abbatis

3 3197 23 3231 .j
65 3181 318 3220 electionem?
338 3182 449 3220 Subit
465 3183 595 3220 animo
612 3197 715 3220 nunc
730 3183 824 3220 illud
841 3183 887 3220 de
909 3186 1080 3235 Evange-

1486 2766 1661 2806 CAPUT
1690 2765 1805 2804 XIX.

1289 2890 1340 2922 Ad
1356 2890 1414 2921 alia
1430 2890 1571 2931 quaedam
1588 2888 1682 2920 dubia
1699 2888 1803 2931 paucis
1819 2888 1997 2931 respondet.

1199 3005 1263 3041 57.
1285 3007 1367 3040 Jam
1399 3003 1446 3039 de
1478 3001 1669 3039 mutandis
1685 3001 1856 3038 vestibus
1872 3031 1880 3048 ,
1898 3003 1958 3038 vel
1977 3003 2146 3040 lavandis

1146 3064 1195 3101 ol)
1217 3072 1442 3100 nocturnam
1472 3063 1704 3107 illusionem,
1727 3062 1884 3112 accipite
1911 3062 2026 3099 breve
2052 3077 2146 3099 con-

1146 3125 1283 3162 silium.
1319 3128 1433 3161 Juxta
1467 3124 1582 3160 ritum
1615 3123 1672 3159 sui
1701 3122 1775 3159 loci
1807 3135 1996 3172 quemque
2028 3124 2146 3159 facere

1146 3184 1303 3221 consulo
1329 3183 1376 3219 de
1396 3182 1637 3233 hujusmodi,
1665 3196 1748 3232 quae
1769 3182 1926 3218 diversis
1948 3182 2068 3218 modis
2089 3182 2146 3218 di-

115 3334 125 3350 ¹
152 3333 246 3362 Rom.
265 3341 346 3369 xlix,
375 3334 428 3363 12.
449 3351 494 3355 —
510 3338 522 3354 ²
546 3336 625 3374 Reg.
643 3333 675 3363 S.
694 3331 873 3368 Benedicti,
896 3341 965 3372 cap.
988 3334 1041 3362 58.
1058 3349 1103 3354 -υ
1120 3330 1132 3353 3
1150 3330 1230 3363 Ibid.
1247 3331 1276 3361 in
1294 3329 1439 3370 Prologo.
1455 3327 1526 3356 ——4
1545 3327 1662 3361 Mauh.
1686 3337 1758 3363 xix,
1784 3330 1889 3357 111.-
1905 3322 1918 3345 ⁵
1936 3328 2029 3356 ΡΙῸΥ-
2045 3335 2142 3362 ΧῊΠ,

73 3385 100 3413 1.
115 3401 154 3405 -
171 3381 187 3404 ⁶
201 3383 316 3416 Manli.
331 3395 423 3424 xxm,
441 3389 458 3416 2
473 3411 480 3423 ‚
502 3389 520 3418 3
538 3397 545 3425 3
563 3392 591 3417 et
607 3388 639 3417 S.
656 3385 816 3417 Benedicti
830 3388 907 3426 Reg.
923 3395 992 3427 cap.
1011 3387 1041 3415 4.
