2565 3952
92 241 165 278 245

1017 234 1281 270 EPISTOLAE.

2121 243 2197 281 246

87 317 207 369 pacis3
226 314 296 352 nisi
311 313 480 351 veritatis
498 311 752 356 adversarius,
769 309 963 347 charitatis
982 323 1102 347 aemu-
1118 308 1150 326 ³⁵
1170 311 1289 361 ipsius
1325 312 1462 349 Christi
1482 342 1492 358 ‚
1525 311 1572 348 de
1605 313 1696 349 limo
1731 314 1915 363 profundi
1948 318 2061 355 etiam
2095 334 2197 358 nunc

88 379 145 415 lus
158 406 167 423 ,
191 375 310 413 hostis
329 373 511 422 antiquus
537 372 686 421 generis
705 371 848 417 nostri,
870 379 907 407 et
927 370 1104 407 inimicus
1122 363 1153 395 Α
1172 372 1334 409 levantis
1351 373 1484 409 oculos
1502 386 1592 409 suos
1608 374 1648 409 in
1667 382 1816 410 montes
1832 404 1840 421 ,
1860 376 1962 413 unde
1984 380 2110 416 veniat
2127 395 2195 418 au-

87 436 208 474 crucis
236 433 373 472 Christi
398 432 602 469 diabolus?
623 430 817 480 Siquidem
848 431 878 467 is
908 429 1019 480 cujus
1042 431 1103 467 in-

86 496 187 534 vidia
213 508 316 531 mors
336 493 495 530 intravit
523 492 562 528 in
585 491 719 528 orbem
751 499 964 537 terrarum,
988 491 1102 528 etiam

87 570 188 595 nunc
216 555 328 592 bonis
358 566 444 604 quae
477 561 512 589 te
544 553 668 588 facere
697 550 823 597 videt,
856 550 1004 587 invidet
1029 566 1036 588 :
1066 559 1105 587 et

85 630 170 662 cum
198 616 246 653 sit
273 613 438 652 mendax
472 612 519 650 ab
546 612 678 658 initio,
701 612 888 648 mentitur
916 619 954 648 et
980 624 1102 657 nunc,

85 678 242 716 meliora
264 676 450 727 pollicens
470 687 556 724 quae
574 687 654 710 non
674 673 792 710 videt.
812 671 977 721 Quando
997 685 1103 708 nam-

85 752 158 789 que
185 737 323 774 veritas
343 736 573 773 fidelissimae
594 735 650 771 illi
676 734 876 772 sententiae
903 732 1101 779 obviaret,

83 797 274 847 Alligatus
301 810 338 833 es
365 800 504 833 uxori?
521 798 598 831 nole
619 808 791 844 quoerere
813 793 1037 831 solationem
1062 795 1102 829 ¹?

84 868 148 897 aut
167 858 322 909 quando
343 858 506 895 charitas
535 857 758 894 scandalum
790 856 990 903 suaderet,
1015 868 1100 906 quae

83 920 130 958 ad
150 921 323 957 omnium
341 918 519 956 scandala
532 919 592 956 uri
607 932 646 956 se
662 918 841 969 perhibet
856 920 894 954 ²?
911 919 979 955 Ille
994 931 1099 967 ergo,

81 982 164 1028 ille,
184 981 361 1031 inquam,
389 980 669 1030 nequissimus,
689 988 727 1016 et
753 979 927 1015 charitati
954 992 1024 1027 per
1053 978 1099 1014 li-

80 1055 234 1090 vorem,
255 1050 293 1079 et
324 1055 394 1093 per
421 1041 667 1078 mendacium
688 1041 840 1078 veritati
861 1039 1098 1085 contrarius,

1170 432 1302 469 xilium
1342 432 1434 479 sibi,
1471 434 1676 483 respiciat?
1706 438 1981 474 Verumtamen
2017 452 2087 475 nos
2103 469 2111 483 ‚
2150 442 2197 478 ad

1171 507 1269 543 quos
1285 507 1357 543 pro
1379 494 1592 530 humilitate
1612 503 1675 531 tua
1694 496 1884 544 respicere
1901 505 1935 533 te
1955 497 2068 545 dicis,
2088 513 2196 537 mon-

1172 562 1226 590 tes
1259 567 1338 590 non
1372 567 1523 600 sumus;
1550 554 1616 591 sed
1637 563 1674 591 et
1706 554 1778 604 ipsi
1811 555 1858 592 de
1877 558 2051 594 convalle
2072 559 2196 608 lacry—

1173 627 1322 651 marum
1344 614 1547 652 laboriosis
1574 614 1776 652 conatibus
1804 617 1992 654 enitentes
2013 618 2197 657 adversus

1172 675 1373 711 renitentis
1394 675 1539 712 inimici
1562 675 1739 722 insidias,
1761 689 1804 712 ac
1822 677 2029 715 mundialis
2045 680 2197 717 malitiae

1170 735 1413 782 violentiam,
1447 744 1573 773 tecum
1609 737 1817 774 clamamus
1851 753 1858 774 :
1888 741 2088 775 Auoeilium
2122 754 2197 777 no-

1169 803 1290 832 strum
1309 810 1334 831 a
1350 799 1529 842 Domita),
1548 801 1615 845 qul
1627 796 1722 846 fecit
1738 801 1872 834 coelum
1899 808 1936 835 et
1959 808 2096 836 terram
2115 800 2141 838 ⁵.

1225 856 1260 893 2.
1283 859 1426 894 Omnes
1456 857 1623 908 quippe,
1655 858 1722 908 qui
1751 859 1814 908 pie
1833 859 1973 896 volunt
1991 860 2122 898 vivere
2156 862 2195 900 in

1168 916 1337 963 Christo,
1355 919 1664 967 persecutionem
1683 919 1883 969 patiuntur
1905 918 1920 941 ⁶
1938 935 1945 956 :
1970 921 2022 957 ita
2039 929 2082 958 ut
2102 936 2189 959 cum

1168 978 1221 1015 eis
1244 991 1443 1028 nunquam
1473 979 1570 1016 desit
1590 980 1653 1030 pie
1673 980 1772 1017 velle
1792 979 1823 1027 b,
1842 994 1922 1017 non
1953 994 2106 1032 semper
2135 991 2193 1020 ta-

1169 1052 1257 1075 men
1277 1039 1374 1076 adsit
1392 1048 1429 1076 et
1445 1040 1631 1090 perficere
1648 1054 1721 1091 pro
1739 1040 1842 1078 bona
1860 1041 2072 1079 voluntate.
2090 1044 2197 1080 Sicut

80 1103 215 1140 falsum
249 1102 323 1139 mel
358 1115 445 1139 cum
477 1115 571 1138 vero
603 1102 688 1138 felle
721 1101 977 1151 permiscens,
1007 1099 1100 1136 dum
1122 1101 1150 1136 B
1169 1100 1271 1137 enim
1291 1100 1500 1151 impiorum
1523 1110 1580 1139 est
1600 1102 1674 1152 piis
1692 1101 1887 1139 bonorum
1907 1103 2119 1153 propositis
2139 1117 2195 1141 as-

80 1163 272 1213 promittit
292 1161 411 1199 dubia
431 1175 503 1213 pro
525 1162 638 1199 certis
652 1190 660 1204 ,
684 1162 857 1198 immittit
878 1161 991 1198 etiam
1011 1174 1103 1197 vera

79 1237 153 1274 pro
168 1224 268 1261 falsis
290 1238 298 1260 ε
316 1236 393 1260 non
416 1232 457 1259 ut
473 1223 645 1259 conferat
659 1221 765 1272 quod
788 1222 928 1258 frustra
949 1234 1099 1272 speras,

79 1284 146 1322 sed
172 1293 214 1322 ut
232 1284 380 1321 auferat
400 1282 505 1333 quod
533 1283 729 1320 fructuose
759 1291 875 1319 teneS.
901 1283 1045 1319 Circuit
1065 1290 1103 1318 et

80 1345 240 1396 quaerit,
265 1344 430 1394 qualiter
457 1343 594 1380 ovibus
626 1357 759 1380 curam
786 1343 951 1393 pastoris
972 1342 1102 1379 subri-

79 1406 181 1457 piat,
203 1404 340 1455 procul
361 1403 480 1440 dubio
500 1403 705 1454 perituris,
726 1403 819 1440 dum
841 1416 921 1439 non
942 1402 1015 1439 erit
1035 1403 1103 1452 qui

80 1466 237 1516 eripiat3
268 1473 307 1502 et
326 1464 578 1502 nihilominus
599 1472 795 1515 pastorem
823 1463 1020 1500 horrendo
1048 1463 1102 1500 illi

81 1525 284 1563 maledicto
303 1523 482 1574 subjiciat
504 1539 512 1562 ;
538 1527 575 1560 V
571 1539 606 1560 αι)
624 1526 680 1560 illi
696 1538 772 1573 per
797 1538 906 1573 quem
935 1525 1103 1559 scanda-

81 1589 156 1623 lum
172 1591 278 1623 venit
298 1584 326 1622 3.
347 1585 420 1624 Sed
441 1585 596 1622 confido
615 1584 662 1622 de
683 1585 871 1635 sapientia
892 1583 960 1621 tibi
978 1598 999 1621 a
1019 1588 1102 1621 Deo

82 1647 188 1694 data,
215 1646 321 1698 quod
340 1647 455 1685 nullis
485 1646 642 1696 maligni
670 1646 848 1683 versutiis
871 1644 1012 1682 abduci
1039 1646 1101 1682 vel

82 1707 211 1745 seduci
242 1707 408 1758 poteris,
439 1720 506 1758 spe
537 1707 676 1744 incerti
704 1705 800 1743 boni
829 1714 976 1743 certum
1006 1707 1104 1743 inire

83 1767 245 1814 malum,
267 1776 306 1804 et
327 1781 436 1818 aeque
458 1775 608 1805 certum
629 1767 807 1804 deserere
832 1766 993 1804 bonum.

86 1900 113 1910 u
117 1901 128 1910 s
132 1901 140 1910 ι
144 1901 166 1910 ιι
174 1901 342 1911 νινιιινιυιυι
346 1901 545 1911 νιν-ιςυνιννινι
549 1901 575 1910 vs
579 1901 605 1910 ns
610 1901 634 1910 ιι

195 2002 579 2059 EPISTOLA
633 2002 987 2059 LXXXIII.a

177 2161 222 2183 AD
250 2161 425 2185 SIMONEM
455 2161 623 2184 ABBATEM
652 2161 961 2185 SANCTI-NICOIAI
979 2149 1010 2184 *-

85 2272 164 2301 Eum
184 2269 218 2301 in
241 2270 459 2312 persecutione
481 2270 611 2302 solatur.
633 2271 706 2302 Pios
735 2277 866 2302 conatus
893 2281 959 2301 non
983 2281 1106 2312 semper

131 2330 253 2366 optatos
271 2323 390 2356 habere
416 2335 587 2357 successus.
608 2325 745 2367 -Praelato
766 2326 909 2357 arctioris
934 2325 1107 2368 disciplinae

132 2378 270 2411 studioso
287 2379 363 2421 quid
380 2379 537 2422 agendum
559 2390 631 2412 cum
648 2380 792 2412 subditis.

144 2495 176 2531 1.
205 2495 519 2532 Persecutionem
543 2497 561 2510 *
587 2508 704 2545 quam
731 2504 895 2546 propter
918 2495 1106 2545 justitiam

87 2555 249 2604 pateris,
268 2568 340 2605 per
361 2555 507 2593 litteras
527 2564 611 2592 tuas
639 2569 717 2592 non
739 2556 821 2593 sine
839 2557 1107 2607 compassione

89 2624 378 2664 cognoscentes,
400 2616 489 2653 licet
518 2616 659 2654 Christi
690 2617 903 2654 consolatio
935 2617 982 2654 de
1011 2630 1106 2667 pro-

1170 1161 1277 1198 sidue
1303 1163 1485 1199 reluctari
1515 1178 1522 1200 :
1546 1162 1598 1200 sic
1631 1172 1769 1200 contra
1795 1163 1976 1213 pietatem
1999 1177 2078 1201 non
2113 1174 2192 1212 est,

1169 1230 1331 1272 propter
1356 1223 1645 1260 multitudinem
1675 1223 1982 1269 adversantium,
2018 1226 2193 1274 quamvis

1164 1281 1271 1331 justa
1290 1291 1328 1319 et
1343 1293 1474 1320 sancta
1502 1284 1691 1321 desideria
1718 1298 1931 1334 paucorum
1964 1286 2194 1336 plerumque

1169 1357 1249 1380 non
1279 1344 1425 1394 perfici.
1449 1345 1509 1381 Sic
1538 1350 1668 1382 Aaron
1702 1345 1894 1382 sceleratis
1924 1346 2196 1384 tumultuantis

1169 1404 1308 1454 populi
1350 1413 1488 1441 contra
1526 1406 1769 1442 voluntatem
1813 1419 1921 1443 suam
1962 1407 2197 1445 clamoribus

1170 1465 1282 1501 cessit
1299 1472 1325 1502 7,
1360 1465 1419 1502 Sic
1442 1466 1594 1503 Samuel
1626 1466 1753 1503 eidem
1784 1467 1933 1517 populo
1948 1496 1957 1513 ,
1976 1467 2197 1505 inordinate

1171 1538 1300 1575 regem
1330 1527 1500 1576 petenti,
1535 1526 1680 1563 invitus
1714 1527 1867 1565 Saulem
1899 1527 2056 1564 inunxit
2077 1526 2104 1566 8.
2138 1529 2198 1565 Sic

1170 1586 1295 1623 David
1315 1600 1402 1623 cum
1422 1588 1539 1624 vellet
1560 1596 1786 1625 construere
1808 1589 2017 1638 templum3
2036 1597 2199 1639 propter

1170 1646 1435 1684 infestantium
1456 1657 1581 1685 tamen
1603 1648 1703 1685 bella
1729 1649 1974 1686 inimicorum
1992 1678 2001 1695 ,
2032 1649 2122 1699 quia
2139 1650 2199 1686 vir

1170 1705 1378 1745 bellicosus
1395 1716 1478 1745 erat
1491 1737 1500 1754 ,
1520 1708 1742 1759 prohibitus
1762 1717 1819 1746 est
1841 1710 1966 1746 facere
1987 1708 2093 1759 quod
2111 1722 2198 1746 san-

1171 1776 1230 1805 cte
1260 1769 1467 1819 proposuit
1487 1776 1514 1806 9.
1537 1769 1659 1807 Simili
1680 1769 1805 1807 forma
1832 1769 1921 1816 tibi,
1942 1778 2053 1820 pater
2077 1784 2199 1807 vene·

1170 1829 1310 1876 rande,
1329 1830 1585 1875 consulimus,
1605 1838 1649 1867 ut
1666 1839 1793 1867 tamen
1810 1830 2090 1881 sapientiorum
2107 1844 2198 1868 con-

639 1900 1100 1910 ”“”““”⁹““”“'““““*W
1124 1894 1151 1930 C
1172 1890 1256 1927 silio
1288 1904 1368 1927 non
1400 1890 1717 1941 praejudicemus,
1747 1900 1936 1941 quatenus
1972 1891 2019 1928 ad
2047 1900 2200 1942 tempus

1170 1951 1360 2002 propositi
1378 1952 1433 1988 tui
1452 1951 1600 2002 tibique
1619 1953 1942 1990 consentientium
1964 1953 2131 2003 rigorem
2149 1954 2200 1990 sic

1171 2021 1363 2062 temperes
1376 2042 1385 2058 ,
1403 2021 1445 2049 ut
1463 2013 1708 2050 infirmorum
1730 2014 1890 2050 salutem
1914 2026 1993 2050 non
2016 2014 2198 2063 negligas.

1169 2073 1364 2110 Invitandi
1381 2074 1526 2124 quippe
1553 2083 1643 2111 sunt
1664 2073 1711 2111 ad
1730 2075 1934 2111 arctiorem
1959 2075 2076 2110 vitam
2091 2103 2100 2121 ‚
2120 2088 2199 2112 non

1170 2133 1352 2183 cogendi,
1387 2133 1528 2183 quibus
1559 2134 1693 2183 utique
1727 2134 1844 2171 semel
1876 2134 1916 2170 in
1949 2133 2094 2171 Ordine
2131 2134 2198 2170 illo

1172 2194 1415 2231 Cluniacensi
1432 2208 1596 2244 praeesse
1621 2194 1860 2231 consensisti.
1882 2195 1962 2231 Illis
1985 2202 2111 2230 autem
2132 2195 2199 2243 qui

1172 2255 1314 2292 arctius
1343 2255 1476 2292 vivere
1516 2254 1758 2301 desiderant,
1789 2263 1855 2292 aut
1889 2254 2200 2292 condescendere

1172 2314 1490 2352 imbecillioribus
1508 2329 1556 2353 ex
1573 2315 1758 2352 charitate
1771 2345 1781 2362 ‚
1803 2324 1990 2366 quantum
2012 2316 2092 2352 sine
2109 2329 2200 2366 pec-

1174 2385 1259 2413 cato
1276 2386 1459 2427 possunt,
1474 2376 1715 2414 suadendum
1730 2384 1806 2422 est,
1825 2385 1891 2413 aut
1907 2375 2050 2413 ibidem
2068 2385 2200 2413 tenere

1175 2437 1281 2487 quod
1309 2437 1473 2487 cupiunt
1498 2436 1829 2488 permittendum,
1859 2437 1888 2474 si
1917 2436 2063 2486 absque
2092 2445 2200 2473 utra-

1175 2511 1339 2547 rumque
1356 2498 1525 2548 partium
1546 2497 1726 2534 scandalo
1749 2498 1831 2534 fieri
1851 2506 1997 2548 potest,
2015 2505 2081 2533 aut
2098 2505 2200 2534 certe

1175 2557 1222 2595 de
1251 2559 1549 2608 congregatione
1576 2558 1718 2596 liberos
1749 2558 1911 2604 dimitti,
1940 2557 2200 2608 fratribusque

1175 2619 1256 2656 aliis
1290 2619 1504 2656 secundum
1536 2633 1670 2657 eorum
1707 2619 1953 2670 propositum
1980 2617 2201 2656 viventibus

79 2674 266 2712 ‘missione
295 2676 405 2726 regni
432 2676 501 2713 tibi
529 2677 715 2724 sufficiat;
747 2685 874 2714 tamen
902 2690 973 2714 nos
1001 2676 1107 2727 quod
1126 2685 1158 2719 D
1176 2679 1314 2716 sociari
1335 2688 1502 2730 oportet.

90 2744 263 2773 nostrum
279 2745 336 2774 est
347 2766 358 2783 ,
375 2746 412 2774 et
426 2738 731 2775 consolationem
750 2751 864 2788 quam
880 2750 1086 2788 possumus
1097 2767 1106 2783 ,

91 2803 127 2831 et
147 2797 349 2834 consilium
370 2799 477 2849 quod
496 2799 746 2849 intelligimus
767 2812 901 2836 sanum
914 2828 923 2845 ,
945 2798 1110 2835 fideliter

91 2854 326 2894 exhibemus.
345 2859 439 2907 Quis
456 2860 560 2896 enim
577 2860 659 2897 sine
680 2860 872 2896 anxietate
887 2859 1018 2896 videat
1036 2863 1110 2896 Pe—

94 2922 192 2952 trum
219 2916 267 2954 de
299 2919 434 2957 mediis
456 2920 638 2957 fluctibus
670 2919 827 2957 brachia
861 2920 1110 2957 tendentem?

93 2974 171 3012 sine
196 2976 330 3015 dolore
357 2979 486 3017 audiat
515 2980 735 3018 columbam
757 2981 896 3018 Christi
917 2994 997 3018 non
1019 2995 1110 3018 can-

94 3042 256 3085 tantem,
284 3040 352 3077 sed
381 3050 620 3091 gementem,
650 3051 833 3092 tanquam
869 3055 956 3091 quae
990 3042 1109 3089 dicat,

99 3097 290 3143 Quomodo
309 3102 545 3139 cantabimus
567 3107 755 3139 canticum
773 3106 931 3139 Domini
950 3107 989 3138 ln
1010 3112 1111 3139 terra

95 3159 218 3196 al1'ena
235 3160 277 3198 4?
296 3163 408 3211 Quis,
429 3164 587 3215 inquam
601 3193 610 3211 ,
628 3165 708 3202 sine
725 3164 904 3214 lacrymis
923 3164 1111 3214 lacrymas

145 3291 156 3306 ¹
182 3289 197 3317 I
217 3289 289 3321 Cor.
311 3303 379 3328 vn,
400 3295 455 3324 27.
486 3304 532 3317 ·—
549 3299 563 3315 ²
582 3297 615 3325 II
640 3295 715 3325 Cor.
746 3305 804 3331 m,
826 3295 881 3324 29.
910 3311 957 3316 -—
980 3291 994 3316 3
1011 3293 1129 3326 Matth.
1162 3306 1272 3330 xvnt,
1305 3297 1336 3326 7.

1364 3314 1408 3317 >—
1437 3293 1450 3320 4
1471 3295 1552 3327 rsal.
1584 3307 1722 3328 cxxxvi.
1749 3297 1774 3326 ’1.
1799 3314 1836 3317 ψ
1858 3293 1870 3316 5
1895 3294 1976 3326 l‘sal.
1999 3304 2084 3327 cxx.
2106 3297 2135 3324 2.
2158 3310 2202 3315 ⁷2

98 3335 115 3358 ⁶
143 3341 175 3369 ΙΙ
193 3340 276 3374 Tim.
306 3355 368 3382 111,
395 3348 448 3377 12.
472 3365 515 3368 —
532 3353 545 3377 7
564 3346 666 3378 Exod.
685 3358 794 3378 xxxxi.
812 3365 856 3369 -—>
872 3346 885 3369 8
904 3350 918 3377 Ι
936 3350 1014 3389 Reg.
1036 3360 1068 3379 x.
1094 3367 1135 3371 ——
1151 3355 1166 3379 {⁸
1187 3351 1216 3380 11
1235 3351 1313 3390 Reg.
1334 3361 1393 3378 1-11.

145 3401 158 3418 ³
177 3400 296 3444 Scripta
315 3404 397 3436 circa
412 3416 530 3437 annum
550 3410 559 3438 l
575 3410 650 3439 129,
674 3427 714 3430 -—
734 3400 750 3424 b
764 3407 851 3439 Alias
866 3432 873 3445 ‚
898 3407 1013 3438 vii-ere.
