2565 3952
75 159 148 198 405

994 151 1261 187 EPISTOLAE.
2100 151 2178 188 406

75 240 127 278 eis
147 251 247 277 nova
267 232 518 278 monasteria,
542 244 588 269 ex
617 244 694 282 quo
719 243 739 267 a
764 229 876 267 vobis
906 227 1145 267 discessi-¹⁷⁸
1159 242 1226 265 cor
1259 226 1527 277 impoenitens,
1553 224 1785 263 thesaurizas
1818 225 1886 263 tibi
1913 226 2009 264 iram
2044 228 2082 265 in
2118 229 2179 266 die

77 314 176 347 mus,
219 298 365 346 integre
409 293 585 331 ordinata
625 297 763 336 sunt³3
791 299 829 328 et
863 290 988 327 adhuc
1028 303 1090 326 re-
1111 288 1282 325 Airae3?

76 368 174 400 stant
198 358 269 396 alia
294 355 469 407 proxime
491 352 717 390 ordinanda.
747 354 934 389 Curamus
959 359 1087 387 tamen

75 420 338 467 undecumque
369 426 554 459 evocare,
587 425 685 462 quos
720 410 831 447 vobis
867 410 1086 454 mittamus;

75 481 268 532 cupientes
283 490 353 528 per
371 475 500 512 onmia
519 473 655 510 vestris
675 471 834 509 obedire
855 471 1045 508 mandatis
1057 470 1084 506 *.

77 625 88 634 ι
116 618 385 632 ιιινιικνιιιςιικιιιι
390 614 852 627 ιιικιιιιιιιιιιιιιιιικπνιιιιηιιιι
859 614 883 623 ιε
890 613 1086 623 ικιικιιπικιινι

167 742 551 802 EPISTOLA
595 730 978 800 CLXXXV.¹'

86 900 133 924 AD
149 898 392 923 EUSTACHIUM
407 897 680 921 OCCUPATOREM
695 897 924 921 VALENTINAE
939 892 1080 923 SEDISC.

1210 348 1246 385 2.
1268 351 1327 385 An
1359 360 1437 383 non
1466 345 1678 384 secundum
1708 345 1891 382 duritiam
1915 347 2071 395 quidem
2086 376 2095 392 ,
2115 349 2182 385 sed

1155 407 1367 445 secundum
1391 406 1690 444 verecundiam?
1712 406 1815 455 Quid
1833 406 1950 443 refert
1971 407 2183 445 secundum

1154 468 1248 518 quid
1269 481 1404 519 pereas
1419 469 1433 504 Ρ
1449 471 1480 506 Ο
1498 467 1733 504 verecundia
1749 479 1887 518 expers
1906 467 2065 505 rationis
2081 497 2089 514 ,
2110 468 2183 505 ini-

1154 529 1251 566 mica
1274 529 1427 576 salutis,
1450 529 1566 566 totius
1595 528 1726 578 ignara
1749 528 1909 565 honoris
1939 536 1977 565 et
2001 528 2184 566 honesta-

1157 590 1223 627 tis!
1258 594 1349 627 Haec
1376 590 1492 640 plane
1525 590 1612 635 illa,
1649 603 1764 640 quam
1802 590 1960 640 Sapiens
1996 590 2183 640 loquitur,

1156 650 1325 700 confusio
1361 653 1552 688 adducens
1575 650 1817 700 peccatanffi.
1851 655 1960 688 Itane
1991 664 2183 688 verecun-

1157 713 1249 749 dum
1269 721 1325 750 est
1346 712 1494 750 homini
1511 712 1615 749 vinci
1632 726 1651 749 a
1667 716 1751 750 Deo
1766 740 1775 758 ‚
1799 720 1837 749 et
1857 711 2006 763 probro
2029 711 2184 749 ducitur

1156 773 1350 811 humiliari
1373 773 1445 811 sub
1469 773 1620 824 potenti
1648 787 1764 810 manu
1789 773 2004 811 Altissimi?
2025 776 2111 810 Non
2133 773 2185 810 ita

1158 848 1225 872 rex
1246 836 1310 873 ille
1327 836 1516 886 gloriosus
1536 835 1662 873 David
1684 850 1692 873 :
1717 834 1799 871 Tibi
1816 837 1909 882 soli,
1931 835 2077 885 inquit,
2091 849 2185 884 pec-

1158 901 1239 933 cavi
1249 926 1261 942 ,
1282 907 1317 934 et
1342 900 1482 934 malum
1511 911 1636 933 coram
1665 906 1700 933 te
1715 895 1797 946 feci
1808 926 1820 943 ,
1846 905 1886 933 ut
1901 896 2123 943 justficeris
2145 901 2184 932 in

1153 958 1388 995 sermwn'bus
1408 963 1480 995 tuis
1506 967 1541 995 et
1560 963 1695 995 vincas
1717 972 1797 994 cum
1814 959 2007 1004 judicaris
2021 956 2047 994 5.
2069 960 2185 995 Sum-

73 1027 243 1061 Hortatur,
262 1028 297 1054 ut
319 1032 441 1054 memor
462 1022 560 1053 aetatis
582 1032 665 1061 suae,
690 1026 721 1053 et
745 1021 854 1052 mortis
874 1020 1085 1060 imminentis,
1110 1016 1136 1051 B
1159 1033 1264 1056 mum
1286 1019 1459 1057 victoriae
1484 1032 1622 1069 genus,
1644 1019 1784 1056 divinae
1805 1017 1941 1056 cedere
1962 1017 2152 1068 majestati
2175 1032 2183 1054 ε

117 1078 276 1120 divinique
282 1077 404 1120 judicii,
419 1076 592 1120 resipiscat,
608 1087 666 1108 nec
683 1075 786 1119 pravis
803 1075 1002 1107 adulatorum
1019 1086 1092 1107 con÷

115 1134 190 1166 siliis
209 1138 331 1176 pareat.

121 1256 214 1294 Viro
233 1255 368 1292 illustri
391 1258 629 1300 Eus‘racmo,
653 1254 769 1290 frater
794 1256 1031 1289 Bam-mnus.

127 1385 160 1424 l.
192 1385 359 1423 Salutem
386 1382 477 1429 tibi,
506 1382 567 1420 vir
597 1381 870 1428 illustrissime,
903 1381 974 1418 etsi
1006 1394 1086 1418 non

72 1447 214 1493 scribo,
255 1454 350 1497 opto
389 1453 528 1482 tamen.
571 1447 715 1494 Optare
753 1443 839 1493 quis
883 1441 1088 1493 prohibet?

71 1508 231 1550 Affectui
251 1520 322 1545 nec
349 1507 450 1556 leges
479 1505 692 1556 imperant,
715 1518 786 1542 nec
806 1504 1002 1555 principes
1022 1504 1090 1541 do-

74 1571 277 1608 minantur.
298 1565 414 1605 Liber
433 1574 510 1612 est,
538 1575 575 1603 et
601 1565 767 1602 maxime
794 1565 823 1602 si
850 1565 987 1616 spiritu
1015 1565 1090 1602 du-

73 1631 168 1668 citur
190 1643 198 1666 ε
221 1628 309 1678 quia
331 1626 399 1664 ubi
424 1626 581 1677 spiritus
602 1625 781 1672 Domini,
806 1624 860 1662 ibi
889 1624 1045 1662 libertas
1063 1631 1087 1661 ¹.

72 1691 164 1730 Inde
181 1697 238 1728 est
257 1702 347 1726 sane
371 1701 486 1725 ausus
502 1687 573 1724 iste
595 1700 703 1724 meus
725 1686 773 1723 de
791 1685 991 1737 praesenti,
1009 1699 1089 1736 quo

74 1753 119 1792 ad
138 1760 239 1790 tuam
259 1749 564 1801 Magnitudinem
583 1762 777 1800 praesumo
801 1747 988 1794 scribere,
1007 1756 1089 1784 tan-

74 1827 183 1866 quam
199 1812 334 1863 aliquis
351 1824 512 1862 magnus
523 1811 658 1856 fateor,
676 1824 746 1847 nec
755 1809 884 1859 jussus
901 1823 921 1846 a
935 1818 992 1855 te,
1011 1823 1082 1847 nec
1102 1810 1129 1847 C
1152 1809 1323 1847 dicamus
1350 1819 1387 1847 et
1412 1809 1481 1847 tibi
1511 1826 1518 1848 :

73 1883 236 1926 rogatuS,
253 1887 324 1911 nec
336 1872 535 1910 invitatus.
548 1871 623 1909 Sed
637 1871 731 1922 quid
743 1871 772 1909 si
785 1871 951 1908 charitas
956 1885 970 1921 J
978 1871 1091 1908 ubet?

73 1936 176 1975 Alius
197 1935 306 1973 aliter
333 1933 503 1972 fortassis
529 1933 691 1984 accipiat
707 1945 797 1983 :ego
821 1932 949 1969 virum
976 1931 1090 1969 nobi-

75 1998 144 2035 lem
155 2026 165 2043 ,
181 1995 286 2047 quod
296 1996 335 2033 in
351 2009 413 2033 me
427 2003 496 2040 est,
511 1994 551 2031 in
565 2007 657 2031 vera
670 1994 854 2031 charitate
869 1993 1023 2031 decrevi
1034 1993 1091 2031 his

75 2057 204 2095 litteris
223 2070 300 2094 suae
316 2056 437 2107 ipsius
452 2068 700 2093 commonere
715 2055 866 2102 salutis,
883 2055 1051 2092 excitare
1071 2067 1092 2091 a

76 2131 205 2156 somno
222 2147 232 2165 ,
249 2130 432 2155 revocare
447 2116 495 2154 ad
514 2130 594 2162 cor,
609 2125 826 2166 provocare
847 2115 894 2153 ad
914 2116 1086 2166 gratiam.

65 2178 163 2227 ‘Quis
193 2178 262 2216 scit
288 2178 319 2215 si
350 2185 602 2214 convertatur
631 2185 669 2214 et
698 2178 873 2227 ignoscat
905 2181 1032 2224 Deus,
1054 2186 1093 2214 et

75 2239 260 2290 relinquat
278 2247 368 2290 post
388 2252 428 2276 se
448 2237 785 2276 benedictionem?
811 2242 894 2276 Imo
916 2238 1002 2288 quis
1022 2252 1092 2275 ne-

75 2300 158 2346 scit,
180 2313 274 2350 quas
293 2308 332 2337 et
348 2307 511 2349 quantas
533 2297 613 2348 jam
634 2297 785 2335 divitias
807 2312 884 2335 suae
908 2298 1092 2336 bonitatis

75 2368 112 2398 et
133 2361 430 2411 longanimitatis
448 2360 718 2397 thesaurizavit
735 2373 854 2410 super
869 2373 957 2397 eum
978 2361 1092 2397 mise—

75 2420 189 2459 ricors
201 2430 238 2459 et
275 2421 478 2459 miserator
513 2420 729 2459 Dominus?
759 2421 938 2471 Denique
974 2421 1091 2459 mise-

75 2491 190 2529 retur,
219 2483 361 2534 parcit,
394 2490 613 2533 exspectat,
649 2482 939 2532 dissimulatque
969 2496 1092 2532 usque

76 2543 212 2592 adhuc,
233 2545 354 2582 factus
376 2545 475 2582 sicut
499 2544 618 2581 homo
641 2557 720 2581 non
745 2543 925 2590 audiens,
949 2553 987 2581 et
1013 2558 1093 2581 non

1159 1089 1196 1118 et
1227 1081 1444 1118 auctoritati
1478 1082 1610 1118 matris
1646 1080 1825 1118 Ecclesiae
1863 1093 1943 1116 non
1983 1079 2183 1127 reluctari,

1158 1156 1332 1181 summus
1365 1142 1493 1179 honor
1525 1151 1563 1179 et
1590 1142 1726 1192 gloria.
1754 1145 1785 1180 O
1817 1140 2070 1192 perversitas!
2098 1144 2183 1178 Non

1156 1203 1277 1254 pudet
1313 1204 1526 1253 inquinari,
1562 1212 1599 1240 et
1631 1202 1735 1240 ablui
1773 1201 1909 1252 pudet!
1942 1203 2013 1237 Est
2038 1203 2182 1250 pudor,

1153 1262 1264 1313 juxta
1286 1264 1505 1313 Sapientem
1521 1293 1530 1310 ,
1550 1265 1744 1299 adducens
1764 1266 1926 1312 gloriam
1942 1260 1977 1308 ‘53
2000 1262 2030 1298 si
2047 1261 2184 1298 videli-

1156 1332 1215 1360 cet
1229 1336 1389 1373 peccare
1410 1323 1573 1373 pudeat,
1590 1324 1619 1360 si
1642 1336 1720 1359 non
1742 1322 1886 1373 pudeat
1899 1322 1959 1357 vel
1979 1335 2154 1372 peccasse
2173 1336 2182 1359 z

1155 1392 1193 1421 et
1223 1383 1273 1420 ita
1302 1384 1363 1421 vel
1395 1396 1479 1421 sera
1506 1383 1630 1434 gloria
1662 1396 1742 1420 non
1772 1381 1944 1428 carebis,
1976 1382 2184 1419 reducente

1156 1444 1339 1481 nimirum
1361 1444 1512 1494 pudore
1533 1457 1648 1494 quam
1673 1444 1786 1494 culpa
1807 1443 2017 1493 fugaverat.
2038 1447 2184 1481 Secun-

1157 1505 1248 1542 dum
1272 1513 1404 1542 tenent
1423 1504 1675 1542 beatitudinis
1691 1505 1841 1551 locum,
1862 1518 2029 1555 quorum
2050 1505 2183 1542 remis-

1157 1578 1207 1602 sae
1228 1574 1318 1603 sunt
1338 1565 1579 1615 iniquitates,
1602 1574 1640 1602 et
1663 1579 1832 1615 quorum
1859 1573 1956 1602 tecta
1978 1574 2068 1602 sunt
2089 1579 2184 1616 pec-

1157 1635 1239 1664 cata
1249 1634 1275 1664 7.
1292 1626 1532 1664 Honorabile
1555 1634 1818 1676 tegumentum
1832 1655 1841 1672 ,
1860 1626 1906 1663 de
1923 1640 2001 1676 quo
2020 1626 2159 1675 legitur
2175 1641 2182 1663 ι

1159 1686 1352 1735 Confessio
1373 1697 1408 1724 et
1420 1688 1660 1737 pulchritudo
1675 1689 1712 1723 iu
1733 1696 1933 1736 conspectu
1954 1685 2072 1734 esusS.
2091 1687 2186 1736 Quis

1156 1748 1247 1785 mihi
1275 1747 1420 1786 tribuat
1444 1748 1578 1786 videre
1610 1757 1645 1785 te
1676 1748 1715 1785 in
1743 1748 1885 1785 vestitu
1915 1747 2118 1795 deaurato,
2141 1758 2185 1786 ut

1555 1808 1833 1858 Cotzfessz'onem
1861 1818 1896 1846 ec
1921 1811 2092 1845 decorem
2124 1815 2184 1846 in-

1159 1874 1295 1917 (luisti,
1330 1876 1491 1908 amictas
1521 1874 1663 1908 lumine
1691 1875 1787 1907 sicut
1816 1876 2039 1907 vestimento
2052 1872 2091 1908 5⁸?
2109 1874 2185 1908 Re-

1159 1941 1334 1979 vertere,
1370 1933 1599 1980 Sunamitis,
1637 1940 1852 1978 revertere,
1889 1940 1932 1969 ut
1962 1932 2183 1969 intueamur

1160 2001 1196 2030 te
1216 2000 1245 2015 ¹⁰
1261 1995 1275 2030 ?
1292 1996 1508 2044 Consurge,
1529 2007 1737 2044 consurge,
1753 1993 1915 2030 induere
1932 1993 2178 2039 fortitudine,

1159 2054 1322 2092 induere
1354 2055 1586 2092 vestimento
1615 2055 1803 2092 salutis¹¹.
1832 2056 1971 2104 Surge,
1996 2054 2064 2104 qui
2087 2053 2182 2090 (lor-

1159 2116 1249 2163 mis,
1281 2125 1318 2153 et
1348 2130 1510 2166 exsurge
1545 2130 1566 2153 a
1597 2115 1784 2162 mortuis,
1820 2124 1858 2153 et
1888 2113 2122 2152 illuminabit
2148 2122 2184 2152 te

1159 2177 1383 2215 Christus¹².
1418 2182 1450 2215 A
1484 2187 1640 2215 mortuo
1675 2186 1856 2228 tanquam
1890 2177 1957 2227 qui
1995 2189 2075 2213 non
2104 2184 2182 2222 est,

1159 2237 1260 2287 perit
1277 2237 1467 2274 confessio
1483 2234 1526 2274 ¹3.

1215 2300 1250 2336 3.
1268 2302 1481 2349 Usquequo
1500 2297 1740 2335 oblivisceris
1760 2306 1795 2334 te
1813 2297 1852 2334 in
1870 2297 1986 2333 finem
2000 2297 2017 2332 ἓ·
2034 2309 2180 2346 usque—

1159 2374 1238 2410 quo
1256 2360 1403 2397 dormis
1417 2360 1455 2396 in
1480 2367 1623 2405 morte,
1639 2358 1756 2395 decus
1777 2357 1989 2404 nobilium,
2012 2356 2185 2393 fidelium

1160 2419 1300 2456 fletus?
1319 2418 1499 2468 Quandiu
1520 2426 1656 2455 contra
1680 2430 1828 2454 morem
1854 2425 1962 2454 tuum
1983 2417 2183 2467 pertinax,

1159 2489 1293 2517 contra
1318 2480 1506 2516 honorem
1534 2487 1643 2516 tuum
1672 2477 1899 2528 sequestris,
1917 2485 2055 2514 contra
2079 2477 2183 2513 salu—

1162 2550 1239 2579 tem
1267 2550 1370 2578 tuam
1402 2540 1580 2578 rebellis?
1600 2540 1694 2590 quid
1723 2540 1811 2577 illos
1835 2539 2009 2590 egregios
2034 2551 2182 2584 mores,

76 2604 214 2644 habens
248 2606 286 2643 in
325 2619 393 2644 ore
422 2619 492 2643 suo
523 2605 839 2655 redargutiones,
869 2605 1025 2643 tardans
1045 2606 1096 2643 fe·
1113 2611 1346 2653 Dactusque
1372 2611 1458 2639 tuos
1485 2611 1562 2639 tam
1590 2601 1763 2638 dissimili
1794 2600 1921 2651 pergis
1948 2599 2053 2636 exitu
2084 2611 2181 2635 con-

76 2665 165 2714 rire,
185 2676 340 2718 paratus
356 2667 564 2718 ignoscere.
584 2667 656 2705 Sed
678 2675 719 2704 tu
733 2696 743 2713 ,
764 2667 939 2714 domine,
955 2680 1094 2717 usque-

76 2728 176 2776 quo?
197 2731 271 2776 Tu,
292 2728 469 2778 inquam,
489 2741 512 2765 0
534 2727 637 2765 bone
657 2728 728 2775 vir,
751 2740 955 2778 quousque
981 2728 1094 2765 (lissi—

78 2787 218 2825 mulas?
244 2801 447 2839 quousque
478 2788 722 2825 contemnis?
752 2791 903 2825 Durum
937 2786 1005 2825 tibi
1038 2796 1097 2825 est

78 2855 207 2885 contra
235 2848 432 2886 stimulum
465 2847 663 2885 calcitrare
675 2854 701 2884 ².
734 2851 794 2885 An
820 2848 974 2897 ignoras
1005 2848 1096 2898 quia

42 2947 44 2958 k
78 2904 287 2958 benignitas
321 2910 393 2948 Dei
430 2909 479 2946 ad
517 2908 784 2960 poenitentiam
832 2917 867 2945 te
913 2909 1090 2946 adducit?

42 2967 43 2970 ’
79 2968 249 3016 Quandiu
271 2978 399 3007 autem
423 2978 465 3007 tu
486 2968 700 3007 secundum
729 2968 910 3006 duritiam
933 2978 1035 3008 tuam
1054 2978 1093 3008 et

1162 2677 1355 2701 summare
1372 2665 1386 2700 Ρ
1402 2663 1608 2712 Quomodo
1630 2671 1719 2700 aetas
1736 2663 1818 2708 ista,
1843 2674 1956 2711 quam
1978 2661 2016 2697 in
2039 2659 2185 2697 miseri·

1162 2725 1294 2763 cordia
1323 2725 1436 2763 uberi
1465 2725 1710 2775 requiescere
1744 2721 1972 2774 oportebat,
2008 2721 2184 2759 omnium

1163 2786 1450 2837 praeteritorum
1479 2785 1629 2822 dierum
1653 2794 1808 2822 tuorum
1832 2797 1966 2835 poenas
1990 2783 2086 2829 luit,
2113 2795 2184 2819 nec

1164 2846 1277 2883 diluit
1297 2847 1454 2897 culpas?
1482 2850 1574 2894 Cur,
1592 2846 1691 2897 proh
1713 2845 1826 2882 dolor
1842 2848 1849 2882 1
1868 2845 1949 2882 sola
1965 2843 2185 2880 veneranda

1158 2908 1317 2946 canities
1347 2908 1458 2946 solita
1480 2907 1730 2945 veneratione
1757 2905 1981 2952 fraudatur,
2003 2904 2083 2941 sola
2103 2904 2184 2940 sine

1159 2969 1310 3006 honore
1327 2969 1546 3016 marcescit,
1569 2981 1685 3019 quam
1702 2968 1762 3004 vel
1778 2966 1944 3004 maxime
1967 2964 2094 3002 decuit
2109 2964 2182 3000 ho-

128 3120 138 3136 ¹
155 3118 187 3147 11
201 3118 273 3149 Cor.
287 3120 426 3156 111,17.
441 3136 487 3140 —-
501 3122 515 3138 ²
533 3120 607 3149 Act.
624 3128 682 3156 1x,
699 3121 732 3149 5.
749 3136 795 3140 ——
812 3115 828 3140 3
843 3119 940 3149 Rom.
959 3127 1004 3154 11,
1027 3117 1043 3147 4
1058 3141 1066 3155 ‚
1087 3121 1118 3148 5.
1139 3135 1183 3140 ———
1199 3115 1214 3142 4
1230 3116 1395 3155 Eccli.1v‚
1415 3119 1470 3148 25.
1488 3135 1535 3139 -—
1552 3113 1565 3137 5
1581 3116 1664 3148 Psal.
1688 3126 1720 3154 L,
1739 3119 1772 3147 0.
1791 3133 1836 3137 —
1851 3111 1866 3135 ⁶
1881 3113 1977 3145 Eccli.
1996 3123 2043 3149 1v,
2066 3113 2122 3141 25.
2138 3128 2184 3132 ψ-

83 3173 96 3198 7
110 3169 189 3201 Psal.
204 3181 305 3210 xxxr,
328 3174 358 3203 1.
379 3189 425 3194 ——
443 3169 458 3193 8
474 3171 558 3204 Psal.
578 3183 656 3211 xcv,
676 3176 707 3203 6.
722 3190 769 3195 —
784 3177 799 3202 9
819 3171 902 3203 Psal.
924 3181 999 3208 cm,
1022 3172 1051 3207 1,
1072 3173 1103 3201 2.
1118 3188 1162 3192 ——
1183 3174 1214 3190 ¹⁰
1232 3169 1355 3201 Cantic.
1376 3180 1432 3207 Vt,
1459 3172 1513 3200 12.
1533 3186 1579 3191 —-
1599 3174 1627 3189 ¹¹
1647 3168 1717 3200 lsai.
1736 3179 1804 3205 Lxx,
1832 3170 1861 3199 1.
1882 3184 1925 3189 ——
1945 3171 1976 3189 1²
2005 3163 2120 3206 Ephes.
2148 3173 2182 3199 v,

97 3223 147 3254 14.
162 3242 207 3246 —-
226 3221 257 3245 ¹3
274 3224 370 3257 Eccli.
395 3237 487 3263 xvn,
513 3229 570 3257 26.

125 3282 296 3316 aVidelicet
309 3284 565 3316 Benedictio-Dei
578 3285 611 3316 in
625 3284 749 3316 dloecesi
762 3284 977 3326 Lugdunensi,
988 3283 1096 3326 dequo
1105 3294 1200 3326 supra
1216 3283 1249 3314 in
1262 3282 1411 3325 epistolal
1422 3285 1438 3314 7
1447 3285 1464 3313 3
1479 3294 1486 3320 3
1503 3284 1665 3320 Dunense,
1677 3287 1707 3313 et
1717 3279 2014 3314 Claro-Mariscense
2023 3276 2053 3307 in
2063 3275 2184 3316 Belgio.

128 3336 144 3357 ¹³
161 3336 277 3381 Scripta
303 3348 386 3370 anno
401 3338 517 3371 Christi
538 3341 546 3370 l
563 3342 637 3372 138.
653 3358 697 3363 1-—
712 3345 726 3361 c
743 3326 853 3371 Galliae
869 3339 983 3370 scilicet
998 3336 1214 3370 Narbonensis
1228 3349 1235 3374 ;
1255 3337 1315 3368 alia
1331 3347 1444 3379 nempe
1465 3342 1509 3367 est
1527 3335 1557 3366 in
1576 3334 1740 3378 Hispania.
