2565 3952
103 202 150 239 53
856 204 1117 240 PRAERYHO
1160 205 1452 241 GENERALIS.
2157 210 2203 247 :3'4

101 294 222 335 licam
257 294 499 349 appellavit.
531 297 691 336 Verum
724 294 959 347 intellecto,
989 295 1145 349 synodi
1182 297 1435 336 sententiam
1465 296 1518 337 ab
1554 298 1801 339 Innocentio
1820 300 1861 340 H
1894 299 2025 341 fuisse
2055 315 2209 356 appro-

100 371 266 425 batam,
301 372 354 414 ab
377 373 657 427 appellatione
681 372 864 424 destitit,
896 377 1024 427 atque
1058 374 1254 415 hortante
1279 376 1406 416 Petro
1423 375 1664 416 Venerabili
1687 377 1731 416 111
1763 376 2036 420 Cluniacense
2060 393 2208 422 mona—

101 450 278 491 sterium
314 464 356 493 se
388 452 571 506 recepit,
607 456 649 493 ct
682 451 855 493 tandem
881 451 996 506 apud
1028 452 1274 494 Cabilonem
1304 453 1349 493 in
1381 452 1574 494 caenobio
1612 454 1964 496 Sancti-Marcelli
2006 456 2210 498 laudabili

100 528 183 570 fine
204 531 381 584 quievit.

159 610 268 650 LIV.
303 611 450 651 Varias
467 609 711 652 Bernardus
734 615 882 652 contra
909 609 1197 652 Abaclardum
1225 610 1424 665 epistolas
1455 611 1649 665 scripsit,
1682 624 1864 665 quarum
1902 614 2117 667 praecipua
2149 619 2211 655 est

100 688 154 730 ad
190 690 487 731 Innocentium
520 690 697 745 epistola
728 692 954 731 centesima
987 691 1289 743 nonagesima,
1326 702 1422 744 quae
1459 690 1571 731 inter
1605 691 1823 744 Opuscula
1854 691 2079 733 undecimo
2118 692 2210 733 loco

100 768 229 810 relata
249 773 324 810 est.
346 770 398 810 In
414 769 492 811 hac
512 769 688 824 epistola
715 769 960 812 Bernardus
982 769 1197 823 praecipua
1224 781 1420 810 errorum
1442 770 1606 824 capita,
1637 782 1732 824 quae
1769 770 1813 810 in
1843 770 2071 812 Abaclardi
2104 772 2210 813 scri-

99 848 184 903 ptis
220 847 513 890 animadversa
536 849 706 890 fuerant
725 881 735 901 ,
769 849 1014 890 summatim
1043 847 1198 901 refert,
1221 861 1269 889 ac
1294 847 1434 889 1311110
1458 848 1654 889 rex-incit.
1677 849 1729 889 Ῑ11
1762 848 1839 889 hac
1867 848 2051 891 editione
2074 850 2211 891 eidem

99 925 286 980 epistolae
311 938 386 968 5011
418 927 626 982 opusculo
663 941 714 969 ex
732 927 876 969 codice
907 928 1110 969 Vaticano
1130 927 1430 982 praemittimus
1454 927 1639 982 capitula
1663 927 1990 982 quatuordecim
2009 942 2060 970 ex
2082 928 2210 970 Abae-

97 1004 208 1046 lardi
243 1005 413 1060 scriptis
450 1019 475 1048 a
514 1006 732 1048 Bernardo
764 1011 987 1061 excerpta,
1025 1017 1121 1060 quae
1152 1017 1238 1046 una
1263 1017 1362 1046 cum
1393 1004 1506 1046 dicta
1536 1004 1714 1059 epistola
1732 1007 1981 1047 Innocentio
1999 1006 2210 1048 submissa

98 1088 212 1125 sunt.
249 1085 312 1126 De
351 1089 442 1126 tota
474 1085 554 1126 hac
589 1087 879 1127 controversia
910 1086 1004 1127 fuse
1038 1097 1211 1139 agemus
1234 1085 1280 1126 in
1313 1083 1617 1126 Admonitione
1651 1084 1788 1126 eidem
1825 1085 2043 1140 Opusculo
2074 1085 2210 1127 unde-

97 1164 208 1205 cimo
242 1165 473 1219 proemissa.
512 1166 592 1207 Hic
617 1171 785 1207 tantum
813 1165 1011 1221 quaedam
1041 1164 1095 1207 de
1128 1163 1355 1206 Abaelardi
1386 1162 1684 1205 defensoribus
1716 1163 1967 1206 delibamus.

154 1244 241 1285 LV.
276 1245 445 1285 Primus
462 1244 692 1286 adducitur
708 1245 972 1286 Abaelardus
988 1245 1078 1299 ipse
1095 1276 1105 1296 ,
1126 1244 1201 1298 qui
1228 1244 1273 1283 in
1293 1241 1501 1296 Apologia
1521 1254 1596 1282 sua
1627 1243 1907 1296 conqueritur
1924 1274 1934 1294 ,
1971 1242 2053 1283 sibi
2086 1255 2207 1297 quae-

97 1321 198 1363 dam
225 1342 240 1357 «
270 1335 348 1377 per
364 1322 570 1363 malitiam
592 1343 607 1358 »
631 1324 829 1378 imposita
854 1324 985 1365 fuisse
1006 1323 1243 1377 :imprimis
1261 1320 1380 1376 quod
1406 1339 1421 1355 «
1445 1322 1570 1362 Pater
1605 1321 1660 1362 sit
1678 1321 1804 1375 plena
1834 1323 2050 1375 potentia,
2074 1322 2208 1363 Filius

103 1420 119 1436 υ
145 1401 342 1456 quaedam
360 1402 576 1456 potentia,
600 1403 782 1457 Spiritus
799 1407 969 1444 sanctus
988 1401 1107 1443 nulla
1129 1400 1333 1456 potentia.
1360 1418 1376 1434 »
1400 1400 1504 1452 Quae
1535 1397 1668 1439 verba
1704 1417 1719 1433 «
1756 1411 1843 1440 non
1867 1404 1955 1440 tam
1983 1399 2206 1454 haeretica,

103 1500 118 1516 »
142 1493 272 1536 quani
288 1481 497 1523 diabolica
519 1501 534 1517 »
564 1482 787 1536 abhorret,
809 1495 886 1524 nec
904 1483 949 1524 in
966 1482 1053 1523 suis
1081 1480 1250 1534 scriptis
1280 1490 1403 1533 posse
1420 1477 1600 1531 reperiri
1625 1476 1825 1518 affirmat.
1848 1478 2009 1518 Verum
2026 1477 2077 1518 dc
2099 1477 2179 1519 hoc
2195 1510 2206 1530 ,

97 1560 275 1615 aliisque
295 1561 493 1616 capitulis
515 1561 729 1616 agendum
744 1563 790 1603 111
807 1559 1188 1604 Observationibus
1207 1558 1260 1599 ad
1285 1556 1493 1599 Bernardi
1521 1556 1789 1611 Opusculum
1817 1556 2106 1598 undecimum.
2137 1560 2209 1599 In-

96 1638 221 1679 terim
254 1638 300 1679 in
334 1638 481 1680 eadem
506 1639 715 1694 Apologia
743 1652 819 1680 sua
843 1638 1001 1680 fatetur
1034 1636 1328 1689 Abaclardus,
1361 1648 1405 1677 se
1441 1635 1585 1690 aliqua
1612 1636 1829 1690 scripsisse
1856 1655 1870 1669 «
1906 1649 1982 1690 per
1996 1649 2205 1690 errorem,

103 1736 118 1751 »
144 1729 241 1772 quae
258 1730 345 1759 non
362 1719 578 1773 oportuit,
605 1738 619 1753 »
640 1723 683 1760 at
713 1738 727 1753 «
750 1718 814 1759 nil
832 1731 908 1773 per
937 1717 1164 1768 malitiam,
1187 1720 1259 1757 aut
1278 1728 1355 1770 per
1379 1714 1625 1769 superbiam
1646 1729 1655 1755 ε
1684 1735 1699 1748 »
1724 1714 1952 1769 additque,
1978 1727 2046 1766 se,
2067 1716 2101 1756 si
2122 1727 2208 1769 qua

96 1806 174 1849 per
194 1795 520 1850 multiloquium
536 1797 734 1849 excessit,
754 1801 951 1851 paratum
969 1808 1136 1850 semper
1155 1808 1244 1837 esse
1262 1814 1277 1829 «
1297 1794 1349 1836 ad
1374 1792 1706 1834 satisfactionem
1727 1792 1778 1833 de
1796 1793 1903 1834 male
1929 1793 2053 1834 dictis
2080 1814 2093 1827 2>
2121 1794 2207 1834 suis

101 1891 118 1907 «
139 1869 402 1928 corrigendis
420 1876 510 1916 sive
529 1874 743 1928 delendis;
766 1894 781 1910 »
802 1887 849 1916 ac
866 1874 1040 1916 demum
1058 1887 1102 1916 se
1119 1874 1314 1916 Ecclesiae
1332 1874 1495 1927 filium,
1516 1893 1530 1908 «
1550 1879 1701 1915 cuncta
1719 1886 1814 1928 quae
1831 1874 1981 1928 recipit
2005 1875 2206 1928 recipere,

100 1969 116 1986 ν
141 1964 238 2006 quae
254 1965 358 1994 vero
376 1954 542 2008 respuit
559 1966 774 2008 respuere.
804 1973 819 1989 2>
843 1956 970 1995 Bene.
991 1954 1202 1996 Nolumus
1220 1952 1509 1995 Abaclardum
1528 1952 1775 1994 haercticum
1798 1967 1806 1993 :
1826 1952 1986 1993 sufficit
2004 1965 2082 2006 pro
2100 1954 2206 1994 Ber-

93 2028 219 2069 nardi
240 2041 366 2070 causa
393 2043 493 2071 eum
511 2030 643 2072 fuisse
662 2031 708 2071 111
724 2030 985 2086 quibusdam
1009 2037 1223 2074 errantem
1243 2046 1253 2086 ;
1275 2031 1394 2087 quod
1411 2031 1676 2073 Abaelardus
1694 2033 1783 2087 ipse
1808 2045 1895 2073 non
1914 2031 2138 2073 diffitetur.

154 2109 265 2150 LVI.
300 2108 416 2161 Quid
434 2122 537 2151 vero
569 2115 718 2151 contra
755 2116 949 2152 sanctum
982 2113 1235 2165 Doctoreni,
1271 2116 1346 2154 aut
1381 2125 1460 2166 pro
1493 2111 1732 2153 Abaelardo
1760 2113 1861 2155 Otto
1887 2113 2167 2165 Frisingensis
2187 2111 2207 2152 ἶ)

93 2187 307 2229 Nimirum
321 2188 589 2230 Bernardum
615 2209 630 2223 «
653 2203 704 2230 ex
723 2190 962 2231 christianae
975 2191 1194 2244 religionis
1216 2190 1385 2232 fervore
1404 2190 1650 2245 zelotypum
1664 2223 1674 2243 ,
1701 2195 1742 2232 et
1771 2204 1821 2232 ex
1849 2190 2059 2231 habituali
2081 2203 2204 2230 man-

99 2284 116 2301 »
138 2266 366 2308 suetudine
379 2266 626 2308 credulum:
652 2288 667 2302 »
685 2267 789 2309 3(100
820 2287 836 2302 «
860 2272 907 2309 ut
922 2269 1146 2323 magistros
1162 2301 1173 2321 ,
1196 2270 1273 2323 qui
1295 2269 1494 2310 humanis
1512 2270 1750 2311 rationibus
1770 2274 1810 2312 et
1824 2270 2016 2311 saeculari
2035 2270 2205 2324 sapien-

99 2363 115 2379 »
140 2345 210 2386 tiae
236 2344 501 2387 confidenter
522 2346 704 2386 nimium
733 2345 1022 2398 inhaerebant,
1056 2347 1324 2400 abhorreret,
1367 2352 1409 2389 et
1437 2349 1473 2389 si
1496 2348 1738 2403 quidquam
1766 2349 1805 2390 ei
1836 2348 2077 2389 christianae
2106 2347 2207 2389 fidei

99 2443 115 2459 υ
139 2423 348 2466 absonum
365 2424 417 2466 de
435 2424 594 2466 talibus
620 2425 848 2479 diceretur,
878 2426 1000 2468 facile
1028 2439 1174 2468 aurem
1198 2423 1450 2481 praeberet¹.
1491 2445 1507 2461 »
1543 2427 1707 2467 Verum
1740 2426 1830 2467 haec
1870 2427 1960 2480 ipsa
1993 2426 2039 2466 in
2073 2427 2206 2468 sancti

93 2503 290 2545 Doctoris
325 2503 506 2558 gloriam
539 2503 698 2545 cedunt
730 2519 740 2545 ε
771 2517 870 2545 011111
895 2505 1003 2546 nihil
1038 2506 1173 2559 inagis
1202 2504 1256 2546 ad
1288 2504 1506 2545 doctorem
1534 2504 1789 2545 catholicum
1818 2504 2049 2557 pertineat,
2076 2517 2205 2558 quam

93 2581 301 2636 ejusmodi
331 2583 549 2637 homines,
585 2584 894 2638 philosophicis
926 2584 1179 2625 ratiunculis
1206 2583 1305 2637 plus
1330 2582 1444 2637 justo
1474 2581 1738 2633 tribuentes,
1772 2582 1955 2623 maxime
1991 2582 2067 2622 ubi
2094 2595 2205 2623 nova

94 2662 257 2704 cudunt
275 2663 501 2715 vocabula,
531 2676 627 2718 qua}
645 2664 690 2704 iu
707 2676 894 2704 errorem
916 2663 1116 2704 inducere
1147 2668 1327 2717 possunt
1356 2664 1575 2714 incautos,
1608 2661 1928 2715 quamprimum
1956 2661 2201 2715 reprimere.

100 2761 114 2775 «
135 2743 285 2795 Porro,
312 2763 326 2777 υ
344 2747 393 2783 111
409 2755 507 2784 011111
526 2743 753 2784 Guillelmo
772 2742 926 2797 loquar
939 2775 949 2795 ,
975 2762 990 2776 a
1011 2743 1046 2783 si
1064 2743 1258 2783 nimietas
1280 2743 1325 2782 111
1343 2754 1391 2782 00
1410 2739 1742 2795 1·0[)1011011(111111
1763 2740 1896 2780 sancti
1915 2739 2108 2791 fervoris,
2131 2740 2202 2780 ha-

102 2838 115 2853 »
138 2819 210 2861 bet
232 2825 345 2861 certe
370 2821 485 2875 apud
507 2822 600 2875 pias
619 2826 781 2862 mentes
800 2834 996 2862 excessus
1012 2822 1090 2863 iste
1110 2822 1391 2863 reverentiam
1409 2833 1579 2861 suam...
1608 2819 1724 2860 Felix
1742 2819 1810 2859 cui
1829 2819 1967 2859 solum
1982 2823 2204 2873 reputatur

102 2916 116 2931 »
145 2897 198 2939 ad
230 2898 419 2953 culpam,
458 2899 577 2954 quod
609 2900 748 2941 caeteri
785 2899 867 2940 sibi
911 2900 1048 2941 solent
1082 2912 1339 2955 praesumere
1375 2898 1429 2940 ad
1456 2898 1634 2952 gloriam
1656 2895 1686 2938 ².
1731 2917 1746 2931 »
1784 2898 1944 2938 Verum
1969 2898 2069 2939 Otto
2088 2897 2200 2951 ipse,

95 2978 370 3030 quantumvis
405 2977 640 3019 Abaclardo
675 2978 848 3031 favens,
890 2979 1050 3020 fatetur
1081 2983 1245 3030 tamen,
1282 2978 1426 3032 ipsum
1456 2981 1542 3018 tres
1569 2980 1722 3017 531101ῑο
1751 2975 1968 3016 Trinitatis
2003 2987 2202 3028 personas

101 3074 117 3090 «ε
137 3057 264 3098 nimis
282 3062 535 3110 attenuasse,
557 3071 645 3100 non
660 3058 784 3100 bonis
800 3071 928 3100 usum
944 3058 1149 3113 exemplis
1168 3071 1178 3110 3
1197 3078 1211 3093 »
1228 3061 1358 3112 atque
1372 3055 1427 3096 ob
1442 3054 1524 3097 hoc
1544 3053 1659 3108 apud
1673 3054 1938 3095 suessionem
1958 3053 2002 3094 in
2021 3053 2199 3107 provin-

96 3134 190 3176 ciali
206 3136 396 3190 synodo,
423 3156 438 3172 «
464 3137 751 3179 sabellianum
769 3137 1017 3179 haereticum
1030 3136 1283 3192 judicatum.
1311 3155 1326 3170 »
1356 3133 1471 3187 Quid
1488 3145 1590 3188 ergo
1607 3133 1768 3174 mirum
1781 3164 1792 3186 ,
1819 3132 1855 3174 si
1878 3131 2024 3173 eadem
2047 3132 2201 3172 iterum

96 3218 340 3270 recantans,
368 3216 477 3258 male
508 3217 627 3259 audit
661 3216 776 3272 apud
812 3229 923 3258 sanae
954 3215 1057 3257 fidei
1091 3214 1335 3257 amatores?

141 3375 250 3408 'Otto
264 3401 272 3416 ,
290 3377 332 3410 de
351 3378 442 3409 Frid.
462 3378 522 3410 lib.
544 3383 576 3418 l,
596 3389 671 3420 cap.
689 3381 740 3412 47.
761 3398 799 3402 —-
819 3380 832 3398 ’Δ
852 3379 935 3411 vitae
950 3380 1041 3411 libro
1065 3384 1072 3411 i
1092 3406 1099 3419 ,
1119 3389 1154 3410 n.
1177 3381 1225 3411 fii.
