2517 3920
323 212 365 249 15
378 211 418 248 ’17

314 307 330 317 ιι
349 290 484 322 hominis
501 287 647 329 litigantis
667 286 850 329 recipiebat,
869 292 922 318 aut
936 287 986 317 cui
1006 285 1154 317 credebat
1166 284 1253 319 litem
1268 283 1327 313 im-

318 360 332 370 »
354 344 482 374 minere.
503 358 517 367 »

368 399 454 428 1049
478 398 514 426 D.
542 393 764 425 demembrari.
790 412 834 416 —-
860 393 977 433 Quales
1000 390 1113 434 probet
1132 389 1329 432 improbetve

314 448 490 481 Bernartius
508 448 736 490 exemptiones,
754 445 826 476 vide
841 445 892 477 hic
911 457 942 476 n.
967 448 1020 482 18,
1037 450 1068 475 et
1089 443 1198 474 confer
1215 443 1329 484 episto-

317 504 378 533 lam
392 513 445 533 seu
465 502 651 544 opusculum
666 503 697 531 II
715 499 753 530 ad
768 499 940 530 Henricum
960 500 1191 532 Senonensem,
1210 506 1278 537 cap.
1292 500 1326 533 9,

317 556 409 587 infra.

369 613 457 640 1010
475 610 510 640 C.
534 608 587 649 qui
611 608 724 638 multas
750 617 823 637 oves
845 605 976 636 habens.
998 622 1036 625 -—
1055 602 1156 637 Alias,
1179 602 1233 646 qui
1261 613 1331 632 cetz-

318 670 381 692 tmn
408 674 476 692 oves
500 659 632 692 liabens.
654 663 695 690 At
722 658 888 701 parabola.
915 660 946 687 Π
971 660 1092 698 Regum
1120 666 1184 691 xit,
1212 654 1328 691 habet,

313 715 472 759 plurimas
497 726 577 745 ores.
596 716 727 744 Centum
745 723 762 743 a
786 711 923 753 quodam
948 709 1092 752 imperito
1116 708 1275 739 1010011101
1294 719 1330 738 cx

318 769 467 811 parabola
483 766 640 808 Evangelii
658 765 697 796 de
717 770 841 795 centum
859 763 982 800 ovibus,
1004 767 1093 794 Luca:
1110 774 1164 792 xv.

372 826 457 853 1053
484 824 525 851 A.
554 818 744 861 dispensatio
762 816 927 848 laudabilis
951 822 1007 847 est.
1024 835 1069 837 —
1084 814 1233 847 Notanda
1258 817 1334 845 Ber-

317 876 407 907 nardi
422 876 452 906 in
468 873 597 904 materia
611 870 878 913 dispensationum
891 869 1044 900 sententia
1057 879 1063 899 :
1078 879 1193 910 nempe
1209 874 1240 898 ut
1253 878 1334 897 non-

319 930 375 960 nisi
404 927 589 958 necessitate
615 930 761 965 urgente,
785 929 815 954 et
842 922 1001 953 communi
1028 916 1162 952 utilitate
1184 921 1336 951 suadente

318 983 525 1024 dispensetur.
540 981 611 1010 Jam
634 988 744 1008 vereor
760 976 872 1017 saepius
893 974 1084 1017 dispensari,
1103 974 1156 1005 ubi
1169 973 1336 1004 necessitas

317 1043 344 1066 1-1
363 1036 478 1066 utilitas
491 1034 539 1063 1-01
555 1043 619 1063 non
635 1037 699 1067 est,
718 1030 765 1060 101
788 1035 908 1060 13111001
924 1028 1045 1070 privata
1061 1034 1116 1059 est.
1133 1027 1218 1068 Quid
1233 1033 1336 1057 autem

319 1089 370 1120 hic
385 1094 431 1119 est
453 1087 635 1128 dispensare
658 1094 750 1115 sensu
774 1082 924 1114 Bernardi
937 1106 944 1115 ,
965 1081 1025 1111 nisi
1042 1081 1218 1123 dissipare?
1235 1083 1273 1111 Et
1290 1079 1338 1110 his

321 1142 431 1173 merito
459 1140 510 1171 illa
539 1138 678 1180 (jusdem
706 1140 737 1167 S.
765 1135 865 1167 Patris
887 1134 983 1165 101113
1003 1134 1197 1176 ingerimus:
1220 1148 1233 1159 α
1252 1132 1338 1173 Quid

322 1211 337 1221 »
359 1195 414 1225 tibi
429 1194 543 1224 frustra
557 1191 711 1233 quispiam
727 1189 887 1221 blanditur
901 1188 941 1219 de
956 1187 1155 1218 absolutione
1170 1186 1339 1228 apostolica

324 1265 338 1275 ιι
358 1249 446 1290 cujus
471 1245 692 1278 conscientiam
721 1243 828 1274 divina
855 1242 980 1282 ligatam
1004 1246 1090 1271 tenet
1117 1239 1296 1271 sententia?
1325 1255 1339 1265 »

322 1301 453 1344 epistola
470 1303 499 1337 1,
514 1299 553 1329 ad
568 1297 753 1329 Robertum.
772 1300 851 1326 Item
867 1295 918 1325 illa
936 1305 942 1324 ;
961 1309 973 1320 (ι
989 1293 1083 1335 Quod
1101 1299 1130 1324 et
1149 1304 1201 1323 105
1216 1303 1341 1343 quoque

326 1370 340 1380 ι·
360 1365 423 1385 1100
442 1352 600 1384 1010101110
617 1351 778 1385 timentes,
792 1358 850 1379 nec
866 1348 939 1378 satis
957 1347 994 1377 dc
1011 1347 1138 1389 propria
1157 1357 1249 1377 causa
1265 1357 1341 1377 cou-

327 1425 341 1433 ιι
361 1408 511 1443 fidentes,
534 1415 688 1436 remorsas
706 1414 742 1434 ac
760 1401 973 1433 remordentes
994 1401 1199 1432 conscientias
1218 1406 1328 1442 aposto

326 1477 339 1489 ιι
361 1462 419 1492 lira
439 1460 542 1491 conati
559 1458 632 1489 estis
655 1456 786 1488 delinire
808 1454 973 1486 5001011113.
991 1456 1019 1484 Ο
1044 1453 1190 1484 frivolum
1207 1454 1280 1484 satis
1297 1464 1342 1484 re·

328 1532 340 1541 ιι
362 1514 516 1545 medium!
541 1511 626 1554 quod
642 1522 707 1541 non
724 1516 770 1540 cst
783 1508 866 1540 aliud
879 1532 885 1544 ,
900 1507 960 1538 uisi
974 1518 1060 1537 more
1074 1508 1343 1549 Protoplastorum

328 1584 342 1594 ιι
363 1566 542 1598 cauteriatis
565 1564 762 1596 conscientiis
786 1570 890 1593 texere
913 1561 1122 1603 perizomata,
1142 1561 1286 1592 videlicet
1306 1561 1345 1592 ad

330 1638 342 1648 ιι
362 1621 589 1653 velamentum,
624 1628 690 1648 non
724 1616 999 1647 medicamentum.
1039 1613 1252 1656 Apostolicam
1264 1637 1271 1649 ,
1301 1613 1347 1644 in-

330 1690 342 1701 ιι
363 1674 492 1715 quiunt,
521 1671 679 1702 licentiam
702 1669 920 1711 quaesivimus,
945 1667 1192 1709 impetraximus.
1219 1666 1347 1697 L'tinam

333 1743 345 1754 ιι
367 1738 431 1757 11011
455 1726 613 1757 licentiam
635 1722 839 1765 quzesissetis,
865 1721 918 1753 sed
942 1721 1124 1757 0005111001,
1145 1720 1176 1750 111
1201 1726 1264 1758 051,
1284 1730 1348 1750 000

335 1798 348 1808 ιι
369 1788 402 1813 ut
418 1780 539 1811 liceret.
565 1778 618 1809 sed
636 1788 676 1808 an
694 1777 814 1813 liceret,
832 1782 891 1806 etc.
914 1791 925 1801 »
950 1778 994 1805 Ita
1009 1773 1186 1805 Bernardus
1204 1773 1294 1815 epist.
1313 1776 1345 1811 7,

333 1835 388 1866 ubi
404 1840 513 1865 notatu
531 1831 710 1873 dignissima
727 1831 806 1860 circa
825 1828 1091 1870 dispensationes,
1112 1838 1129 1857 a
1148 1838 1179 1857 0.
1197 1829 1229 1863 7,
1250 1837 1349 1867 usque

333 1889 372 1920 ad
390 1900 420 1918 n.
446 1891 498 1918 10.
518 1889 656 1917 Joannes
681 1882 924 1915 Saresberiensis
946 1883 979 1911 in
1002 1880 1187 1922 Polycratici
1209 1879 1292 1910 libro
1316 1882 1349 1917 4,

335 1953 402 1983 cap.
421 1945 437 1972 7
456 1952 463 1972 z
481 1956 492 1966 «
510 1942 577 1971 Nec
594 1945 696 1969 tamen
713 1935 978 1978 dispensationem
992 1934 1064 1976 legis
1084 1933 1235 1964 subtraho
1253 1933 1352 1963 mani-

338 2011 350 2022 »
372 1995 430 2025 bus
457 1998 645 2035 potestatum
673 2002 680 2021 :
709 1990 762 2021 sed
794 1995 977 2031 perpetuam
1009 1987 1270 2029 praeceptionem,
1299 1993 1353 2017 aut

338 2064 351 2074 ιι
371 2047 616 2090 prohibitionem
632 2044 794 2080 habentia,
820 2043 909 2073 libito
932 2052 1041 2073 eorum
1060 2051 1259 2082 nequaquam
1273 2040 1354 2070 arbi-

340 2118 352 2128 ιι
371 2108 437 2132 1101
461 2098 677 2141 supponenda.
698 2101 735 2128 In
755 2096 804 2127 his
827 2096 935 2137 itaque
959 2094 1110 2125 duntaxat
1133 2105 1202 2135 qua·
1224 2093 1354 2124 mobilia

339 2170 352 2181 ιι
371 2160 462 2191 sunt,
489 2151 679 2194 dispensatio
704 2149 873 2181 verborum
895 2148 1072 2179 admittitur
1097 2158 1103 2178 :
1129 2148 1172 2178 ita
1194 2153 1300 2177 tamen
1321 2152 1355 2177 ut

339 2223 352 2235 ιι
373 2206 630 2249 compensatione
646 2203 818 2235 honestatis
833 2208 887 2233 aut
904 2201 1046 2233 utilitatis
1068 2212 1157 2232 mens
1180 2201 1255 2242 legis
1277 2200 1356 2231 inte-

339 2277 351 2289 »
373 2272 427 2303 gra
450 2265 667 2291 conservetur.
695 2274 707 2285 ιι
730 2257 855 2298 Legesis
877 2255 962 2298 apud
983 2255 1131 2286 eumdem
1154 2253 1225 2286 libri
1252 2257 1268 2285 7
1301 2264 1354 2285 ca-

337 2321 393 2357 put
420 2317 472 2344 17.

390 2371 477 2399 1033
502 2369 543 2397 A.
570 2377 634 2396 non
656 2365 797 2407 propria.
814 2382 856 2386 *-
870 2362 1004 2393 Vossius
1029 2362 1062 2393 in
1082 2360 1222 2403 margine
1246 2367 1352 2399 notat,

341 2433 404 2451 nott
430 2427 505 2456 tucn·
532 2419 621 2461 quasi
638 2418 774 2463 propria
795 2417 994 2448 referendum
1018 2416 1057 2447 sit
1082 2415 1122 2447 ad
1147 2415 1353 2453 Pontificem,

338 2486 404 2506 non
418 2474 457 2505 ad
472 2485 543 2505 eum
557 2473 607 2504 0111
620 2471 802 2503 conceditur
821 2470 1023 2512 dispensatio.

393 2530 480 2560 1054
508 2530 542 2558 B.
570 2527 661 2556 luxus
675 2525 807 2555 vestium
830 2523 1026 2555 interdictus,
1042 2541 1087 2545 —-
1103 2525 1180 2553 AEvo
1206 2521 1357 2553 Bernardi

340 2586 451 2616 luxum
473 2589 503 2614 et
525 2581 689 2613 mollitiem
710 2580 843 2610 vestium
866 2579 947 2609 inter
969 2577 1098 2608 clericos
1120 2588 1157 2608 eo
1184 2576 1300 2618 magis,
1329 2583 1359 2608 et

343 2649 423 2681 rene
445 2638 572 2678 impune
594 2639 764 2677 grassatam
786 2638 913 2664 censent
934 2631 1094 2673 plerique,
1118 2629 1203 2672 quod
1218 2641 1234 2661 e
1258 2630 1358 2671 prima

340 2691 505 2722 nobilitate
529 2695 604 2720 tunc
624 2688 730 2730 plures
751 2686 784 2717 in
807 2686 925 2716 clerum
946 2684 1067 2720 allecti,
1095 2689 1125 2714 et
1147 2684 1213 2725 jam
1235 2683 1357 2725 pridem

342 2745 500 2787 elegantia?
523 2742 652 2778 assueti,
677 2752 757 2783 anrc
781 2751 813 2771 se
835 2739 875 2770 ad
897 2738 1083 2769 modestiam
1096 2744 1127 2769 et
1148 2737 1359 2779 frugalitatem

342 2810 432 2830 sacro
466 2803 547 2829 statu
577 2796 703 2837 dignam
737 2798 962 2836 componerent
988 2803 996 2824 :
1022 2792 1099 2833 quin
1124 2798 1155 2823 ct
1178 2791 1240 2822 hoc
1264 2791 1359 2822 modo

343 2852 510 2894 pristinum
527 2849 728 2891 splendorem
745 2853 776 2878 et
795 2846 967 2877 stemmatis
979 2845 1196 2876 excellentiam
1210 2844 1359 2887 peculiari

343 2905 477 2935 vestium
497 2904 583 2934 cultu
605 2902 685 2933 tueri
704 2901 837 2937 1011001,
853 2909 894 2930 ne
912 2898 991 2929 forte
1013 2908 1030 2928 e
1045 2898 1136 2940 plebe
1154 2899 1251 2929 instar
1271 2904 1358 2929 caste-

344 2968 451 2989 rorum
473 2956 656 2986 viderentur
678 2953 838 2996 assumpti.
854 2952 915 2984 Sed
937 2952 1006 2993 quis
1028 2951 1166 2994 prudens
1187 2951 1248 2982 hoc
1269 2951 1301 2982 in
1323 2952 1361 2982 iis

345 3010 483 3042 studium
496 3008 607 3051 probet
620 3010 632 3038 ἓ·
645 3010 727 3039 Nam
743 3018 805 3037 una
818 3017 889 3037 cum
904 3011 986 3037 statu
999 3011 1031 3036 et
1047 3005 1118 3036 vitae
1132 3015 1244 3046 genere
1258 3015 1361 3035 mores

344 3064 550 3104 habitumque
564 3060 679 3091 mutari
692 3070 748 3101 par
761 3066 844 3097 erat3
861 3059 911 3089 vel
925 3064 1009 3090 certe
1032 3059 1075 3090 ita
1088 3064 1224 3090 statuere
1239 3069 1358 3097 secum,

345 3118 537 3161 praecipuum
551 3113 686 3146 hominis
701 3116 770 3143 Deo
784 3113 894 3143 sacrati
908 3112 1002 3143 decus
1016 3119 1047 3144 et
1060 3119 1279 3143 ornamentum
1295 3123 1362 3144 esse

344 3173 510 3205 virtutem,
530 3167 734 3203 modestiam,
751 3165 910 3207 pietatem.
926 3165 986 3196 Sed
1009 3166 1081 3206 quia
1102 3164 1154 3196 hic
1170 3165 1235 3196 fere
1251 3165 1364 3207 depra-

344 3231 416 3257 vata
429 3223 635 3267 plurimorum
652 3219 777 3252 errabat
792 3218 897 3260 opinio
908 3242 916 3255 ,
932 3219 1046 3249 sanctis
1063 3224 1093 3249 et
1112 3219 1264 3260 religiosis
1276 3219 1363 3251 Viris

345 3288 468 3320 semper
485 3287 566 3307 curae
580 3274 650 3312 fuit,
666 3273 821 3304 vomicam
834 3271 919 3301 illam
935 3271 968 3301 in
981 3282 1179 3302 communem
1192 3272 1363 3313 perniciem

345 3333 378 3363 in
396 3332 462 3362 dies
475 3329 571 3371 magis
585 3327 745 3369 magisque
758 3330 983 3356 tumescentem
997 3324 1109 3354 acriori
1124 3325 1194 3355 stilo
1207 3336 1360 3367 pungere.

347 3389 551 3416 Accesserunt
570 3388 600 3412 ct
621 3381 814 3411 diversorum
838 3377 982 3409 Ecclesiae
1006 3378 1171 3419 przesulutn
1185 3403 1191 3413 ,
1219 3389 1277 3409 nec
1298 3389 1361 3409 non

785 209 833 243 ΙΝ
863 208 1044 243 TOMUM
1073 205 1346 242 SECUNDUM
1375 202 1580 238 OPEREM
1611 202 1647 236 S.
1677 200 1932 235 BERNARDI

2308 200 2319 235 1
2331 198 2407 235 548

1394 280 1597 312 conciliorum
1623 277 1764 314 decreta,
1793 276 1834 307 ad
1860 275 2097 318 reprimendum
2129 275 2240 307 luxum
2274 277 2408 308 vestium

1394 334 1475 365 edita
1488 358 1495 372 ,
1520 343 1590 375 qnae
1614 337 1719 361 tamen
1745 333 1777 361 S.
1802 329 1982 361 Bel-nardus
2003 340 2069 360 non
2090 329 2251 360 observari
2272 329 2357 361 dolet
2375 341 2411 361 ac

1394 387 1548 428 queritur.
1574 384 1659 415 Vide
1693 383 1776 414 infra
1809 389 1979 414 tractatum
2007 382 2047 414 de
2070 383 2216 414 Moribus
2242 389 2273 414 et
2297 382 2411 414 Officio

1395 440 1634 482 episcoporum,
1650 443 1759 468 contra
1781 437 1890 467 luxum
1914 436 2047 467 vestium
2061 436 2094 466 in
2113 436 2187 467 cler.
2201 442 2260 467 etc.
2283 446 2353 478 cap.
2377 439 2409 467 2.

1449 496 1534 525 1054
1554 495 1589 525 C.
1606 502 1687 534 pene
1706 491 1833 532 inguina
1854 489 1964 521 nudat.
1979 509 2023 512 —
2039 488 2141 522 Sacris
2162 489 2293 521 decretis
2307 500 2415 521 severe.

1396 553 1536 583 cavetur,
1563 556 1602 576 ne
1625 544 1730 575 clerici
1745 549 1844 574 vestes
1859 542 1960 574 ferant
1979 542 2116 584 virgatas
2127 566 2134 580 ‚
2150 542 2298 585 partitas,
2313 553 2413 574 scaca-

1397 607 1454 632 135.
1470 600 1608 641 Majores
1623 597 1721 629 nostri
1743 595 1897 627 vocabant
1918 595 2087 627 fractilatas
2108 602 2209 627 vestes
2231 601 2263 627 et
2285 606 2417 638 pompo-

1398 665 1458 685 535.
1472 653 1555 684 vide
1572 650 1751 684 Chronicon
1763 649 2071 681 Vuindesheimense
2082 673 2090 687 ,
2111 649 2193 681 libro
2215 653 2234 681 2
2246 673 2254 688 ‚
2270 660 2340 692 cap.
2358 652 2413 687 47,

1399 719 1467 749 quae
1492 706 1638 738 videntur
1663 704 1794 735 concisae
1825 703 1920 734 fuisse
1950 708 2069 741 105105,
2098 702 2253 734 latissimis
2275 702 2362 734 rimis
2388 709 2419 734 et

1400 760 1561 791 hiantibus
1572 784 1579 798 ‚
1597 759 1704 801 quales
1719 758 1860 788 videmus
1882 757 1914 788 in
1928 757 2093 788 Gallorum
2106 755 2289 788 thoracibus
2311 755 2420 787 aestim

1400 819 1541 855 tempore
1557 824 1564 844 :
1579 812 1696 854 quibus
1713 810 1828 848 tiebat,
1852 816 1887 841 ut
1907 809 2065 841 seminudi
2083 820 2151 841 esse
2169 809 2352 841 viderentur
2366 820 2374 841 :
2389 815 2420 841 et

1403 873 1435 897 ut
1455 877 1527 897 cum
1554 868 1647 896 Petro
1673 864 1866 905 Chrysologo
1891 863 2015 904 loquar,
2046 878 2058 890 u
2086 862 2254 894 artificiosa
2276 862 2421 894 nuditate

1405 934 1417 946 »
1439 918 1559 954 vestiti,
1589 932 1602 944 ιι
1628 927 1772 948 sermone
1801 919 1876 948 122.
1902 916 1940 947 Id
1973 918 2005 947 S.
2031 916 2211 948 Bernardus
2237 931 2251 943 κ
2277 916 2421 947 fissuram

1405 988 1417 999 »
1438 982 1602 1003 enormem
1622 985 1634 997 ιι
1664 970 1821 1012 appellat,
1848 984 1861 996 «ι
1889 980 1959 1010 quae
1983 979 2066 1011 pene
2090 970 2220 1012 inguina
2244 969 2345 1001 nudet
2373 980 2380 1001 :
2407 985 2420 996 n

1403 1037 1440 1057 eo
1465 1025 1550 1067 quod
1575 1024 1651 1055 olim
1679 1034 1744 1054 non
1768 1022 1913 1054 thoraces
1939 1022 2034 1053 modo
2060 1022 2215 1054 haberent
2239 1034 2276 1054 ea
2298 1022 2423 1055 ratione

1404 1079 1590 1110 fenestratos
1618 1083 1647 1108 et
1676 1076 1818 1114 hiantes,
1849 1087 1961 1107 verum
1989 1075 2085 1107 etiam
2112 1082 2142 1107 ct
2173 1076 2336 1108 femoralia
2362 1077 2424 1108 late

1406 1133 1495 1169 fissa,
1515 1137 1549 1161 ut
1567 1142 1605 1162 cx
1628 1130 1765 1172 antiquis
1789 1130 1921 1172 picturis
1939 1135 2072 1162 constat.
2094 1133 2204 1171 Quare
2225 1141 2296 1161 cum
2318 1130 2425 1163 clerici

1405 1192 1492 1217 extra
1516 1184 1648 1216 chorum
1673 1184 1847 1225 longiorem
1865 1189 1984 1214 1051010
2009 1183 2206 1225 posuissent,
2227 1183 2266 1214 in.
2283 1184 2427 1215 omnium

1406 1239 1514 1270 0011105
1530 1237 1713 1269 incurrebat
1726 1237 1778 1268 illa
1791 1237 1925 1268 amictus
1938 1236 2113 1278 turpitudo,
2129 1248 2198 1279 quae
2210 1237 2426 1269 modestorum

1407 1293 1514 1324 oculos
1530 1291 1715 1333 animosque
1735 1290 1924 1322 offenderet.
1941 1294 1989 1322 Ita
2006 1289 2073 1322 fere
2088 1291 2222 1323 Cresoll,
2240 1291 2273 1322 in
2288 1282 2435 1334 Mystag.⁴

1407 1346 1462 1378 lib.
1481 1348 1499 1377 4
1511 1370 1518 1383 ‚
1539 1356 1609 1387 cap.
1630 1348 1668 1376 13
1682 1370 1689 1383 ,
1710 1351 1785 1375 5001.
1803 1348 1835 1376 5.
1853 1344 1918 1375 L‘bi
1933 1344 2028 1376 etiam
2045 1344 2151 1383 addit,
2171 1345 2320 1377 morbum
2340 1345 2426 1376 illum

1408 1400 1476 1431 dire
1493 1400 1526 1430 in
1548 1398 1718 1430 Germania
1737 1404 1912 1440 grassatum
1931 1409 1938 1430 :
1960 1398 2016 1430 sed
2035 1405 2066 1430 et
2081 1409 2099 1430 a
2113 1399 2303 1442 praesulibus
2316 1410 2428 1441 magna

1410 1452 1569 1495 vigilantia
1591 1452 1787 1489 laboratum,
1813 1462 1855 1482 ne
1878 1451 2022 1483 licentius
2041 1451 2197 1494 latiusque
2215 1458 2366 1495 serperet.
2390 1455 2431 1484 Et

1409 1507 1538 1548 quidem
1557 1507 1706 1548 deinceps
1724 1505 1864 1537 diversos
1885 1505 2090 1537 Colonienses
2109 1506 2256 1548 praesules
2277 1505 2428 1543 adducit,

1411 1560 1465 1601 qui
1487 1560 1638 1602 pastorali
1661 1569 1738 1590 cura
1760 1564 1791 1590 et
1812 1569 1945 1590 censura
1967 1559 2209 1590 invalescentem
2232 1559 2366 1591 abusum
2383 1570 2431 1591 re-

1412 1612 1549 1654 primere
1571 1613 1771 1644 studuerunt.
1786 1612 1878 1643 Tales
1899 1611 2028 1643 fuerunt
2041 1612 2206 1645 Conradus
2223 1623 2309 1643 auno
2328 1616 2430 1649 1260,

1413 1667 1622 1697 Wualramus
1637 1677 1720 1697 anno
1741 1667 1842 1704 1337,
1858 1665 2062 1697 VVuillelmus
2074 1676 2158 1696 anno
2177 1668 2264 1697 1353
2279 1672 2309 1698 et
2327 1669 2429 1704 1360,

1413 1719 1466 1760 qui
1486 1719 1568 1750 inter
1585 1720 1646 1750 alia
1665 1719 1708 1749 sic
1733 1719 1778 1749 ait
1801 1729 1809 1749 :
1831 1733 1844 1745 «
1868 1721 2039 1750 Monemus
2064 1718 2226 1750 universos
2247 1725 2278 1750 et
2294 1718 2433 1761 singulos

1417 1787 1431 1797 ιι
1453 1772 1601 1809 clericos,
1619 1784 1660 1803 ne
1683 1772 1722 1803 de
1745 1778 1858 1803 caetero
1879 1777 1981 1803 vestes
1999 1772 2150 1814 partitas,
2173 1773 2327 1814 virgatas,
2348 1773 2435 1804 talia-

1418 1840 1429 1851 -ι
1452 1832 1519 1863 135,
1551 1832 1708 1863 50303135,
1740 1832 1800 1857 010.
1827 1831 1882 1856 aut
1912 1825 2040 1856 omnino
2061 1825 2196 1863 rubeas,
2221 1832 2276 1857 aut
2304 1826 2435 1857 omnino

1420 1894 1432 1905 ιι
1456 1879 1588 1917 virides,
1605 1885 1659 1910 aut
1681 1879 1824 1920 glaucas,
1848 1885 1903 1910 aut
1924 1878 2107 1917 botonatas‚
2132 1879 2182 1910 vel
2203 1879 2356 1918 nodatas‚
2373 1885 2433 1911 etc.

1421 1947 1433 1958 ιι
1455 1932 1609 1964 deferant.
1627 1948 1638 1959 ιι
1653 1932 1774 1963 Omitto
1788 1937 1927 1963 caeteros.

1472 1989 1559 2017 1058
1578 1988 1614 2018 C.
1635 1985 1769 2027 utrique.
1784 2003 1828 2007 —
1844 1985 1879 2016 Id
1897 1991 1963 2023 est,
1982 1992 2074 2018 terrae
2095 1991 2127 2017 et
2145 1986 2241 2024 coelo,
2258 1985 2344 2028 quod
2362 1997 2436 2018 mox

1421 2040 1566 2081 explicat.
1593 2040 1634 2071 Hi
1663 2045 1767 2070 motus
1798 2039 1959 2081 contigere
1990 2039 2154 2071 incentore
2189 2038 2352 2078 Asnaldo,
2382 2040 2436 2081 qui

1420 2093 1574 2124 Romanis
1595 2099 1706 2125 auctor
1730 2092 1808 2131 fuit,
1830 2099 1865 2123 ut
1882 2095 1994 2124 Romae
2013 2093 2179 2134 antiquum
2200 2092 2291 2135 Reip.
2321 2099 2437 2125 statum

1420 2147 1586 2178 restituere
1604 2146 1801 2184 molirentur,
1818 2147 1909 2177 unica
1925 2148 2091 2177 Sacrorum
2111 2156 2185 2177 cura
2202 2145 2348 2177 Pontifici
2368 2147 2440 2177 reli-

1421 2207 1482 2232 cta.
1500 2204 1576 2232 Haec
1597 2200 1665 2231 fuse
1687 2201 1719 2231 in
1741 2199 1872 2242 epistola
1893 2201 1974 2237 243,
2001 2205 2033 2230 et
2055 2199 2141 2242 apud
2162 2199 2334 2231 Baronium
2354 2210 2438 2232 anno

1428 2258 1437 2285 1
1452 2258 1461 2285 1
1473 2258 1526 2286 52.

1476 2311 1562 2339 1060
1577 2310 1618 2338 A.
1633 2318 1714 2349 equo
1728 2307 1813 2338 albo.
1829 2324 1872 2328 -
1886 2306 2029 2338 Observa
2045 2316 2166 2337 morem
2185 2311 2261 2337 tunc
2277 2306 2389 2345 fuisse,
2405 2312 2440 2338 ut

1423 2361 1567 2392 Pontifex
1581 2372 1662 2402 equo
1676 2361 1748 2392 albo
1761 2359 1944 2398 veheretur,
1960 2359 2046 2402 quod
2058 2359 2154 2391 etiam
2164 2359 2280 2402 probat
2294 2359 2440 2403 Sugerius

1423 2415 1456 2445 in
1471 2415 1552 2446 libro
1566 2414 1605 2446 de
1620 2415 1692 2446 Vita
1705 2413 1859 2446 Ludovici
1873 2414 1994 2452 Grossi,
2010 2424 2081 2456 pag.
2099 2415 2180 2445 318.

1476 2471 1565 2500 1060
1579 2471 1614 2499 B.
1630 2468 1696 2499 Etsi
1713 2473 1916 2510 purpuratus.
1931 2486 1976 2490 —
1989 2470 2103 2499 Petrus
2124 2466 2272 2498 Damiani
2294 2467 2440 2499 Pontifici

1425 2537 1438 2548 ιι
1459 2521 1590 2552 rubram
1611 2532 1746 2564 cappam
1761 2536 1774 2548 ιι
1791 2515 1901 2552 tribuit
1916 2520 1948 2551 in
1970 2520 2026 2552 lib.
2044 2523 2075 2559 1,
2100 2519 2233 2562 epistola
2254 2524 2309 2552 20.
2324 2520 2439 2553 Adria-

1424 2586 1484 2605 nus
1501 2577 1559 2613 IV,
1577 2575 1660 2617 apud
1673 2577 1830 2606 ,Ioannem
1852 2573 2120 2605 Saresberiensem
2133 2573 2167 2604 in
2180 2573 2367 2616 Polycratici
2383 2573 2439 2606 lib.

1427 2632 1465 2666 8,
1491 2639 1559 2670 cap.
1587 2632 1643 2666 23,
1669 2627 1730 2663 311,
1757 2642 1769 2653 «
1794 2637 1943 2658 coronam
1967 2633 1998 2659 et
2024 2626 2191 2670 phrygium
2215 2641 2228 2654 ιι
2250 2626 2358 2669 (quod
2379 2627 2440 2659 alio

1424 2681 1552 2712 nomine
1575 2696 1587 2707 τι
1611 2692 1743 2723 regnum
1759 2695 1774 2707 ιι
1787 2681 1932 2722 vocatur)
1950 2696 1965 2708 ιι
1984 2682 2068 2712 clara
2088 2680 2202 2712 merito
2222 2681 2323 2713 videri
2335 2706 2343 2721 ‚
2368 2682 2442 2724 quia

1427 2751 1441 2761 ιι
1461 2735 1548 2777 ignea
1565 2742 1648 2766 sunt.
1670 2750 1682 2761 »
1698 2734 1782 2765 vide
1794 2734 1877 2765 infra
1889 2745 1921 2765 n.
1938 2738 1955 2766 5
1968 2758 1976 2772 ‚
1993 2740 2024 2766 et
2037 2733 2092 2766 lib.
2111 2737 2131 2766 2
2144 2758 2153 2773 ‚
2168 2744 2202 2766 n.
2221 2737 2274 2767 18.

1478 2791 1566 2819 1060
1589 2791 1628 2820 D.
1653 2794 1684 2819 et
1703 2788 1823 2830 jussum
1846 2787 2056 2829 imperatoris.
2070 2807 2117 2810 —
2131 2788 2220 2819 Idem
2233 2787 2336 2820 verbis
2347 2789 2441 2832 paulo

1424 2842 1596 2873 immutatis
1609 2842 1647 2873 de
1661 2841 1778 2884 duplici
1792 2841 1895 2883 gladio
1908 2840 2005 2873 habet
2017 2841 2051 2872 in
2063 2841 2197 2884 epistola
2210 2845 2289 2874 256.
2301 2845 2442 2874 Joannee

1425 2896 1672 2927 Saresberiensis
1689 2896 1720 2926 in
1738 2894 1924 2937 Polycratici
1945 2894 2002 2926 lib.
2020 2897 2037 2926 4
2052 2919 2060 2934 ,
2079 2905 2149 2938 cap.
2164 2898 2183 2927 3
2199 2905 2208 2927 τ
2224 2910 2237 2923 ι
2253 2898 2348 2926 Η1100
2368 2905 2440 2937 ergo

1428 2966 1443 2976 ›·
1463 2950 1601 2991 gladium
1623 2950 1663 2981 de
1684 2960 1780 2980 mauu
1794 2949 1941 2980 Ecclesiae
1962 2948 2077 2991 accipit
2098 2947 2265 2991 princeps,
2281 2959 2354 2980 cum
2375 2948 2440 2990 ipsa

1429 3019 1441 3031 »
1462 3010 1566 3035 tamen
1586 3003 1722 3045 gladium
1745 3002 1903 3044 sanguinis
1923 3012 1988 3033 non
2009 3001 2136 3033 habeat.
2158 3001 2265 3033 Habet
2284 3007 2389 3033 tamen
2410 3007 2442 3033 et

1428 3073 1441 3084 ιι
1463 3058 1554 3088 15111111
1581 3068 1588 3088 :
1614 3057 1669 3088 sed
1691 3067 1728 3088 eo
1754 3056 1851 3087 utitur
1878 3065 1936 3098 per
1956 3055 2108 3098 principis
2128 3065 2268 3087 manum.
2292 3069 2306 3082 ιι
2328 3053 2442 3087 Confer

1427 3117 1520 3152 caput
1547 3114 1564 3141 2
1588 3110 1659 3141 lLbri
1691 3109 1730 3141 ad
1753 3109 1872 3141 Milites
1894 3109 2030 3151 Templi.
2057 3107 2142 3140 Vide
2165 3108 2268 3141 Gloss.
2303 3108 2336 3139 in
2369 3118 2437 3150 cap.

1428 3179 1440 3191 «
1463 3166 1566 3195 Unam
1580 3169 1721 3194 sanctam
1731 3187 1738 3199 ‚
1757 3178 1771 3190 ιι
1786 3162 1840 3193 ubi
1852 3172 1991 3205 praesens
2010 3161 2265 3194 Bernardi·locus
2278 3161 2440 3193 commode

1427 3219 1610 3260 explicatur.
1625 3218 1708 3248 Vide
1722 3217 1815 3248 etiam
1829 3215 1995 3258 epistolam
2008 3215 2154 3258 Gregorii
2172 3219 2239 3252 IX,
2253 3226 2292 3247 ex
2305 3214 2441 3246 editione

1426 3271 1544 3309 Vossii,
1570 3271 1609 3302 de
1631 3270 1747 3312 duplici
1771 3269 1874 3312 gladio
1894 3268 2072 3307 Ponfificis,
2091 3275 2123 3300 et
2142 3279 2201 3300 usu
2217 3268 2382 3310 utriusque
2401 3277 2439 3299 ex

1427 3324 1568 3367 professo
1600 3329 1799 3355 tractantem.
1837 3327 1917 3354 Item
1949 3326 2076 3354 Petrum
2111 3321 2276 3360 Damiani,
2307 3321 2362 3352 lib.
2397 3322 2436 3358 4,

1428 3379 1519 3421 epist.
1538 3383 1575 3413 G,
1595 3378 1646 3409 ubi
1662 3377 1798 3419 gladium
1815 3376 2007 3408 materialem
2027 3387 2091 3408 non
2114 3375 2239 3407 videtur
2259 3374 2439 3417 permittere
