2517 3936
720 207 782 240 DE
814 205 1243 245 CONSIDERATIONE
1272 204 1422 240 LIBER
1451 207 1498 240 11.

50 391 2150 409 ================================================================================================================================================

574 557 919 646 LIBER
1006 551 1618 646 SECUNDUS.

694 803 703 805 e
713 789 1477 812 ——aetjffi———ffa
1495 797 1510 803 ⁴

436 972 615 1011 CAPUT
646 973 680 1011 I.

1080 975 1125 992 ⁴¹³
1141 971 1255 1009 vera‘3
1274 988 1279 1008 :
1300 972 1383 1022 quis
1412 971 1580 1007 nesciat?
1603 978 1651 1008 At
1670 970 1857 1020 judicium
1884 974 1956 1011 hoc
1993 976 2152 1015 abissus

1086 1039 1118 1070 A
1138 1042 1258 1079 tanta,
1275 1041 1316 1069 ut
1334 1032 1465 1069 videar
1480 1032 1572 1068 mihi
1588 1044 1664 1067 non
1684 1032 1875 1069 immerito
1895 1039 2149 1084 pronuntiare

54 1097 241 1140 Apologiam
258 1098 409 1135 instituit,
429 1098 470 1129 ob
491 1097 646 1129 infelicem
666 1107 843 1129 successum
863 1097 1067 1139 expeditionis
1135 1093 1309 1139 beatum,
1335 1093 1399 1142 qui
1422 1106 1500 1129 non
1524 1093 1636 1128 fucrit
1655 1092 1930 1131 scandalizatus
1951 1096 1989 1132 in
2009 1110 2065 1134 eo.

297 1153 330 1184 in
344 1155 640 1185 Terram-Sanctam
656 1158 818 1195 susceptae.

113 1274 147 1313 l.
171 1277 321 1312 Memor
345 1274 525 1325 promissi
554 1274 655 1320 mei,
679 1287 756 1324 quo
779 1287 866 1310 ecce
889 1273 970 1323 jam
1001 1275 1068 1311 ali-

55 1335 242 1386 quamdiu
276 1344 412 1372 teneor
440 1335 544 1385 apud
577 1343 634 1380 te,
675 1335 733 1371 vir
767 1334 936 1385 optime,
968 1348 1067 1385 papa

55 1396 202 1447 Eugeni
218 1425 228 1442 ‚
250 1395 340 1432 volo
368 1395 452 1445 ipso
479 1393 680 1432 absolvere
703 1408 762 1431 me
784 1395 844 1431 vel
871 1408 969 1432 sei-0.
994 1399 1069 1432 Pu-

56 1456 164 1495 deret
192 1455 406 1502 dilationis,
435 1455 467 1492 si
494 1455 587 1492 mihi
609 1455 786 1492 conscius
813 1455 934 1492 sorem
954 1456 1066 1492 incu-

56 1517 143 1566 riae,
167 1525 234 1554 aut
261 1524 519 1566 contemptus.
541 1519 627 1554 Non
654 1515 708 1552 ita
733 1524 790 1552 est
811 1530 818 1551 ε
843 1515 908 1552 sed
932 1515 1069 1552 incidi-

58 1591 161 1625 mus,
180 1585 224 1615 ut
242 1577 324 1628 ipse
350 1576 473 1624 nosti,
494 1576 534 1613 in
556 1584 708 1627 tempus
731 1589 846 1626 grave
859 1576 888 1623 *,
907 1576 1013 1626 quod
1034 1585 1070 1613 et

57 1637 132 1689 ipsi
152 1651 252 1689 pene
278 1636 436 1675 vivendi
461 1637 547 1674 usui
574 1635 780 1674 videbatur
803 1636 971 1673 indicere
989 1650 1070 1673 ces-

1190 1156 1224 1192 2.
1248 1158 1294 1192 Et
1311 1154 1509 1204 quomodo
1535 1163 1662 1190 tamen
1684 1154 1850 1191 humana
1867 1158 2059 1195 temeritas
2080 1174 2146 1197 au-

1135 1216 1200 1253 det
1216 1215 1511 1266 reprehendere,
1526 1214 1631 1265 quod
1647 1215 1802 1251 minime
1820 1219 2147 1267 comprehendere

1138 1278 1269 1314 valet?
1297 1276 1563 1314 Recordemur
1599 1288 1857 1324 supernorum
1890 1277 2121 1327 judiciorum
2140 1314 2149 1330 ,

1138 1351 1224 1388 quae
1242 1352 1262 1374 a
1284 1338 1422 1374 saeculo
1444 1345 1532 1373 sunt
1549 1366 1561 1382 ,
1579 1336 1608 1372 si
1627 1336 1725 1372 forte
1746 1336 1793 1372 sit
1814 1340 2036 1378 consolatio.
2056 1346 2149 1381 Nam

1136 1399 1292 1449 quidam
1310 1399 1363 1435 ita
1385 1397 1480 1434 dixit
1501 1412 1507 1433 :
1525 1395 1747 1444 ΛΠεηιονιίὶιί
1756 1398 1987 1442 judiciorum
2007 1411 2150 1441 tuorum

1135 1474 1159 1496 a
1179 1462 1331 1505 saeculo,
1346 1462 1518 1503 Domine,
1537 1467 1573 1493 et
1592 1460 1802 1493 consolatus
1817 1472 1896 1495 sum
1911 1467 1936 1496 Τ.
1951 1464 2045 1499 Rem
2067 1464 2151 1502 dico

1137 1521 1310 1570 ignotam
1328 1519 1486 1564 nemini,
1503 1527 1538 1555 et
1556 1532 1659 1555 nunc
1676 1519 1820 1555 nemini
1839 1528 1981 1558 notam.
2005 1527 2150 1576 Nempe

1138 1581 1190 1618 sic
1219 1594 1258 1617 se
1287 1579 1429 1616 habent
1462 1580 1681 1616 mortalium
1711 1579 1828 1617 corda
1850 1583 1981 1631 :quod
2011 1586 2150 1624 scimus

1139 1655 1224 1678 cum
1251 1653 1403 1677 necesse
1421 1654 1499 1677 non
1521 1649 1599 1685 est,
1623 1640 1663 1676 in
1691 1641 1914 1678 necessitate
1947 1645 2150 1685 nescimus.

58 1698 264 1746 sationem,
281 1697 426 1735 nedum
442 1697 596 1744 studiis;
617 1710 703 1734 cum
722 1696 867 1734 scilicet
883 1696 1072 1734 Dominus
1091 1702 1118 1736 B
1138 1705 1291 1751 Moyses
1319 1701 1527 1738 educturus
1557 1701 1743 1750 populum
1777 1701 1822 1737 de
1847 1710 1946 1740 terra
1972 1708 2127 1757 AEgypti
2142 1739 2151 1755 ,

58 1767 293 1810 provocatus
317 1758 484 1809 peccatis
510 1758 672 1804 uostris,
693 1766 781 1794 ante
802 1766 954 1808 tempus
974 1770 1072 1807 quo—

62 1818 282 1865 dammodo,
298 1819 402 1857 visus
428 1819 476 1856 sit
500 1817 692 1869 judicasse
719 1818 854 1856 orbem
876 1827 1009 1863 terrae,
1035 1817 1074 1854 in

60 1879 240 1929 aequitate
256 1879 434 1930 quidem,
451 1879 518 1917 sed
536 1879 807 1917 misericordiae
825 1893 902 1917 suae
918 1878 1072 1917 oblitus.

61 1943 148 1978 Non
178 1941 353 1991 pepercit
386 1940 534 1991 populo
570 1953 662 1986 suo,
687 1953 767 1976 non
804 1953 873 1977 suo
913 1939 1072 1976 nomini.

60 2004 199 2039 Nonne
215 2001 349 2039 dicunt
362 2001 402 2038 in
418 2000 615 2050 gentibus,
637 2000 707 2037 Ubi
720 2010 776 2037 est
788 2004 887 2037 Deus
901 2015 1027 2037 eoram
1041 2001 1075 2036 ¹?

61 2065 139 2100 Nec
173 2062 327 2100 mirum.
364 2062 543 2099 Ecclesiae
578 2062 670 2108 filii,
699 2070 737 2099 et
769 2063 836 2112 qui
868 2062 1074 2099 christiano

63 2131 266 2160 censentur
290 2122 469 2169 nomine,
492 2123 676 2173 prostrati
709 2132 799 2160 sunt
826 2123 866 2159 in
899 2123 1051 2160 deserto
1067 2152 1075 2168 ,

65 2193 130 2222 aut
155 2184 348 2222 interfecti
366 2183 516 2235 gladio,
539 2193 604 2221 aut
632 2184 731 2221 fame
759 2185 990 2235 consumpti.
1014 2185 1078 2222 Ef-

66 2245 148 2283 fusa
168 2254 226 2283 est
245 2245 468 2283 contentio*
488 2258 605 2295 super
636 2245 848 2296 principes,
877 2254 914 2282 et
938 2245 1078 2283 Domi-

69 2320 142 2345 nus
168 2320 297 2345 errare
324 2306 414 2344 fecit
438 2320 505 2344 eos
533 2307 572 2343 in
605 2306 729 2352 invio,
754 2315 791 2343 et
811 2319 890 2343 non
918 2307 957 2343 in
978 2306 1078 2343 via².

68 2368 258 2406 Contritio
285 2377 323 2406 et
348 2367 551 2406 infelicitas
576 2367 616 2405 in
641 2368 714 2405 viis
739 2366 923 2415 eorum33
942 2381 1078 2419 pavor,

67 2437 107 2467 et
136 2443 294 2478 moeror,
318 2438 357 2467 et
388 2430 564 2468 confusio
590 2430 629 2467 in
657 2429 918 2480 penetralibus
949 2442 1080 2479 regum

1142 1763 1340 1799 meliorem
1380 1762 1452 1799 illis
1491 1761 1683 1811 pollicitus
1726 1769 1782 1798 est
1827 1770 1965 1800 terram
1992 1765 2018 1802 ὅ.
2056 1771 2151 1806 Nam

1142 1823 1297 1873 quando
1318 1823 1443 1873 ipsum
1464 1822 1572 1858 aliter
1590 1830 1814 1871 sequeretur
1830 1825 2016 1873 populus,
2035 1830 2154 1867 solam

1143 1884 1293 1934 sapiens
1315 1884 1482 1920 terram?
1503 1881 1667 1928 Eduxit3
1688 1881 1846 1919 eductos
1871 1892 1996 1921 tamen
2017 1887 2055 1923 in
2075 1897 2153 1926 ter-

1143 1958 1224 1981 ram
1239 1974 1248 1991 ,
1267 1957 1381 1994 quam
1398 1943 1647 1993 promiserat,
1664 1956 1742 1979 non
1760 1943 1986 1983 introduxit.
2003 1951 2080 1985 Nec
2101 1960 2156 1989 est

1143 2005 1248 2056 quod
1274 2005 1381 2042 ducis
1403 2003 1605 2040 temeritati
1632 2003 1813 2053 imputari
1841 2014 1957 2053 queat
1985 2009 2099 2046 tristis
2121 2022 2157 2049 et

1143 2067 1365 2118 inopinatus
1404 2073 1575 2102 eventus.
1612 2064 1749 2102 Omnia
1788 2064 1948 2103 faciebat
1984 2071 2152 2109 Domino

1145 2130 1381 2179 imperante,
1402 2124 1569 2162 Domino
1598 2133 1831 2174 cooperante
1847 2154 1856 2171 ,
1876 2135 1913 2163 et
1939 2141 2036 2177 opus
2058 2144 2153 2168 con—

1147 2191 1323 2227 firmante
1352 2184 1600 2236 sequentibus
1625 2185 1752 2234 signis.
1780 2185 1852 2223 Sed
1882 2189 2049 2238 populus
2074 2191 2157 2239 ille,

1148 2250 1279 2300 inquis
1297 2278 1305 2294 ,
1331 2248 1436 2284 durae
1458 2245 1617 2282 cervicis
1639 2245 1728 2290 fuit,
1753 2259 1904 2296 semper
1923 2252 2160 2290 contentiose

1148 2322 1262 2359 agens
1305 2316 1439 2345 contra
1474 2305 1683 2342 Dominum
1699 2335 1708 2352 ‚
1739 2314 1776 2342 et
1810 2310 1970 2356 Moysen
2003 2323 2155 2349 servum

1149 2369 1243 2419 ejus.
1269 2373 1390 2413 Bene,
1413 2367 1467 2403 illi
1491 2366 1677 2403 increduli
1701 2374 1738 2402 et
1761 2365 1942 2414 rebelles;
1965 2368 2004 2405 hi
2032 2380 2158 2408 autem

1149 2432 1267 2482 quid?
1281 2435 1390 2481 Ipsos
1410 2429 1614 2478 interroga.
1633 2427 1733 2475 Quid
1752 2440 1812 2463 me
1831 2427 1957 2466 dicere
1972 2444 2069 2480 opus
2090 2443 2158 2479 est,

66 2491 254 2541 ipsorum.
284 2495 408 2541 Quam
439 2491 590 2529 confusi
618 2491 736 2543 pedes
769 2491 1082 2528 annuntiantium
1103 2497 1130 2534 C
1150 2492 1256 2543 quod
1277 2492 1444 2529 fatentur
1463 2489 1558 2540 ipsi?
1576 2488 1671 2527 Dico
1693 2500 1763 2536 ego
1783 2500 1917 2525 unum.
1935 2490 2033 2537 Quid
2051 2501 2157 2541 pote-

68 2563 204 2602 pacem
219 2581 229 2600 ‚
251 2552 565 2590 annuntiantium
584 2552 714 2590 bona4
731 2555 738 2589 Ξ
761 2552 938 2590 Diximus
951 2582 960 2600 ,
979 2556 1057 2590 Pax
1071 2582 1080 2599 ‚

71 2619 110 2649 et
128 2625 209 2650 non
229 2620 287 2650 est
303 2626 382 2663 pax
403 2629 411 2651 :
432 2613 681 2664 promisimus
700 2612 825 2660 bona,
842 2621 880 2650 et
897 2626 984 2650 ecce
1001 2621 1083 2649 tur-

70 2670 190 2710 batio.
211 2673 328 2722 Quasi
347 2686 442 2710 vero
467 2673 681 2710 temeritate
704 2673 743 2710 in
765 2687 882 2724 opere
902 2673 975 2711 isto
988 2703 998 2721 ,
1019 2682 1084 2710 aut

72 2732 228 2770 levitate
245 2733 304 2770 usi
322 2733 453 2771 simus.
468 2734 717 2773 Cucurrimus
734 2735 848 2785 plane
864 2734 902 2771 in
920 2748 985 2781 eo,
1004 2747 1083 2772 non

73 2795 183 2844 quasi
200 2794 242 2832 in
265 2795 457 2832 incertum
474 2825 484 2843 ,
509 2795 575 2833 sed
592 2795 755 2846 jubente
776 2804 811 2832 te
826 2825 835 2842 ‚
853 2796 932 2833 imo
958 2809 1028 2846 per
1048 2804 1084 2833 te

70 2857 166 2892 Deo.
191 2859 318 2905 Quare
337 2870 429 2907 ergo
440 2855 701 2907 jejunavimus
717 2886 727 2904 ,
747 2865 782 2894 et
807 2870 886 2894 non
912 2857 1085 2907 aspexit?

70 2915 357 2955 humiliavimus
373 2918 518 2955 animas
534 2926 705 2965 nostras,
722 2925 760 2954 et
781 2918 940 2954 nescivit
957 2919 971 2954 Ρ
990 2921 1086 2954 Nam

73 2975 114 3012 in
133 2975 191 3013 his
210 2976 392 3015 omnibus
415 2991 495 3015 non
516 2987 573 3016 est
594 2991 750 3015 aversus
768 2979 877 3015 furor
898 2977 998 3027 ejus,
1020 2977 1087 3014 sed

76 3035 202 3074 adhuc
227 3051 364 3076 manus
384 3038 466 3089 ejus
486 3048 651 3077 extenta.
670 3043 793 3088 Quam
814 3039 1004 3090 patienter
1023 3039 1087 3076 in-

77 3097 189 3134 terim
206 3098 330 3136 adhuc
346 3098 452 3136 audit
464 3113 579 3137 voces
598 3099 816 3150 sacrilegas,
832 3108 869 3137 et
885 3099 1087 3150 AEgyptios

75 3156 406 3209 blasphemantes,
427 3160 517 3211 quia
544 3161 679 3198 callide
706 3160 838 3198 eduxit
857 3173 942 3207 eos,
962 3168 1004 3197 ut
1023 3173 1084 3196 oc-

78 3217 222 3256 cideret
239 3220 278 3257 in
302 3220 453 3258 deserto
466 3219 506 3257 ⁵?
527 3225 576 3259 Et
595 3221 750 3272 quidem
766 3220 911 3271 judicia
930 3220 1084 3258 Domini

1151 2561 1238 2589 rant
1255 2552 1442 2602 proficere
1459 2580 1468 2596 ‚
1489 2549 1554 2598 qui
1575 2560 1727 2596 semper
1748 2546 2054 2593 revertebantur,
2072 2564 2158 2588 cum

1152 2612 1418 2650 ambularent?
1435 2607 1597 2658 Quando
1615 2615 1652 2644 et
1665 2607 1726 2643 isti
1739 2619 1810 2656 per
1831 2615 1948 2644 totam
1963 2609 2063 2646 viam
2080 2624 2157 2648 non

1152 2673 1350 2711 redierunt
1370 2670 1485 2708 corde
1503 2670 1541 2706 in
1563 2668 1795 2717 AEgyptum?
1816 2667 1928 2715 Quod
1950 2668 1980 2704 si
1995 2669 2047 2705 illi
2067 2673 2160 2708 ceci-

1152 2734 1290 2772 derunt
1310 2742 1347 2770 et
1370 2732 1567 2783 perierunt
1588 2737 1747 2780 propter
1765 2728 2005 2777 iniquitatem
2027 2744 2157 2780 suam3

1152 2796 1335 2832 miramur
1351 2793 1443 2830 istos
1469 2790 1600 2828 eadem
1628 2790 1807 2826 facientes
1820 2818 1829 2835 ‚
1852 2789 1984 2827 eadem
2001 2795 2161 2841 passos?

1153 2855 1226 2893 Sed
1250 2853 1436 2904 numquid
1460 2853 1616 2889 illorum
1641 2863 1748 2887 casus
1772 2849 1953 2887 adversus
1973 2854 2162 2902 promissa

1153 2916 1247 2954 Dei?
1262 2919 1361 2964 Ergo
1382 2926 1451 2950 nec
1470 2912 1645 2949 istorum.
1670 2914 1801 2960 Neque
1828 2911 1930 2948 enim
1954 2913 2158 2963 aliquando

1155 2975 1428 3027 promissiones
1448 2972 1519 3010 Dei
1534 2971 1690 3021 justitiae
1718 2971 1791 3009 Dei
1823 2970 2090 3022 praejudicant.
2116 2979 2164 3013 Et

1155 3036 1243 3074 audi
1260 3035 1376 3072 aliud.

1207 3097 1243 3133 3.
1266 3094 1442 3133 Peccavit
1471 3092 1672 3143 Benjamin
1695 3108 1703 3129 :
1726 3092 1978 3142 accinguntur
2008 3095 2163 3144 reliquae

1154 3156 1274 3194 tribus
1291 3156 1338 3193 ad
1355 3155 1564 3202 ultionem,
1582 3167 1652 3191 nec
1669 3153 1750 3190 sine
1767 3161 1865 3190 nutu
1882 3154 1963 3190 Dei.
1981 3155 2165 3204 Designa-

1152 3218 1205 3254 vit
1245 3217 1410 3267 denique
1453 3216 1534 3266 ipse
1573 3215 1710 3252 ducem
1752 3214 1990 3265 praeliaturis.
2030 3219 2162 3265 Itaque

129 3360 140 3375 ¹
160 3354 243 3385 Psal.
260 3365 346 3385 cxxu
360 3378 368 3393 ,
390 3359 420 3386 2.
434 3374 479 3378 -
502 3362 514 3377 ²
532 3356 613 3388 Psal.
631 3368 683 3387 cvx
696 3380 704 3394 ‚
723 3358 778 3388 40.
795 3374 839 3377 —
855 3352 868 3376 3
888 3353 967 3385 psal,
986 3363 1070 3389 xm,
1096 3356 1125 3383 3.
1142 3351 1210 3376 —4
1235 3351 1300 3382 [sai.
1317 3362 1362 3381 ιῐῐ
1380 3376 1387 3384 ,
1407 3354 1437 3383 7.
1455 3370 1494 3373 ξ
1519 3349 1531 3371 5
1553 3350 1653 3382 Exod.
1674 3360 1768 3379 xxxn
1782 3373 1788 3383 ,
1815 3353 1864 3378 12.
1884 3366 1925 3369 ω-
1939 3346 1953 3368 6
1968 3348 2165 3385 Psal.xv111‚

87 3409 139 3438 10.
162 3425 206 3429 —
225 3413 239 3438 7
258 3407 341 3439 Psal.
369 3418 492 3447 can,
515 3411 569 3441 52.
592 3428 633 3431 —-
650 3408 776 3440 8Exod.
799 3419 850 3445 ηπ,
880 3409 931 3437 17,
