2517 3936
46 196 120 233 989
499 194 535 229 s.
568 196 821 231 BERN-Anni
851 199 1049 234 ABBATIS
1081 203 1421 239 EPISTOLARUM
1451 208 1650 244 unici-ts.
2028 223 2102 255 «m,

42 268 280 318 Apologeticae
305 268 552 315 episcoporum
582 271 675 316 apud
699 273 853 318 Papam,
885 278 948 321 49„
980 281 1044 316 50,

90 330 133 361 51
153 352 161 365 ,
178 329 266 364 152,
290 329 371 358 213.

45 380 264 425 Projuribus
278 379 525 426 episcoporum
541 406 549 419 ‚
572 384 745 421 177-180,
770 387 852 418 429.

45 440 173 473 Contra
198 435 369 480 quosdam
397 434 598 480 episcopos,
626 440 691 469 182
709 463 717 476 ,
738 442 806 472 248
822 465 829 478 ,
853 443 941 478 252,
965 443 1047 475 268.

45 495 172 528 Contra
190 489 364 530 intrusos,
391 493 458 523 150
472 515 481 529 ‚
504 493 571 523 151
586 517 594 530 ,
616 494 683 524 185
698 517 706 530 ,
729 495 795 524 235
810 519 818 531 ,
841 495 909 527 236
925 520 932 533 ,
956 499 1022 530 239
1039 523 1047 535 ,

91 550 159 584 240
176 573 184 585 ,
203 548 292 585 346,
314 549 396 583 347.

47 601 237 646 Quomodo
258 611 294 636 sc
309 600 507 647 gerendum
529 610 610 646 erga
628 600 834 648 episcopum
858 603 1046 646 intrusum,

90 662 158 693 853
204 659 285 692 360.

2 730 7 740 ·
45 685 181 749 Contra,
191 716 440 747 testamentum
456 711 614 757 episcopi
631 739 638 752 ‚
655 713 737 746 276.

43 769 297 809 Deliberativa‚
319 779 363 802 an
383 767 602 802 abdicandus
618 768 858 815 episcopatus,
882 774 962 807 319.

43 825 189 862 Reddita
205 825 295 860 ratio
309 823 624 859 administrationis
635 851 644 864 ,
666 828 747 862 438.

260 933 536 976 EPISTOLAE
567 934 835 976 MORALES.

322 1055 373 1088 De
394 1055 426 1088 V
431 1052 585 1088 irtutibus
598 1059 627 1086 et
649 1053 766 1087 Vitiis.

43 1165 95 1199 De
111 1162 279 1197 charitate
297 1167 332 1196 et
345 1161 590 1208 compassione
602 1188 610 1200 ‚
629 1165 672 1196 11
691 1189 699 1201 ,
722 1165 779 1196 12.

43 1218 345 1264 Deeleemosynis,
359 1221 417 1258 23,
431 1220 491 1257 24,
507 1222 565 1256 95,
579 1221 661 1257 100,
676 1221 759 1257 207,
781 1219 861 1257 416.
876 1222 1045 1258 420,450.

41 1277 93 1310 De
110 1273 338 1319 eleemosynis
355 1272 392 1306 in
412 1273 626 1307 monasteria
638 1300 646 1313 ,
665 1276 748 1307 316.

45 1331 96 1366 De
110 1328 332 1364 restitutione
344 1355 352 1369 ‚
370 1330 438 1363 279
452 1355 460 1368 ‚
479 1333 560 1362 283.

52 1388 105 1422 De
120 1383 304 1420 reddendo
321 1384 501 1430 deposito,
520 1388 601 1422 407.

44 1444 95 1478 De
110 1452 191 1476 vera
213 1441 388 1480 amicitia,
410 1444 478 1474 271
494 1467 502 1480 ‚
525 1445 592 1477 324
606 1467 614 1480 ,
638 1443 719 1478 409.

42 1498 93 1532 De
109 1495 364 1542 perseverantia
379 1521 387 1534 ,
410 1498 492 1532 453.

43 1554 171 1587 Contra
188 1551 366 1585 avaritiam
381 1577 389 1590 ,
413 1553 496 1585 103.

42 1609 169 1643 Contra
181 1605 299 1640 duella
313 1632 322 1646 ,
345 1607 429 1640 376.

329 1717 388 1752 Ad
400 1718 508 1764 Reges
522 1724 551 1750 et
566 1716 753 1763 Principes.

42 1831 92 1865 De
113 1828 308 1864 reverentia
325 1829 429 1875 Papae
448 1833 482 1862 et
498 1827 672 1874 episcopis
691 1826 735 1862 ab
756 1827 805 1861 eis
827 1826 1023 1862 exhibenda
1038 1855 1046 1868 ‚

89 1889 131 1922 45
142 1913 150 1920 .
172 1889 253 1921 183.

42 1944 108 1978 Pro
121 1952 206 1989 pace
224 1951 308 1975 cum
322 1940 478 1975 Ecclesia
489 1967 497 1980 ‚
517 1944 690 1974 220-226.

45 2000 113 2034 Pro
131 1998 286 2032 concilio
299 1995 531 2036 celebrando,
553 2001 633 2030 255.

42 2053 108 2088 Pro
126 2051 397 2088 confirmatione
415 2051 665 2098 episcoporum
680 2077 688 2090 ,
706 2055 787 2085 282.

43 2111 109 2146 Pro
123 2109 267 2143 vitando
281 2107 593 2143 excommunicato
606 2135 614 2148 ,
638 2112 718 2142 303.

41 2167 93 2201 De
110 2164 280 2200 charitate
297 2169 333 2198 et
351 2164 573 2210 eleemosyna
586 2191 594 2204 ‚
616 2168 683 2197 207
702 2191 710 2203 ,
728 2166 797 2197 208
812 2189 820 2203 ,
842 2164 924 2196 209.

44 2223 172 2256 Contra
190 2220 356 2255 Ecclesiae
369 2219 586 2259 vexationes,
609 2223 690 2258 224.

44 2279 170 2312 Contra
187 2276 406 2316 exactiones,
429 2280 514 2310 299.

24 2330 290 2374 ⁴A‘Dehortatoria
307 2342 327 2366 a
343 2323 458 2372 bello,
477 2335 537 2367 97.

340 2440 398 2476 Ad
416 2441 594 2476 Ministros
611 2441 737 2488 regios·
792 2439 797 2441 Α

41 2551 108 2586 Pro
120 2561 227 2597 pace,
253 2553 422 2584 222-227.

42 2606 240 2642 Hortatoria
256 2606 298 2641 ad
313 2606 425 2640 zelum
441 2631 450 2646 ,
474 2608 555 2639 377.

42 2662 95 2697 Ad
109 2662 265 2697 studium
285 2660 391 2696 bonae
409 2660 512 2694 famae
526 2686 535 2700 ,
552 2664 635 2694 381.

363 2768 422 2802 Ad
437 2767 567 2803 Viduas
582 2767 719 2801 nobiles.

42 2878 94 2912 De
109 2877 218 2912 modo
237 2877 375 2912 vivendi
393 2877 431 2911 in
448 2876 620 2911 viduitate
636 2902 645 2915 ,
671 2879 754 2909 289.

44 2933 232 2974 Quomodo
247 2945 284 2968 se
301 2938 398 2979 gerat
412 2933 533 2979 regina
552 2931 657 2966 vidua
668 2958 676 2971 ,
698 2935 780 2966 354.

44 2985 281 3025 Consolatoria
299 2988 343 3023 de
359 2988 424 3023 filii
441 2989 509 3022 vita
527 2987 715 3033 degeneri,
739 2989 818 3019 300.

245 3109 519 3150 EPISTOLAE
550 3104 838 3149 ASCETICAE.

101 3226 152 3259 De
171 3224 374 3266 Vocadone,
393 3225 515 3265 Statu,
535 3231 567 3258 et
589 3222 779 3259 Virtutibus
798 3217 977 3265 religiosis.

41 3339 237 3375 Hortatoria
250 3367 259 3381 ,
276 3345 317 3375 ut
336 3341 463 3375 animae
485 3351 569 3375 cura
583 3338 792 3386 praeferatur
807 3334 964 3381 corporis
983 3333 1045 3365 sol-

91 3393 279 3437 licitudini,
302 3401 335 3431 et
354 3401 393 3431 ut
410 3396 540 3431 saeculo
558 3393 794 3432 renuntietur,
817 3393 895 3428 439.

1116 278 1334 313 Ρηιέυιιοῑίςω
1358 280 1400 313 ad
1426 280 1615 323 ingressum
1636 283 1669 315 in
1687 286 1907 330 religionem,
1933 294 2077 329 10'1108

1164 337 1251 372 411,
1273 338 1353 371 412.
2095 326 2101 336 '

1118 388 1168 422 Ad
1187 389 1385 433 profectum
1403 417 1409 427 ,
1431 395 1496 426 254
1514 419 1520 430 ,
1540 396 1605 427 345
1622 420 1629 429 ,
1650 398 1727 427 383.

1116 443 1169 476 Ad
1199 444 1353 477 studium
1381 444 1574 491 disciplina:
1603 448 1787 491 regularis,
1811 464 1902 487 nuuc
1931 465 2102 503 pmmnjsqg,

1164 497 1319 543 epistolae
1336 503 1415 532 273.
2054 492 2075 497 Μ

1119 554 1169 585 De
1193 554 1352 598 capitulis
1380 554 1599 597 generalibus
1625 557 1805 601 nigrorum
1830 567 2078 603 monachorum

1164 611 1228 647 91,
1253 610 1332 648 480,
1357 613 1435 646 481.
2095 600 2102 611 ’

1118 665 1169 697 De
1196 664 1354 697 moribus
1375 665 1569 710 primorum
1595 667 1890 709 Cisterciensinm,
1915 679 2003 715 478,
2027 685 2105 716 479,

1119 720 1429 764 Cougratulatoriae
1460 721 1503 754 dc
1533 722 1702 757 electione
1736 726 1811 759 vita‘
1840 730 2007 774 religiosae
2042 741 2080 769 31
2099 763 2106 775 ‚

1166 779 1228 813 34,
1251 778 1450 814 109,134,
1470 781 1549 810 322.

1118 830 1170 862 De
1196 830 1450 864 reformatione
1472 833 1670 866 tonasmerii
1686 861 1692 873 ,
1710 839 1788 869 477.

1119 884 1172 918 Ad
1192 886 1410 920 revocandos
1427 898 1505 927 eos,
1527 888 1586 932 qui
1614 889 1647 921 in
1673 889 1800 924 laxiora
1819 893 2031 932 desciverant
2074 911 2087 939 1

1118 940 1169 974 Ad
1190 943 1403 976 revocandos
1421 949 1607 988 apostatas,
1629 949 1662 983 2,
1692 950 1755 979 112
1773 974 1780 987 ,
1803 952 1881 984 415.
2039 931 2045 942 .
2097 929 2105 937 ο

1117 996 1171 1030 Ad
1185 998 1399 1032 revocandos
1417 1004 1568 1033 errantes
1581 1027 1588 1038 ‚
1612 1004 1683 1035 4—7.

1119 1055 1245 1087 Contra
1261 1065 1318 1088 cos
1342 1054 1401 1099 qui
1420 1056 1504 1089 alios
1525 1067 1541 1089 a
1559 1056 1626 1103 {⁵¹³¹
1640 1057 1797 1101 religiosa
1817 1069 1983 1100 avocant.
2004 1069 2080 1100 292,

1118 1109 1351 1143 Excusatoriae
1378 1110 1420 1143 a(l
1447 1116 1606 1156 parentes
1626 1122 1747 1145 eorum
1775 1116 1833 1158 qui
1854 1117 1894 1150 ad
1912 1101 2012 1154 sitam
2032 1133 2106 1156 mo-

1165 1164 1331 1197 nasticam
1351 1164 1604 1210 confugerant,
1628 1171 1669 1204 04
1686 1194 1693 1206 ,
1717 1172 1754 1201 11
1770 1173 1795 1202 t.

1118 1220 1169 1252 ne
1187 1230 1305 1253 amore
1323 1220 1521 1254 solitudinis
1535 1228 1567 1255 et
1584 1222 1728 1262 silentii,
1748 1229 1790 1257 21
1806 1252 1814 1265 ,
1832 1231 1873 1261 48
1892 1255 1899 1267 ‚
1921 1235 1962 1262 52
1980 1256 1987 1267 ,
2007 1234 2063 1265 69,

1117 1275 1169 1307 De
1186 1275 1327 1309 vitanda
1346 1277 1529 1310 monachis
1547 1278 1823 1322 peregrinatione
1837 1310 1844 1316 .
1867 1289 1907 1316 57
1921 1311 1928 1319 ,
1955 1289 2032 1321 399,

1119 1331 1170 1363 Dc
1189 1342 1252 1363 usu
1270 1331 1544 1376 pharmacorum
1563 1361 1569 1370 ,
1594 1341 1674 1372 345.

1118 1387 1170 1419 Dc
1205 1388 1384 1420 consortio
1419 1389 1607 1423 mulierum
1645 1392 1822 1426 monachis
1849 1394 2006 1434 xitando,
2042 1400 2084 1431 79
2099 1425 2107 1438 ,

1168 1446 1247 1478 405.

1120 1498 1185 1529 l’ro
1203 1507 1288 1542 pace
1307 1497 1397 1531 inter
1417 1499 1661 1534 Cluniaeenses
1680 1508 1712 1535 et
1728 1503 1983 1544 Cistercienses,
2003 1510 2079 1541 229.

1118 1554 1168 1585 De
1187 1551 1352 1586 brevitate
1367 1559 1397 1586 et
1413 1554 1576 1599 parcitate
1595 1557 1806 1597 litterarum,
1825 1564 1883 1598 88,
1907 1562 1961 1594 90.

1119 1609 1168 1640 De
1186 1607 1358 1652 Religioso
1377 1609 1436 1652 qui
1456 1616 1619 1655 nupserat
1636 1639 1643 1650 ‚
1668 1614 1723 1645 76.

1116 1665 1168 1696 Dc
1186 1664 1329 1697 transitu
1352 1664 1394 1698 ad
1413 1665 1512 1698 aliam
1533 1667 1735 1712 religionem
1755 1696 1761 1707 ,
1784 1673 1842 1708 94,
1866 1673 1930 1703 313
1946 1698 1953 1709 ,
1977 1675 2055 1709 443.

1116 1720 1353 1766 Apologeticae
1384 1720 1426 1754 de
1457 1721 1667 1756 admissione
1695 1724 1885 1757 alienorum
1918 1727 2105 1772 lteligioso-

1161 1787 1252 1815 rimi,
1272 1780 1303 1815 3,
1324 1780 1379 1815 32,
1401 1780 1463 1822 334,
1486 1780 1604 1817 (ixx-(38,
1622 1782 1703 1818 253,
1724 1780 1805 1817 293,
1823 1784 1903 1819 382,
1923 1784 2004 1821 395,
2026 1787 2104 1817 396.

1436 1941 1492 1974 Ad
1516 1940 1801 1976 Sanctimom'ales.

1118 2052 1168 2083 De
1185 2049 1392 2094 virginitatis
1410 2050 1657 2096 praerogativa,
1684 2053 1761 2082 113.

1116 2108 1170 2139 An
1185 2105 1290 2138 eremi
1304 2104 1523 2150 propositum
1542 2104 2008 2146 sanctimonialiconveniat,
2028 2110 2105 2140 115.

1118 2160 1378 2205 Congratulatio
1403 2159 1444 2193 acl
1472 2158 1795 2199 sanctimonialem,
1823 2170 1901 2204 quae
1920 2159 1961 2194 ad
1987 2162 2107 2195 melio-

1165 2226 1237 2248 rem
1260 2214 1396 2259 frugem
1418 2225 1452 2247 se
1469 2219 1646 2259 receperat
1664 2240 1671 2252 ,
1695 2218 1774 2251 114.

1317 2331 1383 2362 Pro
1402 2327 1586 2361 Abbalibus
1608 2334 1637 2360 et
1653 2328 1901 2373 Superioribus,

1116 2443 1167 2475 Dc
1182 2440 1313 2475 abbatis
1327 2440 1495 2474 electione
1507 2466 1515 2478 ‚
1538 2443 1602 2471 320
1619 2466 1626 2478 ,
1646 2443 1723 2472 321.

1114 2497 1296 2531 Pastoralis
1310 2495 1418 2530 officii
1438 2494 1556 2527 munia
1574 2493 1832 2532 deseribuntur,
1852 2497 1932 2526 201.

1116 2552 1312 2586 Hortatoria
1329 2550 1371 2585 ad
1386 2561 1503 2583 curam
1522 2549 1737 2586 animarum,
1757 2551 1811 2584 54.

1114 2609 1169 2644 Ad
1186 2619 1291 2642 onera
1305 2607 1500 2652 praelaturae
1527 2604 1695 2649 patienter
1716 2602 1892 2636 toleranda
1906 2630 1913 2642 ,
1936 2607 1975 2636 73
1993 2629 2001 2642 ,
2018 2606 2099 2637 260.

1117 2663 1267 2705 Querela
1284 2662 1326 2696 de
1345 2660 1505 2706 imposita
1523 2659 1728 2705 praefectura
1741 2684 1748 2697 ‚
1772 2662 1858 2696 344,
1883 2662 1961 2691 373.

1114 2719 1168 2753 Ad
1193 2718 1317 2751 leniter
1343 2715 1562 2760 recipiendos
1588 2719 1757 2752 errantes,
1785 2714 1845 2751 55,
1866 2717 1927 2752 70,
1948 2717 1990 2746 80
2031 2716 2074 2747 84
2091 2739 2099 2751 ,

1163 2777 1230 2807 101
1249 2800 1256 2813 ,
1273 2777 1358 2811 297,
1383 2775 1449 2809 400
1465 2797 1472 2808 ,
1496 2772 1562 2805 414
1577 2795 1585 2808 ,
1604 2772 1684 2806 417,
1708 2772 1789 2806 421.
1813 2771 1878 2805 444
1895 2794 1902 2805 .
1926 2771 2003 2802 452.

1115 2833 1167 2864 De
1180 2828 1352 2872 ejectione
1372 2824 1667 2870 incorrigibilium
1681 2850 1689 2863 ,
1712 2828 1791 2857 102.

1114 2887 1166 2919 De
1183 2882 1357 2917 monacho
1378 2879 1635 2925 indisciplinato
1652 2907 1658 2918 ‚
1679 2882 1758 2915 406.

1113 2939 1312 2975 Dcnoxitio
1335 2937 1477 2982 dyscolo
1493 2963 1500 2975 ‚
1524 2939 1601 2968 325.

1114 2998 1164 3030 De
1184 2993 1391 3028 fundatione
1409 2990 1702 3024 monasteriorum
1716 3016 1723 3028 ,
1743 2993 1785 3022 75
1800 3015 1807 3028 ,
1831 2992 1910 3023 342.

1112 3054 1179 3085 Pro
1208 3048 1458 3083 reformatione
1488 3045 1779 3080 monasteriorum
1798 3072 1805 3084 ,
1841 3049 1904 3083 58,
1937 3047 1979 3077 91
2001 3070 2008 3083 ,
2038 3046 2100 3082 96,

1161 3109 1227 3139 391
1239 3132 1247 3144 ,
1267 3109 1347 3142 427.

1112 3158 1426 3206 Congratulatoriae
1451 3157 1494 3191 de
1522 3156 1593 3202 ipsa
1619 3155 1886 3192 reformatione,
1916 3157 1977 3190 78,
2009 3155 2072 3188 142
2088 3178 2096 3190 ,

1160 3220 1227 3251 254
1246 3243 1253 3254 ,
1277 3216 1357 3249 369.

1113 3270 1351 3307 Consolatoria
1369 3269 1411 3303 de
1429 3273 1557 3302 conatu
1577 3263 1831 3300 reformationis
1843 3262 2014 3298 frustrato,
2039 3262 2094 3291 83.

1110 3325 1349 3373 Responsoriae
1380 3323 1422 3357 de
1453 3320 1649 3356 abdicando
1685 3328 1788 3352 onere
1814 3314 1995 3361 pastorali.
2028 3316 2091 3344 82.

1160 3387 1201 3416 86
1218 3409 1225 3421 ,
1248 3385 1305 3421 87,
1324 3383 1404 3418 451.
