2517 3920
357 193 431 229 935

357 271 529 303 Clementis
554 278 675 305 creatus
706 282 789 304 anno
815 276 915 304 1145.
947 272 1119 314 Gregorius
1146 283 1220 303 vero
1242 272 1268 302 is
1297 282 1364 303 esse

357 326 499 358 creditur
512 351 519 365 ,
538 327 593 369 qui
613 338 697 359 anno
718 331 728 358 1
743 330 802 358 137
823 327 862 358 ab
877 327 1063 358 Innocentio
1081 326 1182 357 factus
1196 331 1244 357 est
1264 325 1352 356 cardi

357 380 436 412 nalis
460 380 543 412 tituli
561 384 592 413 S.
620 382 745 424 Angeli.
769 380 934 413 Conradus
959 380 1141 422 episcopus,
1163 379 1217 420 qui
1237 385 1365 409 centnm

358 434 449 466 annis
463 441 571 477 postea
585 435 708 478 scripsit
723 434 902 468 Chronicon
916 434 1154 475 Mogontiacum
1168 456 1174 470 ,
1189 432 1365 462 Henricum

359 487 536 530 depositum
564 489 678 527 tradit,
707 498 897 530 omnemque
924 488 1047 528 culpam
1071 485 1174 528 rejicit
1198 486 1230 516 in
1256 485 1367 516 Arnol-

357 540 434 572 dnm
465 542 635 583 quemdam
668 541 805 584 episcopi
841 540 1035 583 proditorem
1064 552 1071 576 ;
1099 538 1303 571 Dodecliinus
1334 538 1366 568 in

358 594 546 636 Appendice
566 596 605 627 ad
620 596 804 627 Marianum
817 618 824 632 ,
842 594 874 625 in
893 593 1088 635 Canonicosj
1111 599 1243 634 uterque
1263 592 1295 622 10
1310 595 1367 623 Le-

357 655 442 691 gatos
461 651 597 692 pecnnia
622 655 806 692 corruptos,
833 648 966 679 suffecto
991 647 1132 678 Arnaldo
1159 646 1364 679 Cancellario.

357 705 433 734 Otto
450 703 654 735 nihilominus
688 702 917 744 Frisingensis,
938 701 977 731 de
1002 703 1076 733 Vita
1100 699 1252 731 Friderici
1268 724 1275 737 ‚
1305 699 1363 729 lib.

359 760 391 795 2,
409 767 478 799 cap.
497 761 515 788 9
529 781 536 794 ,
556 757 609 799 qui
625 767 760 799 praesens
783 756 910 791 aderat,
926 756 1009 796 juste
1038 753 1215 796 depositum
1240 752 1363 784 asserit.

360 824 373 836 u
393 813 459 841 Rex
477 835 484 848 ,
503 826 515 837 n
534 810 655 852 inquit,
675 825 686 837 α
703 810 880 852 proximam
897 812 1105 840 Pentecosten
1124 807 1310 838 Vt'orinatiae
1324 806 1367 837 fe-

360 879 372 889 r·
387 864 471 895 rians
483 887 491 902 ,
512 864 688 895 Henricuni
714 862 889 904 Moguntiae
911 861 993 893 sedis
1010 860 1283 902 archiepiscopum
1298 885 1305 898 ,
1325 860 1367 890 vi-

358 933 371 943 ·
390 924 460 948 rum
484 928 541 959 pro
571 916 756 947 defensione
782 915 928 947 Ecclesiae
957 914 1140 955 frequenter
1165 919 1363 955 correptum,

359 984 371 995 n
386 980 443 1000 nec
462 976 655 1007 correctum,
678 981 735 1011 per
755 969 881 999 cosdem
905 968 1080 999 cardinales
1102 967 1262 1009 deposuit.
1279 982 1292 994 ιι
1307 974 1365 999 010.

357 1023 474 1054 Videat
493 1026 606 1054 Lector
622 1024 684 1054 utri
701 1022 938 1054 assentiendum
959 1021 1020 1059 sit,
1044 1020 1190 1062 scriptori
1209 1021 1336 1063 suppari
1355 1047 1362 1059 ,

355 1088 394 1108 an
408 1077 548 1113 oculato,
569 1077 681 1114 docto,
699 1082 731 1107 ct
760 1076 894 1107 sincero.
914 1077 1007 1107 Certe
1028 1073 1111 1116 quod
1135 1073 1223 1105 addit
1249 1075 1367 1106 Conra-

354 1129 430 1167 dus,
461 1129 548 1159 brevi
580 1134 649 1171 post
676 1134 818 1170 tempore
847 1127 955 1158 ambos
984 1126 1158 1158 cardinales
1185 1133 1288 1158 morte
1312 1139 1367 1169 pu-

353 1182 454 1214 denda
486 1182 671 1220 interiisse3
699 1182 814 1212 erroris
841 1181 987 1223 arguitur
1005 1205 1012 1219 ,
1041 1191 1114 1211 cum
1142 1183 1219 1212 Otto
1246 1181 1364 1212 ibidem

351 1242 471 1267 asserat
491 1247 543 1267 eos
558 1236 611 1267 diu
626 1235 837 1278 supervixisse
858 1241 887 1266 et
905 1234 1104 1266 Bernardum
1120 1234 1182 1266 alia
1202 1234 1364 1276 legatione

351 1290 457 1321 itidem
475 1291 507 1321 in
524 1290 695 1322 Germania
716 1289 919 1332 perfunctum
937 1299 1005 1319 esse
1030 1287 1089 1319 sub
1107 1288 1250 1320 Adriano
1268 1291 1309 1319 lv
1331 1289 1362 1319 in

352 1351 512 1386 comperto
526 1344 577 1375 sit.
596 1347 676 1375 L‘tut
697 1344 755 1381 sit,
776 1343 934 1374 Henricus
959 1342 1121 1384 depositus
1145 1342 1178 1373 in
1195 1343 1363 1374 Saxoniam

352 1399 521 1435 secedens,
538 1410 601 1430 non
624 1399 722 1429 multo
745 1404 815 1440 post
839 1398 870 1428 in
894 1397 1038 1428 coenobio
1058 1397 1261 1428 Cisterciensi
1278 1396 1362 1428 diem

351 1458 528 1482 extremum
546 1452 596 1494 pie
614 1458 643 1483 et
663 1452 795 1483 feliciter
813 1451 936 1482 clausit.
952 1450 1036 1481 Vide
1054 1451 1214 1482 Serarium
1235 1450 1274 1481 de
1297 1454 1362 1482 Re-

350 1504 409 1535 bus
431 1505 626 1547 Mognntinis
650 1505 703 1536 lib.
733 1509 764 1542 5,
798 1510 829 1535 et
857 1505 1028 1535 Baronium
1052 1504 1092 1535 ad
1118 1515 1237 1535 annum
1259 1508 1360 1537 1153.

350 1558 397 1589 Ad
421 1559 566 1589 eumdem
586 1558 761 1590 Hem-icum
787 1564 833 1589 est
858 1558 991 1600 epistola
1012 1561 1090 1589 365.

398 1615 462 1644 586
482 1616 516 1643 B.
538 1613 654 1645 Nescio
672 1618 777 1643 autem
798 1623 837 1643 an
863 1612 1039 1654 episcopus.
1057 1631 1103 1634 ——
1129 1614 1247 1642 Forsan
1268 1614 1363 1643 Joan-

349 1676 425 1704 nes,
450 1667 605 1698 Aletensis
629 1678 681 1697 seu
701 1666 978 1697 Sancti-Maclovii
1004 1665 1170 1708 episcopus
1196 1676 1235 1696 cx
1255 1676 1362 1696 mona-

349 1719 408 1750 0110
423 1720 550 1751 Ordinis
569 1720 783 1752 Cisterciensis
797 1745 805 1758 ,
826 1719 866 1751 ad
881 1731 975 1761 quem
995 1719 1103 1762 plures
1121 1719 1260 1761 epistolae
1275 1719 1360 1750 Petri

350 1775 519 1813 Cellensis,
541 1776 593 1807 lib.
619 1781 630 1806 l
651 1776 787 1817 epistolae
810 1778 847 1805 15
866 1781 896 1806 et
909 1781 1088 1816 sequentes.

399 1831 461 1860 587
480 1832 514 1860 Β.
542 1829 637 1860 Filius
665 1829 716 1860 ille
734 1835 835 1860 vester
868 1828 1079 1860 Belvacensis.
1109 1846 1154 1850 —
1180 1827 1358 1866 Henricns,

349 1882 499 1913 Ludovici
526 1883 666 1915 Junioris
687 1894 870 1925 germanus,
885 1883 923 1913 de
948 1894 1011 1924 quo
1027 1882 1156 1925 epistola
1177 1885 1255 1914 278.
1278 1885 1359 1913 Con-

348 1935 396 1967 fer
412 1936 575 1979 epistolam
592 1941 669 1969 307.
686 1941 890 1970 «Nostrum»
906 1936 980 1967 dicit
999 1935 1181 1968 Bernardus
1192 1961 1199 1971 ,
1216 1937 1356 1978 itemque

351 1989 384 2020 in
412 1990 544 2032 epistola
571 1998 739 2034 sequente,
764 2007 776 2017 «
803 1992 900 2023 frater
920 1997 1042 2029 vester3
1065 2006 1077 2018 »
1098 2002 1171 2022 nam
1197 1991 1356 2022 Henricus

350 2044 523 2076 monachus
543 2046 811 2077 Clarae-Vallensis
841 2045 959 2083 fuerat,
991 2052 1025 2076 ut
1049 2045 1080 2076 in
1105 2045 1187 2076 vitae
1219 2044 1301 2076 libro
1323 2047 1353 2082 li,

349 2107 381 2129 n.
410 2102 460 2130 15.
479 2099 562 2130 Vide
581 2107 670 2131 notas
689 2100 727 2131 ad
746 2100 911 2143 epistolam
927 2103 1008 2132 307.

395 2156 459 2184 588
488 2156 522 2185 B.
545 2166 675 2185 DOMINO
694 2166 910 2185 05110550-
932 2154 1058 2185 Scilicet
1086 2153 1213 2195 Hugoni
1232 2176 1240 2190 ‚
1261 2159 1353 2185 antea

345 2207 614 2240 Trium-Fontium
641 2210 671 2240 in
700 2209 874 2252 Campania
896 2209 1005 2241 Galliae
1025 2209 1186 2251 provincia
1219 2208 1350 2248 abbati,

345 2271 385 2292 ex
409 2263 545 2305 epistolis
569 2266 634 2295 273
656 2269 688 2295 et
714 2266 792 2295 274.
817 2263 911 2295 L'nde
935 2264 1031 2295 etiam
1058 2263 1227 2295 cardinalis
1246 2263 1355 2306 praeci—

344 2326 442 2357 puam
458 2318 526 2359 ejus
545 2318 605 2349 loci
622 2329 728 2349 curam
746 2318 887 2360 gerebat.

395 2373 459 2402 589
475 2373 510 2404 C.
526 2383 542 2403 0
560 2372 657 2414 priori
675 2372 864 2403 monasterio
887 2377 1022 2404 trusum.
1036 2389 1082 2394 ——
1103 2370 1138 2402 Id
1155 2377 1200 2402 est
1218 2382 1255 2403 ex
1273 2374 1354 2402 Fon-

345 2425 466 2456 13110051
493 2426 525 2457 10
557 2427 672 2469 Anglia
691 2452 698 2466 ,
727 2427 777 2458 cui
802 2432 874 2469 post
898 2425 1089 2458 Mauricium
1115 2425 1272 2457 Toroldus
1297 2436 1352 2456 seu

345 2479 502 2510 'l'nroldus
522 2496 537 2507 α
553 2480 675 2512 duobus
694 2481 785 2512 annis
806 2480 931 2523 praefuit
947 2504 955 2518 ,
984 2480 1086 2511 multa
1112 2491 1168 2522 pro
1195 2485 1353 2522 potestate

346 2547 358 2558 ι·
377 2543 471 2574 agens
483 2557 491 2571 ,
509 2534 651 2576 quaedam
670 2534 767 2566 etiam
793 2540 903 2566 contra
924 2534 1092 2565 consilium
1109 2539 1138 2564 et
1158 2534 1352 2564 voluntatem

348 2602 360 2612 »
377 2586 605 2631 archiepiscopi
622 2589 811 2620 venerabilis
835 2599 1042 2631 praesumenS.
1061 2587 1157 2619 Unde
1174 2586 1268 2618 etiam
1285 2593 1353 2619 orta

347 2654 359 2665 n
377 2640 458 2671 inter
471 2652 524 2672 eos
544 2642 720 2681 simultate,
738 2642 776 2674 de
791 2642 938 2674 mandato
958 2642 1056 2674 sancti
1076 2641 1173 2684 patris
1200 2641 1354 2672 Bernardi

348 2709 360 2719 n
376 2695 529 2736 resignato
544 2696 645 2728 officio
666 2697 837 2729 Rievallem
852 2708 1015 2733 reversus,
1036 2707 1076 2727 ex
1097 2706 1160 2738 quo
1174 2702 1353 2737 assumptus

349 2762 361 2773 »
376 2748 490 2784 fuerat,
512 2766 524 2776 n
542 2756 622 2782 teste
643 2752 772 2783 Serlone
798 2751 830 2782 in
846 2751 990 2782 Historia
1006 2750 1218 2788 Fontanensi,
1243 2752 1354 2780 Mona-

348 2801 414 2830 stici
432 2803 596 2844 Anglicani
618 2810 700 2835 tomo
721 2808 749 2842 1,
769 2816 841 2847 pag.
863 2807 942 2836 748.

399 2858 462 2887 589
481 2858 515 2887 C.
531 2857 582 2888 sed
598 2869 700 2899 neque
713 2859 777 2900 ipse
791 2858 1058 2901 archiepiscopus.
1076 2875 1119 2879 —
1135 2855 1352 2894 Eboracensis,

350 2908 478 2939 nomine
495 2911 650 2941 Hem-icus
666 2911 704 2942 de
720 2911 896 2949 Murdach,
913 2919 943 2943 et
959 2912 1026 2954 ipse
1040 2910 1162 2953 Anglus
1176 2934 1183 2947 ,
1201 2915 1231 2941 et
1248 2920 1354 2940 mona·

350 2960 428 2991 chus
449 2967 544 2993 antea
563 2962 854 3002 Clarae-Vallcnsi53
871 2965 909 2995 ad
935 2976 1028 3007 quem
1045 2963 1177 3006 epistola
1198 2966 1281 3001 1063
1299 2962 1352 3004 qui

350 3019 382 3044 et
397 3014 464 3056 ipse
482 3014 582 3046 fuerat
603 3015 700 3047 abbas
723 3018 946 3054 Fontanensis,
967 3024 1031 3049 tum
1058 3029 1097 3048 ex
1114 3017 1173 3048 hac
1197 3017 1329 3059 epistola
1344 3041 1352 3055 ,

349 3073 416 3098 tum
433 3078 471 3099 ex
485 3068 566 3099 notis
579 3069 617 3100 ad
632 3069 791 3111 epistolam
806 3081 874 3111 0010
889 3082 973 3103 nunc
987 3078 1033 3103 est
1052 3074 1130 3104 321.

399 3124 465 3153 590
482 3126 520 3153 A.
547 3133 584 3153 ex
598 3133 660 3164 quo
680 3122 719 3153 ad
743 3133 799 3153 nos
824 3123 960 3155 intravit.
980 3144 1024 3147 —
1041 3128 1124 3167 Ergo
1141 3125 1250 3156 relicta
1280 3125 1354 3156 Rie-

349 3176 429 3207 valle
452 3182 627 3207 accesserat
655 3176 695 3207 ad
717 3177 990 3208 Claram-Vallem.
1019 3179 1113 3218 Quod
1140 3178 1288 3210 subditur
1313 3178 1353 3209 de

348 3230 415 3272 ejus
428 3229 620 3267 litteratura,
638 3229 750 3273 probat
764 3230 850 3261 Serlo
867 3230 913 3261 liis
929 3231 1033 3261 verbis
1054 3243 1061 3262 ;
1081 3247 1093 3258 «
1108 3235 1212 3263 Homo
1228 3233 1260 3263 in
1275 3232 1354 3263 Scri-

349 3299 362 3312 »
377 3284 477 3326 pturis
492 3284 586 3315 sac-ris
602 3294 667 3316 non
679 3283 879 3315 mediocriter
899 3283 1039 3315 eruditus
1053 3309 1061 3321 ,
1080 3291 1109 3315 et
1125 3285 1157 3316 in
1172 3285 1353 3317 liberalibus

346 3354 362 3364 n
381 3338 502 3369 artibus
515 3337 707 3369 sufficienter
724 3337 862 3369 edoctus.
880 3352 894 3363 n

396 3394 462 3423 590
481 3394 520 3424 D.
549 3397 580 3422 et
603 3391 721 3422 domini
751 3390 811 3422 inei
838 3390 981 3432 gratiam.
999 3408 1041 3412 ——-
1063 3393 1184 3432 'Nempe
1210 3392 1352 3431 Eugenii.

834 196 882 230 IN
912 195 1090 230 TOMUM
1128 194 1325 230 PRIMUM
1357 194 1563 233 OPERUM
1595 197 1629 232 S.
1667 195 1918 231 BERNARDI

2363 198 2438 235 936

1431 277 1476 306 lta
1490 275 1666 306 Innocentii
1683 278 1713 305 ΙΙ
1726 274 1878 304 offensam
1895 275 2070 305 incurrerat
2095 274 2275 307 Bernardus
2297 286 2371 309 vera
2390 278 2437 320 diff

1430 340 1504 359 cens
1516 354 1523 365 ,
1539 340 1576 360 ex
1594 329 1727 371 epistola
1750 331 1813 359 218
1831 339 1838 365 ;
1868 328 1948 359 adeo
1964 339 2161 360 summorum
2181 328 2344 361 hominum
2368 343 2439 374 gra-

1432 383 1503 413 tiam
1519 383 1654 412 retinere
1669 381 1797 412 difficile
1811 387 1876 419 est,
1898 382 2100 424 quantumvis
2117 382 2197 414 bene
2211 384 2329 415 meritis
2340 409 2348 423 ‚
2364 386 2440 423 citra

1431 434 1631 476 dispendium
1646 433 1784 465 veritatis
1798 436 1804 465 Ι

1481 491 1541 519 591
1565 491 1599 519 Β.
1622 488 1660 518 de
1680 488 1808 518 domino
1826 488 2015 520 Belvacensi.
2036 507 2080 511 —
2098 489 2270 528 Henrictts,
2291 490 2441 525 Ludovici

1432 542 1534 574 Crassi
1550 541 1644 579 filins,
1665 548 1695 572 et
1715 541 1865 572 Ludovici
1881 541 2019 573 Junioris
2036 541 2115 583 regis
2134 542 2306 574 Galliarum
2327 543 2434 584 frater,

1431 595 1595 636 episcopus
1628 594 1843 631 Belvacensis,
1872 595 1971 632 male,
1999 595 2044 626 uti
2071 594 2146 626 hinc
2176 602 2324 637 apparet,
2354 597 2439 639 apud

1432 647 1614 678 Pontificem
1627 647 1734 678 audiit.
1759 647 1851 678 L'nde
1868 647 2035 690 respondet
2051 647 2241 685 Bernardus,
2266 659 2299 680 se
2319 648 2359 680 de
2373 650 2439 692 ejus

1431 701 1540 731 erratis
1551 725 1558 737 ,
1576 701 1601 731 si
1615 711 1683 742 quae
1697 702 1775 738 sint,
1792 700 1898 732 dolere
1911 711 2020 742 posse;
2037 701 2217 739 emendare,
2238 708 2333 744 prout
2344 702 2436 740 velit,

1431 764 1496 784 non
1523 754 1627 785 valere
1643 755 1834 795 :malletque
1858 753 2035 785 Bernardns
2056 755 2158 796 ipsum
2182 755 2287 796 potius
2311 747 2440 786 Pontifi-

1431 817 1498 838 cem
1512 806 1567 838 has
1580 808 1646 850 ejus
1663 808 1838 849 corrigendi
1859 814 1962 850 partes
1988 807 2048 838 sihi
2065 808 2243 850 sumpsisse,
2259 814 2290 839 et
2305 807 2440 840 fraterne

1431 871 1501 891 01101
1519 871 1647 891 monere
1667 872 1760 903 snper
1780 861 1845 897 his,
1867 871 1935 902 quae
1955 861 1994 892 de
2019 871 2056 892 eo
2080 861 2253 892 audiverat.
2279 864 2377 898 Porro
2401 861 2440 893 de

1431 914 1595 956 repentina
1609 939 1616 951 ‚
1635 914 1688 945 sed
1711 926 1729 946 a
1745 914 1906 947 Bernardo
1930 914 2081 956 praevisa,
2109 915 2176 957 ejus
2197 914 2237 946 ad
2261 915 2438 956 religiosum

1431 973 1544 997 statum
1574 969 1795 1004 conversione,
1830 968 1897 1009 lege
1921 968 2030 998 Vitam
2066 971 2099 1000 S.
2127 968 2296 1004 Bernardi‚
2323 967 2378 999 lib.
2402 971 2435 1006 4,

1431 1031 1498 1063 cap.
1524 1024 1556 1055 3.
1579 1032 1672 1063 quam
1696 1033 1766 1061 nos,
1785 1022 1882 1053 secuti
1906 1021 2088 1059 Barouium,
2114 1021 2146 1052 in
2169 1021 2379 1064 Chronologia
2399 1022 2438 1054 ad

1430 1085 1548 1105 annum
1572 1078 1658 1107 1149
1676 1075 1851 1113 retulimus,
1876 1085 1948 1106 cum
1964 1086 2001 1106 eo
2018 1086 2100 1106 anno
2126 1075 2242 1106 factum
2258 1075 2438 1118 episcopum

1431 1128 1652 1160 Belvacensem
1677 1129 1821 1160 videatur
1845 1128 1958 1160 certior
1981 1129 2131 1171 temporis
2150 1135 2225 1161 nota
2241 1129 2437 1166 convincere.

1431 1182 1474 1213 uti
1497 1182 1635 1213 Jacobus
1660 1182 1844 1214 Sirmundns
1871 1182 1910 1213 ad
1934 1182 2090 1225 Epistolas
2115 1182 2199 1214 Petri
2227 1182 2378 1214 Cellensis
2399 1194 2436 1214 ex

1430 1237 1654 1278 Supplemento
1675 1237 1827 1279 sigeberti
1847 1243 1957 1275 notat,
1980 1236 2037 1267 lib.
2063 1239 2093 1274 1,
2112 1235 2201 1278 epist.
2224 1238 2280 1267 24.
2299 1235 2361 1267 Sed
2374 1235 2439 1267 lon-

1430 1289 1495 1330 gius
1509 1301 1526 1320 a
1543 1301 1617 1321 vero
1631 1290 1748 1322 recedit
1760 1290 1879 1321 notatio
1893 1290 1962 1321 initi
1981 1290 2179 1333 episcopatus
2191 1289 2386 1320 Belvacensis
2398 1289 2438 1322 ab

1428 1343 1606 1385 Henriquez
1619 1343 1652 1374 in
1670 1344 1852 1385 Menologio
1869 1354 1907 1374 ex
1933 1347 2057 1376 Joanne
2086 1343 2196 1374 Chenu
2223 1343 2322 1374 relata
2337 1342 2378 1374 ad
2393 1353 2434 1375 an

1427 1407 1502 1427 num
1533 1400 1630 1428 1161.
1654 1398 1798 1439 Denique
1824 1397 1863 1428 ad
1888 1401 2077 1429 Remensem
2106 1396 2287 1428 cathedram
2312 1403 2437 1428 evectus

1427 1456 1472 1481 est
1489 1461 1572 1481 anno
1592 1454 1602 1481 1
1616 1454 1689 1482 163.
1701 1453 1854 1483 Caeterum
1868 1461 1962 1493 quam
1980 1451 2094 1482 invitus
2106 1450 2209 1492 primo
2221 1450 2436 1492 episcopatum

1427 1504 1596 1545 susceperit
1608 1528 1615 1542 ‚
1627 1504 1762 1536 ostendit
1772 1504 1894 1547 scriptis
1904 1504 1943 1536 ad
1953 1504 2090 1536 diversos
2101 1503 2241 1546 epistolis
2251 1503 2330 1535 :imo
2338 1510 2368 1535 et
2376 1503 2436 1546 ipsi

1426 1557 1587 1588 Bernardo
1598 1564 1786 1599 praematura
1796 1558 1952 1600 promotio
1960 1569 2024 1589 non
2035 1563 2081 1590 est
2093 1557 2154 1588 visa
2161 1567 2266 1588 carere
2275 1557 2434 1599 scrupulo,

1426 1616 1459 1641 ut
1475 1610 1608 1652 proinde
1628 1614 1753 1642 Petrum
1778 1611 1926 1643 abbatem
1951 1611 2189 1644 Cluniacensem
2211 1610 2436 1642 consulendum

1425 1664 1598 1705 putaverit,
1618 1664 1663 1695 011
1679 1664 1783 1696 videre
1800 1672 1845 1696 051
1861 1665 1944 1707 apud
1956 1664 2114 1702 eumdem,
2130 1664 2202 1695 libri
2218 1668 2236 1695 5
2255 1664 2385 1706 epistola
2401 1668 2433 1702 8,

1425 1727 1518 1757 quam
1536 1717 1616 1748 vide.
1632 1718 1731 1760 Ipsius
1745 1718 1873 1749 Henrici
1893 1719 2070 1760 epistolam,
2086 1717 2216 1759 Sngerio
2233 1717 2340 1748 abbati
2360 1719 2437 1749 San-

1426 1770 1629 1812 cti—Dionysii
1654 1771 1800 1813 scriptam
1815 1796 1823 1809 ,
1840 1771 1913 1802 vide
1930 1772 1964 1802 in
1981 1772 2084 1803 Gallia
2108 1771 2284 1803 Christiana
2308 1771 2341 1802 in
2366 1771 2437 1814 Epi-

1427 1824 1527 1866 scopis
1553 1824 1802 1855 Belvacensibns.
1828 1824 1969 1856 Alteram
1988 1825 2028 1856 ad
2054 1825 2172 1856 dictum
2198 1823 2346 1855 abbatem
2365 1824 2436 1856 Clu-

1428 1876 1606 1908 niacensem
1644 1877 1695 1908 hic
1727 1877 1786 1909 tibi
1819 1877 2031 1909 exhibendam
2066 1878 2211 1909 duximus
2226 1901 2235 1914 ,
2269 1877 2318 1908 vel
2351 1877 2435 1919 quod

1426 1930 1620 1972 suspicemur
1651 1931 1691 1962 ab
1718 1932 1785 1973 ipso
1812 1931 1973 1962 Bernardo
2005 1931 2174 1968 dictatam,
2209 1931 2259 1962 vel
2289 1937 2372 1962 certe
2395 1930 2435 1962 ad

1424 1983 1631 2015 imitationem
1657 1984 1807 2016 Bernardi
1833 1984 2048 2026 compositam.
2063 1984 2153 2016 Prius
2178 1984 2263 2015 enim
2287 1995 2353 2015 non
2375 1983 2432 2015 im-

1424 2036 1604 2078 probabile,
1627 2049 1698 2069 cum
1717 2049 1781 2069 non
1803 2038 1897 2070 fuerit
1916 2038 2078 2069 Bernardo
2104 2038 2240 2069 insolens
2253 2061 2261 2075 ,
2286 2027 2430 2076 aliorum,

1424 2090 1517 2121 etiam
1539 2092 1757 2134 episcoporum
1769 2117 1776 2131 ,
1804 2093 1932 2124 nomine
1954 2092 2029 2123 dare
2045 2092 2164 2123 litteras
2182 2102 2190 2123 :
2209 2102 2342 2133 quarum
2365 2091 2434 2134 plu-

1423 2153 1472 2174 res
1493 2143 1644 2176 habemus
1666 2146 1748 2177 inter
1764 2145 1874 2177 editas.
1897 2146 1929 2178 Si
1949 2146 1981 2177 id
1998 2146 2118 2183 minus,
2141 2146 2272 2176 alterum
2293 2155 2343 2176 res
2365 2145 2432 2187 ipsa

1422 2198 1597 2230 convincet.
1614 2198 1730 2231 Confer
1748 2199 1871 2230 initium
1884 2210 1955 2231 cum
1971 2199 2104 2241 epistola
2122 2202 2188 2231 236
2207 2198 2247 2229 ad
2260 2198 2433 2230 cardinales

1421 2249 1460 2281 de
1479 2252 1630 2283 electione
1644 2252 1772 2294 Eugenii
1785 2252 1955 2295 pontificis.
1973 2251 2090 2285 Confer
2109 2252 2271 2294 sequentia
2281 2262 2352 2283 cum
2365 2251 2431 2294 epi-

1420 2306 1499 2336 stola
1520 2309 1559 2337 16
1572 2330 1580 2344 ,
1602 2305 1655 2337 ubi
1674 2306 1785 2337 eadem
1805 2306 1901 2338 verbo
1925 2312 2026 2338 tenus.

1421 2429 1435 2441 κ
1451 2418 1538 2446 Inter
1554 2421 1658 2458 patres
1671 2416 1933 2448 reverendissimo
1943 2441 1951 2454 ‚
1968 2421 2000 2447 et
2018 2416 2101 2447 inter
2115 2413 2233 2445 amicos
2249 2412 2431 2445 charissimo

1469 2483 1482 2495 n
1497 2468 1625 2499 domino
1641 2472 1752 2501 Perno
1773 2470 1880 2502 abbati
1898 2468 2150 2503 Cluniacensium
2161 2492 2169 2506 ,
2184 2467 2281 2500 frater
2298 2468 2440 2499 Hanni?

1470 2538 1484 2549 »ι
1498 2534 1569 2561 cus,
1584 2523 1648 2555 5110
1659 2523 1809 2566 jubente,
1826 2524 1890 2556 sive
1912 2523 2114 2567 permittente
2131 2525 2213 2560 Deo,
2233 2520 2430 2553 Belvaeensis

1469 2591 1485 2603 »ι
1498 2577 1613 2609 electus
1624 2601 1632 2615 ,
1651 2588 1684 2609 se
1698 2577 1801 2620 ipsum
1813 2602 1821 2616 ,
1840 2583 1871 2610 et
1888 2578 1914 2610 si
1926 2577 2003 2620 quid
2017 2576 2152 2618 amplius
2167 2580 2282 2618 potest.

1470 2700 1482 2711 »
1497 2688 1606 2718 Pareat
1620 2686 1708 2718 vobis
1723 2686 1920 2728 omnipotens
1932 2687 2032 2722 Deus,
2047 2683 2124 2725 quid
2136 2688 2183 2714 est
2195 2682 2280 2724 quod
2293 2681 2428 2714 fecistis?

1421 2752 1433 2763 n
1450 2739 1605 2781 sepultum
1623 2740 1783 2771 hominem
1806 2739 1975 2770 revocastis
1992 2738 2032 2770 ad
2053 2736 2216 2775 homines,
2243 2742 2274 2767 et
2300 2735 2428 2767 consilio

1421 2806 1434 2818 υ
1451 2799 1566 2831 105110,
1583 2795 1632 2825 cui
1647 2795 1779 2826 nimium
1795 2793 1948 2825 creditum
1966 2798 2034 2830 est,
2054 2790 2214 2834 expositus
2227 2800 2316 2827 sum,
2333 2795 2364 2820 et
2379 2798 2428 2819 re-

1421 2861 1433 2873 »
1450 2847 1569 2888 positus
1589 2848 1621 2878 in
1637 2848 1776 2880 terribile
1788 2858 1934 2879 curarum
1951 2846 2078 2889 pelagus
2094 2856 2101 2877 1
2118 2851 2151 2876 01
2171 2854 2222 2875 me
2239 2843 2353 2875 iterum
2370 2842 2428 2874 ho-

1420 2915 1433 2927 »
1452 2902 1536 2932 noris
1557 2902 1688 2934 altitudo
1706 2902 1877 2935 resorbeat.
1896 2900 2021 2933 Nesciri
2032 2924 2040 2937 ,
2057 2899 2164 2930 anima
2176 2908 2247 2928 mea
2259 2895 2428 2928 conturba-

1421 2970 1433 2981 »
1452 2956 1495 2986 vit
1518 2967 1587 2994 me,
1615 2963 1744 3000 propter
1774 2955 1939 2998 quadrigas
1968 2952 2147 2985 Aminadab
2160 2976 2168 2990 ,
2204 2961 2282 2993 quas
2307 2948 2426 2991 suscepi

1421 3024 1433 3035 ν
1451 3010 1624 3052 regendas:
1639 3010 1702 3052 regi
1714 3035 1721 3049 ,
1742 3020 1807 3041 000
1823 3020 1929 3051 regere
1951 3018 2030 3051 opus
2045 3006 2179 3038 habens.
2207 3008 2323 3037 Manus
2342 3013 2426 3035 meas

1421 3063 1601 3095 »miserunt
1629 3063 1668 3094 ad
1693 3063 1798 3101 fortia,
1825 3073 1905 3105 opus
1922 3067 2001 3093 esset
2019 3059 2216 3091 fortitudine.
2244 3057 2426 3101 Speculator

1421 3132 1436 3143 »2
1452 3117 1559 3148 domui
1574 3117 1670 3149 Israel
1688 3116 1785 3149 factus
1805 3127 1874 3148 sum
1885 3140 1892 3153 ,
1912 3126 1992 3158 opus
2005 3119 2085 3145 esset
2103 3111 2283 3155 prudentia.
2298 3109 2426 3152 Sapien-

1421 3187 1436 3197 »ν
1452 3171 1536 3203 tibus
1556 3178 1587 3203 01
1609 3170 1827 3214 insipientibus
1855 3169 1979 3201 debitor
2002 3167 2102 3199 factus
2132 3176 2214 3204 sum,
2243 3174 2323 3207 opus
2347 3166 2425 3194 esset

1422 3243 1435 3254 u
1449 3227 1581 3269 justitia.
1602 3225 1793 3258 Praedicator
1819 3224 1938 3267 populo
1958 3222 2016 3254 Dei
2031 3221 2121 3252 datus
2139 3230 2226 3257 sum,
2253 3228 2333 3260 opus
2347 3220 2426 3247 esset

1422 3296 1436 3306 n
1453 3280 1659 3322 temperantia
1675 3290 1682 3310 :
1703 3290 1742 3310 ne
1759 3277 1840 3309 forte
1854 3287 1926 3308 cum
1943 3276 2010 3307 aliis
2025 3273 2251 3318 praedicavero,
2273 3269 2424 3312 reprobus
2442 3295 2447 3301 .

1423 3349 1438 3359 n
1456 3333 1558 3375 (quod
1573 3333 1675 3374 absit)
1689 3331 1842 3363 10100131.
1858 3329 1918 3363 Sed
1936 3340 2006 3371 0010
2030 3334 2101 3359 sunt
2126 3327 2183 3358 ista
2195 3351 2203 3364 ,
2231 3330 2261 3356 et
2279 3323 2348 3366 quis
2365 3332 2422 3363 ego

1423 3404 1435 3417 ,ι
1455 3391 1546 3419 sum?
1563 3387 1612 3417 vel
1626 3381 1685 3417 'ubi
1703 3386 1777 3424 ista,
1800 3391 1828 3416 et
1843 3383 1897 3416 ubi
1914 3385 1994 3425 ego?
2013 3381 2148 3414 Domine
2167 3382 2271 3414 Pater,
2289 3383 2318 3408 et
2337 3379 2420 3408 Deus
