2517 3936
81 168 156 208 897

83 263 98 278 ι
113 248 214 282 tione.
243 253 348 278 tamen
372 247 481 279 scribit
507 259 580 279 eum
602 260 639 280 ex
659 249 835 281 christianae
859 248 1018 292 religionis
1036 251 1093 283 161·-

84 317 98 331 a
113 312 189 334 vore
203 301 380 343 zelotypum
392 325 399 339 ‚
433 307 463 332 et
491 312 529 332 ex
546 301 700 334 habituali
719 304 959 336 mansuetudine
985 305 1095 336 credu-

77 372 98 401 .'
113 357 178 388 lum
190 379 198 394 ‚
221 361 255 386 ut
270 354 452 396 magistros,
470 355 524 396 qui
542 355 686 388 humanis
703 358 877 389 rationibus
901 364 932 390 et
960 359 1099 391 saeculari

82 426 100 440 ι
113 409 272 453 sapientiae
289 408 482 440 confidenter
500 409 633 440 nimium
652 410 864 447 inhaerebant,
888 411 1073 444 abhorreret
1087 437 1095 450 ‚

37 486 53 503 m
84 481 101 494 a·
113 471 146 497 et
165 464 205 496 de
219 463 334 495 talibus
350 463 511 494 sinistrum
529 463 607 505 quid
627 464 770 495 recitanti
788 464 878 496 facile
897 476 1004 496 aurem
1021 476 1099 508 11116-

55 508 100 561 {a
115 518 214 550 beret.
234 532 248 544 n
270 516 347 548 Haee
369 516 497 559 quidem
525 520 605 548 Otto
633 518 666 548 in
690 517 773 549 libro
799 518 903 560 primo
934 519 974 550 de
994 520 1100 550 Gestis

74 571 233 606 ,Friderici
250 595 258 609 ,
287 581 357 613 cap.
380 573 445 608 4⁷3
470 570 526 602 sed
554 571 718 602 occasione
745 572 879 603 Gilberti
906 573 1069 603 Porretani
1089 597 1097 611 ‚

80 636 154 670 quae
168 632 276 657 tamen
294 625 390 656 etiam
406 625 439 656 in
457 625 630 657 Abaelardi
656 626 788 667 gratiam
811 625 953 657 inflectit.
971 628 1014 657 At
1030 638 1101 658 cum

81 685 215 712 ‘testante
230 679 391 711 Radevico
411 680 445 710 in
461 679 543 710 libro
561 679 700 710 seeundo
726 679 766 710 de
791 679 896 710 Gestis
923 679 1075 711 Friderici
1090 705 1097 717 ,

83 745 156 778 cap.
191 734 228 766 1'1
244 758 252 773 ‚
282 737 359 766 Otto
386 734 519 766 nimium
553 734 698 766 Gilberto
733 733 876 764 addictus
893 757 900 771 ‚
935 740 1103 776 appetente

82 794 185 822 morte
203 788 328 831 petierit
344 813 353 826 ,
382 794 418 820 ut
440 789 465 820 si
484 788 560 831 quid
583 799 642 831 pro
661 788 759 830 ipsius
787 788 942 819 sententia
972 788 1103 819 dixisset

46 831 170 888 iffi-*quod
184 843 363 885 quempiam
379 850 485 886 posset
501 842 663 874 offendere
678 866 684 880 ,
707 842 785 872 illud
801 843 1024 883 corrigeretur3
1042 841 1104 873 hoo

47 898 78 945 ,Ἃ
84 904 323 931 retractatorum
352 897 422 930 loco
449 897 632 929 habendum
655 902 711 928 est.
738 901 806 928 Imo
833 896 900 938 ipse
926 898 1002 927 Otto
1031 896 1103 927 satis

52 949 239 1005 {expressit
253 952 286 983 in
303 952 567 994 consequentibus
581 977 588 989 ‚
609 952 683 994 quid
704 951 743 982 de
760 949 942 983 Abaelardo
962 950 1101 982 sentiret.

53 1007 74 1045 τ’
86 1010 134 1040 lta
151 1006 236 1038 enim
258 1006 298 1038 de
316 1007 372 1039 illo
395 1007 506 1039 scribit
525 1018 532 1038 ς
551 1022 564 1034 α
583 1010 614 1038 Is
634 1007 812 1038 litterarum
835 1004 945 1036 studiis
971 1005 1103 1047 aliisque

61 1071 102 1106 5²³
120 1060 240 1093 facetiis
253 1061 294 1093 ab
314 1063 443 1093 ineunte
464 1067 555 1093 aetate
579 1061 705 1093 deditus
731 1060 809 1098 fuit3
843 1058 898 1090 sed
925 1065 990 1090 tam
1014 1070 1103 1092 arro-

87 1131 104 1144 »
118 1127 194 1159 gans
208 1141 218 1155 ‚
237 1127 359 1158 suoque
368 1123 493 1149 tantum
513 1117 638 1159 ingenio
658 1116 820 1148 confidens
838 1140 845 1153 ‚
874 1120 906 1145 ut
922 1114 972 1145 vix
991 1115 1032 1146 ad
1051 1127 1104 1147 au·

60 1169 101 1210 {n
118 1171 250 1203 diendos
275 1171 440 1214 magistros
465 1171 506 1203 ab
528 1171 695 1203 altitudine
724 1171 838 1202 mentis
862 1180 925 1201 suae
956 1170 1104 1202 humilia-

63 1231 70 1258 s
91 1231 168 1258 -tus
186 1226 404 1259 descenderet.
424 1241 437 1254 n
458 1230 498 1258 Et
517 1225 599 1258 infra
618 1237 625 1258 :
649 1241 661 1253 «ι
681 1225 876 1258 Sententiam
894 1236 970 1267 ergo
991 1236 1105 1257 vocum

61 1311 67 1314 .
87 1295 103 1307 ι·
119 1290 174 1311 seu
191 1279 356 1311 nominum
375 1279 408 1311 in
431 1280 568 1312 naturali
587 1286 698 1312 tenens
718 1279 866 1311 facultate
880 1304 888 1318 ‚
920 1290 986 1310 non
1015 1287 1106 1312 caute

87 1349 102 1362 ι
116 1334 281 1377 theologiae
305 1334 482 1366 admiscuit.
501 1338 610 1377 Quare
627 1334 666 1366 de
687 1341 793 1366 sancta
814 1334 971 1365 Trinitate
989 1334 1105 1366 docens

89 1404 104 1418 ι
121 1395 154 1421 et
170 1389 312 1421 scribens
324 1414 333 1429 ,
363 1396 427 1422 tres
445 1400 596 1434 personas
600 1415 661 1421 .....
696 1389 790 1421 nimis
819 1395 986 1421 attenuans
1000 1414 1007 1427 ‚
1040 1401 1106 1421 non

59 1449 70 1486 ,ᾗ
90 1459 105 1473 ι
121 1444 214 1476 110015
235 1455 308 1476 115115
330 1444 502 1488 exemplis,
523 1460 536 1472 n
553 1451 613 1477 etc.
632 1445 726 1478 Adde
745 1445 832 1488 quod
853 1444 1051 1477 Abaelardus
1074 1446 1107 1476 in

60 1527 62 1532 ,
88 1499 209 1543 synodo
229 1499 470 1539 suessionensi,
493 1502 614 1533 Ottone
640 1501 708 1544 ipso
738 1500 876 1538 fatente,
911 1500 1107 1532 Sabellianus

66 1551 73 1587 ’.
87 1554 252 1587 haereticus
268 1561 316 1586 est
334 1555 505 1598 judicatus.
535 1559 614 1588 Haec
638 1567 698 1599 pro
715 1556 842 1588 Ottonis
862 1555 1010 1587 adversus
1037 1558 1110 1587 Ber-

54 1609 226 1651 {nardum
253 1610 450 1642 auctoritate.
481 1613 556 1642 Jam
582 1610 720 1642 secundo
740 1611 809 1642 loco
835 1609 996 1653 profertur
1024 1610 1110 1641 Petri

52 1663 71 1690 Is
88 1662 287 1695 'Venerabilis
314 1674 374 1706 pro
398 1663 582 1696 Abaelardo
618 1664 833 1696 testimonium
861 1664 917 1706 qui
945 1665 1010 1707 jam
1035 1664 1110 1697 cita-

89 1723 155 1750 tam
175 1717 315 1750 scribens
334 1718 500 1762 epistolam
518 1719 560 1751 ad
584 1719 762 1751 Heloissam
782 1744 790 1758 ,
813 1719 853 1750 de
874 1718 929 1750 illo
953 1719 1106 1758 affirmat,

48 1768 65 1787 ³
90 1772 176 1816 quod
195 1788 209 1800 u
227 1783 286 1805 nec
305 1776 484 1806 Germanus
506 1785 545 1805 eo
564 1774 718 1816 abjectior
737 1798 744 1812 ,
766 1785 826 1805 060
854 1773 919 1817 ipse
947 1773 1107 1806 Martinus

63 1820 74 1825 μ
92 1843 106 1856 n
125 1828 296 1872 pauperior
312 1826 505 1872 ‘apparereh
523 1845 537 1857 ι»
569 1833 617 1861 Ι13
646 1840 720 1861 rere
748 1832 858 1861 Petrus
895 1828 1111 1861 Cluniacensis

63 1907 68 1911 .
90 1889 262 1915 extremam
290 1883 362 1915 vitae
389 1883 557 1926 periodum
575 1909 582 1923 ,
616 1894 713 1926 quam
739 1883 936 1915 „abaelardus
967 1884 1109 1916 Cluniaci

53 1967 65 1972 -
89 1938 208 1980 exegit,
235 1937 426 1970 describens.
444 1942 489 1970 At
516 1938 671 1981 numquid
693 1938 733 1970 de
756 1937 867 1969 futuris
895 1938 962 1981 ejus
990 1937 1110 1970 meritis

46 1985 72 2026 ⁵.v
89 1992 270 2026 Bernardus
285 1992 538 2036 digladiahatur‚
566 2000 603 2025 ut
619 2000 729 2026 contra
747 1994 852 2025 larvas
875 1992 1040 2025 dimicasse
1063 1992 1110 2023 di-

54 2043 66 2093 1
91 2048 213 2080 06011115
233 2048 299 2080 sit?
325 2049 454 2092 Optime
478 2049 661 2082 Clironicon
691 2049 920 2087 Chrniacense,
952 2049 985 2079 in
1014 2052 1109 2080 Petro

56 2111 66 2123 ·'
92 2102 276 2135 Venerabili
300 2115 308 2135 :
332 2118 346 2132 ι
363 2103 561 2136 Abaelardus
575 2129 583 2144 ,
604 2119 617 2131 n
637 2103 758 2146 inquit,
792 2119 805 2130 u
823 2107 934 2135 Petrus
957 2102 1086 2134 nomine
1099 2128 1106 2142 ‚

54 2156 62 2169 ¹
103 2157 144 2190 ab
163 2157 331 2190 erroribus
357 2159 433 2190 fidei
461 2170 519 2202 per
550 2163 682 2191 Petrum
709 2158 935 2190 Venerabilem
961 2157 1109 2189 abbatem

60 2240 62 2243 ,
93 2226 110 2238 w
127 2218 270 2244 nostrum
290 2217 321 2244 et
349 2215 382 2245 S.
407 2213 605 2245 Bernardum
634 2212 784 2248 abbatem
814 2211 1111 2243 Clarae-Vallensem

93 2280 108 2294 ι
123 2273 308 2308 revocatus,
330 2278 400 2310 quae
425 2274 518 2300 antea
536 2268 577 2300 de
596 2268 658 2300 fide
677 2267 946 2310 dogmatizaverat
964 2266 1084 2310 perfide
1097 2282 1110 2294 n

54 2337 69 2363 .“.
92 2318 244 2364 (supple,
271 2321 459 2364 abjurans‚)
477 2337 491 2349 «ι
512 2322 686 2354 monachus
706 2321 922 2354 Cluniaceusis
937 2320 1036 2352 factus
1052 2328 1110 2353 est.

55 2364 67 2427 ,ἒ
94 2376 164 2405 »Et
181 2374 296 2406 deinde
312 2385 403 2407 mens
421 2375 509 2418 ejus,
535 2376 643 2418 lingua
672 2375 755 2418 ejus,
784 2386 862 2418 opus
892 2375 958 2417 ejus
988 2386 1112 2418 semper

55 2419 109 2465 ‚⁴2-
125 2427 234 2463 divina
250 2429 378 2461 fuere...
410 2433 450 2462 Et
474 2430 554 2462 sicut
573 2430 612 2461 de
642 2433 761 2473 Magno
793 2429 950 2472 Gregorio
976 2429 1088 2472 legitur
1103 2453 1110 2467 ,

51 2453 108 2578 ξ·
125 2488 320 2514 momentum
346 2482 476 2525 aliquod
502 2483 665 2525 praeterire
695 2483 819 2514 solebat
848 2483 978 2514 minime
997 2507 1004 2521 ‚
1034 2483 1112 2525 quin

74 2548 109 2566 ,ι
125 2546 251 2579 semper
278 2543 335 2568 aut
359 2543 486 2575 oraret,
519 2543 575 2568 aut
599 2537 734 2579 legeret,
771 2543 825 2568 aut
855 2536 1027 2573 scriberet,
1057 2542 1110 2567 aut

52 2578 79 2638 ἐξ
95 2602 110 2617 1·
127 2589 310 2622 dictaret....
339 2592 449 2631 Quare
478 2590 581 2633 ipsum
615 2594 728 2622 Petrus
750 2590 952 2622 Venerabilis
977 2590 1108 2621 sollicite

55 2646 75 2687 ζ
94 2643 367 2682 ιο0111106011305,
393 2659 408 2670 >2
439 2650 502 2676 etc.
531 2645 754 2686 Congeruntur
786 2643 923 2686 denique
952 2644 1045 2686 plura
1077 2643 1109 2673 id

57 2695 189 2742 i-genus
210 2703 412 2740 argumenta,
449 2698 499 2729 vel
524 2698 686 2740 ingenium
713 2697 771 2728 viri
787 2722 794 2736 ‚
831 2698 881 2729 vel
912 2687 1108 2733 doctrinam}

52 2740 77 2782 ‚¹
92 2750 143 2789 ‚vel
157 2752 313 2794 optimum
331 2751 440 2783 mortis
458 2762 555 2794 genus
571 2752 774 2789 extollentia,
801 2751 890 2793 (111351
909 2750 1025 2782 horum
1051 2750 1108 2781 ali-

49 2786 169 3006 }quid
186 2805 365 2837 Bernardus
380 2805 419 2836 sit
434 2805 600 2836 inficiatus.

23 243 27 261 l

139 2861 181 2891 ΙΙ.
200 2861 318 2892 Contra
338 2858 496 2902 synodum
520 2860 735 2890 Senonensem
763 2857 902 2889 defectus
925 2856 1107 2900 potestatis.

92 2921 148 2944 seu
171 2911 400 2954 jurisdictionis
428 2911 620 2950 adducitur,
651 2912 736 2954 quod
765 2923 868 2954 neque
897 2910 1106 2947 Senonensis‚

93 2974 197 3008 neque
211 2966 378 2998 Remensis
394 2965 642 3009 archiepiscopi,
672 2966 726 3008 qui
748 2966 882 2997 concilio
911 2965 1081 2996 intererant
1100 2988 1106 3000 ,

56 3006 144 3071 §jus
170 3018 326 3052 haberent
351 3020 385 3051 in
407 3019 626 3052 Abaelardum
657 3019 808 3051 abbatem
835 3016 1111 3051 Sancti-Gildasii

60 3082 78 3120 ss
95 3070 236 3104 dioecesis
265 3073 484 3112 venetensi53
513 3072 569 3104 sed
599 3072 797 3104 Turonensis
829 3070 1029 3113 metropolita
1058 3068 1110 3110 qui

64 3134 74 3160 i
95 3125 215 3159 aberat.
245 3131 368 3159 Verum
386 3128 454 3170 jam
473 3134 547 3160 ante
575 3127 744 3159 duodecim
770 3138 870 3159 annos
891 3126 923 3157 in
941 3124 1111 3156 oratorium

67 3175 78 3191 ”
96 3181 306 3214 Pax-aelitense
331 3181 471 3214 dioecesis
491 3182 656 3214 Treceusis
684 3193 830 3213 reversus
843 3207 850 3220 ,
877 3179 1111 3222 archiepiscopo

61 3235 77 3256 ³
94 3235 270 3268 Senoneusi
298 3236 437 3270 suberat.
458 3237 582 3269 Deinde
600 3248 654 3269 eos
678 3236 791 3269 habuit
813 3235 934 3278 judices
960 3244 1039 3275 quos
1061 3244 1110 3264 ex-

63 3287 202 3339 j‘petiit,
235 3297 270 3323 ut
292 3296 426 3323 testatur
452 3291 631 3323 Bernardus
659 3290 692 3322 in
719 3291 851 3333 epistola
876 3292 959 3325 191,
986 3286 1112 3318 nomine

59 3343 221 3393 *manilii
237 3345 278 3377 ad
294 3346 517 3378 Innocentium
534 3346 663 3389 scripta.
684 3361 697 3373 κ
715 3349 746 3378 Α
764 3345 833 3376 loco
845 3369 853 3383 ‚
871 3359 883 3371 n
902 3342 1004 3384 inquit
1019 3367 1027 3380 ,
1051 3356 1063 3367 ιι
1082 3347 1111 3372 et

64 3399 83 3442 ἦ
99 3410 114 3424 ²
127 3398 252 3440 judice,
267 3410 363 3442 quem
378 3399 438 3432 sibi
457 3400 613 3443 elegerat,
646 3399 759 3431 Sedem
782 3397 984 3441 apostolicam
1005 3395 1095 3437 appel

249 3471 339 3495 Tou.
372 3473 398 3496 1.

50 3673 106 3936 mamm

566 169 836 206 LECTIONES
865 172 1144 209 VARIANTES
1174 177 1234 212 ET
1265 180 1408 217 NOTAE
1437 184 1685 222 FUSIORES.

2086 199 2160 234 898

1165 269 1178 281 ¹·
1197 255 1283 287 lavit.
1303 272 1315 283 »ι
1332 261 1404 290 Non
1423 260 1507 290 enim
1524 267 1647 293 sanetus
1664 262 1759 294 abbas
1775 267 1969 303 Bernartius,
1990 276 2020 300 ut
2037 273 2163 312 quidam

1165 309 1314 341 falluntur
1333 335 1340 349 ‚
1360 311 1443 343 hanc
1466 314 1497 344 in
1515 314 1725 347 Abaelardum
1744 319 1894 360 synodum
1910 322 2071 361 excitarim
2088 328 2163 367 quin

1164 363 1232 405 ipse
1245 367 1276 396 S.
1290 367 1484 398 Bernardum
1499 369 1702 402 reluctantem
1715 377 1744 402 et
1762 372 1894 404 invitum
1907 385 1944 404 eo
1957 377 2103 410 accedere
2119 391 2170 411 co-

1166 418 1239 459 egit,
1256 419 1342 460 quod
1358 422 1520 454 manifeste
1538 424 1645 455 asserit
1664 427 1695 457 S.
1709 428 1827 457 Doctor
1846 427 1878 458 in
1897 429 2034 470 epistolis
2059 437 2118 464 187
2139 441 2169 466 ct

1174 475 1234 504 189
1257 484 1264 509 ;
1295 485 1419 506 necnon
1451 477 1620 509 Gaufridus
1658 479 1940 513 Autissiodorensis
1957 507 1964 520 ‚
2001 484 2169 519 Abaelardi

1167 527 1326 567 quondam
1356 529 1527 572 discipulus
1545 555 1553 569 ‚
1580 533 1633 573 qui
1662 533 1704 564 sic
1726 535 1956 568 Commentario
1988 538 2019 568 iu
2048 543 2167 582 Apoca-

1167 580 1270 623 lypsin
1287 581 1428 623 loquitur
1448 594 1455 614 :
1473 600 1488 610 u
1507 588 1666 627 Expetens
1678 586 1812 628 ‹leuique
1832 590 2042 622 Scnonenscm
2060 600 2171 625 metro-

1171 635 1374 677 ”politanum
1394 637 1637 681 (Abaelardus)
1671 641 1755 682 quod
1783 642 1814 672 in
1840 643 1906 684 ejus
1935 645 2062 676 ecclesia
2092 648 2171 678 cele-

1172 705 1184 716 »
1203 690 1360 722 brandum
1388 692 1469 723 foret
1495 693 1528 724 in
1550 695 1691 736 proximo
1713 696 1831 737 grande
1848 697 2030 737 concilium,
2061 702 2173 734 (313116-

1172 759 1185 771 =
1205 745 1386 777 Vallensem
1403 753 1548 778 causatur
1565 748 1713 780 abbatem
1733 749 1796 781 suis
1813 750 1846 781 10
1866 753 1986 783 06011110
2010 753 2173 787 detrahere

1172 813 1184 825 n
1203 797 1301 830 libris.
1328 800 1428 832 Addit
1458 811 1584 843 1111011116
1611 809 1758 845 paratum
1775 815 1806 835 se
1829 815 1895 836 esse
1915 805 1946 836 in
1967 807 2092 848 publico
2117 819 2174 840 sua

1173 867 1186 878 u
1204 851 1374 885 defendere
1390 854 1503 897 scripta
1514 879 1522 893 ,
1541 867 1654 898 rogans
1671 862 1703 888 ut
1722 857 1889 899 praedictns
1904 859 2000 890 abbas
2014 885 2021 895 ,
2037 860 2174 894 dicturus

1173 920 1185 931 υ
1208 905 1231 936 51
1252 906 1329 948 quid
1345 907 1477 940 haberet
1491 934 1498 947 ‚
1526 909 1565 940 ad
1588 910 1753 941 concilium
1771 917 1943 943 vocaretur.
1962 928 1974 939 n
2006 917 2103 945 Recte
2121 915 2173 957 igi—

1171 964 1224 990 tur
1239 959 1404 992 damnatus
1429 968 1494 1001 est,
1513 974 1584 994 cum
1602 964 1737 1006 cujusvis
1754 964 1785 995 in
1808 966 2038 998 consentientes
2062 968 2098 999 sit
2123 970 2174 1011 ju-

1171 1012 1325 1052 risdictiO,
1347 1015 1493 1057 inquiunt
1512 1017 1685 1049 Juriscons.
1704 1018 1724 1048 l.
1745 1021 1775 1055 2,
1793 1018 1832 1049 de
1847 1019 1920 1050 Jud.
1941 1021 2085 1052 Secunda
2103 1034 2170 1064 quse

1172 1067 1342 1100 adhibetur
1370 1070 1514 1102 machina
1548 1071 1587 1102 ad
1620 1072 1870 1109 labefactandam
1900 1074 2011 1116 synodi
2038 1079 2172 1108 auctori-

1172 1127 1268 1153 tatem
1285 1146 1292 1158 ‚
1320 1125 1530 1156 testimonium
1555 1132 1600 1157 est
1631 1127 1715 1158 Petri
1742 1128 1919 1169 Berengarii
1944 1129 2146 1162 pictaviensis
2162 1157 2170 1169 ,

1173 1177 1224 1218 qui
1246 1176 1277 1208 in
1294 1178 1446 1220 Apologia
1472 1190 1528 1221 pro
1549 1179 1728 1211 Abaelardo
1748 1192 1804 1212 suo
1821 1188 2012 1225 praeceptore
2028 1184 2173 1217 adversus

1173 1233 1282 1262 Patres
1305 1233 1448 1270 concilii,
1476 1233 1641 1276 ipsumque
1660 1235 1856 1266 Bernardum
1875 1247 1893 1267 a
1917 1247 1948 1267 se
1976 1238 2147 1280 conscripta
2165 1264 2173 1277 ,

1173 1291 1235 1317 tam
1262 1287 1373 1329 putida
1398 1288 1561 1320 mendacia
1588 1289 1724 1327 evomit,
1758 1295 1885 1331 tamque
1914 1290 2037 1332 indigna
2064 1293 2176 1324 calum-

1173 1340 1299 1372 niarum
1318 1348 1460 1374 monstra
1472 1366 1480 1380 ,
1505 1349 1539 1374 ut
1563 1343 1678 1374 mirum
1696 1343 1734 1374 sit
1751 1354 1768 1373 a
1785 1342 1850 1374 viro
1869 1344 1996 1375 cordato
2013 1347 2175 1383 sustineri,

1175 1395 1222 1426 vel
1239 1395 1352 1427 adduci
1369 1396 1401 1427 in
1418 1396 1557 1428 medium
1575 1396 1652 1428 adeo
1671 1397 1798 1439 perditae
1818 1397 1926 1428 frontis
1945 1405 1971 1429 et
1990 1399 2061 1430 fidei
2082 1399 2179 1432 homi-

1174 1460 1245 1480 nem
1257 1474 1264 1487 ‚
1296 1450 1350 1492 qui
1378 1450 1574 1482 venerabiles
1590 1451 1752 1494 episcopos
1767 1475 1774 1488 ,
1804 1467 1818 1477 α
1836 1451 1938 1482 ebrios
1951 1477 1958 1490 ‚
1979 1463 2069 1484 canes
2083 1477 2090 1490 ‚
2108 1466 2178 1496 poi>-

1176 1520 1191 1530 n
1208 1516 1260 1536 cos
1275 1530 1283 1542 ,
1302 1521 1315 1532 n
1334 1506 1464 1548 aliisque
1492 1507 1618 1550 probris
1645 1506 1802 1538 lacessitos
1825 1507 1905 1537 ridet
1922 1532 1929 1545 ‚
1948 1518 1981 1538 se
1998 1508 2098 1550 ipsum
2113 1520 2175 1540 nou
2198 1500 2201 1501 ⁷

1176 1565 1299 1591 tantum
1317 1561 1454 1592 ludibrio
1469 1586 1476 1600 ‚
1496 1562 1551 1594 sed
1564 1563 1655 1605 justae
1679 1563 1833 1593 lectorum
1850 1562 2055 1604 indignationi
2079 1575 2175 1606 expo-

1177 1625 1264 1646 nens.
1283 1614 1343 1646 Sed
1361 1614 1519 1646 videamus
1535 1615 1609 1657 quid
1625 1615 1749 1646 tandein
1766 1614 1869 1645 sanior
1884 1614 1983 1645 faetus
2000 1615 2039 1646 dc
2055 1618 2085 1647 S.
2105 1619 2176 1647 Βον-

1176 1668 1276 1700 nardo
1295 1668 1453 1711 scripserit
1469 1668 1507 1700 ad
1525 1669 1707 1712 episcopum
1723 1668 1941 1701 Mimatensem
1957 1680 1964 1700 z
1981 1685 1994 1696 u
2015 1670 2077 1702 Sed
2096 1682 2150 1702 cur
2168 1697 2174 1710 ‚

1178 1738 1190 1750 ι
1207 1723 1354 1765 inquiunt
1369 1747 1377 1761 ‚
1397 1724 1520 1766 expleto
1540 1724 1641 1766 primo
1655 1723 1813 1755 volumine
1827 1747 1835 1760 ,
1853 1723 2023 1755 secuudum
2037 1748 2044 1761 ‚
2063 1732 2094 1756 ut
2109 1737 2178 1768 spo-

1179 1794 1193 1805 »
1210 1777 1365 1821 ponderas
1377 1803 1384 1817 ,
1411 1789 1477 1810 non
1493 1779 1573 1810 texis
1588 1781 1600 1810 Ρ
1628 1778 1713 1819 Quia
1731 1788 1880 1821 processu
1899 1778 2047 1820 temporis
2071 1790 2173 1811 meum

1180 1849 1193 1861 n
1213 1844 1323 1876 sapere
1350 1833 1447 1865 crevit
1461 1857 1469 1870 ‚
1495 1840 1524 1864 et
1552 1833 1584 1864 in
1603 1833 1788 1864 sententiam
1807 1831 1942 1864 Abbatis
1961 1848 1972 1858 ‚‚
1988 1832 2175 1874 (Bernardi)

1176 1904 1188 1915 «
1210 1888 1344 1931 pedibus
1361 1913 1368 1925 ,
1397 1894 1428 1919 ut
1445 1888 1577 1925 dicitur,
1600 1888 1652 1918 ivi.
1669 1888 1764 1919 Nolui
1783 1898 1849 1919 esse
1863 1892 2011 1929 patronus
2027 1888 2178 1930 capitulo-

1176 1958 1189 1970 »
1209 1954 1279 1974 rum
1307 1942 1502 1985 objectorum
1532 1940 1734 1978 Abaelardo‚
1771 1941 1845 1983 quia
1873 1940 1929 1971 etsi
1958 1951 2067 1971 sanum
2093 1953 2164 1984 sape

1176 2013 1188 2025 u
1210 2004 1279 2029 rent
1295 2022 1302 2033 .
1330 2008 1392 2028 non
1411 2008 1487 2029 sane
1507 1997 1670 2028 sonabant.
1688 1999 1856 2038 Postquam
1878 1995 1994 2037 igitur,
2014 1994 2155 2037 inquiunt
2173 2021 2178 2033 ‚

1177 2064 1226 2084 »a
1248 2053 1388 2085 secundo
1406 2052 1489 2084 libro
1520 2063 1630 2084 manus
1654 2051 1797 2094 torpuit,
1827 2061 1923 2092 quare
1951 2050 2088 2092 primum
2117 2062 2180 2082 non

1178 2124 1190 2135 n
1209 2108 1337 2139 rasisti?
1368 2108 1521 2139 Fecissem
1542 2107 1601 2138 hoc
1618 2132 1626 2145 ,
1658 2107 1784 2148 inquam
1799 2130 1806 2142 ,
1835 2104 1896 2135 nisi
1919 2114 2004 2135 cassa
2031 2111 2109 2136 esset
2132 2106 2179 2136 10-

1178 2179 1190 2190 »
1211 2162 1330 2194 dustria
1346 2175 1354 2201 ;
1377 2168 1575 2193 remanerent
1594 2161 1677 2192 enim
1696 2160 1906 2202 exemplaria,
1927 2173 1939 2185 υ
1957 2165 2015 2189 etc.

1223 2220 1282 2249 III.
1303 2221 1376 2250 Jam
1397 2227 1471 2248 vero
1495 2216 1585 2248 tertio
1614 2216 1681 2246 loco
1707 2214 1852 2245 adversus
1869 2212 2003 2244 Romani
2023 2212 2180 2243 Pontificis

1173 2270 1326 2314 judicium
1343 2270 1508 2301 immatura
1523 2269 1681 2300 sententia*
1704 2267 1844 2299 celeritas
1869 2265 2077 2308 praesumssur,
2097 2266 2181 2306 quod

1176 2336 1268 2357 causa
1293 2335 1357 2355 1100
1381 2323 1517 2355 1115011553
1540 2322 1754 2354 Abaelardum
1779 2319 1952 2351 inauditum
1975 2318 2178 2349 damnaverit.

1174 2382 1293 2410 Verum
1312 2388 1417 2408 nonne
1433 2376 1628 2407 sufficiebant
1642 2379 1722 2407 Acta
1738 2372 1859 2405 concilii
1876 2371 2060 2403 Senouensis
2078 2371 2117 2401 ad
2135 2371 2180 2401 10-

1175 2431 1355 2462 struendam
1373 2440 1496 2461 causam
1508 2454 1515 2466 ,
1535 2429 1584 2459 cui
1604 2427 1798 2459 Abaelardus
1814 2435 1949 2467 praesens
1963 2423 2086 2454 adfuit?
2101 2424 2179 2464 Quis

1175 2485 1379 2517 cardinalium
1402 2484 1451 2514 vel
1476 2483 1658 2514 clericorum
1683 2482 1716 2511 in
1734 2483 1877 2512 Romana
1899 2477 1983 2508 curia
2005 2476 2099 2518 ipsius
2122 2476 2177 2506 do-

1174 2545 1276 2581 gmata
1292 2536 1467 2574 nesciebat,
1492 2536 1538 2566 vel
1552 2559 1560 2573 ,
1577 2535 1601 2565 51
1616 2534 1660 2565 fas
1682 2533 1804 2569 fuisset,
1829 2542 1847 2562 a
1869 2539 1997 2561 censura
2020 2527 2176 2559 vindicare

1173 2603 1237 2623 000
1254 2596 1401 2622 tentasset
1418 2595 1593 2624 auctorem,
1615 2598 1706 2629 quem
1720 2584 1845 2628 plurimi
1858 2594 1898 2614 ex
1916 2582 1974 2612 illis
1994 2581 2172 2622 magistrum

1173 2645 1372 2676 habuerant?
1394 2645 1521 2674 Maneat
1545 2641 1648 2682 itaque
1664 2637 1840 2671 Innocentii
1858 2634 2009 2667 sententia
2021 2658 2028 2670 ‚
2053 2640 2175 2664 maneat

1173 2698 1291 2729 illibata
1308 2696 1431 2728 concilii
1444 2694 1630 2726 Senoneusis
1646 2699 1675 2723 et
1697 2695 1726 2723 S.
1742 2688 1893 2723 Bernardi
1909 2686 2091 2724 auctoritas,
2109 2697 2175 2716 113-

1173 2757 1245 2781 ncat
1260 2748 1438 2782 Abaelardo
1457 2758 1520 2778 non
1541 2747 1599 2777 alia
1621 2744 1727 2776 tuendi
1749 2742 1862 2775 erroris
1877 2741 1955 2772 ratio
1967 2764 1974 2777 ‚
1995 2750 2087 2780 quam
2106 2739 2176 2770 xiiae

1173 2804 1348 2845 cri-orisque
1365 2801 1526 2833 correctio.
1542 2803 1643 2841 Quam
1659 2799 1761 2829 sanius
1775 2803 1857 2828 certe
1873 2794 2014 2826 Heloissa
2034 2793 2086 2823 illa
2108 2798 2178 2834 post

1173 2857 1343 2890 Abaelardi
1365 2856 1411 2887 sui
1433 2861 1564 2886 mortem
1581 2864 1597 2884 a
1614 2857 1702 2884 Petro
1723 2849 1903 2882 Venerabili
1916 2846 2096 2890 expoposcit
2110 2848 2175 2888 ejus

1174 2911 1401 2943 absolutionem
1413 2909 1508 2951 ipsius
1522 2906 1691 2939 Abaelardi
1704 2905 1822 2936 1111111110
1837 2901 2054 2945 apponendam
2065 2901 2177 2942 (exstat

1173 2967 1206 2997 in
1231 2964 1423 2997 Bibliotheca
1449 2961 1642 2994 Cluniacensi
1668 2967 1697 2992 et
1723 2960 1803 2990 iuter
1828 2961 1933 3000 Opera
1963 2953 2172 2993 Abaelardi);

1174 3030 1266 3061 quam
1283 3017 1425 3049 nonnulli
1439 3016 1580 3048 texendis
1594 3019 1618 3046 A
1625 3014 1755 3057 pologiis
1769 3011 1951 3044 incumbunt
1963 3035 1970 3047 ,
1987 3009 2023 3040 ad
2039 3018 2176 3039 errorum

1174 3071 1422 3107 excusationem,
1451 3080 1528 3111 quos
1549 3069 1615 3111 ipse
1641 3066 1783 3109 lacrj-inis
1803 3071 1832 3096 et
1855 3061 2035 3106 poenitentia
2060 3060 2176 3090 diluere

1174 3126 1214 3157 ad
1229 3125 1371 3156 ultimum
1384 3134 1447 3154 non
1461 3122 1602 3154 cessavit.
1619 3121 1679 3153 Sed
1693 3121 1731 3152 de
1742 3120 1790 3150 his
1804 3118 1889 3149 satis.

1225 3182 1291 3211 410
1316 3180 1351 3210 C.
1377 3188 1471 3219 quem
1500 3177 1607 3208 dicunt
1636 3175 1864 3208 Sententiarum
1891 3171 1966 3212 ejus.
1999 3187 2044 3191 —-
2076 3168 2174 3206 Negat

1176 3231 1373 3265 Abaelardus
1389 3233 1421 3262 in
1444 3230 1598 3274 Apologia
1615 3240 1671 3260 sua
1684 3253 1691 3266 ‚
1711 3228 1808 3259 ullum
1835 3225 1948 3256 librum
1968 3222 2027 3252 hoc
2051 3218 2174 3275 1101111οθ

1176 3297 1193 3317 3
1212 3296 1244 3317 56
1261 3284 1489 3326 conscriptum,
1517 3283 1650 3324 ideoque
1674 3297 1687 3309 u
1712 3281 1771 3312 hoc
1787 3284 1894 3309 contra
1912 3287 1944 3306 se
1957 3284 2011 3316 per
2027 3271 2175 3326 malitiam

1181 3355 1194 3366 υ
1215 3338 1263 3369 vel
1285 3337 1494 3379 ignorantiam
1514 3336 1668 3379 prolatum
1699 3350 1710 3360 n
1739 3332 1917 3364 criminatur
1935 3338 1943 3357 :
1972 3324 2061 3379 quod·
2081 3328 2173 3377 6113111

1178 3391 1329 3424 chesnius
1360 3391 1392 3420 in
1424 3390 1505 3421 uotis
1536 3388 1653 3419 asserit.
1682 3402 1692 3413 a
1735 3389 1765 3416 S.
1798 3379 1969 3414 Bernardus
1982 3401 1989 3411 ,
2014 3392 2025 3402 υ
2055 3379 2152 3414 ln‘1¹¹¹‘
2164 3396 2171 3409 ‚

1948 3436 1994 3469 Ἤ)
