2565 3952
97 155 171 194 409
219 174 223 177 >

559 311 729 321 ssuxxw=·==
735 312 775 320 ιιι

109 318 118 327 n
125 317 148 326 ια
153 313 379 325 νινιιιιιικιιιιιι
385 314 393 322 ι
399 313 421 322 ιι
427 312 554 322 ιιιιηῑιιι

169 426 541 484 EPISTOLA
587 422 1022 483 CLXXXVII?

118 585 163 609 AD
191 582 387 607 EPISCOPOS
417 581 578 605 SENONAS
612 581 899 615 coxvocaxoos,
930 581 1074 604 CONTRA

346 642 496 666 PETRL'M
541 630 832 665 ABAEIARD1531*.

91 768 209 803 Excitat
220 767 384 811 episcopos
397 765 437 798 ad
452 776 579 798 causam
592 765 749 808 religionis
764 773 874 798 contra
887 767 1103 799 Abaelardum

436 828 561 854 strenue
582 822 747 865 agendam.

138 953 238 993 Exiit
253 967 381 991 sermo
402 953 502 990 inter
519 953 680 999 multos,
700 961 737 989 et
755 952 946 990 credimus
968 952 1015 990 ad
1032 966 1099 991 vos

1032 150 1296 187 EPISTOLAE.

1122 227 1152 245 ¹8

2123 162 2200 199 -ΗΟ

1157 226 1375 265 ⁰succidere
1408 228 1538 278 spinas
1561 257 1572 276 ,
1606 228 1739 266 sedare
1776 233 1963 281 querelas.
2004 237 2063 274 Sic
2097 242 2198 277 enim

778 311 1112 321 „numm-mmm-
1129 290 1157 323 A
1180 289 1366 339 praecepit
1385 292 1538 339 Moyses
1559 303 1646 326 cum
1669 300 1841 329 montem
1860 293 1977 332 subiit
1998 311 2006 333 :
2027 299 2196 346 Habetis,

1177 349 1355 399 inquiens
1370 379 1379 396 ,
1403 355 1534 387 Aaron
1553 361 1587 387 et
1605 354 1686 387 Hm·
1706 352 1898 390 vobiscum
1917 369 1927 390 :
1944 361 1977 392 si
2003 362 2098 406 quid
2123 375 2197 397 mz-

1179 419 1252 447 ttcm
1265 410 1389 459 fuerit
1411 417 1643 460 quoeslz'onis,
1663 412 1830 462 reseretis
1851 418 1906 451 cul
1926 422 2027 465 ipsos
2042 425 2068 456 2.
2084 420 2199 458 Illum

1177 470 1318 520 loquor
1330 475 1491 521 Moysen
1508 502 1516 518 ,
1535 473 1601 522 qui
1620 474 1724 510 venit
1745 487 1814 524 per
1828 488 1965 525 aquam
1981 507 1990 524 ,
2008 486 2045 515 et
2063 492 2140 516 non
2159 481 2198 517 in

1177 544 1276 581 aqua
1298 533 1421 569 solum
1439 562 1448 579 ,
1476 533 1541 570 sed
1565 534 1604 570 in
1627 548 1726 583 aqua
1755 544 1792 572 et
1813 538 2010 586 sanguine.
2038 542 2083 576 Et
2112 541 2198 579 ideo

1171 593 1260 642 plus
1277 607 1392 643 quam
1410 598 1588 644 Moyses,
1614 597 1702 645 quia
1729 605 1766 633 et
1795 597 1836 633 in
1866 600 2052 649 sanguine
2079 603 2197 640 venit.

1170 656 1219 690 Et
1237 655 1421 704 quoniam
1440 669 1512 706 pro
1533 660 1617 694 Hur
1640 665 1677 693 et
1697 661 1828 694 Aaron
1847 667 1921 696 stat
1944 661 2048 698 zelus
2069 671 2106 699 et
2127 677 2198 700 au—

1170 715 1327 752 ctoritas
1345 720 1532 753 Romanae
1555 718 1734 754 Ecclesia}
1755 731 1876 769 super
1892 722 2083 771 populum
2105 725 2196 771 Dei,

1171 776 1219 813 ad
1243 777 1365 827 ipsam
1402 777 1541 815 merito
1568 778 1797 826 referimus,
1831 793 1911 816 non
1939 784 2194 831 quaestiones,

1170 837 1237 875 sed
1259 839 1433 876 laesiones
1456 838 1571 885 fidei,
1598 848 1636 876 et
1664 839 1824 889 injurias
1858 841 2017 890 Christi3
2040 853 2196 894 patrum

1168 898 1313 949 probra
1324 908 1439 950 atque
1457 908 1703 951 contemptus
1722 903 1988 952 3praesentium
2005 906 2196 954 scandala,

1167 960 1606 1011 periculaposterorum.
1626 961 1814 999 Irridetur
1831 963 2063 1014 simplicium
2084 966 2192 1014 fides,

85 1016 301 1068 pervenisse
320 1031 328 1052 :
347 1015 544 1066 quomodo
576 1015 756 1052 Videlicet
793 1015 896 1066 apud
927 1018 1098 1052 Senonas
1115 1026 1143 1060 Β
1164 1022 1428 1059 eviscerantur
1453 1036 1592 1059 arcana
1611 1023 1705 1070 Dei,
1735 1024 1969 1073 quaestiones
2002 1026 2048 1064 de
2083 1029 2192 1066 altis-

85 1079 125 1117 in
159 1078 303 1116 octavis
333 1082 582 1116 Pentecostes
611 1091 818 1124 vocamur,
848 1086 884 1114 et
910 1090 1098 1127 provoca-

85 1153 171 1177 mur
184 1139 233 1177 ad
249 1140 353 1177 litem
372 1153 444 1190 pro
462 1139 685 1177 defensione
702 1139 790 1176 fidei
808 1153 815 1175 :
835 1152 922 1175 cum
942 1152 1097 1176 servum

85 1201 154 1238 Dei
170 1214 249 1238 non
270 1209 448 1251 oporteat
471 1201 632 1251 litigare,
654 1199 721 1237 sed
741 1200 860 1249 magis
886 1200 1096 1250 patientem

84 1275 163 1300 esse
189 1261 237 1298 ad
264 1275 399 1298 omnes
416 1269 440 1298 ¹.
474 1263 510 1299 Si
532 1274 616 1298 mea
642 1260 802 1310 propria
829 1273 943 1296 causa
974 1269 1096 1308 esset,

83 1330 210 1374 posset
241 1335 319 1359 non
352 1322 544 1358 immerito
567 1321 736 1358 fortassis
764 1334 861 1370 puer
887 1321 1098 1358 sanctitatis

83 1392 216 1422 vestrae
236 1383 276 1420 in
296 1391 426 1420 vestro
446 1381 663 1434 patrocinio
687 1381 857 1431 gloriari.
889 1385 1000 1419 Nunc
1025 1395 1097 1418 au-

86 1453 158 1482 tem
179 1444 268 1494 quia
285 1452 322 1480 et
342 1451 468 1480 vestra
487 1451 566 1488 est,
591 1442 668 1479 imo
690 1442 776 1492 plus
804 1450 952 1488 vestra;
975 1441 1097 1479 fiden-

85 1505 156 1543 tius
186 1517 347 1550 moneo,
369 1512 408 1541 et
437 1502 619 1540 obnixius
643 1515 760 1552 rogo,
782 1510 825 1539 ut
853 1503 996 1540 amicos
1026 1516 1095 1540 vos

83 1565 122 1603 in
140 1565 362 1603 necessitate
395 1563 580 1615 probetis.
620 1564 775 1602 Amicos
802 1563 963 1601 dixerim
981 1593 990 1610 ,
1015 1578 1095 1601 11011

83 1634 254 1672 nostros,
275 1625 343 1663 sed
374 1624 538 1671 Christi,
569 1624 678 1674 cujus
708 1638 851 1675 sponsa
881 1625 1018 1662 clamat
1047 1625 1095 1662 ad

82 1701 149 1725 vos
180 1687 220 1724 in
251 1686 346 1724 silva
379 1686 592 1733 haeresum,
621 1694 659 1723 et
679 1685 717 1722 in
742 1694 868 1736 segete
890 1699 1091 1733 errorum,
1122 1721 1125 1723 ,

83 1747 217 1799 quibus
235 1746 307 1785 sub
328 1747 446 1784 tutela
465 1755 503 1784 et
524 1746 698 1784 custodia
718 1756 846 1784 vestra
861 1747 1092 1798 pullulanti-

1166 1084 1270 1121 simis
1304 1083 1418 1121 rebus
1452 1084 1654 1122 temerarie
1687 1086 1949 1133 ventilantur,
1986 1088 2193 1127 insultatur

1165 1145 1364 1195 patribus,
1403 1146 1507 1195 quod
1540 1160 1602 1183 eas
1643 1147 1760 1196 magis
1797 1148 2002 1198 sopiendas
2028 1179 2037 1197 ,
2077 1164 2191 1201 quam

1165 1206 1369 1243 solvendas
1408 1208 1639 1244 censuerint.
1681 1207 1776 1245 Inde
1812 1210 1853 1245 fit
1875 1239 1884 1255 ,
1919 1210 2025 1259 quod
2054 1216 2187 1261 Agnus

1164 1267 1373 1317 paschalis,
1398 1275 1533 1303 contra
1565 1268 1635 1304 Dei
1652 1267 1878 1316 statutum3,
1901 1278 1965 1306 aut
2007 1284 2106 1321 aqua
2128 1286 2195 1309 co—

1166 1328 1312 1377 quitur,
1348 1335 1414 1363 3111
1440 1327 1583 1364 crudus
1616 1328 1873 1378 discerpitur,
1908 1343 2016 1367 more
2049 1340 2087 1368 et
2123 1346 2190 1370 ore

1165 1387 1327 1425 bestiali.
1347 1388 1462 1436 Quod
1482 1388 1678 1425 residuum
1698 1398 1754 1426 est
1771 1419 1780 1436 ,
1800 1403 1879 1427 non
1908 1391 1995 1439 igne
2024 1392 2191 1430 combu—

1166 1449 1278 1494 ritur,
1302 1448 1368 1486 sed
1397 1449 1661 1486 conculcatur.
1689 1453 1747 1487 Ita
1773 1451 1903 1488 omnia
1932 1462 2094 1503 usurpat
2119 1453 2191 1491 sibi

1162 1508 1376 1546 humanum
1392 1509 1588 1559 ingenium
1605 1540 1614 1557 ,
1635 1509 1723 1547 fidei
1741 1511 1793 1547 nil
1818 1524 2030 1550 reservans.
2054 1517 2192 1552 Tentat

1163 1570 1304 1608 altiora
1329 1584 1392 1616 se,
1414 1570 1574 1615 fortiora
1603 1580 1809 1619 scrutatur,
1834 1573 1946 1610 irruit
1971 1574 2009 1611 in
2037 1574 2192 1622 divina,

1163 1640 1293 1669 sancta
1324 1640 1485 1669 temerat
1512 1633 1631 1683 magis
1662 1647 1777 1683 quam
1811 1644 1979 1682 reserat,
2000 1637 2126 1674 clausa
2153 1647 2191 1675 et

1162 1692 1308 1742 signata
1333 1706 1413 1730 non
1443 1694 1568 1743 aperit
1588 1723 1597 1740 ,
1627 1694 1693 1731 sed
1726 1694 1859 1745 diripit
1887 1711 1894 1733 :
1929 1705 1967 1732 et
1998 1697 2189 1748 quidquid

1159 1752 1232 1790 sibi
1258 1767 1339 1791 non
1371 1754 1521 1791 invenit
1553 1755 1754 1805 pervium,
1785 1756 1823 1793 id
1852 1766 1964 1807 putat
1997 1759 2184 1806 nihilum,

80 1809 169 1857 bus,
186 1822 284 1861 pene
311 1808 392 1859 jam
413 1809 638 1846 suffocatur.
672 1810 830 1846 Amicus
858 1809 991 1860 sponsi
1013 1823 1092 1846 non
1113 1819 1140 1855 C
1159 1814 1318 1852 credere
1336 1814 1580 1866 dedignatur,

80 1870 222 1909 deseret
236 1884 318 1908 eam
337 1871 377 1907 in
394 1869 752 1921 opportunitatibus
768 1871 807 1908 in
826 1870 1087 1909 tribulatione.

78 1935 151 1971 Nec
169 1931 378 1978 miremini,
401 1931 506 1982 quod
527 1932 578 1968 ita
604 1931 652 1968 de
673 1931 824 1979 subito,
845 1941 883 1969 et
913 1933 952 1969 in
982 1942 1089 1970 arcto

79 1992 256 2043 temporis
276 2006 347 2030 vos
364 1993 572 2030 invitamus
594 2008 602 2030 z
625 1994 809 2043 quoniam
838 1993 911 2030 hoc
932 2007 1089 2044 quoque

78 2053 230 2091 adversa
247 2067 336 2105 pars
361 2054 401 2090 in
425 2066 492 2091 sua
510 2054 680 2090 versutia
706 2062 743 2090 et
760 2053 964 2091 calliditate
991 2068 1088 2105 pro-

77 2114 185 2162 vidit,
207 2124 249 2152 ut
263 2115 502 2167 improvidos
519 2114 741 2162 invaderet,
762 2123 799 2152 et
816 2115 1001 2166 congredi
1022 2129 1088 2153 co-

65 2184 177 2226 ‚geret
201 2177 439 2215 immunitos.

77 2307 1091 2322 xxxxxxxxxxxxxxxxxxxxxxxxxxxxxxxxxxxxxxxxxxxxxxxxxxxxxxxxxxxx

122 2433 497 2493 EPISTOLA
549 2424 1018 2494 CLXXXVIII.¹'

73 2588 118 2612 An
138 2590 333 2616 EPISCOPOS
360 2593 407 2616 ET
437 2591 669 2616 CARDINALES
699 2592 833 2625 CURIAE,
855 2594 904 2616 DE
938 2593 1082 2619 EODEM.

71 2705 177 2738 Monet
191 2706 231 2739 ad
253 2707 446 2752 vigilandum
465 2709 614 2742 adversus
637 2710 725 2742 Petri
747 2710 920 2744 Abaelardi
945 2723 1081 2745 errores.

71 2837 239 2876 Dominis
271 2849 310 2877 et
343 2840 519 2892 patribus
554 2841 778 2880 reverendis
816 2842 1008 2894 episcopis
1041 2852 1079 2881 et

120 2898 371 2939 cardinalibus
392 2903 459 2954 qui
478 2911 569 2940 sunt
591 2902 638 2940 de
665 2903 791 2950 curia,
814 2917 912 2954 puer
933 2905 1078 2942 sancti-

121 2959 204 2997 tatis
224 2973 372 2999 eorum.

123 3087 155 3125 1.
189 3090 290 3127 Nulli
321 3091 483 3130 dubium
500 3122 509 3140 ,
543 3094 639 3144 quin
680 3093 728 3131 ad
760 3107 830 3131 vos
865 3094 1083 3144 specialiter

71 3156 208 3196 spectet
226 3151 358 3190 tollere
374 3153 553 3192 scandala
573 3154 620 3192 de
639 3168 759 3205 regno
778 3155 864 3203 Dei,
881 3164 1084 3206 surgentes

114 3287 123 3304 ¹
141 3286 171 3314 11
184 3285 263 3317 Tim.
279 3299 323 3322 11,
343 3291 398 3321 24.
419 3309 465 3313 —
483 3296 496 3312 ²
514 3291 617 3324 Exod.
639 3303 735 3331 xxxv,
757 3296 810 3325 14.
826 3313 872 3317 —
890 3291 904 3315 3
922 3294 969 3326 Id.
991 3299 1114 3334 x11‚9.

111 3327 127 3351 ¹³
142 3338 259 3382 Scripta
272 3341 383 3374 eodem
394 3353 490 3375 anno.
508 3364 552 3368 —
565 3350 579 3367 c
596 3349 642 3377 Ita
658 3347 863 3390 manuscripti
882 3348 1114 3381 emendatiores
1132 3359 1139 3380 :

1213 1876 1248 1912 2.
1270 1876 1424 1926 Legite,
1446 1877 1476 1913 si
1493 1877 1637 1927 placet,
1660 1876 1804 1915 librum
1822 1879 1926 1916 Petri
1950 1879 2158 1919 Abaelardi
2176 1913 2185 1930 ,

1157 1950 1272 1987 quem
1303 1937 1393 1974 dicit
1423 1937 1643 1988 Theologiae
1673 1953 1681 1976 ε
1705 1939 1753 1976 ad
1781 1953 1938 1977 manum
1970 1949 2027 1978 est
2054 1942 2186 1990 enim3

1157 2012 1267 2045 cum,
1295 1999 1393 2036 510111
1420 1999 1628 2049 gloriatur,
1659 2013 1679 2036 a
1711 2000 1888 2051 pluribus
1919 2003 2113 2040 lectitetur
2144 2005 2183 2041 in

1156 2059 1261 2096 curia
1283 2074 1290 2096 :
1314 2068 1353 2097 et
1381 2059 1509 2097 videte
1536 2060 1663 2110 qualia
1686 2060 1739 2098 ibi
1765 2061 1811 2099 de
1840 2072 1971 2100 sancta
2000 2064 2185 2101 Trinitate

1156 2119 1353 2167 dicantur,
1380 2121 1427 2158 de
1451 2122 1625 2172 genitura
1653 2123 1737 2160 Filii
1759 2153 1768 2169 ,
1796 2133 1833 2161 et
1863 2124 1910 2162 (10
1936 2126 2184 2176 processione

1163 2182 1328 2231 Spiritus
1362 2183 1508 2229 sancti,
1545 2192 1582 2220 et
1611 2184 1683 2220 alia
1717 2185 1947 2231 innumera,
1988 2187 2183 2225 catholicis

1156 2255 1316 2292 prorsus
1339 2242 1496 2280 auribus
1518 2252 1555 2281 et
1577 2244 1770 2283 mentibus
1792 2246 1973 2285 dissueta.
1993 2251 2126 2299 Legite
2144 2259 2183 2287 et

1158 2304 1294 2351 alium,
1316 2318 1432 2354 quem
1455 2305 1589 2342 dicunt
1610 2308 1896 2345 Sententiarum
1920 2308 2003 2359 ejus
2022 2311 2060 2357 *3
2082 2325 2177 2348 nec-

1159 2377 1238 2402 non
1257 2374 1294 2402 et
1313 2366 1421 2403 illum
1443 2367 1507 2416 qui
1526 2367 1763 2415 inscribitur,
1792 2370 1893 2407 Scito
1915 2379 1950 2407 te
1969 2371 2093 2422 ipsum
2115 2388 2124 2419 3
2143 2382 2180 2410 et

1158 2426 1454 2463 animadvertite
1476 2436 1619 2477 quanta
1639 2437 1677 2464 et
1702 2429 1773 2479 ipsi
1795 2430 1999 2468 silvescant
2023 2442 2148 2482 segete
2164 2440 2177 2455 ⁶

1157 2487 1445 2537 sacrilegiorum
1479 2497 1593 2539 atque
1617 2503 1821 2527 errorum:
1842 2492 1935 2541 quid
1964 2493 2103 2530 sentiat
2129 2494 2176 2531 de

1155 2548 1280 2585 anima
1300 2549 1463 2596 Christi,
1486 2549 1533 2586 de
1555 2563 1722 2600 persona
1744 2551 1900 2599 Christi,
1924 2552 1970 2590 de
1992 2553 2178 2591 descensu

1105 2610 1292 2649 DChristi
1322 2610 1370 2647 ad
1398 2611 1563 2657 inferos,
1595 2611 1642 2649 de
1677 2614 1924 2650 Sacramento
1956 2615 2107 2662 altaris;
2131 2616 2178 2653 de

1151 2680 1343 2723 potestate
1370 2672 1513 2722 ligandi
1543 2681 1657 2722 atque
1688 2674 1889 2721 solvendi,
1922 2675 1968 2712 de
2002 2676 2178 2726 originali

1152 2741 1336 2783 peccato,
1361 2732 1407 2769 de
1435 2733 1773 2783 concupiscentia,
1803 2734 1849 2772 de
1877 2745 2035 2786 peccato
2070 2737 2177 2774 dele—

1153 2793 1358 2839 ctationis,
1387 2793 1434 2830 de
1466 2802 1625 2844 peccato
1654 2795 1911 2842 infirmitatis,
1941 2796 1987 2834 de
2016 2807 2176 2848 peccato

1146 2853 1373 2903 ignorantiae
1394 2884 1403 2901 ,
1440 2854 1487 2892 de
1524 2869 1641 2905 opere
1677 2857 1854 2906 peccati,
1887 2857 1934 2894 de
1977 2859 2176 2896 voluntate

1148 2915 1347 2966 peccandi.
1361 2918 1409 2953 Et
1420 2915 1803 2966 siquidemjticlicatis
1820 2931 1880 2955 me
1894 2917 1997 2968 juste
2012 2920 2174 2966 moveri,

1149 2976 1361 3014 movemini
1395 2986 1432 3014 et
1461 2990 1560 3014 vos:
1585 2992 1628 3015 ac
1664 2991 1712 3015 ne
1743 2979 1884 3016 frustra
1916 2981 2173 3027 moveamini,

1149 3037 1248 3087 agite
1272 3051 1346 3088 pro
1367 3038 1453 3075 loco
1476 3052 1590 3088 quem
1621 3040 1774 3085 tenetis,
1795 3054 1866 3091 pro
1892 3041 2076 3091 dignitate
2098 3055 2173 3091 qua

1150 3099 1329 3149 polletis,
1355 3113 1428 3150 pro
1455 3108 1646 3150 potestate
1679 3115 1794 3151 quam
1824 3103 2046 3153 accepisti53
2074 3117 2173 3152 quo-

1151 3156 1268 3194 modo
1287 3158 1353 3208 qui
1377 3158 1548 3196 ascendit
1575 3173 1695 3210 usque
1727 3160 1775 3197 ad
1801 3161 1941 3208 coelos,
1965 3161 2173 3198 descendat

1481 3296 1494 3311 ἃ
1514 3294 1636 3337 Scripta
1651 3305 1734 3325 anno
1750 3294 1865 3327 Christi
1888 3298 1896 3325 1
1914 3299 1919 3326 1
1935 3297 1989 3326 40.

1161 3347 1191 3379 id
1211 3347 1321 3385 editis,
1339 3354 1473 3393 quantoe
1487 3354 1516 3379 el
1533 3346 1576 3378 ibi
1593 3347 1765 3379 silc-emant
1777 3355 1906 3392 segetes.
