2533 3920
374 247 447 286 103
1139 249 1174 283 S.
1205 248 1458 283 BERNARDI
1487 247 1689 284 ABBATIS
2380 249 2453 286 104

369 328 458 365 hinc
480 335 518 363 et
535 338 658 371 nunc,
680 325 775 361 sicut
796 323 922 360 audivi
936 352 946 369 ,
967 322 1080 360 etiam
1101 323 1248 362 absenti
1268 325 1377 362 dero-

1444 333 1482 361 et
1503 332 1542 360 tu
1566 337 1643 361 non
1670 322 1916 360 confundaris
1930 351 1939 369 ,
1956 322 2086 370 Abba,
2107 329 2218 362 Pater
2235 327 2248 352 ⁴
2270 341 2277 362 ε
2301 339 2451 363 causam

371 400 458 437 gare
488 399 566 423 non
597 398 729 422 cessas.
754 388 840 421 Non
871 383 937 419 tibi
968 383 1189 433 imputetur.
1222 389 1373 422 Possem
1392 384 1421 418 A
1444 383 1574 432 utique
1594 383 1686 419 tanti
1707 382 1850 419 doloris
1868 382 1942 418 mei
1962 396 2040 418 non
2065 384 2177 421 minis
2191 385 2294 434 apud
2314 394 2367 431 te,
2387 387 2453 423 sed

371 447 526 484 forsitan
563 458 743 482 excusare
778 452 815 479 et
855 442 1002 489 dicere,
1038 444 1127 492 quia
1162 444 1213 480 sic
1248 445 1376 481 lascivi

370 507 543 558 pueritiae
583 514 709 542 motus
745 503 945 540 coercendi
979 512 1114 549 erant3
1146 518 1188 540 ac
1216 504 1375 541 rudibus

371 567 478 604 annis
506 565 745 602 debebantur
771 576 903 613 aspera
928 563 990 599 illa
1012 562 1220 612 disciplinzc
1247 564 1375 599 distri-

368 626 499 664 ctioris
529 625 654 671 initia,
677 623 872 673 Scriptura
906 630 1106 658 attestante
1129 651 1138 667 ,
1179 636 1263 671 quae
1293 622 1372 667 ait,

368 689 528 723 Percute
536 687 667 732 filium
685 693 786 719 tunm
808 686 937 731 vitga,
961 692 998 718 ct
1015 682 1188 718 liberabis
1206 687 1372 718 mn'mmn

368 753 446 794 (jus
466 761 490 782 (ι
521 755 635 782 morte
658 751 667 765 ¹
695 760 703 790 3
732 752 769 780 et
788 756 938 780 rursum
956 771 965 787 ,
1002 744 1104 789 Quos
1123 747 1219 778 enim
1249 744 1377 791 diligit

367 811 551 844 Dominus
565 835 575 851 ,
599 808 752 852 corripit
771 819 784 848 ,-
802 804 979 852 flagellat
1005 812 1126 838 autem
1158 816 1303 838 omnem
1315 802 1373 848 fi-

365 872 454 904 litcm
476 880 582 915 quem
600 866 729 913 recipie
745 868 757 884 ²
773 879 783 910 3
809 871 847 899 et
866 862 979 908 illud,
1007 863 1166 898 Utiliora
1185 870 1268 898 sunt
1284 875 1372 897 ver—

365 927 453 963 bera
475 929 608 968 amici,
632 937 745 972 quam
775 924 902 957 oscula
920 925 1064 957 initm'ci
1085 920 1110 958 3.
1135 921 1207 959 Sed
1232 921 1368 968 suerit,

363 996 407 1024 ut
429 986 529 1032 dixi,
552 998 645 1021 meve
667 983 789 1032 culpae
812 981 917 1030 quod
946 981 1147 1017 discessisti
1171 995 1178 1017 :
1209 994 1257 1017 ne
1278 981 1368 1017 dum

362 1048 408 1084 de
426 1054 551 1083 reatus
574 1042 859 1094 perpetratione
888 1040 1134 1077 contenditur
1148 1069 1158 1086 ,
1188 1040 1369 1076 emenda-

1443 442 1736 488 blandimenti53
1757 441 1958 491 precibus,
1984 455 2063 478 non
2088 444 2299 481 terroribus
2324 458 2450 495 agens.

1444 502 1548 539 Alius
1570 502 1728 537 forsitan
1749 501 1857 537 aliter
1879 508 2053 537 tentaret.
2080 505 2125 538 Et
2142 515 2231 539 vere
2252 503 2337 552 quis
2355 504 2451 541 alius

1443 575 1519 597 non
1542 561 1658 610 magis
1683 561 1888 596 discuteret
1908 569 2075 606 reatum,
2099 569 2136 597 et
2160 562 2350 599 incuteret
2370 577 2451 600 me—

1442 629 1520 656 tum
1541 636 1550 666 3
1586 634 1663 656 non
1700 628 1914 669 opponeret
1948 629 2082 657 votum
2101 650 2110 667 ,
2146 629 2184 657 et
2213 632 2451 672 proponeret

1437 680 1646 728 judicium3
1671 694 1749 716 non
1771 688 1947 729 argueret
1968 680 2238 718 inobedientiae
2252 711 2263 728 ,
2292 695 2369 719 non
2391 684 2451 719 in-

1441 740 1662 789 dignaretur
1683 741 1899 790 apostasiae3
1921 741 2025 790 quod
2046 741 2092 778 de
2110 741 2248 778 tunicis
2267 742 2314 778 ad
2336 743 2450 792 pelli-

1440 813 1544 846 ceaS,
1564 800 1610 836 de
1636 799 1805 837 oleribus
1825 800 1871 836 ad
1889 800 2063 848 delicias,
2083 801 2187 851 quod
2205 802 2372 852 denique
2398 803 2447 840 ad

1440 860 1590 897 divitias
1612 861 1658 897 de
1677 869 1900 911 paupertate
1926 862 2148 898 transieris?
2175 862 2247 900 Sed
2265 875 2336 912 ego
2357 863 2449 900 novi

1436 921 1606 957 animum
1623 929 1730 957 tuum
1749 949 1758 966 ,
1783 922 1848 970 qui
1871 921 2015 958 facilius
2039 922 2159 972 possit
2176 935 2306 959 amore
2329 923 2448 970 flecti,

1436 994 1550 1030 quam
1566 981 1702 1018 timore
1716 982 1906 1031 compelli.
1926 982 2101 1031 Denique
2114 982 2206 1032 quid
2222 995 2375 1020 necesse
2393 993 2449 1020 est

1435 1039 1494 1077 bis
1513 1053 1684 1090 pungere
1702 1054 1780 1077 non
1802 1041 2100 1078 recalcitrantem
2119 1070 2129 1087 ‚
2147 1041 2258 1079 valde
2273 1042 2447 1080 timidum

361 1107 413 1143 tio
444 1104 670 1142 retardetur.
697 1107 746 1139 At
771 1114 864 1137 vero
887 1100 977 1136 hinc
1003 1100 1063 1136 vel
1089 1100 1227 1149 procul
1251 1098 1369 1136 dubio
1387 1107 1414 1141 Β
1436 1101 1554 1150 magis
1567 1109 1780 1147 exterrere,
1798 1114 1869 1151 per
1888 1114 1927 1138 se
1945 1101 2033 1138 satis
2049 1100 2338 1138 erubescentem
2358 1115 2449 1139 con-

360 1166 518 1216 incipiet
541 1177 620 1201 esse
648 1171 685 1199 et
715 1170 808 1207 tuse,
841 1161 870 1197 si
892 1173 970 1196 non
990 1173 1123 1209 parcas
1145 1159 1365 1209 poenitenti,

358 1225 555 1274 indulgeas
586 1221 784 1259 confitenti
818 1236 824 1257 z
856 1220 944 1270 quia
974 1219 1270 1269 potuitquidem
1303 1219 1368 1256 ali-

359 1284 514 1336 quando
534 1284 573 1319 in
596 1281 786 1331 aliquibus
811 1280 923 1316 fuisse
945 1293 1034 1328 erga
1055 1288 1090 1315 te
1115 1279 1364 1326 indiscretus,

358 1345 424 1383 scd
449 1352 550 1382 certe
577 1355 654 1378 non
683 1341 904 1377 malevolus.
926 1339 1038 1388 Quod
1060 1339 1091 1376 si
1112 1349 1149 1376 et
1175 1340 1214 1375 in
1237 1340 1365 1376 futuro

356 1405 456 1442 hanc
496 1404 615 1453 ipsam
650 1400 960 1437 indiscretionem
992 1412 1115 1435 meam
1151 1407 1364 1449 suspectam

355 1463 495 1509 habes,
530 1461 683 1498 noveris
711 1473 769 1496 me
793 1458 871 1508 jam
901 1472 979 1495 non
1001 1472 1080 1495 esse
1107 1459 1172 1508 qui
1199 1460 1362 1505 fueram,

355 1524 444 1573 quia
464 1535 533 1559 nec
551 1530 585 1557 te
604 1529 698 1570 puto
723 1520 803 1555 fore
825 1519 889 1568 qui
912 1519 1026 1555 fuisti.
1049 1522 1216 1555 Mutatus
1233 1528 1361 1556 muta-

358 1592 438 1620 tum
461 1581 652 1626 invenies,
685 1588 721 1615 et
754 1591 867 1628 quem
900 1587 988 1614 ante
1020 1578 1215 1615 metuebas
1244 1579 1362 1628 magi-

355 1651 476 1680 strum
496 1670 505 1687 ,
547 1640 725 1677 comitem
762 1638 991 1688 amplectere
1028 1651 1195 1675 securus.
1228 1643 1361 1689 Itaque

302 1706 304 1708 ’
354 1704 432 1740 sive
449 1714 532 1738 mea
554 1701 664 1750 culpa
685 1698 883 1736 recesseris
899 1727 908 1744 ,
937 1707 978 1734 ut
1000 1707 1041 1734 tu
1068 1706 1178 1748 putas
1193 1727 1202 1745 ,
1225 1707 1261 1734 et
1291 1712 1360 1747 ego

352 1776 432 1800 non
447 1774 605 1806 excuso,
626 1760 704 1796 sive
725 1767 808 1803 tua,
831 1766 873 1794 ut
896 1757 1004 1794 multi
1026 1766 1181 1808 putant,
1203 1759 1271 1795 etsi
1290 1772 1360 1807 ego

350 1835 431 1858 non
451 1834 611 1866 accuso;
638 1820 715 1855 sive
738 1831 820 1854 mea
853 1818 962 1854 simul
984 1826 1020 1854 et
1049 1825 1134 1864 tua,
1164 1818 1268 1867 quod
1289 1831 1360 1867 ego

1435 1161 1593 1198 fundere
1614 1161 1777 1211 amplius
1810 1176 1817 1198 :
1847 1161 1907 1198 cui
1936 1174 2003 1198 sua
2032 1161 2130 1198 ratio
2157 1161 2355 1210 magister,
2386 1163 2446 1198 cui

1433 1221 1592 1270 propria
1613 1221 1845 1258 conscientia
1862 1221 1987 1270 virga,
2009 1229 2046 1257 et
2068 1220 2239 1270 ingenita
2253 1233 2446 1257 verecun-

1434 1280 1495 1317 dia
1511 1282 1573 1317 lex
1597 1281 1806 1330 disciplinae
1826 1282 1904 1317 est?
1921 1280 2034 1328 Quod
2050 1280 2080 1316 si
2102 1280 2162 1316 cui
2181 1279 2321 1316 mirum
2337 1281 2446 1317 vide-

1434 1347 1515 1386 tur,
1531 1339 1727 1389 quomodo
1741 1353 1838 1390 puer
1850 1339 2111 1385 verecundus,
2134 1340 2314 1390 simplex,
2335 1340 2446 1377 timo-

1433 1408 1554 1445 ratus,
1574 1412 1686 1436 ausus
1708 1399 1820 1436 fuerit
1841 1409 1976 1437 contra
2003 1400 2241 1437 voluntatem
2263 1400 2444 1446 fratrum,

1432 1458 1600 1507 magistri
1627 1458 1830 1508 imperium
1846 1487 1855 1505 ,
1883 1459 2057 1507 regulare
2081 1457 2276 1495 decretum
2293 1486 2303 1504 ,
2332 1472 2443 1495 suum

1431 1517 1605 1554 deserere
1638 1527 1675 1554 et
1700 1527 1831 1554 votum
1853 1548 1862 1563 ‚
1888 1526 1926 1554 et
1951 1518 2108 1564 locum3
2138 1517 2299 1554 miretur
2329 1517 2442 1554 etiam

1428 1578 1534 1627 quod
1555 1587 1592 1614 et
1614 1578 1735 1614 David
1757 1578 1945 1615 sanctitati
1965 1577 2192 1628 subreptum
2213 1578 2261 1615 sit
2275 1576 2310 1622 ⁵,
2336 1579 2443 1627 quod

1428 1638 1622 1687 sapientiae
1653 1638 1867 1675 Salomonis
1899 1636 2112 1685 illusumfi,
2141 1637 2247 1687 quod
2281 1641 2441 1676 Samson

1428 1698 1643 1735 fortitudini
1668 1698 1902 1736 obviatum.
1930 1699 2002 1746 Qui
2036 1699 2322 1748 Protoplastum
2350 1699 2440 1736 dolo

1427 1767 1579 1808 captum
1598 1759 1747 1808 expulit
1765 1758 1811 1795 de
1826 1758 1946 1808 patria
1961 1758 2168 1805 felicitatis,
2187 1758 2280 1808 quid
2301 1758 2440 1795 mirum

1427 1819 1455 1855 si
1476 1827 1608 1855 tenero
1636 1818 1826 1868 subripuit
1855 1818 2142 1855 adolescentulo
2169 1818 2206 1854 in
2234 1819 2320 1855 loco
2346 1818 2440 1855 hor-

353 1883 470 1932 magis
490 1889 585 1931 puto
604 1895 611 1917 :
631 1894 674 1916 ex
695 1880 765 1915 hoc
782 1877 859 1927 jam
879 1878 906 1914 si
934 1877 1057 1914 redire
1079 1878 1272 1922 renueris,
1293 1891 1357 1914 so-
1381 1874 1407 1909 C
1428 1877 1525 1913 roris
1551 1886 1587 1913 et
1609 1886 1724 1913 vasta?
1759 1877 2002 1914 solitudinis?
2035 1880 2120 1914 Huc
2158 1877 2304 1914 accedit
2333 1878 2439 1926 quod

350 1943 409 1979 lus
443 1940 615 1991 profecto
650 1936 915 1975 inexcusabilis
947 1937 1032 1974 eris.
1072 1938 1135 1974 vis
1169 1936 1217 1973 ab
1253 1939 1356 1974 omni

351 2002 464 2051 culpa
482 2000 579 2036 liber
600 2001 709 2036 csse?
738 2005 944 2035 revertere.
969 1998 1006 2035 Si
1030 2006 1131 2034 tuam
1164 1998 1354 2047 agnoscis,

349 2062 506 2111 ignosco
525 2075 533 2096 ε
548 2060 700 2109 ignosce
717 2067 754 2094 et
769 2066 809 2094 tu
827 2057 936 2103 mihi,
956 2056 1022 2093 ubi
1039 2070 1159 2093 meam
1179 2070 1355 2106 agnosco.

348 2121 529 2170 Alioquin
551 2128 615 2156 aut
631 2118 698 2155 tibi
720 2119 830 2155 nimis
850 2117 1024 2166 indulges
1040 2145 1049 2162 ,
1075 2117 1140 2166 qui
1157 2126 1261 2154 tuam
1282 2119 1359 2155 cul—

348 2194 437 2231 pam
458 2188 495 2217 ct
514 2178 704 2229 agnoscis,
728 2186 765 2214 et
788 2177 1000 2214 dissimulas
1019 2192 1028 2223 3
1051 2185 1117 2213 aut
1134 2177 1225 2214 mihi
1247 2178 1358 2215 nimis

348 2239 620 2278 immisericors
643 2252 682 2275 es
696 2266 706 2284 ,
730 2239 789 2275 cui
810 2251 879 2274 nec
900 2237 1142 2275 satisfacienti
1159 2237 1356 2287 ignoscen-

348 2301 438 2337 dum
460 2308 584 2350 putas.

401 2362 437 2397 3.
456 2364 539 2397 Jam
568 2359 597 2396 si
623 2358 749 2395 redire
771 2369 941 2403 recusas,
963 2356 1072 2393 aliam
1095 2370 1222 2406 quaere
1244 2371 1354 2394 occa—

348 2422 495 2458 sionem
515 2419 616 2456 unde
640 2419 733 2455 falso
751 2417 957 2454 blandiaris
977 2417 1218 2454 conscientiae
1248 2426 1322 2454 tuae
1344 2433 1352 2455 ε

347 2481 436 2530 quia
465 2493 541 2517 non
568 2480 640 2516 erit
659 2479 759 2515 ultra
788 2477 891 2527 quod
924 2477 1128 2514 formidare
1149 2477 1288 2515 debeas
1308 2478 1355 2514 de

349 2542 472 2591 rigore
512 2539 756 2576 districtionis
782 2550 887 2575 meae.
924 2541 1055 2586 Neque
1084 2538 1185 2574 enim
1221 2538 1354 2574 formi-

348 2600 516 2638 dandum
544 2608 600 2636 est
621 2598 725 2648 quod
751 2598 900 2634 futurus
930 2597 999 2632 sim
1021 2597 1199 2646 praesenti
1220 2597 1353 2633 formi—

1428 1949 1497 1974 nec
1510 1966 1518 1982 ,
1538 1937 1635 1972 sicut
1654 1936 1739 1973 illos
1759 1935 2015 1985 Babylonicos
2037 1949 2145 1973 senes
2162 1965 2171 1981 ,
2195 1936 2339 1985 species
2368 1936 2438 1973 de-

1427 1996 1527 2046 cepit
1546 2009 1631 2032 eum
1650 1994 1686 2041 8;
1711 2009 1802 2040 nec,
1826 1995 1923 2032 sicut
1942 1995 2067 2038 Giezi‚
2087 1995 2259 2045 pecuniae
2279 2009 2388 2032 amor
2401 2003 2437 2042 9;

1426 2070 1496 2093 nec
1526 2056 1684 2092 honoris
1712 2055 1891 2101 ambitio,
1921 2055 2017 2092 sicut
2045 2056 2240 2092 Julianum
2269 2059 2438 2105 Aposta-

1427 2126 1503 2154 tam
1519 2117 1536 2133 *
1555 2131 1562 2153 :
1585 2116 1650 2153 sed
1675 2116 1806 2152 fefellit
1827 2116 1933 2152 illum
1955 2115 2154 2160 sanctitas,
2180 2115 2333 2152 seduxit
2353 2116 2437 2152 reli-

1425 2178 1486 2227 gio
1501 2206 1511 2223 ,
1536 2176 1704 2227 perdidit
1718 2176 1926 2213 auctoritas
1946 2175 2152 2212 seniorum.
2171 2175 2318 2224 Quaeris
2335 2189 2436 2225 quo-

1425 2238 1541 2275 modo
1557 2239 1572 2274 Ρ

1478 2299 1513 2337 4.
1537 2299 1665 2337 Primo
1683 2298 1837 2349 quidem
1864 2297 1999 2334 missus
2015 2305 2072 2334 est
2091 2309 2250 2346 magnus
2276 2295 2432 2345 quidam

1423 2360 1533 2396 Prior
1553 2359 1599 2396 ab
1624 2359 1708 2409 ipso
1728 2358 1903 2408 principe
1927 2357 2128 2403 Priorum3
2158 2356 2250 2394 foris
2276 2355 2432 2406 quidem

1420 2431 1610 2470 apparens
1625 2418 1664 2454 in
1684 2417 1922 2455 vestimentis
1942 2416 2072 2453 ovium
2086 2445 2095 2463 ,
2115 2416 2345 2453 intrinsecus
2362 2428 2430 2452 au—

1422 2486 1496 2514 tem
1516 2478 1630 2527 lupus
1645 2489 1781 2527 rapax;
1802 2476 2046 2526 deceptisque
2062 2474 2285 2512 custodibus
2298 2504 2308 2522 ,
2330 2475 2433 2512 aesti-

1420 2536 1612 2574 mantibus
1628 2536 1771 2586 quippe
1792 2549 1903 2573 ovem
1920 2548 2001 2572 esse
2018 2564 2028 2581 ,
2051 2538 2129 2572 vae!
2148 2537 2222 2572 vae!
2244 2535 2430 2574 admissus

1421 2606 1476 2634 est
1492 2598 1594 2634 solus
1617 2597 1664 2633 ad
1693 2597 1811 2634 solam
1836 2597 1950 2646 lupus
1967 2596 2170 2633 oviculam.
2194 2599 2274 2633 Nec
2290 2596 2430 2646 refugit

347 2660 520 2705 dolosus,
535 2658 593 2694 cui
609 2657 732 2693 adhuc
747 2656 893 2693 absenti
909 2655 989 2704 jam
1008 2664 1088 2692 toto
1106 2669 1188 2692 sum
1206 2656 1348 2693 cordea
1369 2656 1401 2689 D
1419 2657 1570 2693 ovicula
1601 2657 1735 2706 lupum
1754 2686 1762 2703 ‚
1797 2669 1910 2706 quem
1944 2665 1981 2693 et
2013 2656 2095 2707 ipsa
2122 2654 2282 2707 putabat
2302 2669 2427 2693 ovem.

347 2726 580 2766 prostratus,
610 2717 697 2753 totis
719 2716 922 2752 adstrictus
942 2714 1164 2751 visceribus.
1186 2716 1352 2752 Humili-

348 2788 462 2815 tatem
489 2776 671 2822 exhibeo,
693 2775 912 2812 charitatem
934 2774 1117 2824 promitto
1149 2790 1156 2811 ε
1189 2783 1227 2811 et
1245 2784 1285 2812 tu
1307 2776 1353 2812 ti-

347 2839 450 2875 mes?
472 2835 691 2886 Intrepidus
718 2834 805 2871 veni
834 2846 910 2883 quo
941 2842 977 2870 te
1003 2842 1117 2870 vocat
1139 2834 1352 2883 humiltias,

344 2896 530 2948 pertrahit
548 2895 721 2931 charitas.
741 2897 903 2932 Securus
918 2893 1054 2929 accede
1067 2922 1076 2939 ‚
1096 2893 1233 2931 talibus
1249 2908 1352 2944 prae—

343 2965 481 2995 ventus
502 2954 710 2991 obsidibus.
734 2953 875 3003 Fugisti
902 2966 1063 2999 saevum,
1085 2962 1275 2990 revertere
1301 2954 1349 2991 ad

345 3023 584 3054 mansuetum
607 3029 614 3049 :
644 3021 797 3050 revocet
818 3020 853 3049 te
874 3026 954 3049 mea
976 3012 1109 3049 lenitas
1123 3042 1132 3059 ,
1161 3012 1269 3062 cujus
1289 3027 1350 3051 se—

343 3076 482 3113 veritas
514 3073 705 3122 effugavit.
728 3072 841 3118 Vide,
875 3073 950 3118 fili,
982 3085 1094 3122 quam
1127 3081 1162 3109 te
1195 3074 1346 3123 cupiam

346 3136 457 3182 duci,
481 3147 558 3171 non
585 3133 721 3184 spiritu
745 3132 937 3169 servitutis
961 3133 1098 3170 iterum
1127 3133 1165 3169 in
1190 3134 1343 3180 timore,

344 3196 410 3234 sed
428 3195 562 3246 spiritu
585 3193 800 3244 adoptionis
821 3194 1005 3238 liliorum,
1028 3194 1064 3229 in
1082 3207 1160 3243 quo
1185 3194 1346 3232 clamare

1419 2716 1519 2764 Quid
1536 2717 1668 2766 plura?
1685 2715 1839 2752 attrahit
1853 2744 1862 2760 ,
1882 2715 2018 2762 allicit,
2042 2715 2261 2761 blanditur,
2285 2723 2322 2752 et
2337 2716 2430 2753 novi

1419 2776 1605 2825 evangelii
1642 2775 1870 2825 praedicator
1910 2775 2157 2812 commendat
2192 2775 2387 2825 crapulam
2415 2804 2426 2821 ,

1419 2835 1690 2886 parsimoniam
1727 2835 1905 2882 damnat3
1940 2835 2196 2872 voluntariam
2222 2844 2430 2886 pauperta-

1419 2902 1516 2940 tem,
1551 2894 1741 2931 miseriam
1777 2894 1890 2941 dicit;
1915 2893 2084 2944 jejunia,
2116 2895 2284 2944 vigilias,
2313 2895 2428 2932 silen-

1419 2954 1536 2999 tium,
1561 2967 1820 3004 manuumque
1840 2954 2013 2992 laborem
2030 2983 2040 3000 ‚
2066 2962 2179 2991 vocat
2206 2955 2393 2991 insaniam
2416 2969 2425 2991 ε

1416 3028 1436 3050 c
1458 3015 1649 3051 contrario
1671 3014 1920 3062 otiositatem,
1938 3014 2303 3064 contemplationem
2322 3027 2425 3051 nun-

1418 3082 1548 3123 cupat;
1567 3073 1809 3120 edacitatem,
1832 3074 2120 3124 loquacitatem,
2143 3074 2423 3120 curiositatem,

1414 3142 1589 3171 cunctam
1608 3133 1773 3183 denique
1796 3134 2129 3183 intemperantiam
2149 3134 2322 3170 nominat
2342 3133 2421 3170 dis-

1414 3195 1636 3232 cretionem.
1673 3193 1864 3242 Quando,
1899 3195 2044 3244 inquit,
2075 3194 2286 3231 delectatur
2319 3197 2422 3231 Deus

395 3325 404 3339 ¹
426 3321 519 3349 Prov.
538 3327 625 3347 xxnt
639 3340 646 3353 ‚
673 3318 726 3346 13.
740 3334 783 3339 —-
804 3320 815 3335 ²
838 3314 935 3346 llcbr.
956 3325 1027 3351 x11,
1051 3318 1082 3345 6.
1104 3333 1141 3337 —
1161 3313 1173 3335 3
1197 3318 1289 3346 l’rov.
1311 3328 1404 3346 xxvii
1419 3341 1425 3351 ,
1448 3321 1478 3346 0.
1498 3335 1538 3337 >—›
1558 3316 1570 3340 >i
1589 3318 1679 3345 Rom.
1703 3327 1764 3344 wu
1780 3339 1786 3351 ‚
1810 3319 1862 3346 15.
1885 3334 1925 3338 —-
1941 3314 1955 3337 5
1978 3318 2007 3346 11
2024 3318 2101 3356 ch.
2119 3325 2164 3346 xl.
2180 3331 2226 3337 —
2245 3312 2261 3335 ⁶
2276 3316 2322 3344 111
2341 3317 2419 3357 Reg.

345 3382 388 3401 xi.
409 3389 452 3393 ·—-
472 3369 738 3401 7Judimnnxv1.
757 3386 798 3390 —
817 3368 830 3390 ⁸
852 3371 932 3398 Dan.
950 3379 1035 3404 xm,
1059 3371 1089 3398 8.
1115 3386 1155 3390 ——
1177 3374 1191 3397 ‘J
1212 3371 1254 3398 lv
1273 3371 1350 3410 Reg,
1382 3382 1399 3398 v
1416 3394 1422 3405 ‚

1461 3373 1514 3400 20.
1927 3374 1940 3389 ⁰
1958 3368 2062 3406 Alias,
2082 3379 2226 3412 corpore.

2531 3326 2533 3347 l
