2517 3920
343 173 417 209 779

1107 173 1141 207 S.
1173 171 1427 206 BERNARDI
1457 170 1660 206 ABBA'HS

2352 172 2370 209 7
2377 174 2424 211 80

392 251 576 288 Vallensis
611 249 759 295 abbati,
796 250 909 286 frater
941 252 979 285 Β.
1011 249 1109 285 sicut
1140 246 1513 284 ablactatus⁵⁷⁷1nihi
1544 247 1581 283 in
1615 246 1733 282 altera
1767 253 1873 294 parte
1903 244 2060 294 capituli
2097 245 2189 282 facie
2223 247 2270 283 ad
2300 249 2426 289 faciem

396 325 512 362 super
540 320 699 348 matrem
725 324 850 356 suam,
871 318 1009 346 terrani
1034 309 1215 346 fluentem
1239 309 1295 344 lac
1319 315 1357 343 et
1376 309 1401 341 A
1422 307 1587 357 plurima
1617 305 1832 342 intorsisset
1863 304 1982 341 verba
2014 305 2348 356 praecipitationis3
2368 323 2426 349 re-

397 372 484 409 mel.

405 502 436 538 1.
452 499 616 550 Injurias
633 513 735 537 ineas
753 499 997 536 decreveram
1014 498 1168 548 operire
1186 496 1356 541 silentio,

349 562 419 598 uisi
454 562 543 612 quia
579 561 735 611 dignum
775 559 884 603 duxi,
920 558 1078 594 veritate
1117 556 1359 593 mendacium

349 622 571 672 praevenire.
590 621 746 670 Quoties
759 649 768 667 ,
787 628 824 656 et
844 632 959 669 quam
982 626 1162 669 proterve
1182 618 1296 653 frater
1313 620 1357 653 R.

347 684 449 720 intus
467 691 503 719 et
519 691 626 719 extra
644 681 916 718 monasterium
932 692 1080 716 mecum
1101 677 1358 721 contenderit,

348 752 443 794 quot
466 752 502 780 et
527 751 669 793 quanta
689 741 865 779 scandala
886 742 1008 778 sciens
1035 748 1071 776 et
1098 738 1268 789 prudens
1297 751 1362 774 co—

350 818 428 841 ram
456 804 594 855 pusillo
624 816 736 853 grege
761 802 950 852 posuerit,
974 814 1087 850 quam
1120 807 1243 836 erecta
1277 812 1361 835 cer-

349 865 450 912 vice,
488 873 524 900 ct
558 872 713 900 extento
753 864 851 899 collo
886 861 1048 911 regulari
1086 859 1297 910 disciplinae
1327 867 1363 895 et

350 923 693 962 consuetudinibus
725 936 764 959 se
792 922 1040 972 opposuerit3
1076 921 1179 958 testis
1213 928 1269 957 est
1301 920 1363 956 ille

349 985 415 1035 qui
440 984 610 1021 laborem
643 992 680 1020 et
710 983 884 1019 dolorem
920 981 1155 1028 considerat3
1176 981 1278 1018 testis
1309 988 1364 1017 est

350 1105 471 1142 oculis
491 1105 612 1142 effusa
634 1112 689 1144 est
705 1104 902 1141 contentio
920 1102 1023 1154 ejus;
1043 1103 1146 1140 testis
1166 1111 1223 1139 est
1242 1111 1279 1139 et
1296 1116 1363 1139 sua

350 1165 468 1216 ipsius
499 1165 752 1212 conscientia,
771 1165 917 1201 etiamsi
943 1164 1045 1201 aliud
1072 1164 1199 1214 lingua
1229 1163 1363 1213 loqua-

348 1235 421 1264 tur.
446 1226 595 1263 Gratias
621 1239 691 1276 ago
715 1230 796 1263 Deo
819 1240 925 1272 meo,
948 1226 1129 1276 quoniam
1144 1255 1152 1271 ,
1178 1233 1363 1276 quantum

346 1287 393 1324 ad
422 1286 601 1337 injuriam
634 1300 756 1323 meam
784 1288 970 1337 pertinet,
988 1287 1018 1324 si
1047 1287 1173 1337 aliqua
1198 1287 1287 1333 suit,
1312 1286 1359 1330 ab

347 1348 432 1398 ipso
458 1349 529 1385 fuit
555 1348 740 1398 patientia
772 1361 867 1385 mea.
898 1347 1040 1385 Audivi
1072 1348 1191 1384 multa
1218 1346 1356 1393 verba,

347 1422 432 1458 quae
461 1422 538 1446 non
569 1409 657 1445 licet
687 1409 876 1446 monacho
903 1409 1030 1458 loqui,
1061 1417 1098 1445 et
1129 1409 1247 1446 sactus
1273 1422 1356 1446 sum

346 1469 442 1506 sicut
462 1469 579 1506 homo
605 1483 683 1506 non
705 1470 884 1517 audiens,
902 1479 939 1507 et
964 1484 1043 1507 non
1070 1469 1212 1506 habens
1234 1470 1273 1506 in
1292 1484 1358 1507 ore

346 1544 415 1567 suo
450 1529 751 1580 redargutiones.
779 1530 975 1580 Rogabam
1006 1530 1199 1567 hominem
1232 1531 1360 1567 multis

346 1590 523 1641 precibus
555 1600 592 1628 et
625 1600 795 1638 secreto,
824 1600 862 1628 et
895 1591 1073 1642 publice,
1097 1600 1135 1628 et
1164 1592 1287 1637 solus,
1323 1600 1360 1628 et

346 1665 432 1688 cum
454 1652 558 1699 aliis3
575 1660 616 1688 ut
633 1661 809 1702 parceret
826 1661 864 1689 et
879 1652 972 1700 sibi,
992 1662 1030 1690 et
1050 1652 1184 1690 nobis:
1207 1662 1248 1690 ut
1269 1667 1360 1690 con-

347 1712 512 1748 scientiae
528 1725 605 1749 suae
618 1713 874 1759 misereretur,
888 1713 1032 1763 pariter
1047 1721 1083 1749 et
1098 1713 1206 1750 famae
1219 1722 1359 1750 nostrae

346 1772 385 1808 in
415 1779 515 1809 terra
541 1773 684 1820 aliena,
706 1786 752 1809 ne
775 1782 850 1809 tam
881 1786 982 1810 nova
1014 1773 1201 1823 plantatio
1231 1774 1360 1824 aliquo

345 1830 499 1869 turbine
539 1843 861 1871 commoveretur.
904 1834 1141 1884 Arguebam,
1178 1833 1358 1871 obsecra·
1381 1840 1407 1875 C

345 1891 453 1938 bam,
479 1893 746 1944 increpabam,
771 1895 932 1932 miscens
965 1894 1175 1932 terroribus
1208 1894 1359 1932 blandi-

347 1962 496 2001 menta,
533 1968 580 1991 ne
617 1964 780 2005 poneret
820 1970 889 1993 nos
922 1955 1285 2001 subsannationem,
1323 1964 1360 1992 et

345 2013 512 2051 derisum
543 2015 601 2052 his
634 2017 700 2065 qui
728 2016 766 2052 in
792 2017 951 2053 circuitu
986 2025 1117 2053 nostro
1148 2025 1248 2053 sunt.
1272 2017 1359 2053 Vnt>

346 2074 501 2112 neribus
523 2076 695 2112 semivivi
717 2077 837 2113 nostri
859 2077 989 2113 vinum
1014 2077 1156 2127 pariter
1180 2076 1301 2113 infudi
1323 2086 1356 2113 ct

344 2135 493 2182 oleum3
513 2135 577 2172 sed
598 2136 818 2174 insanabilis
840 2137 910 2174 suit
929 2137 1051 2174 dolor.

398 2196 432 2232 2.
456 2199 548 2234 Cum
567 2196 646 2246 jam
670 2211 767 2248 pene
796 2199 925 2235 onmia
954 2199 1210 2249 correptionis
1243 2212 1359 2248 argu-

345 2265 471 2294 menta
505 2267 731 2308 consumpta
760 2268 908 2306 essent,
942 2274 1012 2297 nec
1042 2261 1181 2297 vulnus
1210 2260 1359 2296 veniret

344 2316 390 2353 ad
426 2317 660 2364 cicatricen13
703 2319 811 2356 timui
846 2334 892 2357 ne
933 2320 1076 2357 scabies
1115 2328 1152 2356 et
1190 2318 1356 2370 putredo

343 2379 455 2416 unius
481 2379 643 2416 membri
669 2381 833 2431 reliquas
851 2390 978 2432 partes
1002 2381 1175 2432 corporis
1192 2394 1357 2431 occupa-

343 2448 411 2476 ret.
434 2441 506 2479 Sed
528 2442 619 2491 quia
638 2442 799 2480 verebar
821 2457 939 2494 opera
961 2457 1065 2491 mea,
1089 2443 1154 2480 diu
1179 2456 1357 2494 superse-

343 2500 403 2547 di,
442 2510 617 2540 metuens
654 2517 699 2540 ne
740 2504 823 2552 ille,
860 2506 925 2555 qui
964 2505 1001 2541 in
1044 2505 1221 2554 angelum
1262 2503 1357 2540 lucis

344 2563 681 2612 transfiguraverat
728 2578 787 2611 se,
824 2565 871 2602 ad
907 2564 1135 2614 injuriarum
1167 2564 1355 2601 ultionem

1423 373 1563 424 spondi
1579 372 1749 409 breviter
1765 384 1773 406 ε
1794 369 1831 407 Si
1848 368 1933 417 quis
1954 368 2035 404 vult
2051 368 2312 405 contentiosus
2327 383 2425 419 esse,

1427 447 1496 471 nos
1527 434 1639 470 talem
1672 428 1990 468 consuetudinem
2022 441 2099 463 non
2132 427 2336 476 habemus,
2363 444 2429 470 nec

1426 494 1594 531 Ecclesia
1612 492 1696 530 Dei.
1719 495 1766 528 Et
1786 490 1838 526 sic
1859 489 1962 526 evasi
1985 501 2120 525 manus
2140 487 2233 537 ejus.
2255 490 2430 541 Indigaa-
2470 499 2471 503 ’

1428 564 1487 591 tus
1517 553 1682 604 graviter
1701 550 1908 601 (quoniam
1938 558 1976 586 et
2008 563 2068 586 me
2099 549 2311 597 novitium,
2332 560 2370 589 et
2390 566 2427 591 se

1428 615 1682 651 inveteratum
1705 613 1741 649 in
1764 611 1912 649 Ordine
1933 608 2189 660 praedicabat)
2205 610 2252 646 de
2270 611 2429 652 claustro

1429 675 1617 721 exsilivit3
1639 682 1677 710 et
1697 685 1870 723 egressus
1888 679 2039 721 portam
2058 671 2296 718 monasterii,
2313 684 2431 712 reces-

1429 736 1476 773 sit
1499 736 1603 772 solus
1625 750 1632 771 :
1651 734 1796 784 quippe
1824 746 1940 782 quem
1967 745 2045 768 non
2073 745 2180 768 amor
2202 735 2432 784 propagandi

1429 797 1604 842 Ordinis,
1623 795 1710 841 sed,
1727 794 1823 830 sicut
1843 794 1924 843 ipse
1943 792 2190 843 impudenter
2204 792 2330 831 abbati
2348 808 2434 834 con·
2470 815 2471 833 ;

1431 858 1550 894 sessus
1571 865 1644 904 est,
1662 856 1710 893 ad
1732 854 2096 905 contemplationem
2121 854 2179 891 sui
2198 857 2320 893 Roma
2343 869 2430 906 per-

1432 926 1609 955 traxerat.
1641 917 1777 955 Videat
1808 921 1934 963 Deus,
1966 924 2003 953 et
2032 915 2210 965 judicet:
2233 917 2428 966 quoniam,

1431 987 1616 1028 quantum
1653 979 1690 1015 in
1730 978 1814 1028 ipso
1851 977 1941 1022 fuit,
1980 977 2097 1013 fetere
2131 975 2218 1013 fecit
2251 977 2427 1016 Ordinem
2470 1007 2472 1014 ,

350 1053 429 1081 tota
446 1044 690 1094 congregatio
710 1044 889 1089 fratrum,
906 1043 945 1079 in
968 1056 1132 1092 quorum
1151 1041 1308 1079 auribus
1325 1050 1362 1079 et
1382 1044 1409 1078 B
1432 1049 1605 1077 nostrum
1623 1070 1631 1084 ‚
1652 1053 1780 1076 coram
1799 1038 1955 1085 abbate,
1974 1046 2012 1075 et
2032 1051 2160 1075 coram
2181 1039 2298 1076 servis
2317 1038 2406 1089 ejus.

1430 1189 2433 1203 ===============================================================

1545 1309 1929 1367 EPISTOLA
1969 1309 2325 1384 CDLXVII,

1568 1475 1735 1499 Ht'GONffi
1756 1476 1917 1499 METELLI
1941 1477 1988 1498 AD
2014 1476 2041 1500 S.
2062 1475 2306 1498 BERNARDUM.

1599 1599 1631 1642 tn
1660 1606 1719 1637 qua
1747 1596 1813 1637 ejus
1838 1594 1946 1626 laudes
1972 1593 2040 1625 fuse
2064 1592 2275 1636 prosequitur.

1443 1713 1660 1750 Reverendo
1689 1721 1725 1748 et
1755 1713 1792 1748 in
1819 1711 1970 1750 Christo
2000 1709 2204 1747 benedicto
2223 1710 2321 1760 patri
2339 1713 2432 1748 Bim-
2468 1713 2471 1757 J

1481 1786 1609 1808 Nanno
1637 1771 1766 1809 abbati
1797 1771 2074 1818 Clarae-Vallis,
2104 1770 2319 1808 clarissimae
2342 1770 2432 1808 lam-

1483 1833 1593 1883 padi,
1620 1836 1730 1870 Huco
1752 1836 1983 1877 METELLus,
2006 1831 2202 1882 quondam
2231 1831 2432 1881 nugigeru-
2469 1826 2471 1832 ’

1480 1894 1539 1930 lus
1555 1922 1564 1938 ,
1588 1907 1691 1929 nunc
1711 1893 1834 1929 crucis
1858 1893 2000 1931 Christi
2025 1891 2201 1942 bajulus,
2220 1891 2377 1934 ‚introire
2394 1891 2430 1929 in

1481 1954 1739 1991 sanctuarium
1773 1967 1888 1991 sacrae
1917 1954 2144 2005 Scripturas,
2166 1961 2204 1990 et
2232 1952 2430 2002 fragmenta

1480 2015 1580 2051 illius
1598 2028 1645 2051 ne
1664 2023 1825 2065 pereant
1844 2015 2024 2065 colligere
2039 2044 2048 2060 ,
2067 2023 2104 2051 et
2122 2029 2142 2051 a
2163 2012 2298 2063 frigido
2315 2013 2431 2064 lapide
2467 2011 2470 2056 j

1480 2076 1704 2112 interiorem
1740 2083 1933 2112 excutere.

1488 2205 1518 2240 l.
1546 2205 1680 2242 Oleum
1723 2205 1887 2241 effusum
1926 2217 2066 2240 nomen
2108 2212 2239 2251 tuum,
2271 2204 2435 2254 fragrans

1430 2279 1536 2301 more
1569 2265 1826 2302 contritorum
1860 2273 2088 2301 aromatum.
2123 2267 2236 2302 Fama
2270 2264 2430 2302 nominis

1427 2326 1625 2363 clarissimi
1647 2326 1722 2372 tui,
1744 2326 1857 2376 longe
1881 2326 2032 2375 lateque
2061 2325 2221 2370 diffusa,
2252 2338 2367 2375 usque
2386 2323 2430 2362 ad
2466 2361 2469 2367 ⁴

1427 2389 1519 2424 lines
1542 2395 1652 2423 terrae
1674 2387 1916 2437 pertransiit,
1938 2386 2239 2436 suavissimoque
2257 2399 2326 2424 suo
2341 2384 2432 2422 odo—

1427 2462 1467 2485 re
1492 2461 1596 2485 mare
1626 2456 1663 2484 et
1696 2447 1842 2484 aridam
1869 2447 2078 2493 recreavit,
2097 2447 2358 2497 plurimosque
2386 2444 2431 2482 ad

1426 2510 1552 2546 locuni
1585 2507 1689 2545 unde
1721 2508 1841 2558 spirat
1875 2507 2084 2558 pertraxit,
2110 2507 2201 2557 quia
2230 2506 2334 2544 tracti
2366 2517 2432 2556 pei·

1426 2569 1604 2615 odorem,
1627 2582 1673 2605 cx
1694 2568 1779 2619 ipso
1805 2576 1975 2605 aromate
2000 2575 2251 2618 gustaverunt
2271 2565 2431 2604 salutife-

345 2633 537 2669 mearum,
556 2622 626 2659 sub
647 2623 728 2660 zelo
741 2623 897 2672 justitiae
918 2633 955 2661 et
973 2637 1102 2660 amore
1121 2623 1274 2661 Ordinis
1294 2636 1352 2659 me
1372 2630 1403 2663 D
1423 2643 1507 2666 rum
1530 2642 1730 2679 521p0re1n3
1752 2637 1789 2665 et
1810 2642 1907 2678 quos
1928 2641 2042 2678 sapor
2063 2628 2208 2678 stygius
2235 2627 2427 2671 infecerat,

343 2691 582 2729 provocaret.
602 2687 786 2720 Invocato
813 2697 904 2733 ergo
934 2684 971 2720 iu
1005 2683 1188 2720 auxilium
1221 2683 1352 2719 Domi-

343 2754 413 2787 no,
446 2756 492 2778 ne
530 2757 588 2779 me
622 2752 818 2793 pateretur
849 2745 1039 2781 declinare
1075 2744 1122 2780 ad
1157 2744 1353 2780 dexteram

344 2802 401 2837 vel
420 2802 466 2838 ad
488 2803 698 2850 sinistram3
723 2805 867 2841 homini
889 2805 1057 2855 superbo
1080 2814 1117 2841 et
1137 2805 1354 2842 contumaci

343 2861 483 2907 indixi,
518 2876 563 2899 nc
590 2865 776 2913 psalmum
808 2866 866 2901 vel
895 2866 1144 2915 antiphonam
1174 2866 1354 2915 impone—

342 2930 416 2969 rct,
448 2923 570 2960 donec
603 2925 839 2962 emendasset
874 2926 990 2971 illud,
1025 2927 1129 2976 quod
1166 2927 1349 2963 adversus

342 2982 438 3018 tilios
460 2984 589 3019 matris
612 2997 688 3020 suae
712 2985 879 3034 ponebat
900 2986 1133 3023 scandalunt.
1156 2991 1198 3024 In
1227 2988 1351 3024 omni-

342 3042 412 3079 bus
433 3043 489 3080 his
509 3056 587 3080 non
612 3053 667 3081 est
685 3058 840 3082 aversus
868 3047 974 3083 furor
1001 3046 1103 3096 ejus,
1126 3047 1189 3084 scd
1219 3061 1353 3084 manus

341 3101 423 3151 ejus
457 3111 621 3140 extenta.
651 3108 745 3141 Nam
778 3105 843 3154 qui
872 3106 979 3156 prius
1013 3106 1166 3144 nolebat
1201 3116 1352 3144 cantare

340 3172 516 3213 rogatus,
539 3164 755 3214 prohibitus
784 3165 959 3202 cantabat
984 3181 991 3202 ε
1023 3167 1252 3217 antiphonas
1275 3167 1351 3204 im-

340 3225 485 3274 posuit,
503 3233 539 3261 et
562 3225 710 3262 locutus
737 3234 793 3262 est
816 3235 965 3273 mutus,
985 3237 1021 3264 et
1046 3228 1241 3265 admiratae
1264 3238 1353 3265 sunt

341 3284 473 3321 turbae.
496 3288 540 3322 In
563 3285 727 3322 erastino
747 3287 926 3336 suspendi
952 3287 1145 3324 hominem
1167 3302 1186 3324 a
1208 3302 1348 3326 mensa.

338 3348 510 3394 Cumque
539 3346 767 3383 ascendisset
798 3361 845 3384 cx
873 3348 1055 3395 adverso,
1084 3357 1120 3384 ct
1153 3350 1352 3399 oppositus

1424 2690 1502 2725 imo
1536 2689 1633 2725 fetor
1663 2688 1892 2725 Acherontis
1923 2688 2113 2725 defecerat
2147 2696 2185 2725 et
2214 2687 2431 2724 dehomina-

1424 2758 1551 2794 verat,
1584 2758 1697 2799 gustu
1729 2757 1907 2786 nectareo
1943 2748 2138 2786 reformati
2169 2743 2269 2786 sunf.
2302 2747 2429 2786 Oleum

1423 2812 1586 2848 effusum
1619 2811 1693 2847 vita
1726 2818 1800 2846 tua.
1842 2810 1926 2847 Vita
1963 2818 2025 2846 tua
2054 2809 2260 2846 clarissima
2292 2809 2430 2858 lampas

1422 2881 1496 2918 cst,
1523 2885 1607 2922 qua}
1639 2871 1803 2908 lucendo
1824 2871 1957 2917 ardet,
1981 2879 2018 2908 et
2038 2870 2208 2908 ardendo
2230 2870 2340 2907 lucet.
2361 2866 2429 2906 Ar?-

1422 2932 1485 2968 det
1510 2933 1598 2977 sibi,
1621 2933 1729 2969 lucetv
1749 2933 1869 2969 alteri.
1892 2932 1977 2970 Vita
1999 2940 2063 2968 tua
2089 2932 2232 2982 lampas
2253 2938 2328 2976 est,
2349 2941 2429 2980 quae
2464 2939 2467 2955 ³

1423 3006 1500 3029 non
1534 3002 1679 3029 tautum
1714 2993 1879 3034 vicinat,
1903 2992 1969 3030 sed
2000 2992 2111 3029 etiam
2146 2990 2335 3028 illuminat
2366 3000 2425 3025 re·
2464 2998 2467 3021 ἱ

1422 3061 1536 3089 mota.
1565 3053 1814 3090 Conversatio
1834 3052 1936 3089 euim
1962 3061 2025 3089 tua
2045 3065 2178 3102 sparso
2203 3049 2346 3088 lumine
2364 3060 2428 3086 ru-

1422 3112 1532 3148 tilans
1546 3142 1555 3158 ,
1578 3125 1654 3148 non
1678 3112 1821 3149 inclusa
1836 3141 1844 3157 ,
1867 3111 1932 3148 sed
1952 3111 2129 3157 exclusa;
2153 3123 2231 3148 non
2252 3108 2426 3152 confusa,

1421 3172 1487 3209 sed
1526 3172 1698 3209 modeste
1728 3173 1868 3217 effusa,
1905 3172 2084 3222 exemplo
2115 3171 2220 3208 bono
2259 3167 2426 3206 tenebras
2465 3185 2467 3190 x

1419 3233 1628 3278 illuminat,
1659 3233 1781 3268 lucem
1817 3232 2023 3275 ministrat,
2056 3240 2204 3268 montes
2237 3227 2424 3271 humiliat,

1420 3293 1573 3329 irradiat
1592 3322 1600 3333 ,
1630 3293 1746 3329 valles
1772 3292 1904 3342 implet
1925 3300 1962 3328 et
1985 3292 2158 3329 illustrat.
2181 3295 2236 3329 Tu
2256 3303 2295 3327 es
2314 3288 2422 3326 ctiam

1420 3352 1533 3391 carbo
1558 3352 1716 3398 ardens,
1738 3351 1804 3402 qui
1825 3351 2011 3390 carbones
2031 3352 2236 3389 exstinctos
2258 3346 2424 3388 accendis
