2517 3920
354 187 449 224 1423

783 188 818 222 S.
850 186 1104 222 BERNARDI
1137 187 1236 221 ABB.
1268 186 1503 221 TRACTAT.
1536 185 1601 219 DE
1629 185 1894 228 BAPTISMO,
1922 191 1991 219 etc.

2327 184 2423 222 1424

350 264 537 301 duntaxat
565 262 813 312 archangelo,
843 264 904 300 cui
930 272 967 300 et
992 262 1179 300 servanda
1200 262 1246 299 ab
1277 261 1626 299 ini—⁶³⁵landorum
1659 260 1911 310 praerogativa
1943 260 2053 296 matri
2079 260 2225 310 Virgini
2256 274 2427 299 servare-

349 325 402 361 tio
431 324 569 361 tradita
595 323 708 361 fuisse
734 323 924 361 credenda
943 327 1160 362 estPPorro
1183 332 1309 361 autem
1327 323 1357 359 si
1377 323 1409 357 A
1425 324 1516 358 tur?
1547 321 1718 358 Primum
1749 320 1926 370 equidem
1951 328 2006 357 est
2027 328 2193 370 tempus,
2217 322 2426 360 secundum

349 383 525 421 diabolus
546 397 629 422 eam
652 398 722 422 nec
750 393 838 435 post
862 385 1155 435 conceptionem
1176 384 1350 434 agnovit,

347 444 491 494 Joseph
522 444 656 495 utique
686 444 983 495 desponsatione
1013 444 1217 494 deceptus;
1251 442 1355 480 credi

348 513 477 555 potest
495 513 534 542 et
556 504 695 542 sanctis
711 505 865 555 Angelis
884 505 944 542 vel
962 513 1048 542 ante
1066 504 1222 541 minime
1242 505 1355 541 inno—

350 565 485 613 tuisse,
503 565 608 615 quod
632 566 714 616 ipsa
741 565 918 602 videlicet
946 573 1043 602 esset
1062 565 1133 602 Dei
1150 573 1271 602 mater
1292 565 1354 602 fu-

351 633 448 663 tura.
474 628 570 664 Sane
595 627 736 663 etenim
761 625 917 676 reprobi
944 625 1121 676 spiritus,
1148 626 1217 663 etsi
1238 625 1356 662 desti-

348 686 421 723 tuti
439 695 528 723 sunt
545 686 838 737 participatione
864 686 994 736 gratiae
1020 686 1247 736 spiritualis,
1277 699 1355 723 non

351 755 478 784 tamen
502 748 705 784 vivacitate
726 746 922 784 industriae
942 747 1135 784 naturalis.

405 807 467 845 22.
497 807 680 854 Videsne,
703 807 743 843 in
769 808 922 857 quantis
938 837 947 854 ‚
972 808 1075 844 salva
1104 806 1178 843 fide
1199 815 1237 843 et
1258 807 1356 843 veri—

349 876 424 905 tate
459 868 761 917 Scripturarum,
791 867 962 904 divinum
993 867 1129 916 Angeli
1155 867 1356 904 consilium

349 935 527 977 poterant
549 927 764 977 ignorasse,
786 926 996 976 praesertim
1026 934 1068 963 ut
1087 925 1226 963 horum
1248 939 1357 963 reve-

1420 384 1551 429 locus,
1585 382 1740 418 tertium
1770 381 1932 427 modus,
1964 389 2143 430 quartum
2177 382 2311 419 electio
2338 396 2428 433 per-

1421 456 1524 480 sonae
1552 441 1758 492 virginalis.
1790 444 1873 479 Hoc
1903 441 2094 492 responde
2126 442 2327 489 fratribus,
2363 444 2429 493 qui

1421 516 1481 540 me
1526 500 1815 552 reprehendunt
1851 501 1956 551 quod
1998 501 2160 538 dixerim
2195 502 2243 539 ad
2277 503 2429 540 laudem

1420 563 1586 613 Virginis
1600 592 1610 609 ,
1631 561 1718 599 ideo
1739 562 1907 612 positum
1933 574 2013 598 esse
2033 576 2057 598 a
2075 564 2167 608 Deo,
2187 576 2236 600 ne
2255 563 2317 600 cui
2332 564 2430 600 forte

1421 624 1482 661 vel
1498 623 1701 660 beatorum
1717 622 1950 671 Angelorum
1968 635 2078 659 suum
2093 623 2293 660 consilium
2310 627 2429 670 Deus,

1421 685 1647 735 priusquam
1669 682 1838 732 Virgini,
1858 682 2046 719 revelasse
2072 690 2252 733 putetur,
2269 691 2430 733 excepto

1423 745 1609 782 duntaxat
1623 743 1852 793 archangelo
1870 742 2062 781 Gabriele.
2082 745 2201 780 Suum
2228 743 2429 780 consilium

1424 805 1524 852 dixi,
1542 818 1622 842 non
1645 804 1692 840 de
1715 817 1851 855 opere,
1869 803 1934 841 sed
1953 803 1998 840 de
2017 804 2144 854 operis
2171 812 2365 854 tempore,
2384 805 2430 842 de

1423 866 1510 902 loco
1529 894 1538 911 ‚
1561 864 1607 902 de
1633 864 1748 902 modo
1765 894 1775 911 ‚
1796 864 1842 901 de
1863 877 2038 914 personae
2059 878 2214 915 quoque
2231 865 2429 902 electione.

1422 926 1526 963 Vale.

924 1935 1150 1971 EXPLICIT
1179 1935 1467 1972 TRACTATUS
1496 1937 1559 1971 DE
1589 1936 1843 1972 BAPTISMO‚
