2517 3920
364 214 454 250 1211

355 293 474 330 versis
502 292 537 328 in
564 287 802 326 monasteriis
823 292 968 322 certum
993 292 1050 321 cst
1075 283 1284 320 observari.
1304 285 1395 319 Dc³¹²

1124 209 1159 243 S.
1193 207 1444 243 BERNARDI
1476 206 1677 241 ABBATIS

1402 290 1413 307 ²
1432 282 1619 331 contingit
1640 280 1741 326 haec,
1764 293 1849 329 quae
1869 279 1994 317 adhuc
2009 294 2054 317 ex
2073 290 2181 332 parte
2199 293 2345 332 manet,
2365 299 2437 323 no-

2339 208 2435 246 1212

355 355 412 391 his
425 353 489 402 qui
504 352 541 388 in
554 344 983 402 pluribusmonasteriis
996 344 1227 394 profitentur
1242 341 1361 391 (quod
1380 344 1409 376 A
1428 350 1504 378 stra
1532 342 1571 377 in
1594 354 1757 390 corpore
1786 341 2054 390 peregrinatio.
2079 345 2161 379 Hoc
2189 351 2245 379 est
2268 345 2373 393 quod
2397 345 2434 385 in

355 427 454 464 pene
482 411 624 449 oblitus
651 407 831 457 fueram),
866 414 960 456 puto
987 404 1074 440 satis
1095 416 1174 440 esse
1198 415 1361 452 respon-

357 487 438 510 sum
466 471 661 521 superius,
700 481 787 505 cum
818 466 864 503 de
890 465 964 502 loci
993 463 1198 500 stabilitate
1227 462 1362 511 dispu-

359 543 478 571 tatum
510 540 590 578 est,
631 539 668 567 et
708 542 785 566 non
818 535 874 564 est
909 537 1061 562 necesse
1100 532 1141 559 ut
1177 530 1359 572 repetam.

358 592 612 631 Praetermitto
638 599 674 626 ct
705 589 832 637 aliqua
867 586 913 622 de
941 582 1153 621 canonibus
1183 595 1268 631 quae
1295 594 1363 617 vos

358 653 572 704 requiritis;
594 660 671 687 tum
695 647 876 698 quoniam
898 645 1029 681 talium
1050 651 1180 679 nostra
1197 655 1275 678 non
1301 653 1364 677 re-

357 716 430 752 fert
451 714 515 764 qui
534 710 709 749 monachi
730 720 879 753 sumus,
908 714 987 742 tum
1008 703 1098 754 quia
1117 703 1154 739 in
1176 702 1282 738 libris
1301 714 1365 738 ea—

357 775 442 812 dem
475 773 547 823 ipsi
584 771 690 808 facilc
719 767 888 818 reperire
918 764 1100 816 potestis,
1133 763 1165 799 si
1193 774 1364 812 quaerere

357 849 435 872 non
458 832 679 883 gravemini.

410 897 472 933 58.
494 893 614 930 Venio
635 891 682 927 ad
708 890 779 926 tria
798 889 882 933 illa,
914 899 998 936 quae
1027 885 1065 921 in
1093 883 1211 920 altera
1240 889 1366 917 vestra

356 968 509 993 rursum
541 952 701 1003 epistola
730 949 979 986 continentur
1000 959 1008 981 z
1026 943 1091 980 ubi
1115 943 1282 992 primum
1307 941 1363 976 in-

357 1014 554 1064 terrogatis
567 1042 576 1059 ,
599 1011 781 1061 quidnam
811 1007 1007 1044 consulam
1027 1003 1191 1046 homini,
1210 1001 1275 1051 qui
1292 1000 1362 1037 ad-

1429 415 1468 438 se
1485 401 1754 438 miserabiliter
1774 401 2024 450 ingemiscens
2040 402 2207 452 plangit,
2224 412 2261 440 et
2276 404 2327 440 ait
2344 420 2352 442 :
2374 408 2438 441 Ιη-

1421 461 1527 509 felix
1556 475 1621 509 ego
1651 461 1774 505 homo,
1805 466 1888 509 quis
1923 475 1983 496 me
2007 461 2182 498 [lbet-abit
2211 465 2259 498 de
2288 476 2439 513 empore

1431 526 1559 557 mortis
1577 521 1844 568 has'us⁴'?r{0n
1879 521 2052 570 queritur
2081 521 2127 558 de
2159 535 2322 572 corpore
2352 532 2438 562 tan-

1431 590 1532 628 tum,
1564 581 1629 618 sed
1660 593 1823 631 corpore.
1860 580 1994 617 mortis
2019 580 2153 630 hujus,
2185 581 2258 618 hoc
2285 591 2341 620 est
2359 583 2440 634 ejus

1431 654 1516 691 quae
1534 641 1657 677 adhuc
1679 640 1791 676 durat
1809 640 2069 689 corruptionis
2091 655 2098 677 :
2121 649 2337 679 monstrans
2360 656 2438 681 non

1432 715 1592 752 corpus,
1617 700 1682 737 sed
1698 700 1871 750 corporis
1894 700 2089 737 molestias
2108 713 2189 737 esse
2204 714 2354 738 causam
2371 715 2439 753 pe-

1432 761 1710 812 regrinationis.
1735 761 1874 809 Corpus
1894 760 2038 811 quippe
2062 763 2162 809 quod
2175 767 2437 811 corrumpitur,

1432 831 1612 870 aggravat
1625 826 1796 857 animam
1807 820 1946 858 ⁵*.Non
1966 834 2107 871 corpus
2121 821 2355 871 simpliciter,
2374 823 2440 861 sed

1432 895 1564 930 carpus
1584 883 1687 930 quod
1707 886 1975 929 corrumpitur;
1992 889 2036 917 ut
2051 881 2250 932 corruptio
2266 883 2442 932 corporis

1429 942 1538 977 oneri
1562 941 1630 984 sit,
1653 954 1729 977 non
1752 949 1899 977 natura.
1920 940 2034 979 Unde
2050 950 2088 978 et
2104 942 2170 991 qui
2185 941 2286 978 intra
2303 951 2440 980 semet-

1429 1001 1534 1050 ipsos
1566 1000 1823 1050 ingemiscunt
1836 1029 1846 1046 ,
1881 1000 2187 1050 redemptionem
2221 1010 2441 1051 exspectant

354 1089 486 1113 versus
517 1072 736 1123 quempiam
773 1075 989 1105 commotus
1023 1063 1162 1110 fuerit,
1192 1062 1258 1099 sed
1287 1074 1365 1098 non
1386 1064 1413 1097 Β
1432 1061 1605 1111 corporis
1620 1059 1705 1098 sui6
1720 1089 1729 1106 ,
1754 1074 1832 1097 non
1848 1061 2105 1098 amissionem.
2125 1062 2264 1099 Merito
2279 1063 2441 1112 proinde

355 1137 450 1175 adeo
471 1144 512 1172 ut
532 1148 619 1171 cum
641 1131 779 1169 laedere
809 1130 889 1179 ipse
912 1127 1001 1164 velit
1015 1155 1024 1172 ‚
1057 1124 1152 1161 adeo
1173 1132 1300 1159 tamen
1323 1130 1366 1159 ut

354 1197 517 1234 libenter
532 1193 710 1243 accipiat,
729 1191 759 1227 si
775 1202 853 1239 quo
871 1186 987 1224 modo
1005 1183 1158 1222 aliunde
1171 1182 1259 1219 laedi
1274 1194 1363 1219 con-

354 1257 481 1307 tigerit
501 1271 509 1292 2
531 1255 629 1291 sitne
655 1251 832 1288 videlicet
853 1256 977 1285 tutum
1003 1246 1055 1282 ita
1077 1252 1273 1281 commoto
1300 1256 1362 1279 ac-

355 1318 489 1357 cedere
506 1316 553 1353 ad
570 1316 708 1359 altare,
737 1325 784 1349 an
805 1324 844 1347 se
867 1307 1092 1346 subtrahere
1118 1304 1272 1341 interim
1293 1303 1362 1340 de-

353 1380 459 1425 beat,
481 1377 603 1414 donec
631 1379 895 1423 compescatur
912 1367 1132 1406 commotio.
1155 1368 1362 1413 Nunquam

355 1440 447 1478 mihi
470 1437 663 1486 contingat
681 1432 875 1470 turbatum
897 1429 944 1466 ad
974 1427 1075 1478 pacis
1097 1425 1278 1463 accedere
1300 1437 1363 1461 sa-

355 1500 559 1542 crificium,
583 1509 668 1532 cum
694 1495 750 1530 ira
778 1501 816 1529 et
840 1488 1116 1539 disceptatione
1141 1485 1362 1535 contingere

356 1565 665 1604 Sacramentum,
701 1557 741 1593 in
772 1568 849 1606 quo
881 1557 985 1591 Deus
1014 1548 1278 1587 indubitanter
1307 1555 1364 1584 est

355 1621 542 1660 mundum
563 1617 814 1656 reconcilians
836 1613 919 1651 sibi.
944 1610 1054 1649 Certe
1082 1623 1160 1646 non
1182 1608 1365 1658 recipitur

357 1695 497 1720 munus
531 1679 802 1730 quodcumque
836 1686 984 1717 meum,
1023 1670 1129 1721 quod
1161 1669 1290 1706 defero
1317 1667 1364 1704 ad

357 1744 493 1787 altare,
513 1740 585 1778 nisi
612 1747 698 1776 ante
723 1737 873 1787 placato
906 1734 1038 1778 fratre,
1057 1745 1172 1781 quem
1191 1743 1250 1766 me
1266 1729 1365 1765 sorte

355 1803 492 1840 laesisse
515 1799 726 1837 meminero
749 1812 755 1834 :
783 1803 927 1845 quanto
948 1793 1073 1829 minus
1093 1792 1123 1828 si
1152 1804 1211 1827 me
1238 1790 1363 1839 ipsum

358 1877 436 1901 non
457 1873 646 1912 pacavero
666 1858 802 1908 prius?

718 1953 895 1995 CAPUT
925 1952 1018 1990 XX.

395 2067 489 2098 Binas
505 2063 593 2096 Pauli
608 2061 775 2093 sententias
791 2059 824 2089 in
839 2056 974 2100 speciem
986 2058 1160 2097 pugnantes
1173 2054 1327 2084 conciliat.

408 2162 471 2199 59.
493 2157 606 2208 Quod
630 2154 767 2192 deinde
799 2150 967 2202 quaeritis
997 2148 1044 2185 de
1073 2148 1357 2192 contrarietate,

355 2237 440 2274 quae
456 2222 579 2258 inesse
592 2217 744 2254 videtur
760 2212 908 2250 duabus
925 2211 999 2248 illis
1017 2209 1123 2247 Pauli
1141 2209 1359 2254 sententiis,

357 2283 588 2320 conversatio
617 2285 742 2314 nostra
771 2279 809 2310 ι’[ι
835 2274 939 2308 coelis
964 2273 1064 2317 est¹3
1094 2277 1152 2315 et,
1173 2271 1364 2316 Quamdiu

353 2356 479 2381 sumus
507 2346 543 2377 in
579 2350 747 2387 corpore,
779 2337 1070 2383 peregrlnantur
1093 2344 1117 2366 a
1149 2332 1361 2366 Domiuo²z

354 2401 550 2454 quomodo
567 2398 743 2435 videlicet
771 2393 897 2431 anima
922 2390 1058 2428 eodem
1086 2398 1260 2440 tempore
1277 2402 1363 2439 pos-

354 2466 422 2510 sit,
443 2472 480 2500 et
507 2462 546 2498 in
574 2469 736 2508 corpore
757 2451 993 2505 peregrinari
1009 2464 1029 2488 a
1049 2450 1216 2487 Domino
1233 2479 1242 2495 ,
1264 2458 1302 2486 et
1321 2450 1360 2486 in

353 2523 457 2562 coelis
479 2520 590 2559 simul
608 2530 688 2555 esse
706 2528 792 2553 cum
810 2513 979 2551 Domino
994 2527 1003 2558 ;
1021 2511 1102 2561 ipse
1119 2510 1233 2547 solvit
1252 2515 1361 2561 Apo—

352 2585 492 2629 stolus,
516 2594 602 2618 cum
624 2577 714 2616 alibi
731 2576 842 2619 dicit,
867 2576 931 2610 EJ:
951 2582 1064 2621 parte
1091 2576 1359 2620 cognom-inum,

1431 1122 1576 1171 gravati
1593 1122 1766 1172 corporis
1789 1122 2034 1168 necessitate,
2055 1135 2133 1158 non
2148 1122 2327 1159 societate
2340 1152 2350 1169 ,
2371 1136 2440 1160 cu-

1431 1182 1558 1232 pimus
1589 1181 1767 1228 dissolvi,
1801 1189 1839 1218 et
1866 1195 1947 1219 esse
1977 1195 2064 1218 cum
2093 1181 2266 1220 Christ07
2297 1197 2305 1219 :
2338 1190 2380 1219 ut
2399 1182 2441 1220 id

1429 1241 1533 1291 quod
1552 1250 1681 1279 manet
1696 1256 1742 1279 ex
1762 1250 1870 1292 parte
1897 1241 2041 1289 adhuc,
2064 1242 2240 1279 exsilium
2269 1242 2440 1290 finiatur3

1429 1311 1467 1340 et
1491 1316 1576 1353 quae
1600 1317 1647 1340 ex
1675 1311 1784 1353 parte
1801 1302 1881 1353 jam
1905 1303 2022 1354 coepit
2037 1331 2047 1350 ,
2070 1303 2232 1341 coelestis
2257 1303 2440 1341 habitatio

1428 1364 1661 1414 perficiatur.

1484 1425 1545 1461 60.
1573 1429 1646 1460 Aut
1668 1432 1770 1460 certe
1790 1428 2017 1460 conversatio
2037 1433 2165 1460 nostra
2192 1428 2231 1460 in
2253 1426 2358 1460 coelis
2375 1433 2439 1471 est,

1430 1485 1626 1536 quomodo
1646 1484 1748 1522 idem
1772 1484 1863 1521 dicit
1887 1485 2083 1535 apostolus
2105 1500 2113 1522 :
2136 1498 2202 1534 spe
2221 1489 2323 1520 enim
2353 1487 2443 1522 salvi

1422 1545 1521 1594 facti
1540 1544 1703 1582 sumusss.
1726 1548 1800 1596 Spe
1818 1546 1947 1595 itaque
1963 1545 2042 1595 jam
2065 1545 2104 1582 in
2137 1544 2354 1582 coelestibus
2374 1546 2443 1583 ha-

1430 1606 1596 1644 bitamus
1609 1637 1619 1653 ,
1652 1620 1736 1644 cum
1759 1606 1883 1644 adhuc
1911 1620 1951 1643 re
1971 1607 2052 1656 ipsa
2072 1607 2110 1643 in
2130 1607 2240 1644 terris
2271 1607 2442 1657 peregri-

1432 1681 1570 1705 nemur
1602 1676 1639 1704 et
1660 1668 1699 1704 in
1725 1680 1899 1718 corpore.
1928 1667 1996 1704 Vel
2016 1668 2125 1704 aliter
2147 1680 2155 1702 :
2178 1666 2374 1704 Habemus
2404 1676 2443 1705 et

1432 1728 1534 1765 unde
1555 1728 1734 1778 corpori,
1767 1736 1804 1764 et
1834 1727 1935 1764 unde
1964 1727 2129 1764 Domino
2159 1727 2439 1774 inhaereamus3

1432 1780 1526 1823 illud
1546 1787 1776 1824 vivificando
1790 1796 1827 1824 et
1841 1787 2108 1834 sensificando,
2123 1787 2230 1824 illum
2252 1786 2444 1824 credendo

1386 1850 1412 1886 C
1431 1856 1467 1884 et
1489 1848 1696 1898 diligendo.
1731 1851 1863 1898 Neque
1896 1848 1997 1885 enim
2031 1847 2260 1898 praesentior
2287 1848 2441 1898 spiritus

1429 1918 1560 1945 noster
1591 1917 1648 1946 est
1677 1908 1743 1945 ubi
1775 1909 1944 1955 animat,
1981 1921 2096 1958 quam
2125 1907 2191 1945 ubi
2219 1916 2318 1945 amat
2341 1922 2350 1945 :
2370 1904 2440 1945 nisi

1432 1970 1530 2006 forte
1563 1977 1721 2019 putetur
1745 1982 1828 2006 esse
1856 1969 1974 2019 magis
1993 1968 2060 2006 ubi
2088 1969 2232 2006 invitus
2251 1977 2289 2006 et
2307 1981 2353 2006 ex
2374 1981 2439 2006 ne-

1432 2029 1605 2066 cessitate
1644 2037 1820 2074 tenetur‚
1857 2041 1972 2078 quani
2001 2041 2079 2078 quo
2106 2036 2244 2078 sponte
2270 2035 2308 2064 et
2328 2028 2439 2065 alacri

1435 2090 1556 2126 fertur
1585 2089 1796 2126 voluntate.
1844 2088 2022 2138 Denique
2056 2086 2120 2124 ubi
2153 2096 2211 2125 est
2244 2087 2440 2125 thesaurus

1434 2158 1534 2196 tuus,
1552 2149 1605 2186 ibi
1625 2158 1681 2187 est
1696 2159 1734 2187 et
1751 2163 1818 2187 cor
1838 2158 1945 2187 tuum
1961 2155 1988 2186 9.
2006 2152 2100 2186 Item
2122 2149 2153 2186 si
2172 2152 2294 2186 Deum
2312 2161 2441 2186 amans

1429 2210 1555 2247 anima
1575 2223 1623 2246 ex
1651 2210 1736 2260 ipso
1761 2210 1858 2247 vivit
1879 2238 1889 2255 ‚
1921 2208 1978 2245 uti
1998 2222 2142 2259 corpus
2163 2222 2212 2245 ex
2230 2210 2330 2259 ipsa;
2363 2221 2440 2258 quo

1429 2272 1561 2321 pacto,
1583 2283 1713 2320 quaeso
1727 2300 1736 2317 ,
1757 2269 1984 2320 praesentior
2003 2280 2085 2306 esse
2105 2268 2352 2306 contenditur
2368 2267 2439 2306 nbi

1431 2330 1512 2377 dat,
1534 2343 1647 2380 quam
1670 2329 1772 2367 unde
1792 2329 1930 2380 accipit
1950 2329 2064 2366 vitam
2081 2330 2096 2365 ἓ
2133 2332 2235 2367 Fons
2254 2328 2438 2379 siquidem

1429 2392 1517 2429 vitae
1535 2392 1699 2429 charitas
1719 2399 1776 2428 est
1797 2406 1805 2428 ε
1828 2403 1898 2427 nec
1917 2391 2048 2427 vivere
2067 2390 2233 2427 animam
2253 2389 2410 2426 dixerim
2425 2417 2437 2435 ,

1427 2465 1512 2501 quae
1533 2451 1579 2488 de
1599 2451 1665 2488 illo
1687 2464 1765 2488 nou
1785 2451 1964 2488 hauserit.
1998 2450 2163 2487 Ham-ire
2196 2463 2316 2500 porro
2342 2461 2438 2500 quo-

1428 2512 1544 2549 modo
1566 2520 1706 2562 potest,
1727 2511 1800 2548 nisi
1821 2511 1935 2548 fuerit
1957 2523 2126 2561 praesens
2144 2510 2219 2561 ipsi
2234 2509 2353 2556 fonti,
2371 2507 2436 2558 qui

1429 2573 1594 2610 charitas
1608 2581 1665 2609 est
1679 2601 1687 2615 ,
1705 2585 1790 2622 quae
1810 2575 1912 2609 Deus
1933 2572 2018 2608 est?
2037 2575 2208 2609 Praesens
2225 2571 2342 2621 igitur
2358 2573 2437 2607 Deo

353 2656 388 2682 ec
416 2658 464 2681 ex
489 2651 599 2691 parte
616 2638 897 2689 prophetamus.
926 2637 971 2670 In
1005 2640 1192 2682 quantum
1216 2631 1361 2681 quippe
1378 2640 1410 2673 D
1428 2641 1483 2670 cst
1504 2632 1570 2683 qui
1590 2636 1714 2670 Deum
1736 2639 1855 2678 amat,
1890 2632 1930 2668 in
1951 2640 2136 2682 quantum
2159 2639 2271 2669 amat.
2297 2634 2341 2669 In
2360 2642 2436 2680 quo

353 2703 634 2755 cognoscimus,
656 2708 835 2747 tanquam
863 2692 1065 2744 praesentia
1093 2691 1361 2741 contemplan-

355 2775 430 2809 tes,
446 2764 524 2814 jam
545 2775 630 2799 cum
648 2758 815 2797 Domino
836 2767 979 2793 sumuS.
1009 2756 1052 2790 In
1080 2760 1267 2802 quantum
1293 2751 1362 2787 ad-

353 2825 427 2861 huc
446 2832 622 2871 tanquam
645 2819 691 2855 de
715 2816 851 2854 futuris
872 2813 1169 2865 prophetamus,
1198 2811 1361 2848 creden—

356 2893 411 2920 tes
433 2895 517 2931 quae
550 2894 628 2917 non
657 2877 904 2926 intelligimus
920 2904 929 2920 ‚
952 2880 1148 2923 sperantes
1169 2885 1254 2921 qua:
1282 2884 1359 2908 non

355 2943 548 2985 videmus3
574 2953 594 2975 a
622 2943 704 2975 Deo
730 2936 1032 2987 peregrinamur,
1054 2941 1091 2969 et
1119 2932 1159 2968 in
1182 2945 1356 2981 corpore.

358 3004 446 3039 Cum
471 3009 592 3036 autem
611 3002 756 3033 venerit
775 2997 878 3043 quod
892 2992 1098 3042 perfectum
1121 3001 1192 3037 eat,
1214 2992 1286 3028 lloc
1304 3000 1360 3028 est

352 3063 482 3114 gloriae
509 3057 726 3110 plenitudo,
748 3068 832 3104 quae
857 3056 895 3090 in
927 3053 1205 3090 resurrectione
1233 3053 1361 3089 sutura

353 3132 426 3169 est,
447 3131 534 3158 tunc
552 3115 792 3154 evacuabitur
804 3117 906 3163 qaod
920 3127 968 3149 ear:
982 3124 1094 3163 parte
1111 3111 1203 3159 est3,
1224 3126 1361 3163 corpo-

354 3185 404 3221 ris
423 3179 599 3219 videlicet
615 3176 738 3213 omnis
755 3174 952 3223 corruptio
964 3203 974 3219 ,
992 3188 1037 3210 ex
1053 3188 1128 3223 qua
1142 3174 1222 3210 sine
1241 3173 1359 3210 dubio

1428 2693 1530 2730 enim
1552 2693 1678 2729 minus
1698 2701 1825 2738 amat,
1864 2691 2000 2729 absens
2020 2692 2196 2742 profecto
2226 2699 2293 2729 est.
2328 2695 2372 2729 In
2390 2702 2436 2727 eo

1428 2762 1553 2790 autem
1584 2754 1710 2790 minus
1736 2757 1859 2790 Deum
1880 2766 2007 2790 amare
2033 2753 2297 2798 convincitur,
2333 2749 2435 2801 quod
2475 2748 2501 2810 Ἰ

1428 2814 1552 2851 carnis
1572 2814 1696 2851 adhuc
1712 2813 2002 2851 necessitatibus
2022 2821 2244 2864 occupatur.
2260 2813 2330 2851 Illa
2343 2823 2435 2849 vero

1428 2874 1528 2911 circa
1563 2888 1702 2924 corpus
1741 2874 1945 2924 occupatio
1974 2873 2067 2924 quid
2096 2881 2176 2920 est,
2203 2873 2273 2910 nisi
2307 2885 2327 2909 a
2355 2875 2434 2908 Deo

1428 2934 1602 2984 quaedam
1636 2934 1880 2971 absentatio?
1915 2943 1953 2971 et
1977 2933 2190 2971 absentatio
2221 2932 2332 2983 quid,
2364 2929 2434 2968 nisi

1427 2994 1709 3044 peregrinatio?
1729 2998 1775 3031 Et
1794 2995 2084 3044 peregrinamur
2104 3006 2196 3044 ergo
2215 2992 2239 3030 a
2255 2992 2433 3038 Domino,

1427 3062 1464 3090 et
1484 3055 1523 3090 in
1547 3067 1711 3105 corpore
1744 3054 2035 3104 peregrinamur
2056 3068 2064 3090 ι
2087 3052 2196 3103 cujus
2224 3060 2353 3090 nostra
2375 3050 2433 3088 ni-

1426 3114 1567 3150 mirum
1588 3123 1625 3151 et
1645 3114 1804 3151 intentio
1824 3114 2061 3164 praepeditur
2080 3112 2280 3158 aerumnis‚
2308 3119 2345 3149 et
2363 3123 2431 3148 cu-

1427 3174 1478 3211 ris
1500 3174 1663 3211 charitas
1686 3175 1873 3224 fatigatur.

406 3322 413 3337 ¹
442 3313 577 3355 Philipp.
594 3323 649 3348 in,
672 3313 725 3341 20.
742 3327 785 3330 —
803 3313 815 3328 ²
830 3311 860 3338 11
877 3308 949 3338 Cor.
979 3318 1010 3342 v,
1038 3311 1067 3336 ὓ.
1085 3324 1125 3328 -
1142 3306 1155 3329 3
1172 3311 1186 3337 1
1208 3310 1279 3339 Cor.
1308 3319 1387 3346 xm,
1412 3312 1444 3346 9,
1478 3313 1529 3341 10.
1547 3327 1590 3332 -—
1611 3309 1735 3342 mom.
1756 3320 1821 3345 vii,
1842 3310 1896 3339 24.
1919 3327 1962 3331 —
1985 3305 1997 3329 5
2017 3309 2090 3350 Sap.
2105 3317 2155 3345 lx,
2180 3310 2230 3338 15.
2246 3302 2319 3328 —⁶
2338 3307 2428 3336 Rom.

356 3381 426 3407 vni,
445 3370 499 3399 23.
517 3384 557 3388 —-
574 3371 586 3395 7
603 3363 739 3404 Philipp.
756 3373 785 3398 1,
809 3363 862 3391 23.
880 3379 913 3382 —
938 3358 951 3380 8
972 3362 1066 3390 Rom.
1086 3370 1143 3388 vni
1156 3384 1162 3393 ,
1183 3362 1235 3390 24.
1253 3379 1292 3382 —
1311 3366 1326 3389 9
1343 3361 1456 3392 Manli.
1474 3371 1527 3399 v1‚
1546 3365 1600 3393 21.
