2565 3952
336 449 712 510 EPISTOLA
775 449 960 506 CXII.

324 617 370 639 AD
392 615 613 639 GAUFRIDL‘M
631 613 899 638 LEXOVIENSEM
912 599 944 636 *.

175 727 268 759 Dolet
295 736 367 757 eum
387 725 511 757 deserto
541 723 702 766 religionis
727 721 891 765 proposito
920 721 1038 753 redisse
1060 721 1101 753 ad

279 783 446 821 saeculum3
464 787 496 813 et
511 780 552 813 ad
569 779 818 822 resipiscentiam
834 777 990 809 hortatur.

182 908 214 945 1.
247 905 372 943 Doleo
401 917 519 955 super
549 912 608 949 te,
641 902 694 939 fili
726 901 778 938 mi
800 900 1003 946 Gausride,
1027 899 1141 936 doleo

126 981 240 1018 super
262 975 308 1004 te.
330 969 378 1004 Et
399 966 549 1003 merito.
569 964 663 1014 Quis
684 963 784 1000 enim
812 976 889 999 non
912 961 1040 998 doleat
1067 961 1142 998 sso-

123 1042 202 1066 rem
224 1027 440 1078 juventutis
468 1036 565 1071 tuae,
595 1039 711 1076 quem
740 1022 958 1061 laetantibus
988 1022 1143 1072 Angelis
1165 1021 1191 1055 Β

120 1093 202 1128 Deo
224 1088 412 1126 illibatum
441 1087 636 1125 obtuleras
661 1086 700 1122 in
727 1084 886 1123 odorem
915 1083 1112 1120 suavitatis
1129 1112 1139 1130 ,

121 1164 223 1188 nunc
244 1165 265 1188 a
285 1149 526 1188 daemonibus
553 1147 794 1192 conculcari,
820 1146 1006 1183 vitiorum
1029 1158 1141 1195 spur-

66 1212 72 1218 '
120 1212 241 1260 citiis,
268 1221 306 1250 et
326 1212 455 1249 saeculi
483 1209 664 1248 sordibus
688 1208 913 1258 inquinari?
933 1206 1140 1255 Quomodo

119 1274 184 1324 qui
201 1281 360 1310 vocatus
383 1285 467 1309 eras
487 1285 508 1308 a
534 1273 640 1316 Deo,
665 1276 912 1306 revocantem
940 1266 1139 1304 diabolum

119 1333 320 1383 sequeris3
353 1341 391 1380 et
422 1345 538 1382 quem
571 1330 743 1368 Christus
783 1328 934 1365 trahere
970 1336 1140 1377 coeperat

118 1403 205 1446 post
233 1407 273 1431 se
292 1423 301 1440 ,
330 1401 492 1443 repente
520 1391 659 1442 pedem
691 1389 740 1428 ab
765 1390 850 1440 ipso
875 1389 1037 1426 introitu
1056 1389 1140 1438 glo-

119 1456 183 1493 riae
211 1454 430 1492 retraxisti?
457 1458 503 1491 In
528 1462 564 1490 te
592 1452 774 1503 experior
802 1464 905 1488 nunc
935 1450 1138 1486 veritatem

121 1516 307 1554 sermonis
323 1515 503 1561 Domini,
523 1528 639 1564 quem
654 1513 750 1550 dixit
766 1527 774 1549 ;
792 1515 944 1548 Inimici
960 1513 1136 1558 hominis,

119 1580 312 1615 domestici
332 1582 411 1625 ejus
429 1583 452 1613 ¹.
470 1576 595 1614 Amici
614 1576 667 1612 tui
689 1583 726 1612 et
744 1574 911 1625 proximi
935 1574 987 1610 tui
1005 1572 1139 1610 adver-

118 1653 199 1678 sum
227 1648 264 1676 te
295 1639 732 1690 appropinquaverunt,
767 1644 804 1673 et
834 1643 1036 1672 steterunt.
1061 1638 1138 1672 Re-

116 1709 352 1738 vocaverunt
383 1709 420 1737 te
456 1700 497 1736 in
531 1699 657 1736 fauces
687 1697 829 1743 leonis,
873 1704 910 1733 et
940 1696 978 1732 in
1014 1695 1137 1745 portis

117 1761 249 1798 mortis
276 1761 418 1798 iterum
448 1760 738 1797 collocaverunt
763 1766 810 1795 te.
841 1757 1137 1795 Collocaverunt

1064 159 1330 197 EPISTOLAE.

1164 231 1213 249 ¹20

1406 451 1784 509 EPISTOLA
1847 454 2062 512 CXIII.

1489 616 1535 638 AD
1560 615 1722 639 SOPHIAM
1750 617 1958 640 VIRGINEM.

1214 735 1292 763 Eam
1316 732 1467 774 prmdicat
1491 732 1532 764 ob
1558 740 1695 776 spretam
1720 734 1831 765 mundi
1857 734 2013 776 gloriam:
2033 741 2064 766 et
2088 738 2236 779 expositis

1258 787 1475 829 religiosarum
1498 788 1656 830 virginum
1681 790 1807 831 elogiis,
1827 790 2014 832 privilegiis,
2038 792 2175 833 praemiis
2200 804 2236 825 ac

1259 843 1470 882 ornamentis,
1487 843 1527 874 ad
1547 845 1815 887 perseverantiam
1831 844 1988 876 hortatur.

1209 966 1439 1001 Bssnxxiznts
1468 962 1585 1001 abbas
1613 964 1660 1002 de
1693 965 1956 1013 Clara-Valle,
1980 968 2126 1004 Somne
2155 967 2235 1005 vir-

1265 1025 1343 1074 gini
1359 1055 1368 1072 ,
1390 1026 1621 1075 virginitatis
1644 1040 1796 1064 servare
1819 1027 1991 1075 titulum,
2013 1028 2235 1079 apprehen-

1266 1086 1356 1124 dere
1379 1087 1558 1124 fructum.

1268 1209 1299 1245 l.
1329 1208 1459 1245 Fallax
1491 1208 1633 1257 gratia,
1669 1216 1706 1245 et
1733 1221 1832 1245 vana
1865 1217 1922 1245 est
1954 1209 2228 1258 pulchritudo:

1207 1268 1346 1304 mulier
1374 1269 1512 1306 timens
1541 1273 1691 1316 Deum,
1723 1270 1806 1319 ipsa
1833 1269 2094 1307 laudabitur3.
2128 1274 2232 1308 Con-

1207 1328 1391 1375 delector,
1412 1330 1487 1366 filia
1499 1358 1508 1375 ,
1532 1330 1663 1379 gloriae
1680 1330 1833 1367 virtutis
1850 1339 1924 1367 tuae
1937 1359 1946 1377 ,
1969 1344 2043 1380 qua
2060 1332 2231 1369 fallacem

1208 1390 1343 1427 mundi
1363 1390 1524 1440 gloriam
1552 1390 1742 1440 respuisse
1767 1391 1946 1427 narraris.
1974 1395 2063 1441 Ipsa
2085 1393 2231 1443 quippe

1208 1450 1322 1500 digne
1344 1451 1540 1501 respuitur
1563 1465 1570 1488 :
1595 1451 1660 1488 sed
1682 1451 1771 1501 quia
1803 1451 1914 1488 multi
1935 1452 2046 1488 aliter
2077 1453 2232 1503 sapien—

1209 1520 1264 1548 tes
1289 1512 1329 1548 in
1358 1511 1441 1561 ejus
1468 1512 1720 1549 aestimatione
1744 1512 1959 1562 desipiunt,
1984 1521 2024 1549 tu
2037 1512 2126 1562 jure
2144 1514 2229 1551 lau-

1207 1572 1336 1619 daris,
1365 1574 1454 1624 quia
1483 1587 1561 1610 non
1588 1574 1741 1611 falleris.
1777 1575 1865 1612 Flos
1896 1574 1973 1611 feni
1994 1583 2072 1621 est,
2106 1587 2230 1625 vapor

1206 1642 1262 1671 est
1280 1634 1328 1671 ad
1345 1635 1541 1671 modicum
1564 1648 1714 1684 parens.
1734 1638 1820 1684 Ipse
1839 1633 1921 1684 ejus
1939 1635 2229 1685 qualiscumque

1205 1704 1324 1733 status
1337 1724 1346 1742 ,
1368 1709 1499 1733 nonne
1518 1696 1605 1746 plus
1625 1695 1825 1732 anxietatis
1838 1725 1847 1742 ,
1866 1709 1980 1745 quam
2004 1695 2228 1745 jucundita—

1205 1757 1251 1793 tis
1270 1756 1414 1794 habet?
1436 1761 1537 1794 Dum
1560 1755 1755 1801 vindicas,
1784 1756 1876 1792 dum
1908 1756 2103 1803 defendis,
2134 1757 2225 1794 dum

117 1829 152 1859 te
180 1822 217 1859 in
247 1821 440 1868 obscuris,
473 1821 572 1858 sicut
601 1828 777 1857 mortuos
809 1816 969 1856 saeculi:
993 1825 1030 1853 et
1056 1815 1136 1866 jam
1160 1818 1372 1865 Cinvides,
1403 1818 1494 1855 dum
1528 1818 1761 1868 suspicaris,
1797 1817 1888 1854 dum
1923 1830 2075 1868 semper
2105 1818 2227 1855 ambis

115 1895 249 1933 parum
285 1891 341 1920 est
380 1891 422 1920 ut
452 1881 662 1920 descendas
698 1881 738 1918 in
781 1888 957 1917 ventrem
993 1877 1104 1915 inferi
1125 1893 1135 1926 3

111 1942 189 1994 jam
212 1952 248 1981 te
269 1943 457 1995 deglutire
486 1943 664 1990 festinat,
693 1956 736 1979 ac
763 1939 1006 1991 rugientibus
1031 1951 1133 1990 prae-

114 2005 254 2055 paratis
273 2005 322 2042 ad
342 2017 467 2042 escam
486 2003 638 2041 tradere
660 2003 940 2041 devorandum.

167 2066 202 2103 2.
230 2070 461 2112 Revertere,
485 2079 635 2115 quaeso,
666 2073 882 2109 revertere,
907 2064 1133 2114 priusquam

116 2135 152 2165 te
179 2127 383 2165 absorbeat
413 2127 678 2178 profundum,
716 2135 754 2163 et
786 2134 921 2176 urgeat
951 2138 1068 2175 super
1097 2132 1133 2160 te

113 2197 250 2240 puteus
270 2203 313 2227 os
333 2203 470 2236 suum;
494 2189 724 2240 priusquam
746 2187 980 2237 demergaris
993 2216 1002 2233 ,
1028 2185 1131 2223 unde

114 2250 270 2288 ulterius
289 2264 369 2288 non
392 2263 586 2300 emergas3
608 2250 831 2300 priusquam
859 2249 981 2298 ligatis
1003 2247 1128 2284 mani-

113 2308 182 2348 bus
201 2311 422 2362 etpedibus
448 2311 665 2363 projiciaris
688 2311 728 2348 in
751 2310 929 2348 tenebras
958 2309 1129 2346 exterio-

113 2383 194 2420 Γθε,
216 2371 283 2409 ubi
311 2381 368 2409 est
394 2372 508 2409 fletus
535 2381 574 2409 et
599 2372 744 2409 stridor
771 2371 968 2417 dentium,
1001 2370 1128 2421 prius-

113 2445 224 2483 quam
261 2433 480 2471 detrudaris
520 2434 560 2470 in
596 2433 726 2470 locum
767 2432 1015 2469 tenebrosum
1039 2461 1048 2477 ,
1091 2440 1128 2468 et

113 2503 285 2544 opertum
301 2495 437 2532 mortis
457 2495 628 2545 caligine.
649 2493 853 2532 Erubescis
872 2494 969 2530 forte
987 2493 1127 2540 redire,

112 2555 197 2604 quia
216 2555 264 2592 ad
280 2556 414 2593 horam
431 2556 587 2593 cessisti.
609 2554 804 2592 Erubesce
824 2556 949 2605 fugam
964 2584 974 2601 ,
992 2563 1029 2591 et
1050 2568 1127 2591 non

112 2623 196 2664 post
218 2616 342 2666 fugam
365 2617 508 2654 reverti
528 2617 566 2653 in
591 2617 768 2667 praelium
783 2645 792 2662 ,
814 2624 852 2652 et
875 2629 1027 2652 rursum
1054 2628 1128 2665 pu-

1206 1892 1292 1929 quae
1322 1893 1401 1916 non
1430 1877 1566 1925 habes,
1591 1887 1628 1915 et
1650 1878 1848 1915 nonnullis
1879 1877 2052 1929 adeptis,
2089 1880 2223 1929 acqui-

1204 1941 1316 1978 rendi
1346 1954 1426 1977 non
1446 1940 1606 1991 tepescit
1630 1939 1748 1976 ardor
1771 1954 1779 1976 ε
1801 1953 1887 1990 quae
1909 1939 2060 1989 requies
2081 1940 2120 1976 in
2141 1941 2226 1989 glo-

1203 2002 1259 2038 ria
1280 2004 1373 2039 tua?
1395 2002 1431 2040 si
1454 2015 1530 2051 qua
1551 2009 1675 2037 tamen
1700 2009 1778 2046 est,
1808 2001 1980 2051 prseterit
2002 1999 2226 2050 jucunditas

1202 2076 1282 2101 non
1304 2063 1493 2109 reditura,
1515 2071 1553 2100 et
1574 2071 1704 2100 manet
1729 2063 1901 2099 anxietas
1928 2076 2007 2098 non
2030 2063 2223 2100 relictura.

1202 2127 1389 2162 Caeterum
1410 2124 1538 2161 videas
1560 2137 1644 2161 eam
1667 2124 1974 2174 quamplurimos
1992 2137 2067 2159 non
2088 2138 2224 2174 appre-

1199 2186 1370 2223 hendere
1383 2215 1392 2233 ,
1411 2194 1659 2223 contemnere
1675 2198 1904 2236 perpaucos.
1923 2187 1999 2221 Cur
2015 2184 2114 2221 hoc?
2130 2188 2224 2221 Pro-

1200 2247 1300 2283 fecto
1338 2246 1426 2296 quia
1469 2246 1675 2282 necessitas
1718 2246 1931 2282 multorum
1969 2252 2024 2281 est
2048 2273 2057 2289 ,
2101 2245 2224 2281 virtus

1197 2320 1425 2357 paucorum.
1459 2310 1676 2344 Paucorum
1699 2336 1709 2353 ,
1741 2306 1898 2356 inquam
1926 2335 1935 2351 ,
1970 2319 2181 2355 paucorum
2209 2335 2219 2351 ,

1197 2369 1409 2419 praesertim
1437 2367 1640 2405 nobilium.
1673 2368 1850 2416 Denique
1873 2380 1951 2403 non
1980 2366 2121 2403 multos
2148 2380 2221 2403 no-

1196 2430 1311 2477 biles,
1325 2429 1391 2466 sed
1406 2428 1588 2478 ignobilia
1604 2428 1738 2465 mundi
1758 2428 1870 2477 elegit
1887 2430 1990 2463 Deus
2006 2427 2034 2464 4.
2053 2428 2220 2465 Proinde

1196 2491 1399 2528 benedicta
1418 2499 1458 2527 tu
1478 2491 1516 2526 in
1539 2488 1733 2526 nobilibus
1748 2518 1757 2535 ,
1777 2502 1882 2538 quae,
1900 2501 1972 2538 pro
1993 2488 2115 2538 gloria
2136 2502 2220 2525 cer-

1197 2551 1366 2588 tantibus
1383 2551 1544 2596 caeteris,
1571 2550 1617 2586 de
1641 2557 1867 2599 contemptu
1889 2549 2020 2598 gloriae
2046 2549 2220 2598 gloriosi-

1196 2628 1240 2651 us
1259 2613 1501 2659 sublimaris,
1525 2620 1561 2649 et
1582 2611 1784 2648 sublimius
1808 2610 1999 2660 gloriaris.
2029 2610 2220 2660 Insignior

111 2688 236 2725 gnare.
256 2677 427 2715 Necdum
455 2678 541 2715 finis
567 2691 729 2728 pugnae,
752 2677 917 2714 necdum
949 2675 997 2713 ab
1027 2676 1127 2711 invi—
1145 2685 1176 2718 D
1196 2677 1310 2726 plane
1341 2684 1455 2725 atque
1485 2673 1697 2719 illustrior,
1734 2671 1839 2722 quod
1873 2671 1919 2708 de
1952 2671 2084 2721 paucis
2121 2672 2219 2708 facta

113 2749 193 2773 cem
223 2737 446 2776 dimicantes
475 2739 573 2776 acies
604 2739 892 2775 discesserunt:
916 2737 1042 2774 adhuc
1072 2737 1130 2773 vi-

111 2798 228 2834 ctoria
241 2812 320 2848 prae
337 2798 512 2836 manibus
529 2808 597 2836 est.
617 2799 654 2837 Si
670 2799 727 2835 vis
739 2828 748 2845 ,
772 2799 954 2835 nolumus
972 2799 1129 2835 vincere

111 2855 188 2894 sine
209 2866 262 2906 te,
282 2873 353 2897 nec
373 2869 475 2897 tuam
499 2859 567 2897 tibi
587 2860 806 2897 invidemus
825 2860 957 2910 gloriae
975 2859 1129 2910 portio-

58 2944 59 2949 *
109 2929 207 2955 nem.
225 2921 318 2957 Laeti
337 2934 584 2958 occurremus
606 2920 696 2967 tibi,
720 2921 815 2958 laetis
837 2930 872 2958 te
895 2921 1125 2971 recipiemus

111 2979 365 3029 amplexibus,
389 2981 638 3032 dicemusque
662 2997 669 3019 :
694 2985 862 3032 Epalcm·
893 2991 929 3018 et
955 2984 1126 3031 gaudere

111 3049 273 3087 oportet,
301 3047 391 3091 quia
419 3043 481 3079 lu‘c
497 3044 609 3091 filius
632 3053 759 3080 noster
784 3053 950 3080 mortuus
963 3041 1097 3091 suerat
1112 3072 1122 3089 ‚

111 3108 146 3136 et
172 3106 330 3149 κωπίω
353 3108 551 3154 perierat,
579 3114 616 3142 ec
641 3110 812 3142 iuventus
840 3115 893 3142 est
910 3111 933 3141 ².

1197 2752 1260 2783 es,
1285 2750 1399 2787 quani
1424 2735 1528 2786 quod
1556 2743 1640 2771 orta
1670 2734 1716 2770 de
1740 2733 1899 2782 magnis.
1926 2732 2025 2769 Illud
2051 2746 2218 2782 namque

1196 2799 1267 2836 Dei
1289 2811 1448 2834 munere
1470 2805 1576 2833 tuum
1594 2804 1672 2841 est,
1695 2795 1767 2831 hoc
1787 2803 1954 2830 tuorum.
1976 2797 2098 2830 Porro
2113 2793 2218 2843 quod

1198 2867 1306 2896 tuum
1325 2866 1403 2903 est,
1427 2865 1535 2894 tanto
1553 2856 1704 2893 charius
1720 2864 1789 2900 est,
1810 2863 1956 2904 quanto
1971 2854 2105 2891 rarius.
2124 2857 2218 2891 Nam

1196 2920 1226 2957 si
1247 2920 1285 2956 in
1306 2918 1398 2956 viris
1418 2918 1543 2955 virtus
1558 2947 1567 2964 ,
1593 2931 1678 2954 rara
1700 2925 1756 2953 est
1773 2917 1852 2952 avis
1874 2917 1912 2952 in
1935 2915 2046 2952 terris
2065 2930 2074 2961 3
2096 2928 2220 2964 quan-

1194 2990 1233 3018 to
1265 2981 1382 3030 magis
1412 2980 1451 3016 in
1479 2979 1621 3016 femina
1651 2978 1774 3028 fragili
1802 2985 1840 3013 et
1867 2976 2011 3013 nobili?
2043 2976 2219 3025 Denique

1194 3042 1395 3079 mulierem
1424 3041 1563 3078 fortem
1585 3040 1671 3090 quis
1694 3039 1864 3076 inveniet
1879 3037 1919 3074 ⁵?
1948 3038 2071 3075 Multo
2099 3037 2216 3085 magis

1194 3103 1280 3154 quis
1301 3103 1441 3139 fortem
1463 3110 1500 3139 et
1522 3101 1719 3139 nobilem?
1748 3099 1905 3138 Minime
1935 3097 2089 3148 quidem
2112 3101 2217 3134 Deus

1194 3173 1251 3202 est
1285 3172 1466 3215 acceptor
1491 3176 1748 3214 personarum
1776 3177 1784 3199 :
1816 3161 1945 3198 nescio
1982 3167 2106 3195 tamen
2137 3170 2215 3206 quo

1194 3234 1308 3276 pacto
1326 3225 1451 3263 virtus
1471 3225 1508 3262 in
1529 3223 1650 3262 nobili
1668 3224 1754 3274 plus
1776 3223 1913 3272 placet.
1931 3224 1991 3258 An
2011 3219 2108 3255 forte
2126 3217 2214 3268 quia

162 3358 170 3374 ¹
193 3356 308 3388 Manli.
328 3369 368 3397 x,
390 3361 446 3390 30.
464 3377 502 3382 -
525 3365 536 3380 ²
554 3363 630 3392 Luc.
650 3372 706 3399 xv,
727 3363 783 3392 32.
803 3378 842 3382 --
864 3357 991 3391 31¹rox‘.
1017 3370 1112 3397 xxxi,
1138 3362 1192 3389 350.
1210 3357 1282 3383 „⁷4
1310 3360 1322 3388 Ι
1351 3359 1423 3388 Cor.
1452 3368 1480 3391 1,
1506 3358 1625 3387 izo-28.
1650 3373 1683 3376 s·
1710 3351 1722 3374 3
1746 3356 1836 3385 Prox.
1864 3360 1960 3385 -xx-U,
1985 3351 2034 3379 lO-
