2533 3920
395 214 465 251 551

1413 278 1463 298 26⁴

398 363 1414 384 ......................................................................
1433 342 1462 374 Α

550 487 921 546 EPISTOLA
978 477 1281 540 CCLXX?

779 645 824 666 AD
853 642 1013 665 Eumol-:31
1021 658 1028 664 .

401 770 512 803 Scribit
530 770 562 800 in
584 777 674 799 causa
694 764 810 797 Prioris
833 761 1010 795 Cartusiani
1035 767 1144 792 contra
1166 766 1407 801 transgressores

446 824 609 867 quosdam.
640 824 776 852 Mortem
808 817 932 848 abbatis
959 815 1172 847 Cisterciensis
1206 814 1347 851 nuntiat,
1378 819 1409 845 et

445 887 651 910 successorem
665 871 875 906 commendat.

452 1006 483 1040 1.
513 1001 585 1050 Qui
618 1006 765 1036 tentant
793 1010 883 1042 nos,
916 1008 993 1032 non
1027 993 1263 1038 dormitant,
1285 1005 1410 1041 neque

401 1062 608 1099 dormiunt.
640 1057 846 1107 Quomodo
875 1068 978 1092 nunc
1006 1054 1053 1090 de
1081 1066 1186 1089 novo
1219 1051 1411 1102 persecuti
1433 1053 1460 1087 B

399 1131 487 1160 sunt
514 1122 553 1158 in
582 1119 776 1156 montibus
795 1146 804 1163 ‚
834 1114 999 1153 insidiati
1033 1122 1122 1151 sunt
1157 1113 1197 1148 in
1233 1111 1411 1148 deserto?

397 1182 655 1221 Cartusienses
690 1177 834 1216 turbati
872 1183 962 1213 sunt
976 1175 993 1191 *
1015 1189 1023 1211 :
1062 1172 1203 1210 turbati
1239 1180 1329 1209 sunt
1373 1180 1410 1208 et

397 1243 491 1280 moti
514 1250 603 1279 sunt
626 1241 723 1278 sicut
743 1239 873 1276 ebrius
889 1266 898 1283 ‚
917 1245 953 1274 et
978 1234 1262 1287 propemodum
1285 1233 1408 1270 omnis

396 1303 580 1354 sapientia
613 1314 745 1339 eorum
779 1299 963 1336 devorata
994 1305 1061 1333 est.
1095 1295 1220 1341 Scias,
1250 1293 1405 1331 domine

395 1365 448 1402 mi
471 1380 478 1401 :
496 1364 673 1401 inimicus
694 1362 812 1398 homo
830 1361 901 1396 hoc
928 1358 1025 1395 secit.
1047 1356 1148 1405 Quid
1168 1356 1274 1401 dieo,
1292 1355 1406 1392 fecit?

396 1434 433 1462 et
452 1425 575 1462 adhuc
597 1424 695 1460 facit.
714 1421 849 1460 Adhuc
868 1420 1044 1456 fiduciam
1064 1417 1180 1454 habet
1193 1446 1201 1462 ‚
1225 1425 1268 1453 ut
1289 1424 1327 1452 et
1343 1416 1406 1452 illa

394 1486 571 1523 sanctitas
599 1485 735 1521 influat
761 1483 801 1518 in
828 1495 869 1518 os
899 1480 992 1529 ejus.
1020 1482 1113 1516 Esca
1139 1477 1221 1527 ejus
1256 1477 1402 1513 electa:

396 1547 497 1584 nosti
541 1546 699 1596 optime.
741 1542 935 1592 Quosdam
970 1539 1049 1590 jam
1091 1538 1405 1589 praevaricatores

399 1607 597 1645 constituit
618 1621 625 1642 :
648 1606 763 1650 alios,
786 1617 882 1654 quos
905 1616 973 1653 per
998 1615 1037 1638 se
1059 1613 1280 1651 expugnare
1324 1612 1402 1634 non

396 1677 572 1719 poterat,
594 1681 663 1718 per
682 1667 766 1703 illos
785 1666 985 1715 impugnat
1005 1662 1108 1699 bello
1134 1660 1343 1698 domestico
1367 1667 1404 1695 et

395 1729 590 1766 intestino.
618 1727 677 1765 Ab
707 1728 788 1777 ipsa
820 1725 1043 1762 fundatione
1080 1722 1152 1759 loci
1183 1730 1219 1758 et
1251 1720 1405 1758 Ordinis

395 1804 475 1827 non
498 1799 555 1827 est
575 1790 767 1833 auditum,
788 1795 831 1823 ut
857 1786 942 1836 quis
970 1784 1122 1829 exiens,
1151 1783 1230 1819 sine
1254 1781 1404 1818 satissa—

396 1851 521 1887 ctione
550 1850 796 1900 reciperetur.
829 1847 902 1896 Qui
938 1846 1033 1882 male
1065 1845 1261 1888 exierant,
1297 1841 1406 1891 pejus
1428 1843 1455 1879 C

397 1912 704 1954 reintraverunt,
720 1909 902 1946 addentes
921 1904 1288 1956 praevaricationem.
1303 1901 1403 1950 Quid

394 1981 528 2023 putas,
550 1975 660 2008 Pater
680 1978 806 2007 sancte
826 1998 835 2014 ,
858 1968 913 2004 illi
940 1966 1075 2003 facturi
1101 1973 1213 2009 sunt,
1237 1976 1403 2013 quorum

396 2031 562 2081 egressio
580 2031 618 2067 in
637 2028 949 2078 transgressione,
966 2026 1149 2076 regressio
1166 2025 1203 2061 in
1223 2022 1402 2074 superbia

396 2094 482 2130 est?
499 2095 545 2130 Et
562 2105 664 2128 nunc
682 2088 861 2140 superbia
876 2100 1008 2124 eorum
1026 2085 1195 2122 ascendit
1210 2096 1361 2133 semper
1374 2088 1397 2117 ¹.

394 2153 598 2190 Exsultant
618 2151 657 2187 in
678 2164 718 2186 re
742 2148 905 2199 pessima
936 2160 1049 2196 quam
1078 2153 1238 2194 egerunt
1254 2172 1263 2189 ,
1283 2142 1402 2179 insul-

397 2222 478 2250 tant
498 2212 676 2262 injuriam
698 2208 942 2260 patientibus.
961 2207 1094 2244 Vicere
1108 2234 1117 2250 ‚
1139 2204 1376 2254 triumphant
1394 2216 1401 2238 :

397 2273 595 2322 Priorjaxn
612 2285 689 2308 non
711 2279 766 2307 cst
784 2269 906 2306 Prior.
926 2271 1027 2304 Dum
1047 2264 1220 2315 superbit
1242 2263 1401 2313 impius,

396 2334 614 2370 incenditur
630 2343 788 2382 pauper.
805 2328 916 2366 Exire
936 2327 1048 2363 etiam
1065 2326 1145 2361 vult
1161 2341 1168 2361 ;
1183 2338 1261 2361 11011
1281 2329 1407 2374 1101051

396 2394 526 2431 videre
552 2391 851 2429 destructionem
877 2387 1031 2428 Ordinis
1054 2386 1124 2422 sui.
1141 2388 1188 2422 Et
1204 2384 1284 2434 jam
1305 2383 1405 2420 exis-

398 2462 475 2499 set,
497 2452 527 2489 si
552 2453 655 2489 solus
676 2451 779 2487 exire
797 2448 998 2499 potuisset.
1019 2446 1094 2495 Qui
1121 2445 1230 2483 Prior
1251 2456 1405 2480 necesse

398 2524 454 2553 est
476 2523 518 2551 ut
537 2513 662 2550 11011115
683 2512 730 2549 511
751 2526 759 2547 :
782 2523 870 2547 nam
890 2521 1056 2559 quorum
1088 2507 1264 2544 innititur
1286 2505 1407 2543 consi-

399 2577 450 2614 lio
463 2607 472 2624 ,
491 2575 706 2613 audivimus
722 2587 742 2610 a
759 2572 870 2609 bonis
886 2571 1009 2608 1101105
1023 2582 1117 2606 0550.

455 2638 491 2675 2.
520 2636 711 2681 Videsne,
744 2633 1035 2671 clementissime
1064 2635 1189 2675 Pater,
1220 2636 1406 2679 quantum
1426 2629 1460 2662 D

402 2697 627 2747 subreptum
662 2696 709 2733 sit
743 2694 839 2731 tibi?
871 2694 1022 2731 Nihilne
1061 2691 1218 2740 dignum
1252 2688 1410 2738 recipiet

402 2757 662 2808 subreptionis
686 2756 851 2793 auctor?
871 2754 908 2792 Si
931 2753 1028 2789 bene
1051 2760 1086 2788 te
1109 2750 1219 2796 novi,
1240 2747 1410 2800 portabit

398 2819 585 2868 judicium
610 2817 843 2867 quicumque
863 2822 919 2851 est
934 2814 1010 2850 ille.
1033 2816 1229 2849 Venerunt
1245 2809 1292 2846 ad
1315 2817 1351 2845 te
1371 2808 1409 2844 in

401 2878 636 2916 vestimentis
666 2877 821 2922 ovium,
850 2874 889 2910 in
917 2872 1050 2910 habitu
1086 2879 1242 2917 sanct03
1266 2868 1411 2920 51100105

403 2939 553 2989 decepit
580 2947 629 2975 te.
659 2937 759 2986 Quid
789 2936 957 2972 mirum?
980 2943 1018 2970 et
1049 2942 1089 2970 tu
1115 2933 1231 2970 homo
1258 2945 1309 2968 es.
1337 2929 1410 2969 Sed

396 3000 476 3050 jam
494 2998 646 3050 prodita
662 2997 701 3033 in
719 2997 841 3033 lucem
858 2994 990 3032 fraude
1007 3024 1017 3041 ,
1032 3001 1210 3043 exsurgat
1225 2992 1328 3029 zelus
1341 3021 1350 3037 ‚
1369 2999 1409 3028 et

402 3068 529 3110 partes
550 3070 636 3096 suas
657 3055 819 3093 viriliter
836 3063 1066 3104 exsequatur
1089 3053 1270 3091 adversus
1296 3051 1406 3088 mali—

401 3129 571 3172 gnantes.
604 3122 690 3157 Non
729 3117 858 3154 veniat
886 3116 1011 3152 anima
1045 3123 1108 3152 tua
1134 3114 1173 3152 in
1204 3116 1406 3153 consilium

451 3271 460 3286 ¹
480 3264 563 3295 Psal.
582 3272 711 3298 unu,
732 3263 788 3292 23.
808 3277 850 3282 -
871 3263 884 3279 ²
899 3257 1058 3294 Psal.v11,
1082 3259 1208 3295 16,17.

448 3318 464 3341 b
480 3322 670 3360 Rainaldus‚
687 3320 773 3363 cujus
792 3318 897 3350 obitus
915 3318 1043 3359 contigit
1057 3328 1139 3349 anno
1160 3320 1259 3348 ¹151.
1277 3320 1359 3349 Gozx
1368 3319 1453 3349 inum

1182 206 1215 240 S.
1247 203 1500 238 BERNARDI
1529 201 1731 236 ABBATIS

1468 2153 1677 2200 Propterea
1702 2157 1892 2186 amatores
1921 2147 2015 2185 boni
2036 2148 2199 2199 diligunt
2219 2161 2306 2185 eum
2321 2177 2331 2194 ,
2354 2157 2391 2185 et
2409 2148 2486 2200 ipse

2518 107 2520 159 i

2411 201 2486 239 552
2517 183 2520 251 1

1476 292 1610 316 eorum
1646 293 1653 314 :
1688 275 1896 325 dissipetur
1931 274 2131 311 consilium
2165 275 2404 326 Achitophel.
2436 281 2486 316 Te
2516 284 2518 311 1'

1484 339 1607 389 ipsum
1633 335 1794 373 custodi.
1816 338 1901 372 Non
1927 343 1983 371 est
2012 336 2113 385 paris
2134 336 2297 385 periculi
2325 337 2487 376 scientiae
2515 338 2518 375 ἶ

1478 398 1648 448 subripi,
1669 405 1705 433 et
1726 395 1848 432 zelum
1871 395 2052 432 dormire.
2081 395 2181 432 Illud
2209 405 2364 433 excusat
2384 398 2487 447 igno·
2516 424 2517 427 =

1478 457 1599 494 rantia
1613 486 1621 502 ‚
1643 457 1716 492 hoc
1734 455 1964 504 negligentia
1980 454 2242 492 inexcusabile
2260 455 2360 492 facit.
2376 460 2487 496 Forte

1477 517 1656 555 ascendat
1684 530 1730 553 ex
1751 515 1934 561 adverso,
1965 524 2003 552 et
2031 515 2133 552 aliud
2164 515 2395 566 persuadere
2421 531 2487 556 co-
2514 539 2516 555 ι

1477 586 1598 614 netur.
1628 576 1836 613 Mentiatur
1858 575 2037 625 iniquitas
2059 574 2131 612 sibi
2145 605 2155 622 ,
2172 584 2210 612 et
2230 589 2308 613 non
2331 575 2486 617 domino

1480 652 1577 675 meo.
1600 641 1695 674 'Nam
1717 636 1796 672 haec
1825 636 1990 682 verita53
2012 644 2050 672 et
2069 649 2130 673 res
2151 636 2202 672 sic
2223 649 2262 673 se
2281 635 2407 673 habet.
2428 638 2486 676 Ni}
2513 658 2515 663 ⁴

1475 712 1568 735 vero
1586 696 1796 747 jucundius
1813 727 1823 743 ,
1842 697 1893 732 nil
1913 695 2054 746 justius
2080 696 2119 732 in
2142 695 2298 745 judiciis
2326 699 2482 747 vestris,
2512 743 2514 746 y

1475 772 1587 808 quam
1609 771 1695 794 cum
1717 770 1756 793 se
1776 756 1990 793 istiusmodi
2007 756 2157 793 occasio
2181 755 2348 806 praebet,
2369 757 2400 794 si
2420 759 2484 808 qui
2512 784 2513 794 1
2531 794 2533 798 Α

1477 832 1615 856 nocere
1635 818 1776 860 voluit,
1796 817 1905 854 cadat
1923 818 2004 868 ipse
2025 817 2062 853 in
2081 817 2230 853 foveam
2251 830 2367 866 quam
2384 818 2483 865 fecit,
2532 837 2533 858 3

1476 889 1514 917 et
1534 887 1783 916 convertatur
1803 879 1915 915 dolor
1943 877 2025 927 ejus
2052 878 2090 914 in
2118 885 2234 928 caput
2265 876 2347 927 ejus
2363 905 2373 922 ‚
2395 879 2485 917 etin
2510 887 2533 923 i!

1476 940 1657 976 verticem
1676 939 1795 988 ipsius
1811 938 1991 987 iniquitas
2011 936 2094 986 ejus
2111 936 2317 974 descendat
2330 944 2356 974 ².
2377 939 2488 978 Zetus
2509 954 2533 979 *J

1476 999 1632 1036 Domini
1656 998 1730 1034 mei
1752 997 1862 1033 faciet
1883 997 1968 1034 hoc.
1991 1000 2039 1033 Et
2060 996 2298 1047 priorabitur
2322 997 2459 1036 iterum
2473 1027 2485 1046 ,
2510 1003 2512 1045 j

1480 1068 1522 1095 ut
1545 1058 1720 1104 confido,
1740 1057 1807 1107 qui
1838 1057 1949 1094 Prior
1979 1058 2050 1094 fuit
2080 1072 2088 1094 :
2118 1066 2161 1094 ut
2190 1071 2269 1094 non
2305 1058 2489 1108 glorietur
2507 1061 2533 1109 11

1478 1119 1603 1156 01111115
1628 1118 1821 1168 iniquitas.
1855 1118 2038 1168 Alioquin
2071 1117 2210 1169 (quod
2244 1131 2323 1155 non
2352 1118 2487 1158 frustra
2507 1132 2533 1165 ,114

1478 1177 1678 1230 timemus)
1705 1178 1777 1215 nisi
1804 1178 1916 1215 Prior
1945 1178 2169 1215 restituatur
2195 1178 2234 1215 in
2255 1178 2375 1228 gradu
2397 1192 2485 1227 suo,
2506 1178 2533 1224 id

1480 1239 1586 1278 Ordo
1614 1253 1692 1276 non
1714 1239 1780 1276 diu
1800 1239 1871 1275 erit
1897 1239 1937 1275 in
1959 1247 2058 1276 statu
2085 1252 2168 1277 suo⁴
2194 1240 2360 1289 Inspiret
2388 1242 2511 1280 Deus»

1473 1299 1585 1337 vobis
1599 1308 1758 1350 paterne
1773 1299 1946 1349 accipere
1967 1299 2050 1346 ista,
2068 1307 2106 1337 et
2127 1299 2365 1350 respondere
2387 1299 2487 1340 bona
2505 1304 2513 1332 ἑ

1473 1360 1520 1397 311
1543 1369 1712 1397 nostram
1736 1359 1910 1396 omnium
1933 1359 2238 1397 consolationem
2256 1387 2267 1406 ,
2288 1359 2355 1409 qui
2379 1359 2488 1399 valde

1473 1420 1633 1457 desolati
1656 1433 1788 1457 sumus
1803 1449 1813 1466 ,
1835 1428 1872 1456 et
1892 1419 2024 1457 afflicti
2041 1433 2157 1470 super
2176 1419 2290 1457 vires.

1526 1482 1562 1519 3.
1587 1485 1762 1518 Domnus
1779 1481 2038 1518 Cisterciensis
2053 1479 2070 1503 b
2088 1481 2256 1518 deseruit
2269 1494 2340 1518 nos
2356 1496 2364 1518 :
2381 1481 2506 1532 plag23

1472 1556 1607 1592 magna
1631 1543 1669 1578 in
1698 1542 1856 1580 Ordine.
1886 1542 1978 1579 Mihi
2008 1555 2101 1579 vero
2130 1541 2272 1592 duplex
2302 1535 2519 1581 incumbit!

1472 1604 1646 1640 moeroris
1677 1604 1794 1649 ratio,
1823 1603 1889 1653 qui
1918 1603 1958 1640 in
1988 1617 2067 1640 uno
2093 1603 2250 1640 homine
2279 1612 2318 1640 et
2341 1612 2507 1654 patrem⁴

1473 1665 1602 1710 amisi,
1622 1673 1659 1700 et
1681 1665 1814 1701 lilium.
1839 1668 1885 1701 Et
1906 1678 2009 1701 nunc
2028 1663 2214 1701 habemus
2231 1677 2303 1714 pro
2321 1677 2366 1701 eo
2385 1664 2489 1702 dom-

1472 1738 1564 1761 num
1583 1725 1796 1763 Gozvinum
1819 1725 2068 1763 Bonae-Vallis
2093 1724 2284 1762 abbatem.
2303 1725 2357 1762 Sit
2370 1724 2486 1762 bene-

1473 1786 1603 1836 placiti
1623 1786 1741 1822 vestri
1760 1786 1978 1823 confortare
1995 1799 2082 1823 eum
2104 1786 2239 1822 litteris
2255 1785 2485 1835 apostolicis,
2500 1783 2514 1831 ,¹

1475 1854 1511 1881 et
1536 1845 1640 1894 quod
1667 1845 1713 1881 de
1738 1859 1783 1882 eo
1814 1846 1955 1882 factum
1976 1854 2051 1890 est,
2072 1854 2201 1882 vestro
2224 1843 2408 1882 roborare
2433 1840 2511 1884 111-(1

1470 1920 1575 1943 vore.
1604 1906 1731 1943 Nostis
1753 1919 1839 1942 eum
1855 1936 1863 1952 ‚
1885 1915 1923 1942 et
1944 1919 2022 1942 non
2044 1915 2101 1942 est
2127 1906 2161 1942 ei
2182 1905 2285 1956 apud
2306 1919 2376 1942 vos
2392 1891 2502 1956 opusg

1471 1966 1801 2013 commendatore,
1820 1980 1933 2017 quem
1951 1967 2040 2004 satis
2057 1966 2301 2004 commendat
2320 1966 2394 2003 vita
2409 1978 2500 2014 sua‚‘

1470 2038 1507 2065 et
1528 2029 1712 2078 sapientia
1740 2027 1812 2065 sibi
1841 2028 1928 2065 data
1949 2042 1969 2065 a
1991 2032 2086 2065 Deo.
2112 2028 2300 2064 Dominus
2321 2026 2499 2064 Valenti-¹

1473 2103 1544 2126 nus
1568 2096 1581 2111 ⁰
1614 2089 1795 2125 convalet
1821 2103 1828 2125 :
1862 2097 1899 2125 et
1928 2087 1994 2125 ubi
2027 2089 2147 2134 valet,
2172 2096 2354 2138 operatur
2377 2073 2500 2125 bona*
2531 2105 2533 2123 1

2504 1419 2507 1427 i

1471 2210 1594 2260 diligit
1624 2209 1761 2247 bonos.
1792 2213 1836 2247 In
1862 2209 1935 2246 hoc
1963 2217 2125 2260 apparet
2152 2209 2241 2259 quia
2267 2207 2392 2246 bonus
2419 2216 2484 2247 es}-

1472 2275 1647 2309 Vestrum
1681 2279 1738 2307 est
1768 2271 1859 2307 tales
1887 2269 2044 2320 diligere
2066 2278 2104 2307 et
2129 2270 2273 2306 fovere.
2300 2273 2400 2307 Puer
2418 2281 2496 2307 ves·
2527 2285 2533 2306 τ

1474 2341 1550 2369 ster
1576 2332 1662 2382 plus
1693 2332 1806 2368 solito
1833 2331 2050 2368 infirmatur
2081 2346 2089 2368 :
2119 2330 2297 2381 guttatim
2327 2329 2496 2377 defluit&>

1473 2394 1570 2430 forte
1606 2392 1762 2429 minime
1798 2391 1935 2441 dignus
1967 2392 2036 2443 qui
2071 2391 2269 2429 occidatur
2288 2382 2497 2460 semehff'

1473 2453 1548 2490 cito
1578 2453 1817 2502 ingrediatur
1840 2452 1887 2489 ad
1909 2452 2039 2489 vitam.

1661 3260 1674 3275 ³
1699 3257 1817 3300 Scripta
1835 3267 1918 3289 anno
1937 3255 2052 3290 Christi
2075 3258 2174 3288 115¹.

1470 3329 1507 3349 ex
1523 3317 1637 3350 abbate
1651 3318 1857 3350 Bonae-Valtis
1870 3328 2080 3350 successorem
2099 3314 2219 3348 habuit.

447 3383 461 3398 ⁶
475 3376 640 3408 Oribertus
653 3385 692 3407 ex
705 3374 812 3407 Priore
826 3371 984 3405 Casae-Dei
997 3396 1004 3409 ‚
1021 3371 1060 3403 de
1079 3371 1167 3413 cujus
1180 3371 1331 3403 electione
1345 3373 1434 3413 epist.
1450 3375 1526 3403 249.
