2565 3952
102 144 176 182 557

1026 136 1292 172 EPISTOLAE.

2132 130 2209 167 558

1123 212 1171 231 ⁹⁰⁷
1189 210 1359 247 haeredes
1390 208 1482 255 Dei,
1511 207 1730 244 colia-redes
1758 216 1885 244 autem
1908 208 2060 244 Cliristi.
2094 210 2211 244 Deni-

99 302 1128 318 ......................................................................
1141 276 1170 308 Α
1192 285 1268 321 que
1302 269 1511 307 audierunt
1544 283 1552 305 ι
1583 270 1710 304 Nolite
1744 272 1887 311 liutem,
1912 271 2073 315 pusillas
2098 282 2210 313 grem,

196 431 576 490 EPISTULA
640 429 1037 488 CCLXXIII.a

297 589 344 611 AD
365 588 550 611 DOMINIJM
570 589 688 611 PAPAM
708 589 919 623 EUGENIUM.

103 716 239 745 Laetatui·
251 710 292 742 oh
308 711 427 742 litteras
439 736 446 749 ,
467 711 534 742 zelo
554 717 584 742 et
601 710 718 743 affectu
735 712 845 754 plenas
857 736 864 749 ‚
881 722 898 741 a
917 710 1068 742 Pontisiee
1082 712 1121 742 ad

149 766 319 810 capitulum
333 766 478 809 scriptas.
493 769 647 797 Hortatur
662 791 668 804 ,
688 772 722 797 ut
738 777 774 797 ea
790 765 1000 797 sollieitudine
1014 771 1124 808 pergat

149 821 256 853 fovere
283 832 393 852 omnes
404 846 412 859 ‚
441 821 495 853 sed
524 822 685 864 przecipue
712 822 759 852 sui
785 820 915 852 Ordinis
936 820 1123 862 Religiosos.

149 876 309 909 Abbatem
323 877 597 910 Trium-Fontiuni
617 888 635 908 a
651 877 840 921 praefectura
859 888 914 909 sua
934 876 1128 908 abstractum

148 938 302 975 queritur.

102 1059 375 1099 Amantissimo
415 1062 516 1112 patri
550 1070 588 1098 et
619 1060 779 1098 domino
810 1064 1012 1105 Eccamo,
1050 1060 1120 1097 Dei

155 1120 276 1170 gratia
315 1135 468 1159 summo
508 1121 710 1167 Pontifici,
746 1122 863 1158 frater
899 1123 1126 1158 Bam-‚mnus

157 1181 435 1219 Clarae—Vallis
471 1190 628 1219 vocatus
668 1180 810 1227 abbas,
851 1179 1046 1216 modicum
1088 1180 1127 1217 id

156 1242 264 1292 quod
289 1251 356 1280 est.

159 1374 191 1410 l.
237 1377 322 1411 Vox
348 1374 510 1411 turturis
542 1374 675 1411 audita
701 1381 758 1411 est
784 1375 823 1410 in
851 1372 1021 1423 capitulo
1052 1386 1125 1409 no-

104 1442 183 1472 stro
208 1449 216 1472 :
246 1435 546 1483 exsultavimus,
573 1445 611 1473 et
638 1435 814 1472 delectati
845 1447 988 1471 sumus.
1012 1434 1129 1471 Plane

104 1496 299 1546 eloquium
321 1506 483 1544 castum,
503 1497 694 1535 fervidum
716 1497 813 1541 zelo,
833 1505 987 1533 cautum
1009 1495 1130 1532 scien-

108 1557 169 1595 tia.
197 1558 362 1608 Spiritus
395 1560 482 1596 vitae
516 1557 689 1610 spirabat
718 1559 754 1595 in
787 1558 943 1605 litteris,
973 1558 1131 1608 spiritus

106 1618 333 1667 vehemens,
359 1621 541 1658 intonans
570 1629 609 1658 et
630 1621 819 1671 increpan
852 1649 861 1666 ,
885 1629 922 1657 et
945 1620 1130 1657 {emulans

107 1693 176 1717 nos
198 1680 270 1718 Dei
298 1682 558 1719 aemulatione.
587 1685 747 1728 Fateor,
778 1695 856 1718 non
883 1681 992 1718 facile
1022 1681 1132 1718 (lixe-

107 1740 177 1778 rim
193 1741 292 1791 'quid
315 1756 376 1780 me
396 1743 562 1793 amplius
589 1742 789 1780 delectarit
819 1742 859 1779 in
885 1742 980 1789 illis,
1006 1750 1132 1779 vestra

1190 336 1282 382 quia
1315 333 1546 380 complacuit
1581 331 1689 365 Patri
1724 338 1848 365 vestro
1882 331 1976 364 (lure
2008 328 2113 364 valuns·
2154 343 2213 364 rv—

1187 408 1305 443 gmmz
1326 400 1352 430 2.
1373 397 1430 430 De
1450 392 1509 429 his
1530 391 1684 428 interim
1705 390 1807 426 satis.

1247 457 1284 492 2.
1316 454 1448 493 Abbas
1482 451 1822 490 Trium-Fontium
1843 450 1858 468 *
1888 449 1987 486 bene
2022 451 2216 500 plantatus

1193 526 1296 563 erat,
1324 524 1460 566 utpote
1488 528 1597 551 secus
1623 513 1808 549 decursus
1838 525 2037 561 aquarum.
2072 515 2218 547 Yereor

1192 593 1285 628 ego,
1314 592 1362 615 ne
1392 576 1508 614 arbor
1536 576 1637 612 bona
1667 575 1808 611 faciens
1840 574 2008 610 fructum
2042 572 2187 609 bonum
2206 601 2214 617 ,

1193 640 1416 690 explantata
1452 638 1565 674 faciat
1602 636 1766 673 nullum.
1809 634 1983 671 Vidimus
2021 634 2215 670 interdum

1194 702 1310 738 vitem
1341 701 1381 737 in
1411 699 1536 750 prima
1567 697 1804 748 plantatione
1831 695 2056 739 fecundam,
2082 695 2120 731 in
2157 709 2217 731 se-

1195 763 1322 800 cunda
1343 761 1526 799 sterilem.
1550 759 1727 798 Vidimus
1751 758 1898 807 lignum
1929 756 2028 793 bene
2062 757 2218 807 planta-

1200 833 1280 862 tum
1312 824 1525 869 virescere,
1553 822 1874 872 transplantatum
1911 832 2096 856 arescere.
2122 822 2220 857 Gra-

1195 887 1296 923 viter
1327 885 1494 936 proinde
1528 883 1758 920 vulnerastis
1792 895 1859 918 cor
1890 894 2043 927 meum,
2078 880 2108 917 si
2140 894 2216 918 non

1196 947 1390 984 remittitis
1411 959 1498 982 eum
1519 961 1526 982 ε
1549 945 1638 995 quia
1659 957 1792 981 sumus
1808 957 1876 980 cor
1896 956 2016 979 unum
2039 951 2076 979 et
2094 943 2219 979 anima

1194 1022 1282 1045 una.
1323 1007 1519 1056 Quamdiu
1555 1006 1719 1043 divisum
1749 1005 1843 1050 erit,
1883 1017 2036 1041 necesse
2074 1004 2146 1040 erit
2179 1013 2221 1041 ut

1194 1079 1358 1120 utraque
1391 1082 1481 1119 pars
1515 1082 1586 1105 suo
1621 1067 1808 1116 sanguine
1844 1073 2079 1102 cruentetur.
2112 1069 2219 1102 Heu!

1196 1145 1295 1169 onus
1326 1130 1433 1180 quod
1463 1129 1578 1166 ambo
1617 1129 1679 1165 vix
1713 1127 1988 1178 portabamus,
2021 1127 2219 1177 quomodo

1194 1192 1362 1243 portabo
1407 1191 1510 1228 solus
1528 1220 1536 1236 ,
1580 1189 1772 1226 subducto
1824 1188 1962 1225 baculo
2015 1189 2223 1225 senectutis

1197 1255 1315 1291 meae?
1342 1254 1379 1289 Si
1408 1253 1455 1289 de
1488 1266 1548 1288 me
1572 1265 1708 1301 parum
1737 1259 1816 1295 est,
1838 1259 1993 1287 moveat
2014 1264 2081 1287 vos
2108 1251 2223 1287 totius

1197 1315 1355 1353 Ordinis
1392 1314 1502 1364 plaga
1541 1326 1616 1348 non
1650 1326 1770 1362 parva
1805 1327 1811 1347 :
1842 1320 1879 1348 ct
1913 1324 1961 1347 ne
1992 1324 2058 1361 spe
2089 1311 2224 1348 incerti

1197 1375 1313 1421 boni,
1339 1384 1413 1412 tam
1437 1383 1542 1411 certa
1562 1374 1715 1410 interim
1738 1373 1836 1409 mala
1854 1372 1937 1409 fieri
1954 1372 2091 1409 velitis.
2110 1372 2223 1420 Quod

1200 1439 1230 1475 si
1253 1438 1414 1474 omnino
1437 1434 1548 1473 vobis
1568 1435 1606 1471 in
1629 1448 1675 1471 eo
1697 1434 1954 1484 complacuit,
1971 1441 2012 1469 ut
2031 1433 2225 1470 retineatis

1197 1513 1286 1536 eum
1310 1515 1319 1546 3
1349 1499 1522 1549 placeat,
1545 1495 1728 1542 obsecro,
1745 1495 2060 1533 commendatum
2083 1494 2224 1532 habere

1197 1561 1346 1611 ipsum,
1372 1574 1414 1597 ac
1438 1559 1620 1610 deinceps
1640 1558 1687 1595 ad
1711 1561 1834 1595 Deum
1857 1558 1986 1595 levare
2003 1571 2162 1603 manus,
2182 1566 2225 1594 ut

1199 1622 1380 1672 dignetur
1400 1621 1585 1658 idoneum
1609 1634 1680 1671 pro
1702 1634 1748 1656 eo
1774 1620 1900 1656 x‘irum
1923 1618 2130 1669 providere
2151 1619 2223 1655 do-

1198 1683 1279 1720 mui
1301 1683 1368 1719 illi.
1389 1686 1444 1719 De
1461 1690 1602 1718 caetero
1621 1680 1811 1730 superbis
1829 1694 1915 1730 quae
1936 1693 2008 1729 pro
2026 1681 2223 1717 communi

1199 1745 1365 1782 utilitate
1389 1743 1505 1779 totius
1523 1742 1701 1787 Ordinis,
1722 1750 1758 1777 et
1777 1755 1851 1791 pro
1873 1741 1955 1777 aliis
1976 1754 2134 1790 quoque.
2153 1755 2224 1778 ne-

105 1800 342 1854 benignitas,
366 1818 415 1842 an
445 1813 578 1842 nostra
604 1805 768 1851 utilitas;
793 1803 979 1841 inclinata
1004 1802 1128 1852 maje-
1150 1801 1178 1838 C
1197 1806 1311 1857 gotiis
1327 1805 1450 1842 eidem
1471 1803 1599 1841 abbati
1619 1803 1792 1853 dignum,
1814 1803 1891 1839 imo
1913 1811 1949 1839 et
1969 1803 2224 1839 necessarium

107 1871 198 1911 stas,
214 1878 262 1902 an
279 1874 406 1904 erecta
420 1866 635 1912 humilitas3
652 1865 836 1903 mordens
853 1865 1036 1902 severitas
1050 1893 1059 1910 ‚
1080 1878 1129 1901 an

107 1925 278 1963 mulcens
290 1927 512 1980 paternitas.
523 1927 645 1976 Quiin
658 1926 771 1964 nobis
783 1927 1126 1977 quantulumcum-

106 1999 179 2037 que
189 1987 622 2039 esuriebantjustitiam,
632 1989 764 2026 refecti
776 1998 884 2036 sunt3
899 1989 966 2039 qui
982 1989 1124 2033 minus,

0 2058 6 2075 2
54 2086 55 2089 ,
107 2052 329 2104 compuncti
352 2059 462 2097 sunt3
493 2051 559 2101 qui
589 2050 803 2097 minime*,
837 2050 986 2087 confusi
1023 2058 1125 2087 sunt.

107 2119 163 2154 Ita
176 2145 186 2162 ,
203 2127 334 2166 quaeso
349 2143 358 2160 ,
380 2113 433 2150 ita
451 2112 596 2163 jugiter
613 2111 770 2149 faciatis.
794 2111 1021 2150 Sollicitudo
1043 2125 1129 2161 quae

84 2218 92 2222 ,
107 2175 286 2215 omnibus
302 2174 468 2212 debetur
481 2204 492 2222 ,
511 2174 619 2211 nullo
641 2173 760 2211 modo
778 2174 836 2210 his
853 2203 861 2219 ,
880 2173 1021 2224 quibus
1042 2186 1130 2223 spe-

107 2238 236 2276 cialius
267 2236 455 2283 debetur,
479 2234 744 2273 subtrahenda
764 2244 842 2281 est,
865 2235 931 2272 sed
956 2248 1130 2285 propen—

107 2300 181 2337 sius
208 2297 438 2337 exhibenda.
469 2296 642 2335 Charitas
670 2296 838 2347 benigna
862 2305 946 2333 est:
966 2296 1127 2332 dilatare

107 2374 165 2407 se,
194 2374 273 2399 non
294 2360 489 2397 minorare
509 2358 632 2396 novit.
654 2358 816 2408 Colligat
836 2372 927 2395 sane
951 2367 988 2394 et
1011 2358 1123 2402 alios,

109 2422 173 2461 sed
191 2421 394 2460 nobiscum
414 2436 422 2458 ε
445 2434 517 2458 nec
536 2420 704 2457 alienum
721 2434 743 2456 a
760 2428 890 2456 vestro
908 2419 1126 2470 apostolatu

3 2486 11 2508 ἓ
58 2480 60 2501 l
109 2483 237 2521 fovere
261 2481 474 2533 ejusmodi,
497 2481 669 2532 quicum
688 2480 886 2532 Apostolis
906 2480 1014 2530 loqui
1036 2493 1128 2530 pos—

59 2544 60 2549 *
109 2553 195 2582 sunt
219 2559 228 2582 z
253 2546 354 2580 Ecce
378 2557 446 2579 nos
465 2545 688 2591 reliquimus
713 2547 856 2587 omnia,
879 2551 915 2578 et
933 2545 1051 2577 secuti
1070 2555 1128 2577 sic-

1190 1867 1453 1919 judicavinius
1474 1865 1521 1902 ad
1542 1878 1612 1901 vos
1637 1864 1867 1914 perferenda
1888 1866 2150 1912 committere,
2171 1866 2226 1901 se-

1197 1931 1380 1967 stinatum
1421 1927 1668 1978 exposcimus
1710 1927 1963 1976 Benignitatis
1994 1936 2131 1964 vestrae
2168 1941 2228 1964 re-

1196 2004 1405 2042 sponsum;
1427 1990 1493 2027 sed
1515 2002 1744 2039 responsum
1765 1988 1873 2033 facti,
1904 2002 1981 2024 non
2002 1987 2123 2025 verbi.

1196 2130 2223 2141 ιιιιιιιιιιιιιιιιιιιιιιιιιιιιιιιιιιιιιιιιιιιιιιιιιιιιιιιιιιιιιιιιιιιιιι

1295 2251 1675 2310 EPISTOLA
1733 2242 2127 2309 CCLXXIW

1197 2424 1241 2445 An
1277 2422 1465 2445 ncooxmi
1501 2421 1668 2442 ARB.le-'.)1
1700 2421 2036 2453 Tssltin-Fox'ritn,
2067 2423 2223 2450 ommno

1567 2483 1662 2505 Eizrr
1691 2483 1801 2505 nmis.
1816 2478 1839 2506 ⁶.

109 2621 186 2643 mus
213 2616 247 2643 le
265 2613 290 2643 ¹.
327 2609 414 2644 Non
453 2613 544 2641 sunt
572 2604 845 2654 relinquendi,
886 2604 952 2653 qui
982 2603 1055 2654 ipsi
1089 2616 1128 2638 se
1148 2603 1178 2637 D
1196 2605 1328 2636 Poeniiet
1350 2603 1588 2635 commendasse
1605 2609 1753 2646 nepotem
1768 2604 1907 2646 episcopi
1925 2603 2222 2642 Autissiodorensis,

58 2663 60 2666 ⁴
109 2668 357 2718 reliquerunt.
378 2666 511 2705 Pusilli
531 2666 688 2704 Domini
708 2674 816 2713 sunt,
838 2666 878 2702 in
899 2666 1026 2716 ipsum
1049 2678 1128 2701 cre-

112 2729 241 2767 dentes
263 2744 271 2767 :
294 2742 374 2766 non
396 2728 550 2765 deseret
574 2741 640 2765 eos
668 2727 790 2764 fidelis
815 2740 950 2764 servus
972 2735 1009 2763 et
1031 2739 1128 2777 pru-

114 2790 224 2838 dens,
247 2791 279 2828 is
302 2789 519 2841 praesertim
547 2789 609 2826 cui
636 2788 783 2826 credita
808 2788 1038 2826 universitas
1060 2796 1128 2824 est.

113 2855 255 2903 Nempe
289 2851 549 2889 universitatis
589 2850 719 2900 portio
761 2849 799 2886 hi
840 2864 848 2886 ι
891 2857 929 2885 et
972 2848 1129 2899 quidem

112 2913 270 2964 pusillus
305 2926 419 2963 grex,
454 2910 521 2948 sed
555 2911 640 2960 qui,
674 2911 713 2947 ni
746 2910 877 2956 fallor,
904 2917 1131 2946 meruerunt

61 2967 63 2970 Δ
113 2982 258 3025 patrem
277 2973 420 3011 habere
440 2976 565 3010 Deum
579 3002 589 3019 ,
615 2971 812 3022 accepturi
843 2984 1027 3008 coronam
1049 2970 1131 3020 glo-

62 3060 64 3069 »
86 3034 179 3081 nriae
197 3035 243 3072 de
259 3049 376 3072 manu
388 3034 560 3081 Domini,
579 3043 617 3071 et
634 3033 810 3071 diadema
828 3033 936 3083 regni
952 3032 999 3069 de
1016 3045 1133 3068 manu

115 3098 184 3135 Dei
203 3097 273 3135 sui.
296 3101 374 3135 Nec
399 3097 503 3134 enim
532 3096 712 3148 rapinam
731 3095 970 3134 arbitrantur
991 3107 1072 3132 esse
1094 3106 1134 3130 se

166 3243 174 3259 ¹
194 3237 411 3276 Matth.x1x‚
435 3241 491 3271 27.
510 3257 556 3261 —
572 3237 762 3275 ²Luc.xr1‚
784 3240 839 3270 32.

1364 2659 1548 2701 improbans
1572 2659 1717 2690 collatam
1737 2659 1780 2689 illi
1799 2659 2052 2701 praepositurani.

1253 2783 1421 2821 Poenitet
1456 2797 1516 2820 me
1553 2784 1750 2834 scripsisse
1785 2798 1858 2834 pro
1890 2783 2036 2833 juvene
2069 2785 2157 2831 illo,
2188 2793 2225 2821 et

1198 2845 1337 2888 velim,
1375 2845 1405 2881 si
1439 2846 1521 2882 {ieri
1558 2846 1697 2896 possit,
1734 2846 1909 2882 revocari
1943 2858 2120 2895 precem,
2156 2859 2226 2896 per

1199 2920 1316 2957 quam
1347 2907 1484 2944 videor
1519 2906 1755 2958 approbasse
1779 2907 1970 2957 judicium
1996 2907 2107 2943 amici
2123 2906 2140 2930 ‘¹
2165 2920 2225 2943 su-

1200 2982 1270 3019 per
1302 2969 1439 3005 collata
1470 2977 1508 3005 et
1539 2970 1636 3005 male
1665 2970 1852 3006 collocata
1882 2968 1929 3006 ab
1956 2982 2002 3005 eo
2035 2970 2224 3019 praeposi-

1201 3038 1287 3066 tura
1302 3058 1311 3075 ,
1333 3030 1440 3080 quod
1462 3030 1598 3080 utique
1620 3044 1698 3067 non
1724 3031 1820 3068 facio
1834 3061 1842 3077 ,
1862 3044 1933 3067 nec
1950 3030 2019 3066 feci
2039 3043 2222 3079 unquam.

1203 3091 1277 3128 Sed
1301 3091 1392 3128 vicit
1414 3104 1494 3138 me,
1516 3092 1657 3139 fateor,
1678 3101 1719 3129 ut
1740 3092 1794 3129 sic
1816 3091 2046 3137 scriberem,
2071 3090 2225 3127 dilectio

1100 3241 1114 3257 ὃ
1128 3233 1250 3276 Scripta
1264 3243 1348 3264 anno
1371 3234 1487 3267 Christi
1507 3238 1516 3266 1
1531 3238 1607 3267 150.
1632 3253 1680 3257 —
1700 3235 1716 3256 ¹>
1734 3234 1857 3276 Scripta
1874 3243 1957 3264 anno
1975 3230 2090 3263 Christi
2122 3232 2131 3261 1
2146 3233 2220 3261 151.

161 3296 175 3311 ⁰
191 3291 289 3329 Alias,
306 3292 424 3322 Contra
439 3298 582 3337 nepotem
598 3291 741 3336 episcopi
753 3290 1046 3323 Autissidiorensis.
1068 3289 1167 3327 Alias,
1184 3291 1248 3319 Pro
1264 3295 1380 3333 nepote
1391 3289 1531 3334 episcopi
1542 3287 1844 3320 Autissiodorensis.
1861 3286 1943 3317 Vide
1957 3284 2118 3327 epistolam
2135 3286 2200 3313 2713
2211 3309 2218 3315 .

163 3345 178 3367 d
195 3345 336 3388 Hugouis
355 3346 494 3389 episcopi
523 3345 814 3379 Autissiodorensis.

37 3583 103 3952 g—“'“““”‘'
65 3536 68 3543 .
