2517 3920
338 181 432 219 1447

335 259 468 296 telem!
490 261 549 294 An
570 268 648 292 non
668 254 799 291 cadem
822 253 990 299 ratione,
1021 255 1050 290 si
1072 254 1144 291 hoc
1164 253 1260 291 ratio
1281 252 1378 290 (ιε-Μ

1104 180 1140 215 S.
1170 180 1197 213 B
1205 179 1331 213 ERNA
1338 179 1425 212 RDI
1458 181 1482 213 A
1490 178 1656 212 BBATIS

1385 252 1536 304 ⁷cxigat
1557 262 1598 290 ut
1620 256 1731 289 Pater
1758 251 1824 299 sit,
1851 251 1923 288 hoe
1942 260 2017 298 est,
2040 260 2082 289 ut
2107 253 2173 302 qui
2200 253 2316 291 Filius
2338 262 2414 300 est,

2317 174 2414 211 1448

333 329 403 365 εθῖ,
422 327 460 355 et
485 316 670 367 sapientia
695 324 732 352 et
752 314 966 365 benignitas
991 316 1147 365 proprie
1170 314 1341 364 pertine-
1357 318 1390 349 A
1407 319 1518 353 Pater
1537 315 1604 360 sit,
1637 326 1857 363 quanquam
1885 326 1962 350 non
1993 326 2013 350 e
2044 316 2257 352 converso?
2278 314 2314 352 Si
2342 314 2416 351 hoc

332 388 418 417 rent
439 378 486 415 ad
506 381 655 414 Patrem
679 390 687 412 :
709 389 796 413 cum
825 384 863 412 et
888 389 1040 425 sapere,
1070 383 1107 412 et
1132 374 1341 423 benignum

332 453 431 483 esse,
454 451 561 488 aeque
582 451 603 474 a
620 451 658 474 se
678 441 813 482 Pater,
844 445 880 473 et
907 450 986 472 non
1016 436 1063 472 ab
1084 436 1157 472 alio
1178 434 1316 471 habeat
1330 463 1339 480 ,

332 498 659 550 quemadmodum
688 506 725 534 et
750 510 850 542 esse,
872 505 904 533 et
925 490 1063 546 posse?
1082 496 1194 544 Quod
1216 496 1245 531 si
1263 508 1341 531 non

334 561 469 598 abnuit
501 560 595 610 (nec
623 559 724 595 enim
758 558 804 594 de
838 557 986 593 ratione
1015 556 1186 606 potest),
1222 555 1339 605 quid,

335 635 485 672 quaeso,
506 621 674 657 facturus
697 628 754 656 est
781 619 827 655 de
847 619 910 655 illa
931 618 1050 655 nobili
1077 632 1145 654 sua
1170 617 1343 667 partitio-

334 697 400 730 ne,
418 683 456 719 in
478 695 552 732 qua
571 690 613 718 ut
629 681 730 718 Patri
747 680 957 730 potentiam
976 709 984 725 ,
1004 680 1055 716 sic
1074 680 1168 716 Filio
1189 679 1343 728 sapien—

334 744 422 781 tiam
438 773 447 790 ,
469 743 521 779 sic
550 741 708 792 Spiritui
730 749 861 777 sancto
881 739 1153 789 benignitatem
1184 739 1342 789 proprie

333 818 375 841 ac
393 802 606 853 specialiter
627 801 861 850 assignavit?
884 804 968 837 Non
995 799 1096 836 enim
1124 812 1199 835 una
1219 807 1256 835 ct
1276 812 1342 835 ea-

333 864 418 900 dem
440 876 499 900 res
519 861 675 912 proprie
692 861 835 910 poterit
851 860 1058 896 convenire
1080 858 1252 904 duobus,
1270 859 1343 895 hoc

335 932 408 969 cst,
436 931 478 959 ut
509 922 646 970 cuique
675 921 834 970 propria
857 920 916 956 sit.
946 920 1068 968 Eligat
1099 919 1204 968 quod
1236 919 1342 955 vult:

334 992 398 1020 aut
410 982 473 1018 det
488 981 710 1030 sapientiam
729 980 838 1025 Filio,
857 988 894 1016 et
911 980 1020 1016 tollat
1036 992 1118 1015 eam
1136 979 1236 1016 Patri
1251 994 1259 1024 3
1280 987 1346 1015 aut

1409 375 1501 411 dicis
1516 403 1525 420 ‚
1554 374 1755 411 haereticus
1780 386 1819 410 es
1837 388 1844 410 :
1864 373 1894 410 si
1922 386 2001 410 non
2027 373 2141 419 dicis,
2160 382 2270 411 vacat
2290 373 2418 410 simili-

1409 435 1514 472 tudo.

1463 496 1498 533 7.
1519 494 1578 531 Ad
1599 493 1689 543 quid
1709 493 1809 530 enim
1832 492 1898 530 tibi
1915 492 2035 543 ipsam
2056 501 2162 530 tanto
2184 493 2344 531 circuitu
2370 494 2417 530 de

1408 555 1521 604 longe
1553 554 1687 604 positis
1715 552 1852 599 rebus,
1878 561 1915 589 et
1941 553 2068 589 minus
2099 553 2421 592 convenientibus

1409 614 1643 660 emendicas,
1669 621 1773 650 tanto
1793 612 1924 650 labore
1944 613 2090 663 colligis
2104 643 2114 660 ,
2133 622 2235 651 tanta
2251 614 2420 652 inculcas

1408 675 1511 711 inani
1536 674 1814 724 multiplicitate
1835 672 2042 710 verborum
2054 703 2065 721 ,
2081 676 2192 711 tantis
2210 675 2323 711 effers
2340 675 2421 712 lau—

1410 736 1544 781 dibus,
1569 736 1599 772 si
1630 749 1708 771 non
1736 734 1823 771 facit
1852 734 1900 771 ad
1927 734 2031 785 quod
2052 735 2278 782 adducitur,
2299 744 2342 773 ut
2359 736 2419 773 vi-

1410 797 1546 833 delicet
1579 795 1750 832 membra
1779 794 1826 831 ad
1856 795 2028 832 membra
2050 796 2229 846 congruis
2253 809 2421 846 propor-

1413 856 1580 894 tionibus
1618 856 1882 893 reducantur?
1915 859 2052 893 Nonne
2089 857 2164 893 hoc
2202 870 2300 907 opus
2314 887 2324 904 ,
2359 857 2424 894 hic

1410 915 1521 953 labor
1549 924 1628 961 est,
1657 924 1699 952 ut
1725 928 1796 965 per
1820 915 1941 965 ipsam
1961 929 2032 952 nos
2052 916 2190 953 doceas
2209 930 2312 963 eam,
2335 930 2423 967 quae

1411 985 1467 1014 cst
1494 977 1595 1013 inter
1625 979 1774 1013 Patrem
1798 984 1835 1013 et
1856 976 1991 1015 Filium
2008 1005 2019 1022 ,
2040 976 2334 1015 habitudinem?
2355 981 2423 1015 Te-

333 1043 433 1081 Patri
453 1041 618 1088 tribuat,
639 1049 677 1078 et
697 1042 843 1078 auferat
862 1040 978 1087 Fili03
1001 1048 1038 1077 et
1064 1053 1217 1077 rursum
1237 1039 1342 1076 beni-
1361 1041 1389 1075 B
1410 1051 1546 1075 nemus
1573 1046 1699 1074 autem
1734 1046 1768 1074 te
1801 1037 1962 1074 docente
1989 1037 2036 1074 ad
2064 1038 2230 1075 hominis
2256 1038 2421 1088 positio-

332 1104 515 1153 gnitatem
547 1111 611 1139 aut
641 1101 797 1152 Spiritui
831 1109 962 1137 sancto
994 1100 1075 1137 sine
1106 1104 1243 1146 Patre,
1278 1108 1344 1137 aut

331 1163 433 1202 Patri
453 1164 532 1200 sine
553 1163 696 1213 Spiritu
718 1170 850 1199 sancto
867 1162 1029 1211 assignet
1051 1176 1058 1198 :
1082 1169 1146 1198 aut
1162 1169 1263 1198 certe
1280 1161 1344 1197 de-

334 1225 432 1262 sinat
454 1224 610 1261 nomina
630 1223 850 1260 communia
871 1223 1029 1273 propria
1050 1223 1195 1269 sacere3
1217 1230 1254 1259 et
1274 1226 1345 1259 Pa-

336 1286 404 1331 tri,
433 1284 615 1335 quoniam
643 1298 664 1320 a
699 1297 737 1320 se
758 1284 841 1334 ipso
872 1283 986 1320 habet
1008 1284 1216 1333 potentiam
1235 1312 1245 1329 ,
1266 1295 1344 1319 non

335 1344 422 1381 ideo
444 1352 569 1380 tamen
591 1343 728 1380 audeat
758 1343 970 1379 concedere
1001 1343 1224 1393 propriam:
1244 1355 1291 1378 ne
1307 1350 1345 1378 ct

335 1405 608 1454 benignitatem
629 1404 740 1441 simul
758 1412 795 1440 et
812 1404 1058 1453 sapientiam,
1077 1417 1170 1452 quas
1191 1416 1211 1439 a
1231 1415 1269 1438 se
1291 1402 1344 1438 ni-

334 1466 412 1501 hilo
434 1465 561 1501 minus
580 1464 712 1510 habet,
740 1464 948 1501 identidem
978 1464 1154 1514 proprias
1180 1464 1251 1514 ipsi
1278 1477 1344 1499 sua

335 1525 484 1561 ratione
506 1525 696 1574 assignare
713 1532 882 1574 cogatur.

391 1586 427 1621 G.
463 1584 535 1621 Sed
567 1594 832 1634 exspectemus
865 1585 1011 1631 adhuc,
1048 1593 1085 1621 et
1122 1584 1318 1622 videamus
1336 1615 1345 1631 ,

336 1658 451 1694 quam
478 1645 645 1681 theorice
672 1653 802 1681 noster
824 1645 1023 1695 theologus
1047 1645 1252 1682 invisibilia
1277 1646 1348 1682 Dei

338 1705 631 1755 contempletur.
649 1705 773 1751 Dicit,
800 1713 840 1741 ut
861 1705 956 1750 dixi,
982 1707 1138 1756 proprie
1168 1707 1349 1756 omnipo-

338 1766 496 1803 tentiam
526 1766 719 1815 pertinere
749 1766 795 1802 ad
816 1769 985 1813 Patrem3
1020 1776 1133 1816 atque
1162 1768 1284 1812 hanc,
1308 1775 1349 1803 ut

1409 1112 1497 1135 nem
1520 1098 1613 1149 poni
1633 1097 1794 1144 animal,
1819 1097 1885 1134 sed
1911 1111 1991 1134 non
2019 1111 2040 1135 e
2071 1111 2260 1136 converso
2283 1112 2424 1136 secun-

1410 1160 1501 1197 dum
1522 1160 1691 1209 regulam
1713 1158 1918 1195 dialecticae
1947 1167 2019 1196 tuae
2039 1173 2047 1195 ε
2069 1172 2145 1209 qua
2170 1172 2248 1196 non
2267 1160 2423 1210 quidem

1410 1220 1536 1270 posito
1559 1233 1697 1270 genere
1728 1220 1888 1270 ponitur
1912 1219 2077 1270 species,
2099 1220 2165 1257 sed
2185 1221 2310 1271 posita
2334 1234 2426 1271 spe-

1411 1281 1467 1318 cie
1489 1281 1646 1330 ponitur
1665 1293 1798 1330 genus.
1821 1281 1915 1317 Cum
1937 1293 2029 1330 ergo
2048 1284 2198 1318 Patrem
2219 1281 2267 1318 ad
2286 1294 2427 1331 genus,

1410 1341 1549 1378 Filium
1574 1340 1621 1376 ad
1642 1340 1806 1390 speciem
1830 1341 1990 1387 referas,
2013 1354 2092 1377 non
2113 1340 2151 1377 id
2172 1341 2270 1378 ratio
2290 1341 2426 1378 simili-

1412 1401 1555 1438 tudinis
1569 1402 1750 1451 postulat‚
1768 1409 1810 1438 ut
1823 1401 1997 1438 similiter
2010 1401 2138 1451 posito
2153 1401 2261 1448 Filio,
2275 1405 2426 1439 Patrem

1411 1462 1503 1512 poni
1536 1461 1736 1505 ostendas,
1763 1470 1800 1498 et
1829 1475 1905 1498 non
1935 1462 2136 1498 converti?
2160 1471 2204 1499 ut
2229 1462 2430 1512 quomodo

1414 1522 1479 1572 qui
1512 1523 1629 1559 homo
1659 1530 1737 1568 est,
1761 1522 1975 1558 necessario
2002 1522 2140 1559 animal
2163 1531 2238 1569 est,
2261 1522 2327 1559 sed
2348 1536 2428 1559 non

1415 1583 1671 1629 convertitur,
1694 1583 1745 1619 ita
1772 1596 1927 1632 quoque
1953 1583 2019 1632 qui
2040 1583 2156 1620 Filius
2176 1591 2233 1620 est
2255 1596 2431 1620 necessa-

1415 1645 1472 1682 rio
1504 1648 1616 1681 Pater
1648 1644 1714 1688 sit,
1750 1652 1787 1680 et
1821 1656 1928 1693 aeque
1954 1656 2032 1679 non
2066 1651 2326 1680 convertatur.
2355 1643 2430 1681 Sed

1415 1705 1640 1742 contradicit
1662 1704 1730 1740 tihi
1747 1704 1785 1740 in
1805 1704 1877 1740 hoc
1899 1703 2085 1740 catholica
2106 1703 2218 1750 fides,
2235 1717 2320 1754 quae
2341 1717 2431 1754 pro-

1416 1766 1514 1802 fecto
1540 1774 1747 1814 utrumque
1778 1772 1946 1810 recusat,
1969 1772 2043 1800 tam
2071 1767 2220 1801 Patrem
2251 1764 2431 1800 videlicet

339 1826 385 1863 sit
410 1827 556 1875 integra
581 1834 618 1861 et
651 1826 839 1875 perfecta,
866 1826 904 1861 in
938 1826 1106 1875 gerendo
1137 1836 1173 1863 et
1204 1827 1350 1863 discer—
1370 1829 1397 1865 C
1418 1839 1497 1862 esse
1518 1825 1583 1875 qui
1602 1825 1718 1862 Filius
1738 1833 1813 1869 est,
1833 1838 1948 1873 quam
1970 1837 2051 1860 esse
2074 1824 2210 1861 Filium
2230 1824 2295 1874 qui
2319 1828 2433 1861 Pater

338 1885 467 1922 nendo
485 1885 720 1922 constituit*.
754 1889 875 1922 Porro
904 1886 999 1923 Filio
1014 1915 1023 1932 ,
1045 1895 1086 1922 ut
1105 1886 1183 1935 jam
1207 1887 1349 1923 dictum

340 1955 397 1984 est
410 1976 421 1992 ,
439 1947 604 1995 assignat
620 1946 843 1996 sapientiam
860 1976 869 1991 ,
888 1946 1087 1996 ipsamque
1108 1961 1184 1983 non
1204 1948 1350 1997 simpli-

340 2007 436 2044 citer
453 2006 608 2056 quidem
629 2007 866 2056 potentiam,
899 2007 962 2044 sed
984 2008 1187 2057 quamdam
1210 2008 1249 2043 in
1270 2012 1351 2044 Deo

340 2067 552 2118 potentiam
573 2079 653 2103 esse
671 2066 824 2112 definit,
841 2066 879 2104 id
897 2075 952 2102 est
973 2067 1183 2116 potentiam
1206 2075 1351 2103 tantum

344 2127 595 2166 discernendi.
614 2131 727 2165 Forte
749 2127 856 2163 timet
881 2126 1060 2176 injuriam
1084 2128 1206 2164 facere
1227 2128 1352 2174 Patri,

343 2189 373 2226 si
391 2197 538 2226 tantum
561 2187 702 2224 tribuat
722 2188 837 2234 Filio,
860 2197 1045 2237 quantum
1065 2197 1102 2224 et
1118 2188 1189 2238 ipsi
1208 2204 1215 2225 ε
1236 2197 1272 2225 et
1293 2188 1353 2225 cui

342 2262 419 2286 non
438 2249 552 2285 audet
579 2249 789 2298 potentiam
821 2249 911 2286 dare
948 2250 1156 2299 integram,
1177 2249 1353 2285 concedit

342 2310 549 2346 dimidiam.
586 2313 632 2346 Et
665 2309 770 2359 quod
805 2309 914 2356 dicit,
949 2310 1158 2347 manifestis
1188 2309 1353 2347 declarat

341 2370 547 2420 exemplis,
570 2382 740 2406 asserens
761 2370 971 2418 potentiam
994 2369 1248 2415 discernendi,
1267 2383 1352 2419 quae

341 2438 398 2466 est
414 2430 551 2476 Filius,
574 2429 625 2465 ita
644 2429 847 2478 quamdam
867 2442 946 2465 esse
968 2429 1200 2479 potentiam,
1221 2443 1354 2478 quem—

341 2488 549 2525 admodum
565 2488 682 2525 homo
707 2488 901 2538 quoddam
919 2497 975 2525 est
992 2489 1154 2535 animal,
1186 2498 1223 2525 et
1247 2489 1352 2538 sigil—

340 2548 418 2584 lum
450 2562 591 2585 aereum
622 2547 817 2597 quoddam
849 2557 905 2584 est
932 2561 981 2585 aes
999 2563 1006 2584 ;
1025 2557 1139 2598 atque
1171 2549 1243 2585 hoc
1273 2562 1353 2586 esse

1416 1894 1483 1922 est.
1507 1889 1600 1922 Nam
1624 1885 1719 1921 alius
1745 1884 1881 1934 procul
1906 1883 2025 1920 dubio
2045 1887 2175 1931 Pater,
2196 1893 2312 1935 atque
2334 1884 2434 1922 alius

1416 1946 1532 1984 Filius
1556 1960 1563 1982 ε
1587 1944 1761 1994 quamvis
1787 1958 1865 1981 non
1887 1944 1990 1981 aliud
2014 1948 2145 1991 Pater,
2163 1958 2277 1995 quam
2301 1945 2430 1983 Filius.

1417 2010 1512 2043 Nam
1531 2019 1600 2055 per
1619 2006 1725 2043 Alius
1743 2013 1780 2042 et
1797 2004 1910 2042 Aliud
1925 2035 1934 2050 ,
1954 2005 2061 2042 novit
2077 2005 2199 2055 pietas
2217 2005 2306 2042 fidei
2323 2015 2432 2043 caute

1419 2066 1519 2102 inter
1556 2079 1810 2115 personarum
1840 2065 2094 2115 proprietates
2121 2074 2159 2102 et
2192 2065 2431 2103 individuam

1420 2126 1593 2162 essentiae
1621 2127 1806 2163 unitatem
1840 2126 2079 2172 discernere3
2100 2135 2137 2163 et
2166 2126 2335 2163 medium
2359 2127 2434 2164 iter

1422 2194 1576 2230 tenens,
1599 2186 1700 2235 regia
1716 2186 1893 2223 incedere
1916 2186 1977 2223 via
2002 2200 2010 2222 :
2038 2194 2081 2223 ut
2107 2199 2179 2223 nec
2198 2186 2364 2223 declinet
2384 2187 2433 2223 ad

1420 2247 1636 2292 dexteram,
1670 2247 1944 2284 confundendo
1979 2261 2183 2297 personas3
2210 2261 2281 2285 nec
2308 2247 2433 2298 respi-

1421 2308 1494 2344 ciat
1515 2308 1561 2344 ad
1579 2308 1791 2354 sinistram,
1812 2307 2061 2345 substantiam
2079 2308 2300 2346 dividendo.
2319 2309 2433 2357 Quod

1420 2369 1450 2406 si
1467 2383 1536 2419 per
1554 2369 1714 2419 simplex
1730 2382 1810 2406 esse
1828 2369 1930 2406 dicas
1946 2383 2035 2407 vere
2050 2370 2234 2419 consequi
2254 2378 2297 2406 ut
2318 2370 2348 2407 si
2368 2370 2433 2407 Fi—

1420 2431 1491 2467 lius
1516 2439 1595 2477 est,
1614 2431 1829 2468 necessario
1851 2435 1963 2468 Pater
1978 2432 2047 2478 sit3
2067 2432 2119 2468 nil
2140 2430 2297 2480 tejuvat
2312 2460 2322 2476 ,
2345 2445 2433 2468 cum

1421 2491 1518 2528 ratio
1543 2491 1737 2528 relationis
1761 2491 1975 2528 necessario
2002 2491 2150 2540 exigat,
2171 2499 2212 2527 ut
2228 2499 2435 2528 converta-

1422 2559 1502 2597 tur,
1530 2560 1568 2587 ct
1597 2551 1730 2588 eadem
1760 2552 1902 2589 veritas
1931 2552 2137 2588 comitetur
2166 2565 2390 2589 conversam
2425 2567 2434 2589 ε

340 2608 550 2657 potentiam
582 2607 844 2653 discernendi,
879 2607 925 2644 ad
949 2607 1104 2657 gerendi
1137 2608 1354 2645 discernen-
1374 2618 1404 2652 D
1421 2611 1526 2661 quod
1544 2625 1621 2649 non
1639 2613 1817 2662 congruit
1834 2612 2007 2649 adductae
2023 2612 2070 2649 de
2088 2625 2226 2662 genere
2240 2620 2278 2649 et
2292 2612 2432 2663 specie,

341 2667 454 2717 dique
471 2668 681 2718 potentiam
694 2697 703 2714 ,
723 2667 761 2703 id
778 2676 833 2705 est
850 2668 984 2705 Filium
1002 2668 1047 2704 ad
1066 2672 1230 2715 Patrem,
1248 2669 1353 2719 quod

339 2726 456 2763 homo
487 2729 532 2764 ad
566 2727 705 2764 animal
731 2735 806 2774 est,
836 2727 940 2776 quod
963 2741 1100 2764 aercum
1124 2728 1286 2777 sigillum
1305 2729 1352 2765 ad

341 2800 402 2824 aes.
434 2805 448 2819 «
472 2788 576 2825 Sicut
602 2788 732 2832 enim,
763 2805 777 2819 n
798 2788 945 2837 inquit,
980 2805 993 2818 a
1012 2802 1058 2824 ex
1089 2801 1135 2824 eo
1165 2788 1269 2838 quod
1297 2798 1353 2825 est

342 2865 356 2879 n
374 2861 512 2884 aereum
535 2849 717 2897 sigillum,
736 2850 851 2898 exigit
869 2849 1082 2885 necessario
1100 2858 1141 2885 ut
1159 2863 1208 2886 aes
1225 2850 1295 2896 sit3
1317 2858 1354 2886 et

343 2925 356 2939 »
374 2922 418 2943 ex
448 2922 492 2944 co
514 2909 616 2957 quod
638 2918 693 2945 est
715 2910 852 2954 homo,
874 2918 915 2946 ut
935 2910 1074 2946 animal
1098 2910 1166 2955 sit,
1188 2910 1254 2946 sed
1275 2924 1353 2947 non

344 2985 358 3000 υ
376 2981 395 3004 e
416 2981 601 3005 converso
624 2984 631 3005 :
652 2970 703 3005 ita
724 2970 851 3006 divina
869 2971 1053 3020 sapientia
1069 2999 1077 3015 ,
1102 2984 1186 3019 quae
1205 2980 1261 3007 θεῖ
1282 2985 1354 3022 po-

342 3046 356 3061 »
376 3028 490 3065 tentia
511 3028 769 3075 discernendi,
794 3031 909 3080 exigit
926 3030 1030 3080 quod
1059 3031 1105 3066 sit
1132 3031 1261 3068 divina
1278 3046 1351 3081 po-

342 3107 355 3122 »
374 3089 508 3135 tentia,
540 3089 606 3125 sed
635 3102 713 3125 non
747 3103 766 3126 e
794 3104 981 3127 converso
998 3099 1021 3127 ¹.
1044 3110 1057 3124 υ
1080 3092 1180 3140 Quid
1211 3094 1352 3143 igitur?

340 3150 397 3186 vis
418 3148 580 3198 utjuxta
599 3157 701 3186 tuam
719 3149 1004 3188 similitudinem
1018 3181 1027 3197 ,
1049 3152 1095 3188 ad
1114 3154 1232 3190 instar
1252 3167 1352 3204 prae-

341 3209 556 3246 cedentium
576 3237 586 3254 ,
625 3208 739 3245 etiam
775 3222 822 3245 ex
857 3209 930 3246 hoc
977 3211 1081 3259 quod
1112 3213 1228 3250 Filius
1264 3223 1320 3252 est
1338 3244 1348 3262 ,

390 3342 399 3357 ¹
417 3336 586 3368 Abaelardi
605 3336 787 3378 Theotogiae
812 3336 866 3367 lib.
886 3341 918 3375 2,
936 3347 1005 3379 pag.
1030 3341 1126 3369 1083.

1420 2673 1480 2708 vel
1503 2671 1549 2709 de
1572 2686 1665 2718 aere,
1685 2686 1862 2722 aereoque
1880 2673 2003 2722 sigillo
2027 2672 2281 2709 similitudini.
2302 2675 2434 2722 Neque

1421 2734 1537 2780 enim,
1553 2734 1648 2771 sicut
1667 2748 1735 2784 per
1751 2735 1915 2785 simplex
1932 2748 2013 2771 esse
2028 2734 2213 2771 duntaxat
2236 2734 2434 2771 verissime

1422 2794 1580 2838 dicitur,
1605 2795 1640 2832 Si
1659 2799 1770 2832 Pater
1790 2805 1867 2841 est,
1889 2795 2007 2833 Filius
2024 2803 2101 2842 θεῖ,
2124 2804 2161 2831 et
2175 2795 2205 2831 si
2222 2795 2340 2833 Filius
2357 2802 2432 2840 est,

1420 2860 1532 2893 Pater
1554 2864 1609 2892 est
1632 2871 1639 2892 :
1663 2857 1715 2893 ita
1741 2857 1852 2893 etiam
1880 2869 2085 2906 possumus
2111 2855 2212 2892 inter
2238 2855 2433 2892 hominem

1421 2925 1458 2953 et
1478 2916 1635 2962 animal,
1654 2917 1732 2953 sive
1752 2917 1852 2953 inter
1872 2929 2012 2953 aereum
2038 2916 2203 2965 sigillum
2236 2924 2274 2952 et
2302 2928 2372 2960 aes,
2395 2915 2433 2952 in

1423 2977 1582 3013 veritate
1617 2976 1907 3013 convertibilem
1942 2985 2070 3013 texere
2107 2976 2431 3025 consequentiam.

1419 3040 1512 3074 Nam
1541 3037 1611 3073 etsi
1641 3051 1775 3074 verum
1802 3038 1850 3074 sit
1879 3037 2027 3083 dicere,
2052 3037 2089 3074 Si
2109 3037 2226 3073 homo
2249 3045 2324 3083 est,
2350 3036 2433 3073 ani-

1420 3098 1495 3134 mal
1529 3107 1585 3134 est
1613 3113 1621 3135 ε
1651 3113 1728 3135 non
1757 3107 1884 3136 tamen
1918 3111 2006 3135 vera
2039 3106 2096 3134 est
2126 3110 2336 3144 conversa,
2357 3111 2433 3147 qua

1420 3157 1559 3195 dicitur
1576 3188 1584 3204 ,
1610 3159 1647 3197 Si
1665 3159 1805 3196 animal
1823 3167 1901 3205 est,
1923 3159 2042 3195 homo
2062 3166 2130 3195 est.
2153 3161 2201 3194 Et
2219 3157 2309 3194 item
2332 3157 2363 3194 si
2383 3157 2432 3195 si-

1418 3219 1551 3268 gillum
1588 3233 1729 3257 aereum
1757 3228 1834 3267 est,
1863 3219 2077 3257 necessario
2109 3218 2282 3269 sequitur
2314 3227 2356 3255 ut
2383 3231 2432 3255 aes
