2517 3920
370 199 466 239 1179

1130 196 1165 231 S.
1196 193 1449 230 BERNARDI
1478 191 1678 229 ABBATIS

2343 193 2442 231 1180

366 275 572 329 spiritualis
598 272 769 319 traditio,
789 280 827 309 et
851 271 1039 322 quidquid
1066 271 1112 308 de
1138 272 1341 309 dilectione
1358 271 1426 317 ,⁵⁰⁵
1440 270 1554 306 semel
1573 277 1610 305 et
1623 268 1704 318 ipse
1721 274 1932 317 spontanea
1950 279 1988 303 se
2002 267 2239 316 professione
2250 267 2441 318 submisit,

362 337 597 380 humilitate,
630 332 942 378 mansuetudine,
972 332 1190 381 caeterisque
1216 331 1368 367 virtuti-
1389 332 1416 365 A
1436 327 1651 378 etsi'(qu0d
1676 326 1894 376 negandum
1916 339 1993 363 non
2016 326 2096 377 est)
2115 327 2184 363 Dei
2205 329 2334 377 regula
2354 329 2443 368 cha-

364 399 456 444 bus,
479 406 554 434 tam
575 395 613 431 in
635 398 766 439 Novo,
784 406 898 442 quam
919 393 957 428 in
977 391 1105 429 Veteri
1126 395 1368 427 Testamento

366 456 614 509 spiritualiter
662 453 944 491 observandum
989 450 1237 488 contraditur.
1280 453 1369 486 Haec

365 519 508 568 quippe
538 516 627 552 talia
657 523 765 560 sunt,
788 527 872 562 quae
904 525 973 548 nec
1003 512 1130 556 liceat,
1153 522 1223 545 nec
1248 521 1368 557 expe—

363 579 441 616 diat
461 575 664 626 aliquando
688 587 763 611 non
786 572 929 609 haberi.
948 575 1002 608 Eo
1024 569 1209 618 siquidem
1230 568 1368 603 immo-

362 638 512 682 biliter,
536 648 613 685 quo
633 643 671 671 et
694 632 915 670 naturaliter
936 630 1058 674 bona,
1079 640 1275 676 nunquam
1296 626 1368 662 nisi

362 700 612 740 innocenter,
636 705 831 742 nunquam
854 691 925 728 nisi
946 689 1147 726 salubriter
1166 695 1231 723 aut
1247 687 1368 735 impe-

367 765 522 802 rantur,
542 761 607 791 aut
625 752 894 789 observantur.
918 747 1031 786 Omni
1054 755 1246 795 tempore,
1266 742 1371 780 omni

364 828 558 868 personae,
584 821 746 849 mortem
776 816 1018 858 contempta,
1053 805 1240 842 custodita
1266 803 1370 840 salu—

366 887 442 913 tem
468 880 687 924 operantur.
709 870 874 907 Primam
903 880 992 916 ergo
1018 864 1278 902 necessitatem
1303 875 1370 899 sua

365 935 500 983 cuique
532 932 618 968 facit
645 931 684 966 in
711 926 972 979 promittendo
1000 926 1202 971 voluntas,
1230 936 1368 960 secun—

363 994 467 1038 dam,
484 989 739 1041 praecipientis
759 986 984 1032 auctorita53
1007 984 1170 1030 tertiam,
1185 983 1368 1034 praecepti

364 1053 537 1102 dignitas.

413 1113 446 1149 8.
469 1109 661 1148 Differunt
681 1116 804 1144 autem
818 1136 827 1153 ,
857 1114 900 1143 ut
916 1105 996 1155 jam
1017 1104 1158 1141 dictum
1182 1112 1259 1150 est,
1281 1102 1368 1153 qui-

363 1171 522 1210 busdam
549 1184 571 1207 a
590 1182 628 1206 se
649 1168 814 1205 invicem
835 1166 1015 1217 gradibus
1037 1174 1112 1202 tres
1128 1165 1208 1201 istae
1239 1176 1370 1200 neces-

360 1235 506 1277 sitates,
529 1244 599 1268 nec
616 1243 690 1267 una
709 1241 841 1266 omnes
858 1227 1030 1277 sequitur
1050 1224 1367 1262 immutabilitatis

360 1292 529 1329 firmitas.
554 1294 647 1328 Nam
675 1303 721 1325 ex
740 1288 863 1338 prima
884 1286 1038 1337 quidem
1059 1285 1165 1335 quod
1188 1284 1364 1329 efficitur,

358 1354 427 1390 etsi
448 1365 526 1389 non
548 1350 701 1401 penitus
722 1347 980 1392 immutabile,
1012 1355 1138 1382 tamen
1157 1346 1220 1381 vix
1239 1352 1367 1380 muta-

358 1413 434 1450 bile
455 1424 534 1449 esse
557 1418 705 1448 constat
727 1424 734 1446 :
758 1408 849 1444 dum
868 1408 958 1445 solis
974 1407 1069 1443 illud
1086 1407 1196 1443 liceat
1216 1414 1364 1442 mutare

359 1473 547 1525 praelatis,
568 1480 606 1508 et
632 1471 705 1507 hoc
735 1468 890 1506 nonnisi
919 1468 1023 1504 fideli
1042 1477 1079 1504 et
1108 1466 1271 1517 provida
1292 1466 1366 1503 dis—

358 1533 595 1585 pensatione.
617 1530 729 1579 Quod
756 1542 848 1565 vero
878 1530 918 1565 fit
937 1542 983 1565 ex
1009 1528 1200 1578 sequenti,
1223 1540 1308 1577 quae
1329 1535 1366 1563 et

362 1593 483 1643 major
511 1593 600 1638 ista,
629 1598 684 1627 est
714 1603 814 1641 pene
837 1588 917 1638 jam
938 1587 1267 1625 incommutabile.
1289 1587 1367 1625 Soli

359 1656 502 1705 quippe
519 1658 602 1691 Deo
622 1665 702 1689 esse
722 1650 905 1688 mutabile
926 1650 1102 1700 superius
1125 1650 1368 1686 demonstra-

359 1723 439 1751 tum
459 1722 526 1750 est.
548 1717 669 1750 Porro
686 1711 791 1761 quod
813 1711 858 1747 de
875 1710 1081 1747 novissima
1099 1710 1163 1756 fit,
1187 1718 1367 1759 tanquam

359 1774 531 1810 omnium
553 1772 738 1818 maxima,
763 1770 921 1807 omnino
950 1769 1266 1807 incommutabile
1288 1777 1367 1815 est,

1436 388 1528 424 ritas
1548 387 1702 435 Regulae
1721 385 1839 422 sancti
1869 385 2065 422 Benedicti
2085 385 2172 434 jure
2193 389 2441 437 praeponitur.
2462 430 2464 432 ,

1436 450 1527 483 Ε510
1550 445 1715 496 proinde
1736 453 1778 482 ut
1798 445 1990 481 interdum
2014 446 2169 495 Regulae
2190 446 2315 483 littera
2336 439 2444 487 cedat

1435 520 1507 557 pro
1536 515 1709 556 tempore
1742 505 1936 551 charitati,
1957 518 2043 542 cum
2068 506 2164 542 ratio
2187 508 2444 546 necessitatis*

1434 567 1603 617 exegerit
1625 581 1632 603 :
1656 566 1752 602 absit
1789 574 1915 602 tamen
1952 573 1995 601 ut
2029 566 2194 602 hominis
2230 565 2442 618 cujuspiam

1435 627 1622 664 subdatur
1640 625 1844 663 voluntati.
1874 628 1998 674 Super
2018 625 2179 662 fratrum
2201 639 2291 663 sane
2318 635 2443 666 trans-

1438 687 1650 737 gressiones
1664 715 1673 732 ,
1704 699 1783 722 non
1804 698 1919 735 super
1938 688 2092 722 Patrum
2113 685 2335 723 traditiones
2351 700 2444 725 con-

1438 747 1608 784 stituitur
1629 746 1694 796 qui
1720 745 1836 782 abbas
1868 745 2040 794 eligitur,
2071 745 2337 782 mandatorum
2364 747 2444 784 cul-

1437 816 1516 853 tor,
1539 815 1577 844 et
1593 807 1697 843 ultor
1713 807 1907 843 vitiorum.
1926 805 2104 843 Arbitror
2119 818 2284 855 namque
2298 815 2444 844 sanctas

1435 867 1518 904 illas
1539 866 1801 903 observantias
1831 866 2077 916 praelatorum
2106 865 2321 915 prudentiae
2341 868 2440 903 6111-

1436 927 1497 964 dei
1527 927 1688 964 creditas
1704 956 1714 973 ,
1745 940 1824 963 11011
1854 925 2026 963 subditas
2046 925 2248 962 voluntati.
2269 925 2369 962 Hinc
2388 936 2443 964 est

1436 975 1546 1038 quod·
1556 987 1657 1024 idem
1679 987 1872 1036 legislator
1895 987 1934 1022 in
1953 986 2012 1022 his
2032 999 2116 1036 quae
2137 985 2266 1022 abbati
2288 985 2443 1036 dispen-

1390 1047 1552 1084 Bsanda
1587 1046 1758 1095 reliquit,
1791 1054 1900 1083 caute
1932 1059 2121 1096 nusquam
2157 1044 2231 1096 (ut
2258 1046 2443 1098 memini)

1433 1107 1693 1152 voluntatem,
1716 1106 1782 1143 sed
1800 1115 1866 1143 aut
1885 1106 2234 1143 considerationem
2251 1135 2261 1153 ,
2283 1114 2348 1142 aut
2368 1106 2445 1143 dis—

1436 1167 1667 1218 positionem
1683 1196 1692 1214 ,
1716 1175 1781 1203 aut
1800 1166 2087 1217 providentiam
2102 1196 2111 1214 ,
2135 1174 2200 1203 aut
2220 1175 2322 1204 certe
2341 1166 2444 1204 arbi-

1434 1228 1571 1274 trium,
1600 1242 1666 1265 seu
1704 1228 1847 1278 aliquid
1879 1227 2102 1277 hujusmodi
2131 1228 2242 1278 ponit
2273 1244 2281 1265 ι
2313 1229 2443 1265 volens

1434 1290 1616 1326 nimirum
1649 1288 1856 1339 providum
1890 1288 2088 1338 fidumque
2115 1288 2440 1338 dispensatorem,

1434 1349 1613 1395 rationis,
1630 1348 1698 1385 11111
1730 1350 1828 1385 forte
1858 1348 2072 1399 dispensat,
2103 1348 2209 1398 sequi
2224 1347 2412 1398 judicium
2429 1378 2439 1395 ,

1434 1422 1512 1446 non
1541 1422 1618 1445 suae
1651 1409 1835 1459 placitum
1862 1408 2083 1445 voluntatis.
2105 1408 2218 1447 Unde
2237 1417 2275 1445 et
2294 1409 2443 1446 intimat

1432 1470 1465 1506 ei
1487 1483 1564 1507 non
1603 1470 1744 1515 semel,
1770 1469 1875 1520 quod
1906 1469 1952 1506 de
1983 1468 2162 1506 omnibus
2183 1468 2339 1519 judiciis
2366 1469 2441 1506 suis

1434 1533 1515 1567 Deo
1538 1530 1758 1567 redditurus
1779 1530 1827 1566 sit
1847 1530 2049 1567 rationem.

1490 1590 1549 1627 10.
1567 1594 1669 1639 Lego
1688 1590 1861 1640 profecto
1878 1590 1917 1626 in
1938 1590 2103 1639 Regula,
2123 1605 2138 1622 «
2156 1593 2247 1626 Haec
2267 1589 2442 1627 conside-

1437 1668 1450 1683 »
1472 1651 1568 1687 ratio
1587 1664 1703 1700 penes
1718 1649 1895 1687 abbatem
1913 1651 1978 1697 sit,
1998 1668 2013 1684 υ
2028 1658 2065 1686 61
2080 1650 2154 1687 1106
2171 1650 2232 1686 vel
2249 1650 2345 1686 illud
2362 1663 2441 1687 esse

1433 1710 1473 1746 in
1495 1709 1739 1760 providentia
1756 1739 1764 1755 ,
1788 1711 1850 1746 vel
1882 1709 2041 1747 arbitrio
2056 1739 2065 1755 ,
2094 1722 2160 1747 seu
2193 1710 2442 1760 dispositione

1435 1768 1618 1807 abbatis¹.
1649 1773 1702 1807 Ut
1731 1777 1857 1806 autem
1887 1783 1960 1819 pro
1981 1782 2048 1806 sua
2071 1769 2270 1805 voluntate
2298 1768 2440 1819 aliquid

358 1841 492 1883 utpote
514 1831 619 1883 quod
643 1844 690 1868 ne
712 1831 784 1881 ipsi
805 1831 958 1880 quidem
979 1835 1062 1868 Deo
1091 1838 1239 1866 mutare
1266 1828 1365 1865 libe-
1387 1828 1414 1863 C
1433 1838 1575 1876 mutet,
1606 1843 1666 1865 me
1690 1828 1743 1865 ibi
1769 1829 1902 1878 legisse
1932 1842 2011 1865 non
2043 1829 2172 1865 recolo
2204 1843 2212 1865 ε
2242 1828 2438 1878 quinimo,

359 1906 442 1929 rum
466 1901 532 1929 est.
555 1891 667 1940 Quod
699 1891 815 1941 igitur
845 1890 940 1927 nulli
971 1889 1170 1927 hominum
1201 1890 1254 1925 sas
1286 1897 1362 1935 est,

358 1953 429 1989 nisi
460 1952 549 1988 solis
582 1960 730 1988 mutare
762 1950 946 2001 praelatis,
981 1950 1054 1987 dici
1089 1951 1152 1986 vix
1182 1949 1364 1986 mutabile

358 2025 525 2061 congrue
545 2020 671 2061 potest
690 2026 697 2047 ε
717 2011 822 2060 quod
853 2011 924 2047 soli
949 2019 1097 2047 constat
1126 2011 1240 2047 lis-ere
1260 2014 1341 2047 Deo
1354 2038 1363 2055 ,

359 2072 505 2108 dicatur
540 2085 637 2122 pene
668 2070 905 2108 immutabile
931 2085 938 2107 :
968 2070 1073 2120 quod
1104 2084 1151 2108 ne
1176 2070 1247 2120 ipsi
1276 2071 1365 2120 qui-

360 2131 444 2168 dem
458 2161 467 2178 ,
489 2133 642 2182 penitus
662 2130 899 2168 immutabile
920 2131 1151 2168 nominetur.

726 2251 903 2289 CAPUT
933 2251 1004 2290 IV.

415 2374 498 2416 Quid
517 2374 651 2417 praelatis
669 2374 749 2405 circa
771 2373 1035 2416 dispensationem
1054 2373 1183 2415 Regula?
1200 2373 1304 2405 liceat.

408 2488 443 2524 9.
468 2490 560 2535 Quae
589 2499 673 2522 611111
703 2486 754 2522 ita
774 2486 867 2531 sint,
897 2494 940 2522 ut
969 2486 1016 2523 ad
1045 2499 1089 2523 ea
1117 2487 1294 2533 redeam,
1317 2487 1363 2524 de

355 2546 494 2596 quibus
524 2546 765 2595 potissimum
789 2545 987 2594 quaeritur,
1010 2554 1116 2594 patet
1146 2546 1250 2595 quod
1283 2559 1364 2583 ma-

1431 1906 1445 1920 «
1466 1893 1509 1926 In
1530 1888 1729 1933 omnibus,
1754 1906 1768 1922 υ
1790 1889 1936 1938 inquit,
1960 1905 1975 1921 «
1990 1901 2123 1925 omnes
2142 1889 2357 1938 magistram
2379 1900 2440 1925 se-

1430 1967 1444 1982 »
1466 1958 1632 1999 quantur
1657 1951 1839 1999 Regulam
1855 1979 1864 1996 ,
1883 1963 1953 1986 nec
1970 1949 2020 1986 ‘ab
2040 1963 2084 1987 ea
2105 1958 2247 1986 temere
2267 1949 2441 1986 devietur

1434 2027 1447 2042 υ
1469 2023 1489 2046 a
1506 2023 1713 2060 quoquam.
1739 2028 1753 2043 »
1772 2013 1873 2060 Ergo
1889 2023 1959 2047 1166
1977 2009 2024 2046 ab
2042 2009 2126 2061 ipso
2149 2008 2298 2047 abbate.
2313 2026 2329 2042 «
2345 2012 2436 2048 Om-

1432 2086 1445 2102 »
1466 2083 1533 2106 nes
1546 2099 1555 2115 ,
1576 2088 1590 2103 »
1609 2070 1756 2120 inquit,
1789 2087 1803 2102 «
1827 2070 2045 2119 magistram
2079 2077 2290 2120 sequantur
2311 2073 2440 2119 Regu-

1433 2147 1447 2163 »
1466 2130 1553 2166 lam.
1579 2147 1593 2163 »
1614 2134 1734 2167 Nemo
1750 2143 1841 2179 ergo
1855 2143 1963 2166 suam
1979 2129 2218 2166 voluntatem
2241 2144 2249 2165 :
2268 2128 2334 2165 ubi
2350 2142 2439 2166 sane

1433 2202 1502 2226 nec
1522 2188 1698 2225 abbatem
1717 2188 1841 2239 excipi
1858 2197 1966 2239 puto.
1986 2187 2134 2226 Videtis
2160 2195 2345 2237 quantum
2371 2199 2438 2224 ne-

1434 2250 1599 2286 cessitati
1623 2249 1826 2295 tribuitur,
1850 2248 2087 2285 subtrahitur
2105 2248 2318 2284 voluntati?
2339 2247 2437 2296 Quid

1433 2309 1545 2346 etiam
1562 2311 1576 2345 Ξ)
1596 2312 1733 2346 Nonne
1756 2308 1939 2358 regularis
1965 2308 2048 2358 ipsa
2077 2307 2285 2357 professio,
2305 2319 2379 2356 qua
2398 2319 2437 2343 se

1428 2369 1564 2418 junior
1595 2369 1724 2406 subdit
1761 2377 1898 2419 sponte
1935 2368 2078 2414 Priori,
2111 2380 2219 2417 aeque
2247 2367 2374 2417 alligat
2399 2374 2436 2404 et

1432 2429 1602 2466 Priorem
1619 2429 1661 2465 Ῥ
1682 2428 1905 2466 Communis
1924 2427 2101 2477 equidem
2130 2427 2230 2478 pacti
2249 2427 2332 2477 pari
2351 2439 2437 2464 reor

1430 2498 1636 2538 utrumque
1654 2489 1877 2525 necessitate
1895 2487 2016 2524 teneri
2031 2515 2040 2532 ‚
2072 2486 2233 2536 fierique
2249 2487 2346 2524 duos
2368 2498 2436 2537 per

1430 2549 1542 2585 unius
1567 2549 1815 2599 sponsionem
1832 2548 1879 2585 ad
1898 2548 2124 2585 alterutrum
2147 2545 2339 2584 debitores
2360 2561 2368 2584 :
2389 2546 2435 2583 fi-

355 2620 428 2655 gna
450 2620 493 2642 ex
518 2614 625 2655 parte
652 2605 835 2654 regularis
865 2605 1017 2641 traditio
1041 2605 1171 2643 subest
1192 2605 1275 2655 ejus
1297 2607 1362 2656 (1111
1378 2613 1411 2646 D
1429 2609 1523 2646 delis
1546 2622 1646 2645 curae
1669 2622 1806 2655 unum,
1828 2609 1990 2646 alterum
2016 2608 2170 2645 humilis
2196 2606 2431 2644 obedientiae.

356 2674 512 2716 praeest,
546 2666 617 2702 etsi
648 2678 726 2702 non
755 2665 966 2711 voluntati,
996 2674 1097 2702 certe
1127 2665 1360 2703 discretioni.

354 2726 425 2763 Sed
445 2725 566 2762 dicitis
589 2740 596 2762 :
619 2725 721 2773 Quid
749 2739 840 2775 ergo
870 2725 1101 2775 relinquitur
1120 2726 1364 2763 necessitati?

354 2786 492 2822 Audite
514 2801 522 2822 :
545 2785 884 2835 quamplurimum.
902 2785 1031 2822 Primo
1059 2785 1213 2835 quidem
1243 2786 1359 2835 quid-

355 2844 446 2893 quid
470 2844 516 2880 de
548 2844 807 2893 spiritualibus
837 2845 875 2880 in
909 2844 991 2894 ipsa
1010 2845 1155 2894 Regula
1178 2845 1358 2882 traditum

354 2912 432 2949 est,
467 2904 504 2939 in
537 2917 650 2940 manu
678 2904 823 2941 abbatis
857 2904 922 2955 (ut
942 2919 1058 2955 supra
1080 2913 1247 2942 taxatum
1273 2905 1358 2957 est)

354 2975 594 3011 nequaquam
619 2964 857 3011 relinquitur.
887 2965 1035 3002 Deinde
1063 2965 1210 3014 reliqua
1241 2978 1355 3015 pars,

354 3035 438 3072 quae
471 3022 509 3057 in
540 3022 803 3071 corporalibus
832 3033 981 3060 constat
1008 3024 1284 3072 observantiis,
1310 3038 1357 3062 ne

353 3083 436 3132 ipsa
457 3080 612 3130 quidem
632 3082 670 3117 in
692 3081 774 3130 ejus
790 3083 842 3118 ita
862 3084 1058 3120 voluntate
1075 3085 1198 3134 posita
1217 3093 1296 3131 est,
1317 3094 1359 3122 ut

355 3141 525 3191 ejusdem
548 3140 736 3178 deserviat
755 3143 967 3189 voluntati,
997 3145 1061 3181 sed
1084 3146 1201 3195 magis
1232 3146 1359 3183 ehari-

357 3201 433 3238 tati.
455 3204 586 3250 Neque
604 3200 703 3236 enim
725 3200 842 3238 abbas
859 3215 973 3252 supra
993 3206 1177 3254 Regulam
1199 3215 1276 3253 est,
1298 3207 1359 3243 cui

403 3335 412 3349 ¹
435 3330 464 3359 S.
486 3327 643 3359 Benedicti
659 3331 737 3369 neg.
759 3339 828 3370 cap.
847 3332 878 3359 3.

1429 2669 1620 2718 Quidnam
1641 2670 1758 2720 igitur
1774 2669 1852 2719 jam
1874 2669 2067 2707 voluntati
2088 2669 2340 2719 relinquitur,
2368 2667 2432 2706 ubi

1430 2738 1468 2767 et
1493 2731 1672 2780 praelatus
1704 2729 1821 2767 debiti
1854 2731 2078 2768 necessitate
2099 2732 2277 2767 tenetur?
2298 2729 2370 2767 Sed
2396 2737 2433 2766 et

1428 2789 1474 2827 de
1496 2790 1569 2827 hoc
1588 2791 1679 2827 item
1708 2804 1786 2827 non
1819 2804 1958 2841 parum
1991 2791 2140 2840 praelati
2174 2789 2432 2840 praescribitur

1427 2851 1642 2897 voluntati,
1663 2851 1768 2901 quod
1789 2852 1819 2888 is
1840 2852 1905 2902 (1111
1928 2852 2151 2901 profitetur,
2167 2850 2331 2901 spondet
2345 2850 2431 2900 qui-

1427 2910 1512 2947 dem
1533 2909 1791 2948 obedientiam
1806 2940 1815 2957 ,
1834 2924 1912 2947 non
1928 2919 2053 2947 tamen
2071 2909 2330 2957 omnimodam
2341 2939 2350 2956 ‚
2366 2908 2430 2946 sed

1427 2970 1679 3007 determinate
1715 2970 1925 3007 secundum
1949 2970 2160 3020 Regulam3
2194 2983 2265 3006 nec
2301 2969 2429 3016 aliam,

1425 3043 1540 3079 quam
1575 3031 1693 3067 sancti
1727 3030 1951 3068 Benedicti:
1974 3039 2017 3066 ut
2045 3038 2223 3080 oporteat
2248 3043 2335 3067 eum
2366 3028 2429 3079 qui

1425 3099 1581 3140 praeest,
1602 3104 1680 3127 non
1712 3091 1817 3128 frena
1844 3104 1921 3128 suae
1954 3091 2082 3127 laxare
2109 3091 2297 3128 voluntati
2317 3102 2429 3140 super

1426 3149 1623 3196 subditos,
1657 3150 1722 3186 sed
1752 3152 1948 3200 praefixam
1980 3163 2028 3187 ex
2058 3151 2205 3200 Regula
2233 3149 2305 3188 sibi
2337 3150 2428 3187 scire

1426 3224 1559 3247 mensu
1568 3224 1666 3256 ram3
1685 3219 1721 3247 et
1739 3211 1790 3248 sic
1807 3224 1874 3248 sua
1890 3211 2044 3248 demum
2063 3210 2224 3261 imperia
2239 3209 2428 3248 moderari
2453 3229 2455 3231 ·
