2517 3936
90 234 188 272 1293

613 233 901 271 TRACTATUS
932 235 996 269 DF.
1027 234 1278 270 GRADIBtJS
1308 234 1638 271 HUMILlTA'l‘lS.

86 312 122 350 in
149 324 304 349 excessu
330 323 422 357 SUO,
447 311 581 345 Onnu’s
601 311 710 346 homo
734 313 934 347 mendac&
956 315 1070 348 Putas
1084 308 1132 354 ,³⁰

2063 243 2152 277 12¹.)'1

1137 309 1308 356 ³tabilis,
1344 325 1363 347 a
1393 325 1469 361 qno
1499 312 1596 348 salus
1637 326 1710 349 non
1741 317 1856 363 possit
1894 317 1949 353 vel
1981 331 2067 362 sua,
2099 319 2157 353 wl

85 374 186 411 hunc
217 371 394 409 ordinem
422 370 545 407 David
572 383 650 406 non
684 371 830 407 tenuit?
856 376 986 417 Putas,
1020 371 1090 407 hoc
1110 369 1139 402 A
1159 369 1279 406 aliena
1307 370 1451 419 sperari
1469 371 1583 419 :quin
1613 372 1739 420 potins
1767 375 2067 412 maledictionem
2100 376 2156 412 in-

84 447 162 471 non
201 432 318 470 sensit
352 430 561 480 Propheta,
599 429 703 479 quod
738 431 926 467 Dominus
943 459 952 476 ,
990 430 1094 479 quod

84 493 315 545 Apostolus,
339 490 443 541 quod
464 499 502 527 et
523 503 593 526 nos
608 498 695 540 post
709 490 830 538 ipsos,
850 499 885 526 et
902 504 970 539 per
992 491 1094 539 ipsos

83 553 290 592 sentimus?
309 553 481 595 Credidi,
499 550 645 599 inquit,
663 549 819 586 Veritati
835 549 973 585 dicenti
990 565 996 586 :
1018 552 1095 595 Qui

81 618 247 664 sequitur
267 626 325 650 me
337 640 348 658 ‚
370 625 443 648 non
463 609 631 646 ambulat
651 614 692 644 'ite
713 609 871 645 tenebris
886 615 912 645 ².
943 612 1094 645 Credidi

82 687 174 724 ergo
195 671 411 723 sequendo,
429 680 586 720 propter
604 671 707 718 quod
730 672 868 704 locutus
893 683 975 704 sum
999 683 1091 705 con-

82 736 240 774 fitendo.
259 734 360 784 Quid
388 731 632 770 confitendo?
652 731 857 768 Veritatem
885 744 996 780 quam
1025 744 1091 767 co-

81 795 196 847 gnovi
216 793 422 833 credendo,
446 797 653 842 Postquam
674 799 799 828 autem
822 799 859 827 et
876 790 1022 828 credidi
1043 790 1089 826 ad

77 855 263 906 J'ustitiam
275 884 285 902 ,
301 863 340 892 et
353 855 504 891 locutus
529 865 611 890 sum
636 852 683 890 ad
708 851 866 888 salutem
881 879 890 897 ,
909 851 1089 886 humilia—

80 927 140 953 tus
156 930 236 953 sum
255 919 392 961 nimis,
419 914 493 951 hoc
519 922 575 950 est
601 913 781 964 perfecte.
807 915 1003 961 Tanquam
1036 911 1089 947 di-

81 984 184 1014 ceret
199 991 207 1014 :
225 976 323 1025 Quia
343 975 544 1012 veritatem
565 974 755 1024 cognitam
775 973 814 1009 in
837 985 896 1009 me
916 972 1089 1009 confiteri

79 1045 213 1074 contra
235 1050 295 1074 me
317 1049 396 1073 non
419 1035 579 1083 erubui,
599 1035 644 1072 ad
664 1035 940 1085 perfectionem
962 1032 1090 1069 humi-

1162 438 1307 475 currat,
1331 430 1395 479 qui
1418 444 1524 479 spem
1545 443 1650 467 suam
1672 432 1708 467 in
1735 432 1884 470 homine
1902 436 2043 484 ponits’.
2066 440 2157 473 'l‘ro-

1160 491 1289 526 ficiens
1327 490 1454 539 itaque
1485 490 1635 526 humilis
1666 492 1852 540 Propheta
1883 507 1950 542 per
1981 494 2155 531 ‹hicatum

1159 549 1349 595 veritatis,
1367 549 1547 598 quodque
1567 550 1602 585 in
1622 563 1660 586 se
1685 549 1835 599 lugebat
1853 552 1982 587 videns
2002 554 2038 589 in
2059 555 2136 589 aliis
2150 584 2158 599 ‚

1161 609 1251 645 dum
1283 609 1442 658 apponit
1468 609 1684 654 scientiam,
1711 618 1877 658 apponat
1907 619 1942 646 ct
1968 611 2155 657 dolorem,

1159 683 1201 705 ac
1218 670 1456 718 generaliter,
1475 669 1538 706 scd
1557 670 1740 706 veraciter
1755 669 1853 706 dicat
1871 685 1878 706 ε
1900 672 2028 705 Omnis
2052 672 2156 706 lwmo

1158 731 1336 766 mendax.

1215 791 1272 827 17.
1303 789 1397 827 Vide
1431 802 1542 838 quam
1572 790 1683 837 longe
1715 788 1816 825 aliud
1851 788 2009 825 senserit
2042 788 2087 824 dc
2119 802 2156 825 se

1158 849 1366 886 Pharisaeus
1395 849 1458 884 ille
1489 847 1687 898 superbus.
1717 847 1815 896 Quid
1849 847 2085 897 deprompsit
2117 847 2152 882 in

1156 922 1308 946 excessu
1324 923 1392 946 suo
1406 910 1421 944 P
1437 912 1547 953 Dens,
1566 912 1707 957 gratias
1719 921 1788 956 ago
1804 907 1883 952 tibi,
1895 912 1981 955 quia
1993 921 2065 942 non
2077 920 2154 941 sum

1155 974 1248 1005 sicut
1266 974 1393 1005 coeteri
1413 970 1638 1004 hommum&
1663 971 1760 1004 Dum
1788 968 1823 1003 in
1855 980 1892 1003 se
1919 967 2156 1015 singulariter

1158 1030 1341 1076 exsultat,
1359 1030 1438 1066 aliis
1462 1037 1684 1077 arroganter
1698 1027 1867 1064 insultat.
1886 1026 2008 1063 David
2028 1034 2152 1062 autem

80 1097 194 1135 litatis
214 1097 376 1148 profeci.
406 1098 526 1133 Nimis
549 1097 649 1133 enim
675 1109 748 1145 pro
773 1095 941 1132 Pel-fecte
964 1102 1091 1143 potest
1112 1096 1138 1130 B
1158 1090 1276 1127 aliter.
1307 1091 1367 1128 Ait
1394 1091 1512 1135 enim,
1534 1093 1665 1124 (hunis
1695 1088 1800 1123 homo
1828 1089 2001 1123 mendax.
2030 1086 2154 1122 Nemi-

79 1158 258 1208 intelligi3
281 1166 323 1194 ut
346 1157 399 1194 ibi
429 1160 476 1193 In
504 1159 698 1193 mandatis
718 1160 797 1203 ejus
820 1157 922 1191 volet
940 1153 1081 1191 nimcsssss.

80 1217 193 1267 Quod
224 1218 255 1254 si
283 1218 368 1268 quis
400 1217 629 1263 contendat,
651 1220 767 1252 nimis
786 1215 847 1252 hic
871 1229 943 1265 pro
973 1215 1089 1252 Valde

79 1279 247 1330 positum
259 1305 270 1323 ,
288 1291 366 1315 non
383 1291 455 1328 pro
476 1277 646 1315 Perfecte
657 1305 666 1323 ‚
688 1276 778 1327 quia
795 1285 831 1313 et
851 1276 1090 1326 expositores

79 1339 118 1376 id
137 1339 263 1389 ipsum
288 1334 469 1375 videntur
489 1345 659 1374 astruere
674 1351 684 1383 3
702 1348 827 1386 neque
851 1335 924 1372 hoc
945 1335 1090 1372 discor-

79 1399 145 1437 dat
176 1413 198 1436 a
226 1412 339 1436 sensu
368 1397 589 1448 Prophetae,
611 1405 654 1434 ut
685 1397 738 1434 sic
766 1396 973 1433 sentiamus
1001 1410 1089 1433 eum

79 1459 218 1498 dixisse
234 1474 243 1497 :
258 1463 338 1510 Ego
355 1459 531 1509 quidem,
549 1471 637 1495 cum
652 1457 776 1495 adhuc
794 1458 992 1494 veritatem
1011 1471 1089 1494 non

79 1533 251 1567 nossem,
275 1519 421 1570 aliquid
449 1533 510 1556 me
537 1519 720 1570 putabam
750 1532 851 1565 esse,
882 1532 968 1555 cum
997 1518 1089 1554 nihil

78 1580 212 1617 essem.
236 1584 287 1618 At
307 1588 510 1630 postquam
537 1580 576 1616 in
601 1579 791 1617 Christum
812 1578 1029 1624 credendo,
1053 1578 1091 1615 id

78 1647 136 1676 est
159 1638 244 1689 ejus
261 1639 516 1676 humilitatem
532 1639 733 1686 imitando,
753 1639 953 1675 veritatem
975 1652 1095 1688 agno-

78 1700 137 1746 vi;
166 1699 249 1750 ipsa
282 1700 438 1750 quidem
471 1701 637 1738 exaltata
668 1709 724 1737 est
758 1700 796 1736 in
838 1713 898 1736 me
934 1713 980 1736 ex
995 1712 1094 1736 ·mea

79 1761 318 1798 confessione
337 1776 346 1798 z
379 1761 445 1798 sed
464 1775 534 1811 ego
558 1761 779 1797 humiliatus
798 1774 878 1796 sum
903 1764 1035 1807 nimis,
1056 1761 1093 1797 id

78 1829 156 1870 est,
170 1821 283 1859 valde
302 1821 397 1859 vilui
417 1822 510 1859 mihi
529 1835 575 1858 ex
600 1821 675 1858 mei
694 1821 1012 1859 consideratione.

444 1948 624 1987 CAPUT
653 1948 705 1988 V.

136 2064 297 2098 Secundus
310 2064 422 2107 gradus
435 2064 574 2096 veritatis
587 2070 651 2103 est,
668 2075 705 2096 ex
722 2064 877 2106 agnitione
891 2065 1027 2107 propriae

248 2119 450 2159 infirmitatis,
466 2119 603 2162 compati
620 2119 752 2150 miseriae
768 2119 914 2162 proximi.

133 2242 192 2279 16.
219 2241 451 2278 Humiliatus
476 2254 567 2291 ergo
590 2240 783 2291 Propheta
805 2240 843 2277 in
867 2240 940 2277 hoc
961 2241 1087 2291 primo

75 2301 195 2351 gradu
214 2301 404 2350 veritatis,
420 2310 464 2339 ut
484 2303 536 2339 ait
555 2302 596 2338 in
616 2302 690 2338 alio
713 2302 881 2351 psalmo,
903 2303 952 2338 Et
967 2304 1003 2338 in
1024 2316 1087 2339 ve-

77 2367 188 2399 ritate
202 2372 267 2399 tua
283 2363 492 2400 humiliasti
508 2363 592 2399 nze⁴¹
605 2378 615 2410 ;
636 2363 883 2413 semetipsum
900 2363 1085 2409 attendat,

75 2430 113 2459 et
130 2435 176 2460 cx
189 2423 349 2473 propria
364 2423 514 2461 miseria
528 2424 744 2473 generalem
761 2423 976 2473 perpendat
992 2438 999 2460 :
1016 2423 1090 2460 sic-

75 2495 150 2532 que
161 2482 210 2520 ad
222 2483 435 2521 secundum
450 2484 637 2521 transiens
653 2483 755 2521 dicat
771 2484 808 2520 in
828 2497 983 2521 excessu
997 2497 1066 2520 suo
1078 2513 1087 2530 ‚

81 2546 213 2581 Omnis
235 2545 344 2580 homo
371 2547 553 2581 mendace.
574 2548 620 2582 In
647 2558 724 2594 quo
748 2557 904 2581 excessu
930 2545 1023 2581 suo?
1042 2547 1086 2582 In

75 2602 142 2640 ilto
164 2604 299 2654 procul
320 2602 458 2650 dubio,
479 2617 556 2654 quo
574 2616 655 2641 sese
681 2603 892 2648 excedens,
915 2617 957 2641 ac
984 2602 1086 2640 veri-

77 2664 144 2701 tati
167 2663 364 2702 adhaerens
379 2692 390 2709 ‚
413 2677 452 2701 se
475 2664 603 2714 ipsum
631 2663 826 2713 dijudicat.
843 2668 887 2701 In
907 2664 973 2700 illo
993 2677 1084 2713 ergo
1103 2675 1137 2709 D
1155 2679 1235 2705 sese
1251 2666 1442 2713 lugentes,
1457 2655 1495 2692 id
1513 2666 1553 2690 so

76 2737 232 2762 excessu
261 2737 331 2762 suo
361 2723 480 2771 dicat,
510 2737 590 2761 non
619 2724 855 2774 indignando
884 2733 950 2761 aut
971 2725 1088 2761 insul-

78 2784 217 2832 tando,
245 2784 311 2821 sed
336 2783 554 2821 miserando
574 2792 612 2821 et
634 2785 905 2835 compatiendo
928 2800 935 2821 :
957 2788 1089 2822 Omnis

77 2845 186 2881 homo
202 2846 382 2881 mendax.
399 2844 500 2892 Quid
517 2853 594 2891 est,
617 2846 750 2881 Omnis
764 2846 871 2881 homo
890 2847 1057 2881 mendam
1069 2847 1089 2880 :7

77 2904 210 2943 Omnis
224 2905 342 2942 homo
361 2904 535 2942 infirmus
547 2933 557 2951 ,
570 2905 694 2941 omnis
708 2905 824 2942 homo
839 2906 952 2943 miser
967 2914 1004 2942 et
1022 2906 1088 2941 im-

77 2973 235 3015 potens,
257 2966 323 3016 qui
354 2979 422 3003 nec
448 2979 505 3012 se,
532 2979 603 3003 ncc
632 2966 749 3002 alium
780 2967 900 3016 possit
929 2967 1087 3003 salvare.

77 3025 182 3064 Sicut
212 3025 362 3072 dicitur,
385 3029 533 3062 Fallax
561 3040 678 3075 equus
710 3029 762 3062 ad
787 3025 987 3072 salutem5,
1011 3039 1089 3063 non

79 3086 185 3135 quod
201 3099 323 3136 equus
341 3086 505 3136 aliquem
523 3087 647 3133 fallat,
666 3087 732 3124 sed
749 3087 839 3137 quia
858 3088 888 3124 is
909 3101 947 3123 se
963 3087 1088 3137 ipsum

79 3145 198 3193 fallit,
224 3146 292 3196 qui
311 3146 351 3183 in
373 3146 597 3184 fortitudine
618 3146 701 3196 ejus
721 3147 878 3184 contidit
902 3162 908 3183 :
932 3148 983 3184 sic
1003 3160 1089 3183 om-

80 3205 139 3243 nis
155 3206 273 3243 homo
301 3206 441 3244 dicitur
463 3207 652 3255 mendax,
671 3207 711 3244 id
738 3216 794 3245 est
820 3208 982 3257 fragilis,
1007 3221 1090 3243 mu-

132 3346 143 3360 1
165 3341 246 3372 Psal.
268 3352 344 3379 cxv,
368 3344 422 3380 10,
446 3344 498 3373 11.
521 3360 565 3365 —
592 3348 604 3363 ²
635 3345 729 3374 Joan.
752 3354 835 3379 vm,

83 3390 99 3414 ⁶
118 3396 234 3425 Jerem.
252 3404 324 3425 xvu
339 3419 346 3433 ‚
370 3399 401 3426 5.
422 3412 462 3417 —
479 3401 492 3426 7
508 3398 584 3427 Luc.
602 3407 709 3435 xv111,
736 3399 844 3427 11.-—
861 3393 874 3416 3
892 3398 984 3425 Rom.
1005 3405 1066 3430 111,
1091 3396 1145 3424 23.
1165 3409 1203 3414 ν-
1220 3396 1234 3420 9
1254 3393 1325 3420 Luc.
1344 3394 1432 3417 xvm
1447 3406 1454 3420 ³
1483 3383 1533 3412 1¹·
1552 3394 1594 3400 ’ὀ

873 3345 924 3373 12.
947 3360 990 3364 —
1020 3339 1033 3362 3
1050 3340 1132 3372 Psat.
1160 3348 1235 3371 cxx,
1260 3338 1289 3366 1.
1312 3351 1357 3356 -—
1381 3330 1394 3356 ⁴⁷
1422 3327 1501 3359 Psat.
1517 3332 1641 3358 cxx-111,
1661 3321 1714 3349 75.
1730 3331 1772 3337 -

1158 1163 1243 1186 nem
1278 1151 1438 1200 excipit,
1467 1164 1513 1187 ne
1546 1162 1658 1199 quem
1686 1147 1848 1197 decipiat
1878 1161 1884 1181 :
1916 1146 2035 1183 sciens
2066 1147 2153 1194 quia

1157 1223 1289 1247 omnes
1303 1218 1573 1260 peccaverunt,
1589 1218 1624 1245 et
1641 1220 1772 1244 omnes
1788 1214 1897 1255 egent
1911 1205 2029 1254 gloria
2043 1205 2111 1241 Dei
2125 1204 2150 1240 ⁸.

1157 1271 1365 1309 Pharisaeus
1389 1284 1426 1307 se
1455 1271 1575 1307 solum
1602 1268 1761 1317 decipit,
1790 1280 1903 1316 quem
1933 1266 2052 1301 solum
2083 1278 2151 1301 cx-

1158 1332 1267 1382 cipit,
1290 1333 1379 1369 dum
1415 1339 1570 1367 caeteros
1604 1328 1769 1364 damnat.
1798 1325 1987 1374 Propheta
2014 1338 2052 1361 se
2077 1338 2155 1361 non

1158 1394 1297 1444 excipit
1314 1406 1334 1429 a
1353 1390 1546 1428 communi
1565 1388 1734 1432 miseria,
1755 1398 1802 1422 ne
1822 1385 2030 1433 excipiatur
2047 1397 2067 1419 a
2084 1384 2154 1419 mi—

1157 1453 1362 1490 sericordia
1380 1467 1387 1488 :
1407 1450 1615 1488 Pharisaeus
1641 1446 1813 1483 exsufflat
1836 1443 2131 1481 misericordiam
2146 1472 2155 1488 ‚

1158 1515 1249 1551 dum
1288 1511 1498 1550 dissimulat
1534 1508 1736 1545 miseriam.
1772 1504 1960 1554 Propheta
1995 1503 2156 1539 affirmat

1160 1584 1235 1611 tam
1268 1574 1313 1610 de
1347 1570 1540 1616 omnibus,
1567 1582 1679 1618 quam
1711 1566 1756 1603 dc
1787 1579 1846 1611 se,
1890 1567 2020 1600 Omnis
2049 1563 2156 1598 homo

1161 1636 1325 1671 mendax
1342 1648 1352 1668 :
1368 1631 1576 1670 Pharisaeus
1594 1629 1794 1665 confirmat
1810 1625 1856 1661 de
1872 1622 2048 1660 omnibus
2062 1635 2156 1671 prae-

1161 1704 1218 1732 ter
1239 1708 1295 1740 se,
1320 1696 1400 1729 Non
1428 1705 1531 1735 sum,
1553 1688 1744 1738 inquiens,
1766 1689 1861 1721 sicul
1884 1687 2008 1719 coeteri
2035 1683 2155 1717 lmmf-

1161 1769 1261 1792 mcm.
1280 1758 1326 1791 Et
1346 1753 1482 1802 gratias
1505 1751 1601 1798 agit,
1619 1761 1695 1784 non
1717 1746 1805 1796 quia
1823 1744 1945 1781 bonus
1958 1771 1967 1789 ‚
1985 1741 2049 1778 sed
2067 1742 2156 1790 quia

1160 1817 1290 1854 solus:
1309 1826 1384 1851 non
1414 1822 1488 1848 tam
1513 1810 1558 1846 de
1581 1807 1690 1844 bonis
1717 1818 1800 1856 quae
1826 1803 1959 1848 habet,
1978 1814 2089 1850 quam
2109 1801 2155 1838 de

1113 1887 1140 1923 C
1161 1877 1268 1916 malis
1287 1888 1370 1926 quae
1387 1875 1425 1910 in
1444 1870 1524 1909 aliis
1541 1869 1654 1905 videt.
1670 1865 1847 1904 *Nondum
1867 1863 1912 1899 de
1929 1875 1996 1898 suo
2012 1860 2156 1897 trabem

1157 1940 1340 1990 ejecerat,
1365 1944 1402 1973 et
1426 1935 1586 1971 festucas
1607 1930 1646 1966 in
1672 1928 1791 1965 oculis
1818 1926 1975 1962 fratrum
1999 1935 2156 1960 enume-

1157 2010 1227 2039 rat.
1253 2004 1347 2038 Nam
1379 1994 1525 2038 subdit,
1557 1993 1712 2038 Injustl,
1737 1996 1900 2036 raptores
1914 1991 1940 2020 9.
1972 1986 2056 2019 Non
2082 1982 2158 2018 fru-

1157 2072 1235 2100 stra
1248 2090 1257 2107 ,
1277 2068 1318 2097 ut
1339 2057 1519 2100 arbitror,
1537 2062 1731 2090 excessum
1753 2062 1771 2084 a
1795 2043 1993 2096 proposito
2022 2041 2110 2087 feci,
2128 2041 2157 2077 si

1158 2123 1356 2171 utriusque
1377 2127 1552 2155 excessus
1578 2108 1827 2148 differentiam
1850 2102 2077 2141 intellexisti.

1214 2184 1273 2220 18.
1289 2185 1373 2219 Jam
1393 2176 1440 2214 ad
1456 2172 1694 2226 propositum
1713 2163 1950 2204 redeundum
1967 2168 2035 2197 est.
2054 2163 2156 2207 Quos

1154 2248 1282 2294 itaque
1306 2240 1444 2279 veritas
1469 2232 1629 2282 sibijam
1655 2230 1911 2268 innotescere,
1932 2235 1974 2258 ac
1996 2234 2065 2270 per
2086 2220 2156 2255 hoc

1154 2307 1335 2344 vilescere
1352 2299 1460 2343 fecit3
1481 2304 1632 2331 necesse
1648 2297 1715 2335 est,
1730 2295 1772 2323 ut
1789 2291 1943 2327 cuncta,
1960 2292 2042 2329 quae
2057 2291 2156 2314 ama-

1276 2362 1415 2405 ebant,
1431 2365 1468 2394 et
1492 2354 1565 2404 ipsi
1589 2350 1660 2388 sibi
1679 2350 1922 2385 amarescant.
1943 2344 2154 2378 Statuentes

1437 2424 1499 2453 nte
1515 2427 1553 2450 se
1564 2442 1572 2459 ,
1584 2411 1674 2448 tales
1689 2421 1727 2445 se
1743 2405 1870 2442 videre
1885 2407 2040 2450 cogunt,
2059 2410 2153 2446 qua-

1154 2487 1208 2523 les
1219 2484 1278 2521 vel
1290 2496 1309 2519 a
1322 2494 1361 2518 se
1376 2474 1497 2514 videri
1512 2469 1936 2510 erubescunt.Dumque
1947 2458 2017 2495 sibi
2030 2456 2156 2505 displi-

1154 2554 1212 2583 cet
1226 2541 1440 2594 quodsunt,
1460 2544 1496 2572 et
1516 2532 1562 2569 ad
1577 2530 1614 2567 id
1632 2526 1821 2576 suspirant
1835 2518 1937 2570 quod
1951 2529 2028 2553 non
2051 2522 2152 2558 sunt,

1153 2604 1257 2656 quod
1279 2602 1410 2650 utique
1439 2608 1507 2647 per
1530 2606 1568 2629 se
1593 2590 1671 2626 fore
1697 2582 1893 2624 distidunt3
1911 2577 2154 2614 vehementer

1557 2653 1633 2688 lum
1653 2639 1919 2684 consolationis
1933 2635 2153 2679 inveniunt,

1154 2735 1196 2764 ut
1228 2722 1349 2762 severi
1376 2717 1523 2769 judices
1552 2712 1627 2753 sui,
1659 2706 1722 2756 qui
1754 2701 1893 2740 scilicet
1918 2707 2046 2732 amore
2073 2705 2153 2728 veri

1156 2785 1324 2824 esuriant
1349 2789 1385 2817 et
1406 2769 1727 2821 sitiantjustitiam
1741 2793 1750 2810 ,
1769 2771 1887 2809 usque
1908 2756 1954 2792 ad
1980 2761 2152 2790 contem-

1327 2833 1668 2878 idistrictissimam
1690 2826 1735 2861 dc
1764 2836 1801 2859 se
1830 2818 1980 2866 exigant
2010 2812 2154 2850 satisfa-

1454 2901 1588 2931 caetero
1603 2881 1917 2924 emendationem.
1935 2872 2006 2912 Sed
2018 2884 2102 2908 cum
2118 2884 2155 2906 se

1157 2965 1203 3003 ad
1218 2963 1256 3000 id
1275 2960 1447 2999 sufficere
1462 2964 1538 2990 non
1555 2959 1665 2999 posse
1682 2938 1921 2990 conspiciunt
1935 2934 2041 2984 (cum
2055 2944 2154 2967 emm

1157 3023 1313 3062 fecerint
1328 3015 1455 3055 onmia
1471 3023 1554 3061 quae
1575 3003 1752 3043 mandata
1766 2996 1905 3035 fuerint
1921 2991 1991 3029 sibi
2002 3020 2011 3037 ,
2029 3001 2156 3027 servos

1157 3098 1195 3121 se
1226 3080 1376 3118 inutiles
1402 3075 1533 3110 dicunt
1550 3067 1618 3118 ¹⁰),
1636 3065 1682 3103 de
1708 3058 1849 3111 justitia
1874 3054 1920 3091 ad
1948 3061 2156 3088 mlserlcor-

1157 3144 1255 3181 diam
1278 3135 1512 3184 confugiunt.
1529 3133 1582 3167 Ut
1599 3133 1724 3164 autem
1744 3121 1845 3157 illam
1863 3116 2153 3178 consequantur,

1159 3200 1358 3240 consilium
1382 3190 1554 3232 Veritatis
1571 3190 1784 3236 sequuntur
1802 3193 1809 3214 z
1826 3177 1932 3212 Beati
1949 3179 2156 3206 mesericor—

1156 2381 1196 2404 re
1217 2365 1273 2403 sol

1159 2425 1339 2464 nimirum
1362 2433 1399 2457 se
1414 2432 1434 2454 a

1156 2856 1262 2898 ptum
1281 2857 1323 2880 su

1157 2907 1334 2947 ctionem,
1347 2907 1382 2936 et
1400 2897 1444 2933 de

1786 3309 1800 3332 5
1818 3307 2021 3340 Psal.xxx11,
2045 3301 2094 3329 17.
2110 3314 2153 3318 ——

1614 3380 1643 3396 ιο
1662 3371 1797 3403 1d,xvn
1811 3387 1818 3400 ,
1847 3364 1898 3392 10.
