2533 3920
343 191 419 227 550

1116 188 1150 221 S.
1181 185 1439 220 BERNARDI
1470 184 1668 218 ABBATIS

2351 179 2427 216 560

339 282 414 318 qua
450 266 609 304 tenebar
624 294 633 311 ,
671 265 918 301 vehementer
953 262 1128 299 astrictus
1157 260 1348 297 avunculo
1360 255 1409 273 ²⁰⁰
1420 259 1643 296 exstiterant
1658 287 1668 304 ,
1695 257 1870 308 personis
1890 256 2082 303 ecclesiae,
2101 264 2257 293 cantore
2273 285 2283 303 ,
2304 257 2425 294 archi-

341 328 614 373 adolescentis,
645 326 783 363 affectu
816 323 950 373 grandi
977 322 1110 368 nimis,
1132 321 1199 358 sed
1226 322 1351 357 minus
1371 315 1397 348 Α
1419 319 1602 363 diacono,
1627 326 1682 364 et,
1704 326 1746 354 ut
1767 315 1965 354 dicebatur
1979 346 1988 362 ,
2017 317 2254 354 thesaurario
2273 331 2281 354 :
2302 331 2426 368 neque
2476 331 2478 357 ;

338 388 527 439 spirituali
557 388 596 424 in
631 387 700 424 hac
726 394 845 436 parte.
868 382 1037 433 Urgebat
1057 382 1220 418 maxime
1240 381 1351 431 plaga

339 463 471 487 recens
503 448 549 486 de
579 456 702 484 morte
736 446 848 483 illius.
880 443 1018 481 Videar
1047 442 1200 478 levitate
1228 454 1348 478 usus:

338 509 404 546 sed
426 509 526 545 malo
545 506 751 558 periclitari
768 503 870 554 apud
889 503 1087 539 dominum
1104 515 1230 538 meum
1251 514 1350 551 prae-

339 569 560 620 cipitatione
581 566 795 611 scribendi,
817 577 930 614 quam
953 562 1055 613 apud
1082 566 1203 599 Deum
1224 561 1348 611 suspi—

340 632 448 667 cione
467 629 664 666 mendacii.
681 631 920 676 Quamquam
940 632 1049 661 caute
1065 637 1108 660 ac
1124 622 1290 674 provide·
1303 622 1350 658 de

342 691 595 741 praepositura
625 687 777 738 scripsi,
798 686 890 722 nihil
918 684 963 721 ad
991 685 1138 734 ipsum;
1161 683 1265 733 quod
1289 683 1351 719 in-

342 752 561 788 dubitanter
581 750 716 787 scirem
743 749 840 785 duos
867 756 913 784 ut
930 746 1086 782 memini
1109 774 1118 789 ‚
1141 744 1352 795 praedeces-

340 826 445 849 sores
476 812 558 860 ejus
588 812 708 861 ipsam
736 810 845 845 aliter
871 807 1089 852 ordinasse,
1117 814 1231 854 atque
1261 804 1351 840 alias

339 886 408 909 suo
429 874 673 909 conlirmasse
694 869 908 919 privilegio.
930 871 986 904 Tu
1006 875 1132 903 autem
1154 866 1183 902 si
1199 865 1351 901 efficere

338 935 510 984 potueris
531 932 634 982 apud
652 932 797 980 ipsum,
817 937 859 964 ut
882 928 1059 965 Ecclesiae
1081 926 1323 976 privilegium
1340 952 1348 968 ,

340 1004 377 1031 et
416 993 616 1043 privilegio
652 990 857 1028 efficaciam
891 987 1042 1033 reddat,
1075 986 1219 1023 bonum
1254 998 1352 1034 opus

340 1063 520 1104 operatus
546 1066 598 1089 es,
632 1052 786 1089 Utinam
814 1063 835 1086 a
865 1062 974 1086 naevo
1018 1047 1213 1097 sanguinis
1242 1044 1353 1094 hujus
1377 1045 1402 1078 B
1421 1044 1603 1080 malitiam
1637 1043 1790 1093 gloriari
1822 1052 2000 1093 oportet,
2021 1057 2092 1080 nec
2111 1043 2336 1093 sapientiam
2369 1042 2432 1079 de·
2475 1051 2479 1082 ἶ

1418 1105 1492 1154 cipi
1513 1104 1645 1149 decet,
1669 1118 1739 1141 nec
1769 1104 1976 1141 Ecclesiam
1998 1103 2180 1154 suspendi
2200 1103 2345 1141 diutius
2364 1116 2433 1140 ex·
2477 1134 2479 1138 Α

339 1123 508 1152 sanctum
532 1121 716 1164 purgaret
736 1112 980 1162 episcopum,
1001 1118 1038 1146 et
1059 1108 1290 1145 adolescenti
1310 1107 1349 1143 in

338 1176 419 1212 aliis
436 1173 670 1225 provideret.

337 1304 1337 1320 ιιιιιιιιιιιιιιιιιιιιιιιιιιιιιιιιιιιιιιιιιιιιιιιιιιιιιιιιιιιιιιιιιιιιι

449 1428 820 1487 EPISTOLA
885 1423 1248 1483 CCLXXVJ'

339 1590 384 1610 AD
416 1588 595 1610 DOMlNL‘M
626 1586 741 1608 PAPAM
769 1583 992 1615 EIJGENtL'M,
1018 1582 1089 1605 PRO
1117 1581 1353 1605 Athtsslono-

658 1646 767 1669 RENSI
808 1644 1030 1667 ELECTIONE.

339 1770 386 1798 De
409 1773 489 1798 statu
510 1765 670 1798 electionis
684 1762 964 1795 Autissiodorensis
975 1787 982 1800 ‚
1001 1768 1029 1793 et
1047 1761 1157 1793 fraude
1172 1761 1204 1792 in
1219 1772 1255 1792 ea
1271 1772 1353 1792 com-

549 1820 643 1851 missa
657 1818 840 1850 Pontificem
863 1817 1027 1849 certiorem
1049 1816 1133 1847 facit.

391 1964 484 1998 Cum
511 1959 677 2009 primum
705 1956 815 1994 vobis
842 1970 913 2007 pro
938 1954 1264 1993 Autissiodorensi
1284 1958 1352 1991 Ec-

337 2021 448 2057 clesia
469 2020 624 2070 scripsi,
645 2018 691 2056 de
714 2018 837 2069 prima
858 2016 1052 2054 audieram
1077 2016 1282 2061 electione,
1304 2014 1351 2051 de

338 2081 505 2118 secunda
530 2080 635 2116 nihil.
658 2083 706 2116 Et
729 2092 814 2115 ecce
843 2091 902 2115 me
926 2076 1045 2114 veluti
1065 2076 1322 2127 prophetante
1339 2105 1347 2121 ,

337 2141 591 2192 opprobrium
610 2139 714 2190 quod
732 2138 943 2189 suspicatus
961 2151 1058 2183 sum,
1075 2145 1247 2174 secutum
1266 2144 1322 2173 est
1339 2151 1346 2172 :

336 2212 373 2239 ct
388 2203 502 2239 timor
518 2215 631 2252 quem
651 2199 995 2243 timebam,evenit.
1006 2201 1241 2235 Mementote
1255 2210 1350 2247 quo-

338 2263 453 2300 modo
488 2271 613 2299 actum
642 2262 690 2298 sit
720 2259 955 2303 Nivernis*,
990 2267 1027 2295 et
1053 2258 1178 2294 videte
1213 2258 1243 2294 si
1271 2271 1349 2294 non

336 2324 448 2360 simili
472 2331 574 2366 arte,
598 2322 675 2358 imo
702 2320 833 2357 fraude
861 2333 939 2356 non
968 2318 1165 2363 dissimili,
1191 2317 1351 2354 eodem-

333 2395 407 2432 que
428 2391 604 2427 auctore,
628 2390 669 2418 ut
695 2382 824 2425 aiunt,
846 2389 883 2417 et
904 2393 1008 2417 nunc
1026 2378 1194 2416 secunda
1215 2378 1350 2415 electio

332 2451 568 2493 praesumpta
588 2451 643 2479 est
664 2457 671 2478 ε
695 2450 737 2477 ut
757 2441 900 2477 scilicet
932 2454 1010 2479 uno
1031 2439 1231 2476 nominato
1254 2438 1351 2475 duos

334 2503 507 2553 ejiciant,
529 2512 566 2540 et
590 2503 642 2540 sic
672 2502 826 2538 demum
857 2501 1031 2546 tertium,
1050 2513 1164 2550 quem
1186 2500 1348 2546 volunt,

333 2564 600 2601 subinducant.
622 2564 810 2601 Miserunt
825 2571 863 2599 et
885 2563 946 2599 isti
966 2562 1013 2598 ad
1030 2574 1109 2607 me,
1128 2569 1170 2597 ut
1188 2573 1260 2610 pro
1281 2573 1349 2596 sua

332 2636 441 2677 parte
462 2625 682 2670 scriberem,
695 2633 732 2661 et
753 2624 877 2660 visum
903 2631 959 2659 est
982 2622 1073 2658 mihi
1096 2622 1246 2657 mittere
1269 2620 1346 2657 fra-
1368 2631 1398 2664 D
1416 2620 1599 2667 decimas,
1620 2630 1658 2658 et
1671 2631 1781 2671 prata
1800 2623 1839 2659 in
1860 2623 2020 2674 propria
2040 2624 2135 2661 silva
2151 2623 2345 2675 episcopi,
2366 2623 2430 2659 in·
2470 2625 2478 2656 θ

1417 2693 1553 2729 super,
1576 2682 1680 2730 quod
1700 2682 1828 2732 pudor
1851 2692 1907 2720 est
1926 2684 2032 2720 omni
2060 2684 2256 2734 religioni,
2278 2683 2325 2720 de
2340 2696 2428 2720 mo-
2473 2706 2475 2712 ι

337 2696 431 2723 trem
448 2700 467 2722 a
484 2687 602 2722 latere
617 2698 716 2730 meO,
731 2684 797 2734 qui
813 2683 859 2720 de
874 2691 1036 2731 utraque
1051 2681 1190 2718 certius
1201 2680 1349 2717 actione

334 2754 594 2795 cognosceret,
615 2758 760 2794 nosque
779 2744 1004 2780 certificaret
1035 2742 1109 2790 Qui
1125 2742 1272 2778 intrans
1290 2755 1350 2777 ec-

335 2807 486 2843 clesiam
503 2836 512 2850 ,
537 2815 573 2842 vt
598 2805 644 2841 de
667 2803 846 2841 omnibus
876 2803 1083 2852 diligenter
1115 2802 1321 2851 explorans
1337 2831 1346 2847 ,

336 2867 553 2904 testimonio
585 2866 757 2902 omnium
790 2865 855 2914 qui
887 2871 1166 2907 convenerant,
1198 2862 1346 2898 invenit

336 2928 482 2964 nullum
508 2926 842 2977 presbyterorum,
861 2933 1000 2975 praeter
1021 2937 1140 2960 unum
1157 2951 1165 2968 ‚
1191 2923 1345 2959 fratrem

334 2989 477 3025 scilicet
497 2988 615 3038 ipsius
635 2987 758 3024 fratris
775 2986 949 3025 Gausridi
964 2987 1001 3031 *,
1018 2988 1242 3034 Hugouem;
1262 2984 1346 3020 nul—

336 3051 414 3086 lum
444 3049 490 3085 de
521 3048 744 3085 diaconibus
765 3056 906 3098 praeter
935 3046 1170 3096 Stephanum
1194 3046 1318 3082 solum
1334 3075 1344 3092 ,

335 3125 380 3147 cx
403 3117 512 3161 parte
540 3110 602 3146 illa
627 3122 707 3145 csse
733 3124 740 3145 :
762 3109 932 3159 exceptis
962 3108 1041 3153 his,
1073 3107 1138 3157 qui
1170 3115 1346 3144 auctores

384 3250 397 3265 ³
414 3244 534 3287 Scripta
554 3255 637 3275 anuo
655 3243 768 3275 Christi
795 3247 803 3275 1
819 3247 892 3274 151.

1417 380 1518 416 enim
1547 380 1627 430 ipse
1655 391 1824 429 praesens
1846 386 1935 414 tunc
1962 377 2094 414 adfuit.
2118 381 2238 415 Porro
2259 378 2298 414 in
2319 386 2426 428 parte

1416 442 1553 487 altera,
1582 448 1723 490 praeter
1750 439 1844 475 alios
1875 438 2066 475 inferioris
2101 438 2269 485 ordinis,
2299 438 2427 476 diaco·
2477 465 2478 468 =

1416 515 1488 539 nos
1526 514 1664 537 novem
1681 529 1690 545 ,
1715 508 1752 536 et
1779 498 2026 550 presbyteros
2054 499 2232 536 undecim
2259 512 2426 537 consen-
2476 528 2477 533 ,

1416 563 1499 598 tire.
1533 561 1816 605 Duodecimus,
1849 560 1915 609 qui
1946 569 1982 596 et
2011 558 2318 609 archipresbyter
2346 568 2426 606 est,
2476 596 2478 605 ⁴

1417 636 1488 673 pro
1528 630 1662 659 neutra
1703 629 1811 671 parte
1849 621 1946 657 velle
1980 634 2019 657 se
2056 619 2320 667 subscribere,
2356 633 2430 671 pro
2476 643 2479 658 ι

1419 691 1555 719 neutra
1580 683 1777 732 scripsisse
1800 681 2011 718 testabatur
2036 697 2044 719 ι
2075 694 2295 731 quanquam
2324 681 2429 730 prio-

1417 758 1496 781 rem
1534 745 1621 794 plus
1661 744 1786 780 vellet.
1829 743 2000 793 Sigillum
2037 742 2216 779 Ecclesiae
2249 741 2430 791 praefatus

1419 808 1531 854 Hugo
1565 802 1772 850 tenebatb,
1805 804 1922 840 homo
1953 816 2030 839 non
2064 803 2195 853 pacis,
2217 801 2283 839 sed
2313 801 2430 851 partis

1418 865 1550 901 alienae
1585 880 1592 902 :
1631 878 1700 901 nec
1739 864 1998 901 consideravit
2030 864 2069 900 in
2104 862 2290 900 tradendo
2325 861 2431 912 quod

1421 924 1580 970 debuit,
1611 924 1677 961 sed
1707 923 1812 973 quod
1844 924 1978 960 voluit.
2008 924 2067 962 Sic
2094 937 2133 960 se
2156 936 2216 960 res
2238 921 2366 959 habet.
2385 925 2431 959 Et.

1420 996 1490 1032 ego
1536 984 1646 1020 solita
1680 983 1981 1033 praesumptione
2009 997 2130 1020 unum
2158 983 2284 1019 infero
2321 997 2328 1018 :
2361 995 2432 1018 nec

1421 1165 1538 1215 pedit.

1515 1424 1890 1481 EPISTOLA
1953 1415 2339 1481 CCLXXVI.c

1476 1577 1519 1597 AD
1549 1577 1708 1598 EL‘MDEM
1726 1592 1735 1609 ,
1766 1576 1853 1599 POST
1881 1576 2025 1600 OBITUM
2052 1576 2219 1600 EPISCOPI
2244 1576 2432 1600 Atj'rlsslo·

1827 1636 2022 1660 DORENSIS.

1419 1740 1467 1769 De
1490 1738 1661 1779 irreligioso
1685 1738 1822 1780 episcopi
1843 1738 2124 1769 Autissiodorensis
2142 1743 2345 1775 testamento,
2368 1749 2433 1769 nou
2475 1730 2478 1741 ’

1466 1793 1532 1823 sine
1546 1792 1654 1824 fraude
1669 1792 1818 1835 Stephani
1833 1793 1955 1824 diaconi
1973 1793 2054 1824 facto
2066 1817 2073 1828 ,
2092 1799 2199 1824 monet
2223 1793 2407 1825 Pontificem
2423 1804 2431 1825 ι
2475 1784 2503 1823 302

1465 1846 1606 1888 illudque
1622 1847 1761 1879 scandali
1779 1858 1872 1878 causa
1884 1848 1999 1879 irritari
2018 1847 2143 1879 debere.

1479 1955 1509 1990 l.
1547 1953 1684 1990 Adhuc
1715 1967 1877 2003 suggero
1910 1953 2077 2004 aliquid,
2108 1953 2214 2004 quod
2240 1963 2329 1992 ante
2353 1968 2431 1992 non

1419 2014 1639 2058 tacuissem,
1663 2014 1693 2051 si
1714 2023 1801 2051 ante
1822 2015 1915 2052 mihi
1933 2024 2174 2066 compertum
2193 2016 2344 2061 fuisset,
2364 2017 2431 2053 sic-

1418 2083 1459 2111 ut
1482 2088 1583 2111 nunc
1612 2083 1679 2112 est.
1708 2075 1828 2113 Adest
1847 2076 1965 2113 homo
1985 2076 2052 2126 qui
2078 2089 2239 2127 peccare
2268 2077 2356 2114 fecit
2374 2081 2432 2114 Is-

1417 2136 1516 2183 rael,
1548 2144 1719 2173 sanctum
1754 2137 1894 2187 loquor
1922 2137 2180 2188 episcopum*
2207 2153 2215 2175 ε
2246 2138 2312 2188 qui
2344 2151 2430 2175 cum

1416 2197 1455 2233 in
1479 2205 1602 2233 morte
1619 2197 1857 2247 aliquantum
1874 2198 2050 2249 stupidus
2064 2207 2162 2236 esset
2180 2207 2219 2236 et
2231 2198 2407 2236 turbatus
2419 2228 2430 2245 ‚

1417 2257 1486 2294 iste
1504 2271 1589 2294 eum
1609 2259 1696 2295 fecit
1716 2259 1814 2295 mori
1834 2272 1934 2309 pene
1962 2259 2195 2297 intestatum.
2216 2262 2311 2298 Cum
2329 2259 2430 2296 enim

1418 2318 1654 2368 pauperibus
1684 2328 1721 2356 et
1749 2320 1916 2357 ecclesiis
1952 2328 2018 2357 aut
2047 2320 2169 2365 nihil,
2202 2329 2268 2357 aut
2293 2333 2431 2370 parum
2447 2328 2459 2357 .’

1419 2378 1550 2425 daret3
1578 2380 1710 2430 nepoti
1746 2393 1816 2417 suo
1851 2381 1995 2418 carnali
2019 2380 2327 2426 adolescentulo,
2360 2393 2433 2418 sae—

1420 2439 1538 2476 culari
1577 2440 1730 2487 inutili,
1768 2450 1890 2478 toturn
1932 2455 2031 2491 pene
2060 2442 2165 2492 quod
2205 2441 2433 2492 acquisierat

1416 2512 1545 2536 mense
1566 2500 1797 2551 episcopali,
1829 2502 2024 2553 Stephano
2049 2511 2276 2552 suggerente
2297 2511 2335 2540 et
2355 2503 2433 2540 sol-

1414 2560 1583 2597 licitante
1603 2590 1612 2607 ,
1651 2561 1805 2599 dimisit.
1840 2563 1959 2600 Aiunt
1988 2572 2135 2613 septem
2167 2564 2367 2610 ecclesias,
2394 2570 2432 2600 et

2483 2453 2502 2479 ἦ
2483 2263 2506 2426 εσρ-Ῑ-’.ᾒ
2488 2210 2501 2235 0.
2488 2089 2507 2175 ‚fn->v
2491 2032 2499 2053 *-
2494 1973 2501 1992 ⁴.

2471 2580 2475 2599 Ι
2490 2581 2497 2596 9

1415 2737 1556 2777 bilibus
1579 2754 1716 2779 aureos
1745 2756 1858 2789 suos,
1888 2752 1926 2781 et
1954 2744 2132 2795 proprias
2162 2744 2426 2795 equitaturas3
2472 2756 2498 2788 ,ι’

1415 2808 1476 2846 et,
1494 2814 1580 2837 cum
1601 2803 1724 2840 minus
1740 2804 1814 2841 illae
1835 2805 2054 2842 sufficerent
2073 2805 2122 2842 ad
2141 2804 2421 2842 conficiendum

1414 2861 1509 2906 iter,
1542 2870 1585 2898 ut
1602 2876 1673 2912 pro
1695 2864 1752 2901 his
1774 2866 1973 2904 firmandis
1995 2866 2042 2904 ad
2062 2879 2131 2903 vos
2149 2866 2320 2912 veniret,
2339 2865 2423 2915 jus·

1413 2921 1503 2958 sisse.
1522 2924 1619 2960 tradi
1641 2925 1754 2962 etiam
1782 2927 2004 2964 monasterii
2023 2927 2270 2978 equitaturas.
2291 2930 2423 2976 Quan—

1413 2995 1526 3032 quam
1564 2984 1719 3033 quidam
1754 2987 1974 3024 existimant
1990 3017 2000 3034 ,
2039 2987 2262 3038 episcopum
2299 2987 2423 3024 dona-

1415 3044 1536 3081 tiones
1566 3045 1657 3083 istas
1692 3048 1882 3094 nescisse,
1911 3048 1977 3085 sed
2002 3048 2239 3098 Stephanum
2266 3048 2458 3095 fecisses·

1414 3114 1451 3142 et
1468 3105 1649 3155 sigillasse
1670 3121 1756 3158 quae
1776 3109 1899 3146 voluit
1920 3125 1927 3146 :
1951 3117 1989 3146 et
2009 3108 2257 3147 credendum.
2277 3112 2423 3158 Nempe

383 3299 398 3319 ἲ)
417 3298 498 3329 Hinc
516 3298 715 3339 intelligitur,
741 3298 909 3329 Ecclesiam
930 3297 1232 3330 Autissiodorcusem
1248 3295 1410 3338 proprium
1433 3295 1569 3336 sigillum
1592 3306 1629 3326 ex
1653 3302 1727 3327 tuuc
1743 3295 1890 3328 habuisse
1905 3303 2019 3342 praeter
2031 3297 2219 3343 episcopale.

382 3357 395 3371 ‘
415 3352 535 3393 Scripta
554 3362 635 3382 anno
660 3351 773 3382 Christi
796 3354 804 3381 1
820 3354 895 3381 151.
