2517 3920
343 187 440 223 119¹.)

338 264 473 300 bonum
494 266 647 309 malum,
669 272 705 299 et
728 265 867 298 malum
892 261 1024 298 bonam
1047 268 1054 282 ¹
1079 276 1086 297 :
1109 274 1194 297 cum
1220 269 1345 296 tamen

1106 185 1142 220 S.
1172 184 1299 219 BERN
1305 184 1425 218 ARDI
1443 182 1656 219 ‘ABBATIS

1358 258 1408 276 25¹!

2319 181 2333 218 l
2342 181 2418 220 200

1414 273 1547 295 revera
1576 258 1730 295 oculum
1749 271 1826 293 non
1857 256 2051 294 immerito
2074 256 2286 308 simplicem
2314 258 2420 297 dixe-

340 337 472 369 nemo,
501 323 567 373 qui
598 323 671 360 hoc
700 322 791 359 velit
816 335 949 359 cavere
976 321 1219 358 maledictum
1237 320 1278 365 *,
1301 318 1395 354 deA
1414 319 1512 366 rim,
1544 325 1678 368 utpote
1716 317 1776 354 cui
1809 325 1989 353 neutrum
2021 316 2168 353 bonum
2200 317 2318 364 desit,
2350 331 2420 355 nec

338 397 416 433 quo
436 384 582 421 Veritas
604 382 849 433 pronuntiat,
870 381 974 431 quod
1003 382 1049 418 sit
1074 381 1168 417 lucis
1183 380 1200 397 *
1230 378 1346 415 totius

338 442 533 492 corporis,
557 442 593 478 id
617 450 674 478 est
695 441 821 491 operis
836 469 845 486 ,
872 447 1150 489 argumentum.
1174 436 1246 474 Sed
1276 434 1345 471 ab·

338 503 385 539 sit
403 510 445 539 ut
464 515 592 552 praeco
608 501 785 539 Veritatis
809 501 944 536 clamet
966 507 1100 534 contra
1115 496 1320 534 Veritatem
1335 509 1345 540 3

339 563 539 600 maledicat
558 563 588 599 is
609 561 712 612 quod
733 562 795 597 illa
818 558 1050 610 probaverit.

393 623 456 659 36.
488 625 568 671 Ego
587 634 677 658 vero
698 629 740 657 ut
760 620 918 657 interior
932 618 1064 654 oculus
1081 629 1171 653 vere
1186 616 1346 665 simplex

339 683 406 729 sit,
428 682 505 719 duo
525 682 579 718 illi
595 694 675 718 esse
692 679 861 717 arbitror
879 677 1103 722 necessaria,
1124 676 1346 713 charitatem

339 744 378 780 in
401 742 627 788 intentione,
649 749 685 777 et
706 741 746 777 in
767 740 954 776 electione
971 737 1184 774 veritatem.
1200 739 1296 773 Nam
1317 735 1347 772 si

338 802 483 839 bonum
508 801 663 851 quidem
684 800 833 849 diligat,
853 797 918 835 sed
948 810 1082 834 verum
1104 808 1182 832 non
1209 795 1344 844 eligat,

340 862 454 900 habet
476 862 629 912 quidem
660 862 783 898 zelum
811 859 903 905 Dei,
936 858 1001 895 sed
1035 870 1112 894 non
1136 855 1346 893 secundum

339 923 535 960 scientiam
564 936 571 958 :
606 930 644 958 et
678 921 806 958 neseio
841 916 1168 968 quemadmodum
1200 914 1348 964 judicio

336 982 516 1019 Veritatis
536 994 627 1018 vera
649 994 730 1017 esse
757 980 877 1030 possit
899 992 984 1015 cum
1010 977 1169 1014 falsitate
1198 975 1348 1025 simpli-

339 1041 442 1078 citas.
466 1040 607 1078 Volens
640 1039 804 1088 denique
825 1038 872 1074 ad
893 1050 1021 1074 veram
1055 1035 1263 1086 discipulos
1283 1035 1347 1071 in—
1370 1031 1397 1065 B

339 1111 485 1138 struere
517 1100 798 1151 simplicitatem
825 1098 1003 1148 magistra
1021 1097 1182 1141 Veritas,
1206 1099 1348 1141 Estote,

336 1162 483 1211 inquit,
502 1163 709 1211 prudentes
737 1164 833 1196 sicut
861 1167 1068 1208 serpentes,
1093 1167 1129 1193 et
1161 1160 1351 1206 simplices

333 1224 429 1258 sicut
446 1220 630 1258 columba?
642 1227 668 1257 ².
685 1219 873 1258 Praemisit
889 1233 979 1269 ergo
993 1218 1253 1269 prudentiam,
1269 1218 1350 1254 sine

332 1296 407 1331 qua
425 1281 619 1318 neminem
642 1281 731 1318 satis
751 1294 832 1318 esse
856 1293 967 1331 posse
989 1280 1199 1329 simplicem
1222 1279 1348 1315 sciret.

333 1342 537 1391 Quomodo
557 1342 722 1391 denique
738 1354 826 1378 vere
842 1341 1004 1391 simplex
1022 1340 1093 1377 erit
1110 1340 1244 1376 oculus
1260 1352 1346 1384 cum

332 1403 548 1452 ignorantia
570 1402 767 1439 veritatis?
788 1410 853 1438 aut
886 1413 979 1437 vero
1000 1413 1089 1436 vera
1119 1407 1246 1449 potest
1274 1398 1347 1435 dici

335 1463 568 1514 simplicitas,
585 1475 699 1512 quam
722 1462 884 1511 simplex
906 1461 1057 1510 ignorat
1072 1459 1234 1496 veritas?
1252 1458 1348 1496 Scri-

337 1532 446 1573 ptum
477 1531 534 1560 est
556 1522 687 1559 enim:
717 1525 901 1569 Ignorans
934 1518 1204 1569 ignorabitur?
1240 1522 1348 1556 Patet

336 1597 427 1633 crgo
460 1582 689 1619 laudabilem
716 1581 820 1618 illam
846 1589 883 1618 et
913 1594 934 1618 a
965 1580 1133 1617 Domino
1153 1578 1345 1616 laudatam

335 1643 616 1693 simplieitatem
636 1632 779 1692 absque
809 1641 867 1679 his
897 1639 1050 1678 dnobus
1076 1653 1153 1676 non
1175 1653 1256 1677 esse
1278 1639 1346 1676 bo-

336 1703 414 1750 nis,
439 1703 708 1740 benevolentia
737 1710 850 1751 atque
882 1701 1086 1751 prudentia
1108 1715 1115 1736 :
1139 1708 1181 1736 ut
1211 1700 1346 1736 oculus

336 1762 514 1800 videlicet
534 1762 675 1808 cordis,
698 1775 774 1798 non
794 1762 917 1798 solum
939 1761 1025 1810 pius
1042 1760 1108 1809 qui
1130 1760 1259 1796 fallere
1280 1773 1345 1796 no-

339 1822 382 1858 lit
396 1851 405 1868 ,
423 1822 489 1859 sed
506 1830 542 1859 et
561 1829 694 1858 cautus
711 1821 759 1857 sit
776 1821 841 1870 qui
866 1820 944 1857 salli
966 1833 1043 1856 non
1062 1820 1193 1870 possit.

393 1883 456 1919 37.
487 1884 675 1920 Caeterum
706 1881 803 1917 sieut
837 1881 992 1917 oculum
1024 1879 1235 1929 simplicem
1270 1879 1347 1915 duo

340 1942 410 1978 ista
431 1941 574 1978 faciunt
594 1940 716 1986 bona,
737 1953 846 1977 amor
866 1939 958 1977 boni
971 1969 980 1986 ,
1002 1947 1041 1976 et
1060 1938 1228 1988 cognitio
1248 1938 1346 1975 veri:

340 2002 393 2039 sic
411 2015 574 2052 nequam
596 2001 750 2038 oculum
769 2001 847 2037 duo
873 2014 893 2037 e
910 2000 1065 2050 regione
1089 2000 1188 2036 mala
1208 1998 1351 2035 consti-

340 2070 472 2109 tuunt,
493 2061 652 2107 caecitas,
678 2074 753 2111 qua
775 2062 815 2098 lit
835 2069 878 2097 ut
898 2060 1098 2097 veritatem
1128 2073 1206 2096 non
1236 2071 1350 2109 agno-

340 2130 442 2168 scat3
465 2130 502 2158 et
519 2121 774 2171 perversitas,
792 2134 867 2171 qua
889 2121 930 2157 fit
950 2128 992 2157 ut
1014 2120 1145 2169 diligat
1164 2119 1349 2169 iniquita-

343 2190 429 2218 tem.
470 2185 590 2218 Porro
624 2181 724 2217 inter
765 2181 842 2217 duo
879 2180 958 2217 haec
997 2179 1100 2217 bona
1115 2209 1124 2227 ,
1160 2193 1245 2229 quae
1280 2192 1350 2216 nec

342 2242 485 2288 fallere,
508 2255 578 2278 nec
600 2242 677 2278 falli
703 2241 856 2288 sinunt3
880 2249 916 2278 et
945 2241 1022 2277 duo
1043 2241 1106 2277 illa
1129 2241 1248 2286 mala,
1267 2253 1352 2290 quae

343 2309 420 2338 tam
441 2301 539 2347 falli,
560 2315 674 2351 quam
707 2302 838 2338 fallere
862 2301 1022 2346 faciunt,
1045 2300 1123 2337 (luo
1156 2309 1243 2337 sunt
1272 2313 1354 2336 me-

342 2360 405 2397 dia
423 2375 431 2397 :
455 2373 573 2397 unum
597 2360 750 2409 quidem
770 2360 915 2397 bonum
935 2374 1004 2410 per
1027 2359 1131 2409 quod
1151 2360 1285 2397 oculus
1300 2359 1356 2395 in-

342 2420 475 2466 terior,
491 2421 559 2457 etsi
581 2421 657 2457 falli
673 2420 1013 2470 queatignorantia
1024 2420 1210 2465 veri,zelo
1229 2428 1354 2456 tamen

344 2479 438 2516 boni
462 2480 591 2517 fallere
605 2480 759 2530 penitus
776 2494 853 2517 non
866 2480 1074 2517 consentit:
1088 2480 1250 2516 alterum
1264 2492 1355 2516 vero

343 2540 483 2577 malum
496 2569 506 2587 ,
532 2540 638 2590 quod
658 2540 744 2577 licet
762 2540 842 2577 veri
862 2540 1036 2577 notitiam
1059 2553 1136 2576 non
1158 2538 1354 2589 impediat,

1413 379 1516 415 zelus
1546 377 1688 415 scilicet
1712 376 1858 423 bonus,
1894 389 1963 412 nec
1996 376 2162 412 scientia.
2186 378 2299 413 Hunc
2330 390 2422 426 pro-

1414 439 1512 474 fecto
1534 437 1694 487 requirit
1714 436 1869 473 oculum
1891 438 2007 481 Deus,
2030 449 2116 472 cum
2138 435 2292 485 respicit
2309 449 2422 485 super

1414 497 1511 533 filios
1533 496 1754 541 hominum,
1781 503 1823 531 ut
1841 493 1967 531 videat
1990 495 2019 530 si
2040 502 2096 530 est
2120 494 2334 544 intelligens
2358 503 2441 532 aut>

1415 557 1613 607 requirens
1652 555 1810 592 Deuml.
1834 557 1900 591 Est
1920 567 1940 590 e
1962 554 2154 590 contrario
2183 554 2250 604 qui
2277 553 2421 591 bonum

1415 617 1571 653 minime
1592 616 1767 665 diligens,
1795 628 1842 651 ex
1874 614 2016 650 malitia
2035 613 2189 663 quidem
2223 627 2424 664 perversus

1413 685 1470 714 est
1488 692 1495 713 :
1517 676 1584 714 sed
1604 676 1756 726 sapiens
1777 683 1819 712 ut
1850 674 1959 711 faciat
1980 674 2143 720 malum,
2160 686 2231 724 per
2248 674 2424 724 ignoran-

1415 738 1504 774 tiam
1537 750 1659 774 caecus
1691 749 1771 772 non
1791 743 1860 772 est.
1880 737 2002 782 Quem
2025 734 2181 783 quidem
2213 733 2301 771 ideo
2332 747 2425 771 non-

1415 797 1505 833 dum
1521 795 1796 847 appellaverim
1814 807 1994 844 nequam,
2012 793 2118 843 quod
2138 806 2258 830 unum
2276 792 2323 839 ei,
2338 793 2425 830 licet

1416 856 1463 893 ad
1499 870 1610 894 suum
1651 857 1812 902 malum,
1843 867 1923 891 non
1963 854 2059 891 desit
2095 853 2265 900 bonum,
2299 853 2337 890 id
2370 861 2425 891 est

1416 916 1586 954 scientia.

1470 976 1533 1013 39.
1564 975 1637 1013 Sed
1658 973 1797 1023 estqui
1828 972 1973 1010 bonum
2008 973 2104 1009 sorte
2138 972 2290 1009 nescius
2322 972 2425 1022 quod

1416 1048 1492 1072 non
1524 1034 1662 1084 diligit,
1693 1034 1795 1083 agit:
1818 1033 1879 1069 cui
1898 1032 2074 1082 profecto
2106 1045 2186 1069 non
2215 1032 2425 1082 incongrue

1416 1094 1453 1131 id
1476 1094 1581 1145 quod
1602 1093 1743 1131 dicitur
1762 1105 1926 1142 nequam
1947 1091 2233 1141 assignaverim,
2257 1105 2302 1128 eo
2323 1091 2426 1142 quod

1417 1163 1556 1192 neutro
1577 1162 1703 1191 careat
1735 1154 1856 1199 malo,
1879 1165 1949 1189 nec
1981 1152 2148 1189 caecitate
2175 1151 2337 1198 scilicet,
2358 1164 2426 1188 nec

1417 1214 1678 1265 perversitate.
1712 1213 1859 1250 Dicitur
1887 1211 2076 1262 siquidem
2110 1225 2300 1262 nequam,
2321 1212 2428 1262 quasi

1418 1287 1685 1324 nequaquam,
1712 1281 1755 1310 ut
1785 1273 1816 1309 is
1844 1271 2088 1309 solummodo
2110 1284 2277 1321 nequam
2298 1271 2429 1322 appel-

1417 1335 1529 1381 letur,
1561 1334 1627 1384 qui
1658 1346 1920 1383 nequaquam,
1946 1332 2019 1369 hoc
2043 1340 2120 1380 est,
2150 1332 2189 1368 in
2228 1332 2335 1368 nullo
2361 1345 2428 1382 pe-

1414 1394 1518 1431 nitus
1544 1402 1728 1444 appareat
1761 1392 1912 1440 bonus3
1947 1391 2014 1429 sed
2047 1392 2096 1429 sit
2126 1400 2292 1442 utroque
2325 1390 2427 1429 bono

1414 1466 1579 1500 vacuus,
1617 1461 1692 1490 tam
1727 1452 1905 1489 videlicet
1938 1452 2019 1489 veri
2057 1451 2212 1498 notitia,
2247 1464 2362 1501 quam
2392 1459 2430 1488 et

1413 1513 1695 1551 benevolentia.
1713 1513 1820 1550 Alius
1837 1520 1894 1549 est
1911 1511 2038 1562 itaque
2063 1511 2150 1561 pius
2171 1511 2329 1558 oculus,
2351 1524 2429 1548 non

1414 1575 1568 1625 quidem
1590 1575 1718 1611 fallere
1735 1580 1953 1624 promptus,
1977 1571 2043 1609 sed
2065 1580 2209 1617 tamen,
2226 1579 2270 1607 ut
2287 1570 2429 1608 dictum

1412 1643 1485 1681 est,
1509 1634 1584 1670 salli
1606 1646 1765 1684 pronus,
1784 1633 1832 1669 de
1864 1645 1942 1682 quo
1974 1631 2166 1682 propheta
2188 1645 2197 1668 z
2222 1631 2427 1680 Epltralm,

1412 1695 1555 1745 inquit,
1572 1699 1678 1743 quasi
1698 1693 1869 1729 columba
1888 1695 2052 1736 seducta,
2076 1705 2151 1728 non
2169 1691 2314 1727 habens
2334 1689 2429 1727 esu-⁵.

1413 1755 1520 1791 Alius
1540 1754 1570 1791 is
1600 1767 1714 1804 quem
1744 1753 1934 1790 Dominus
1960 1752 2172 1802 simplicem
2204 1751 2321 1798 dicit,
2356 1759 2430 1788 tarn

1416 1828 1485 1852 nec
1504 1815 1632 1851 fallere
1649 1814 1780 1859 facilis,
1799 1826 1914 1863 quam
1929 1826 1998 1849 nec
2013 1812 2110 1859 falli,
2129 1812 2175 1849 de
2189 1825 2267 1861 quo
2283 1820 2321 1848 et
2332 1815 2432 1862 Apo·

1414 1875 1501 1913 stoli
1517 1875 1707 1911 docentur
1733 1887 1819 1911 cum
1847 1873 1900 1911 eis
1926 1873 2092 1910 dicitur:
2114 1874 2242 1909 Estote
2263 1873 2432 1922 pruden-

1415 1944 1468 1971 tes
1496 1939 1591 1970 sicut
1614 1943 1827 1983 serpentes,
1852 1942 1888 1969 et
1908 1935 2099 1981 simplices
2118 1936 2214 1968 sicut
2235 1931 2428 1969 columboe-

1471 1995 1533 2032 40.
1564 1997 1611 2031 Et
1632 1994 1721 2031 item
1744 1993 1841 2030 alius
1860 2001 1916 2030 est
1944 1993 2076 2029 oculus
2105 1991 2330 2043 simpliciter
2350 2005 2431 2029 ma-

1416 2056 1496 2102 lus,
1533 2055 1665 2091 fallens
1700 2054 1834 2104 utique
1875 2051 2063 2099 libenter,
2103 2052 2169 2089 sed
2208 2065 2286 2089 non
2326 2051 2431 2088 facile

1418 2115 1532 2152 salsus
1563 2130 1570 2151 :
1606 2114 1759 2165 qualem
1799 2113 1973 2164 profecto
2007 2111 2151 2149 habent
2180 2112 2237 2149 illi
2267 2112 2333 2162 qui
2363 2125 2429 2149 ore

1418 2175 1612 2212 dominico
1648 2174 1901 2212 adstruuntur
1931 2173 2203 2224 prudentiores
2232 2186 2313 2210 esse
2346 2173 2431 2209 filiis

1419 2235 1512 2272 lucis
1532 2236 1571 2272 in
1592 2235 1839 2285 generatione
1859 2247 1938 2271 sua.
1957 2237 2004 2271 Et
2021 2234 2116 2271 alius
2137 2247 2250 2284 quem
2269 2246 2430 2283 nequam

1421 2309 1501 2332 esse
1528 2295 1792 2340 delinivimus,
1813 2293 1902 2343 quia
1924 2293 1971 2330 sit
1988 2293 2193 2343 dupliciter
2212 2293 2352 2338 malus,
2372 2292 2431 2329 cui

1422 2356 1567 2405 quippe
1593 2364 1630 2392 et
1658 2354 1800 2391 malitia
1830 2354 1931 2404 parit
1960 2354 2235 2402 ignorantiam,
2255 2361 2292 2390 et
2319 2353 2429 2402 igno-

1424 2418 1546 2453 rantia
1568 2416 1747 2453 malitiam
1767 2415 1914 2465 operit,
1939 2415 1991 2451 ita
2017 2422 2059 2450 ut
2078 2427 2178 2464 saepe
2207 2413 2378 2451 nesciens
2396 2420 2431 2449 et

1424 2477 1565 2513 malum
1587 2476 1692 2526 quod
1714 2476 1798 2513 vult
1826 2488 1905 2512 non
1937 2474 2068 2521 faciat,
2089 2482 2126 2511 et
2146 2473 2292 2511 bonum
2322 2472 2431 2510 saciat

1423 2536 1529 2586 quod
1560 2549 1637 2572 non
1667 2536 1762 2573 vult.
1787 2534 2042 2573 Obscuratum
2078 2547 2217 2584 nempe
2251 2541 2308 2570 est
2340 2531 2430 2569 insi-

343 2612 511 2636 amorem
528 2608 656 2636 tamen
676 2599 768 2636 boni
790 2613 868 2650 prae
884 2599 1029 2637 malitia
1046 2599 1202 2636 minime
1225 2599 1351 2636 sentit.
1370 2595 1403 2628 D
1422 2595 1530 2645 piens
1549 2608 1615 2632 cor
1635 2609 1769 2632 eorum
1798 2595 1864 2644 qui
1890 2594 1998 2631 istius
2016 2594 2121 2631 modi
2139 2602 2228 2631 sunt
2242 2622 2251 2640 ,
2270 2601 2308 2630 et
2327 2591 2430 2643 quasi

397 2659 458 2695 38.
490 2661 538 2695 Et
567 2658 749 2708 quoniam
774 2659 899 2695 omnis
922 2672 981 2695 res
1002 2658 1140 2695 melius
1167 2658 1354 2694 divisione

343 2718 547 2755 innotescit
569 2732 577 2754 ε
599 2718 811 2755 secundum
843 2718 916 2755 hoc
952 2718 1097 2768 duplex
1129 2719 1272 2754 malum
1286 2747 1296 2764 ,
1318 2726 1355 2754 et

343 2777 437 2813 illud
457 2778 547 2814 item
568 2778 761 2828 geminum
779 2778 923 2815 bonum
936 2807 945 2824 ,
962 2778 1233 2828 quadrifariam
1254 2777 1353 2814 divi—

345 2838 477 2874 damus
506 2839 659 2875 oculum
686 2839 824 2887 cordis,
850 2840 888 2875 in
917 2838 1062 2876 bonum
1081 2847 1119 2876 et
1140 2839 1351 2884 meliorem,

345 2898 383 2932 in
412 2897 554 2933 malum
584 2906 621 2934 et
641 2897 826 2947 pejorem.
855 2903 901 2936 Et
933 2899 1141 2936 subdamus
1162 2898 1350 2948 exempla.

344 2959 410 2993 Est
430 2956 496 3005 qui
516 2955 661 2993 bonum
684 2958 830 3007 diligit,
851 2967 888 2995 et
910 2960 1052 2996 malum
1082 2958 1232 2995 nescius
1260 2958 1349 3007 agit.

345 3013 470 3064 Hujus
487 3014 640 3064 quidem
654 3015 779 3053 bonus
796 3025 850 3053 est
869 3018 1022 3065 oculus,
1040 3018 1129 3068 quia
1149 3018 1235 3068 pius
1252 3033 1259 3054 :
1275 3031 1354 3054 non

346 3084 473 3112 tamen
506 3075 681 3124 simplex,
703 3075 792 3124 quia
824 3090 957 3113 caecus.
981 3081 1027 3114 Et
1047 3086 1102 3114 est
1122 3078 1187 3127 qui
1207 3077 1353 3114 bonum

345 3144 383 3174 ct
402 3133 564 3171 libenter
598 3134 693 3183 agit,
722 3143 759 3170 et
791 3136 1002 3184 prudenter
1036 3137 1223 3187 intelligit.
1242 3137 1356 3175 Istius

396 3274 404 3288 ¹
436 3267 507 3299 lsai.
542 3279 577 3304 v,
611 3269 663 3297 20.
687 3285 728 3289 --
756 3273 767 3287 2

347 3332 451 3359 avrti,
476 3323 506 3351 3.

1418 2655 1496 2705 jam
1526 2655 1653 2692 traditi
1680 2655 1717 2692 in
1746 2654 1956 2705 reprobum
1986 2667 2160 2701 sensum,
2181 2653 2327 2691 bonum
2352 2665 2429 2689 om-

1422 2717 1514 2753 nino
1546 2730 1616 2753 nec
1642 2716 1818 2766 diligere,
1840 2729 1909 2753 nec.
1938 2716 2161 2765 dignoscere
2191 2721 2348 2764 queunt.
2374 2716 2429 2750 De

1422 2776 1559 2813 talibus
1594 2778 1778 2827 scriptum
1807 2785 1892 2814 est:
1927 2779 2070 2826 Impius
2103 2789 2187 2811 cum
2220 2777 2364 2811 venerit
2391 2774 2427 2808 in

1415 2836 1646 2887 profundum
1669 2841 1874 2882 malorum,
1900 2841 2102 2873 contemnit
2115 2834 2144 2873 ⁶.
2167 2839 2260 2874 Nam
2279 2834 2345 2885 qui
2364 2833 2430 2870 hu·

1414 2897 1587 2947 jusmodi
1604 2906 1678 2943 est,
1702 2911 1836 2934 cavere
1860 2897 2034 2947 profecto
2064 2896 2206 2933 malum
2230 2908 2300 2932 nec
2327 2893 2426 2938 vult,

1420 2957 1533 2994 etiam
1555 2958 1584 2994 si
1607 2958 1746 3007 possit3
1769 2971 1838 2994 nec
1865 2957 1895 2994 si
1914 2957 2029 3003 velit,
2059 2956 2141 2993 scit.
2174 2952 2427 3004 Quamobrem

1420 3018 1523 3055 hunc
1549 3019 1702 3055 oculum
1731 3017 1770 3054 in
1793 3017 1984 3068 superiori
2007 3016 2195 3053 divisione
2222 3015 2286 3052 illo
2309 3014 2428 3050 altero

1422 3078 1552 3114 censui
1583 3091 1661 3114 non
1691 3078 1884 3114 immerito
1913 3075 2107 3127 pejorem,
2128 3089 2207 3113 non
2240 3075 2327 3125 quia
2348 3085 2426 3110 ma—

1423 3138 1561 3187 lignior
1590 3138 1655 3184 sit,
1684 3138 1748 3175 sed
1788 3138 1877 3188 quia
1913 3137 2178 3187 periculosior.
2213 3132 2428 3186 Ignorantia

796 3265 910 3298 Manli.
940 3278 979 3305 x,
1014 3271 1063 3298 ll).
1092 3287 1135 3291 ἠ
1164 3267 1178 3290 3
1206 3272 1218 3299 Ι
1245 3272 1316 3300 Cor.
1341 3281 1410 3304 xiv,
1437 3274 1492 3301 38.
1525 3288 1567 3291 —-
1584 3269 1597 3297 4
1617 3270 1696 3303 Psal.
1718 3280 1799 3304 xiii.
1823 3274 1852 3300 2.
1873 3287 1912 3291 —-—
1933 3267 1945 3290 5
1967 3271 2047 3300 Osee
2065 3280 2126 3306 vu,
2157 3271 2206 3298 11.
2233 3285 2273 3289 --
2295 3263 2311 3287 f,
2331 3268 2421 3296 Prov.
