2517 3936
62 190 160 228 1349

689 195 974 234 't'RACTATUS
1004 200 1068 234 DE
1098 201 1368 238 DllilGEiNDO
1398 179 1505 240 DEt).

2031 220 2126 255 1:350

56 269 137 306 sine
168 268 252 318 ipso
287 267 411 304 valeat
438 267 596 304 omnino
628 268 845 308 subsistere.
876 274 1220 320 Quodvne⁵⁶⁰⁴dain
1257 278 1405 326 loquela
1439 283 1658 329 necessitas,
1685 295 1720 321 et
1744 287 1918 327 bem-ticin
1951 307 2032 341 ‹111ae
2059 311 2124 332 (ιχ-

59 340 149 365 sane
183 326 230 364 de
258 340 297 364 se
326 335 500 363 ereatura
527 327 697 376 ignoret,
731 343 773 366 ae
804 332 965 380 proinde
994 332 1065 369 sibi
1084 334 1111 366 A
1132 336 1315 383 periendo
1341 337 1494 386 probat,
1521 343 1713 388 gestiendo
1728 344 1744 366 l’

59 387 191 438 (quod
215 386 336 438 absit)
356 386 521 436 superbe
541 396 695 435 arroget
715 388 897 427 beneficia
918 401 1064 428 creato-

56 449 129 494 ris,
152 448 235 485 vult
255 448 449 484 hominem
478 446 578 482 idem
603 447 782 484 eonditor
810 450 886 486 alto
908 452 1062 500 quidem

56 507 276 557 salubrique
295 507 456 544 consilio
476 505 785 544 tribulationibus
802 511 971 546 exerceri
993 526 1000 547 ;
1023 521 1064 548 ut

56 580 141 604 cum
167 567 349 604 defecerit
367 567 504 613 homo,
526 575 564 603 et
585 566 804 604 subvenerit
823 573 925 606 Deus
940 599 948 615 ‚
972 570 1062 607 dum

56 627 174 673 homo
206 626 393 664 liberatur
422 641 443 664 a
474 630 575 672 Deo,
607 630 710 663 Deus
741 627 788 664 ab
820 628 994 676 homine,
1024 639 1065 666 ut

58 687 216 737 dignum
237 695 306 734 est,
325 688 551 725 honoretur.
570 691 653 724 Hoc
670 688 770 723 enim
790 688 880 724 dicit
900 704 907 726 :
929 693 1065 726 Itwoca

55 762 114 785 me
135 752 172 784 in
193 750 256 784 die
275 748 527 785 tribulationis
540 762 553 791 ‚·
570 762 699 784 eruam
716 758 751 783 te
760 776 772 792 ,
795 758 830 784 ec
845 750 1066 796 honorifica-

56 808 113 845 bis
132 814 231 845 me¹.
259 809 319 846 Fit
349 809 478 858 itaque
507 808 580 844 hoc
609 808 673 844 tali
702 808 841 854 modo,
875 818 918 846 ut
949 810 1065 846 homo

55 868 227 905 animalis
256 877 294 905 et
324 868 507 913 carnalis,
536 868 602 917 qui
634 877 774 918 praeter
804 882 843 906 se
872 871 1063 907 neminem

57 927 214 978 diligere
245 936 431 975 noverat,
457 929 571 964 etiam
602 932 725 966 Deum
752 929 813 965 vel
841 938 1002 979 propter
1027 943 1066 967 se

55 1001 182 1025 amare
205 988 385 1039 incipiat,
403 988 508 1038 quod
528 989 567 1024 in
584 989 668 1038 ipso
691 989 892 1035 nimirum,
911 998 954 1026 ut
967 1003 1066 1040 saepe

1153 396 1158 400 η
1237 396 1259 402 ..
1391 397 1397 402 Ι
1770 352 1969 388 renuntiat.
1998 358 2126 403 ltaque

1132 408 1183 430 Sic
1203 398 1359 440 allecto,
1382 410 1459 445 Jam
1488 398 1534 434 de
1563 400 1752 449 diligendo
1777 409 1948 454 proximo
1971 413 2124 462 implere

1130 454 1365 500 mandatum,
1385 469 1460 491 non
1489 458 1559 493 erit
1585 459 1745 497 difficile.
1770 469 1876 501 ,xiuat
1899 470 2037 520 quippe
2058 487 2124 508 w·-

1130 513 1268 549 raciter
1291 517 1432 560 Deum,
1449 528 1490 551 ac
1519 530 1587 565 per
1610 518 1680 555 lioe
1705 534 1788 569 quae
1814 526 1878 560 Dei
1904 537 2001 564 sunt.
2019 536 2128 567 Amat

1131 580 1250 617 caste,
1273 581 1309 608 et
1329 582 1430 610 casto
1451 588 1527 611 non
1556 588 1732 625 gravatur
1759 581 1911 619 obedire
1936 589 2124 634 mandam,

1132 632 1341 668 castificans
1362 634 1478 682 magis
1500 649 1566 672 eor
1582 650 1689 673 suum
1704 668 1712 684 ,
1734 649 1774 675 ut
1791 643 1968 692 seriptum
1994 657 2065 692 est,
2088 650 2123 684 in

1133 690 1348 728 obedientia
1365 693 1555 731 charitatis
1568 694 1594 732 3.
1612 702 1720 734 Amat
1733 699 1845 748 juste,
1861 712 1897 739 et
1913 706 2126 744 mandatum

1129 748 1274 798 justum
1299 751 1460 789 libenter
1479 756 1730 804 amplectitur.
1762 764 1879 797 Amor
1900 763 1965 799 iste
1992 768 2125 802 merito

1132 818 1285 858 gratus,
1319 813 1409 861 quia
1440 815 1636 862 gratuitus.
1668 821 1797 855 Castus
1818 830 1872 857 cst
1891 851 1901 866 ,
1934 825 2019 872 quia
2052 840 2127 863 non

1132 869 1367 919 impenditur
1389 873 1523 920 verbo,
1551 888 1673 925 neque
1699 878 1842 927 lingua,
1874 883 1937 918 sed
1959 898 2074 933 opere
2094 895 2130 922 ct

1132 931 1303 967 veritate.
1325 936 1455 970 Justus
1476 943 1553 980 est,
1576 938 1754 984 quoniam
1777 941 1896 988 qualis
1915 944 2128 994 suscipitur,

1136 989 1217 1025 talis
1231 999 1266 1026 et
1282 991 1464 1029 redditur.
1487 995 1558 1041 Qui
1576 996 1675 1031 enim
1694 997 1745 1033 sic
1766 1008 1885 1046 amat,
1905 1001 2003 1038 liaud
2024 1017 2129 1040 secus

57 1057 238 1099 expertus
257 1057 336 1096 est,
366 1049 495 1086 omnia
515 1049 658 1099 possit,
679 1062 765 1098 quae
796 1062 908 1099 posse
940 1058 1065 1086 tamen
1088 1051 1112 1084 B
1134 1050 1304 1098 profecto
1319 1079 1328 1096 ‚
1353 1065 1464 1100 quam
1487 1062 1631 1091 amatus
1654 1064 1730 1101 est,
1762 1067 1878 1105 ainat;
1900 1074 2072 1109 quaerens
2091 1073 2128 1100 et

56 1109 201 1160 prosit;
220 1118 258 1146 et
277 1109 358 1147 sine
377 1110 462 1161 ipso
482 1110 604 1160 possit
621 1110 727 1146 nihil.

416 1236 597 1275 CAPUT
627 1236 700 1275 IX.

262 1354 310 1384 De
323 1351 461 1383 secundo
474 1357 505 1383 et
518 1351 610 1383 tertio
623 1351 721 1393 gradu
735 1352 860 1383 amoris.

113 1474 176 1512 26.
209 1478 439 1525 Amat-ergo
457 1473 538 1524 jam
566 1478 713 1521 Deum,
744 1474 810 1511 sed
840 1483 1000 1525 propter
1030 1488 1068 1511 se

59 1536 210 1572 interim
239 1535 381 1582 adhuc,
405 1549 483 1572 non
503 1543 665 1586 propter
691 1535 830 1585 ipsum.
852 1538 918 1572 Est
942 1544 1066 1572 tamen

58 1586 233 1646 quaedam
250 1596 456 1647 prudentia
477 1597 573 1633 scire
590 1595 684 1646 quid
701 1609 747 1632 ex
764 1604 812 1642 te,
828 1596 918 1646 quid
936 1609 982 1633 ex
999 1596 1069 1633 Dei

57 1654 252 1705 adjutorio
269 1657 411 1708 possis,
438 1665 476 1694 et
492 1657 564 1708 ipsi
582 1670 734 1693 servare
762 1665 796 1693 te
824 1657 1040 1694 infensum·a
1055 1685 1064 1701 ‚

58 1717 124 1766 qui
154 1726 191 1754 te
218 1717 287 1754 tibi
312 1726 438 1755 servat
463 1718 638 1754 illaesum.
660 1721 710 1755 At
735 1717 766 1754 si
799 1717 979 1767 frequens
1007 1717 1069 1753 in-

56 1777 201 1826 gruerit
217 1777 414 1814 tribulatio
425 1807 434 1823 ,
449 1776 500 1814 ob
513 1790 627 1827 quam
642 1785 680 1813 et
695 1778 873 1827 frequens
885 1777 931 1814 ad
945 1781 1069 1814 Deum

57 1837 259 1874 conversio
281 1839 365 1885 fiat,
393 1846 431 1875 et
451 1851 472 1874 a
493 1841 574 1874 Deo
595 1851 702 1887 aeque
726 1838 904 1887 frequens
926 1837 1067 1874 libera—
1088 1842 1116 1877 C

58 1897 112 1933 tio
143 1906 427 1948 consequatur3
464 1911 622 1943 nonne,
653 1898 723 1934 etsi
752 1898 866 1935 fuerit
899 1899 1065 1935 ferreum

56 1965 211 2008 pectus,
233 1959 294 1995 vel
313 1972 380 1996 cor
398 1957 593 2009 lapideum
614 1958 728 1995 toties
750 1957 918 2004 liberati,
946 1960 1067 1995 emol—

56 2017 117 2054 liri
134 2031 288 2056 necesse
309 2027 366 2056 est
382 2018 429 2055 ad
452 2018 610 2068 gratiam
631 2017 827 2055 liberantis
840 2048 850 2065 ,
877 2028 1066 2068 quatenus

56 2080 182 2116 Deum
207 2079 324 2116 homo
351 2079 504 2129 diligat,
535 2092 613 2116 non
635 2087 795 2129 propter
821 2092 860 2115 se
889 2087 1037 2116 tantum
1053 2108 1062 2125 ,

57 2138 124 2176 sed
152 2147 191 2176 et
224 2148 386 2191 propter
416 2140 572 2190 ipsum?
599 2143 655 2176 Ex
688 2140 889 2176 occasione
919 2141 1065 2190 quippe

57 2199 312 2250 frequentium
348 2200 616 2238 necessitatum
651 2199 795 2236 crebris
827 2213 980 2237 necesse
1009 2209 1064 2237 est

53 2259 428 2311 interpellationibus
441 2264 563 2298 Deum
579 2260 626 2297 ab
638 2260 793 2297 homine
811 2260 1062 2308 frequentari,

7 2339 9 2350 ι
55 2321 334 2372 frequentando
361 2323 522 2373 gustari,
549 2322 737 2373 gustando
765 2320 922 2371 probari
949 2334 1063 2371 quam

55 2383 182 2420 suavis
201 2392 259 2421 est
287 2384 489 2421 Dominus.
522 2386 580 2420 Ita
613 2384 654 2419 fit
682 2391 725 2419 ut
752 2382 800 2418 ad
828 2381 1063 2431 diligendum

55 2455 151 2492 pure
172 2446 294 2481 Deum
316 2445 403 2494 plus
415 2443 496 2493 jam
513 2444 632 2497 ipsius
652 2451 798 2493 gustata
815 2442 955 2479 alliciat
975 2455 1064 2479 sua-

9 2504 11 2514 ¹
54 2501 151 2539 vitas
171 2531 181 2549 ‚
206 2516 320 2553 quam
351 2512 484 2553 urgeat
514 2511 647 2540 nostra
677 2503 907 2548 necessitas3
939 2503 991 2539 ita
1022 2510 1064 2538 ut

54 2563 235 2612 exemplo
272 2563 627 2610 Samaritanorum,
664 2562 871 2599 dicentium
913 2562 1064 2599 mulieri

1134 1110 1214 1158 ipse
1235 1111 1417 1158 vicissim,
1439 1126 1515 1149 non
1536 1128 1620 1163 quae
1640 1129 1706 1152 sua
1727 1127 1836 1165 sunt,
1857 1121 1921 1156 sed
1941 1135 2024 1170 quae
2041 1127 2128 1160 Jesu

1134 1170 1291 1216 Christi,
1315 1173 1639 1221 quemadmodum
1660 1176 1720 1212 illc
1746 1188 1894 1225 nostra,
1920 1183 1977 1217 vel
2001 1185 2127 1232 potius

1136 1242 1223 1276 nos,
1254 1240 1290 1267 et
1318 1245 1393 1268 non
1423 1246 1488 1269 sua
1509 1235 1691 1282 quaesivit.
1714 1237 1771 1273 Sic
1797 1249 1893 1275 amat
1915 1241 1978 1289 qui
2008 1242 2125 1280 dicit:

1140 1290 1374 1336 &imitemini
1396 1296 1556 1328 Domino
1579 1301 1751 1343 quoniam
1781 1297 1929 1336 bonust
1952 1302 2024 1348 Qui
2049 1307 2129 1340 Do-

1135 1351 1238 1387 mino
1265 1353 1484 1399 confitetur,
1509 1367 1586 1390 non
1613 1356 1793 1404 quoniam
1819 1358 1887 1394 sibi
1913 1359 2034 1397 bonus
2055 1371 2123 1407 est,

1136 1412 1200 1448 sed
1221 1413 1400 1462 quoniam
1425 1412 1549 1450 bonus
1574 1424 1647 1461 est3
1676 1416 1734 1452 hic
1758 1430 1846 1454 vere
1867 1418 1986 1468 diligit
2007 1424 2125 1458 Deum

1136 1482 1295 1523 propter
1318 1477 1438 1510 Deum
1454 1502 1463 1519 ‚
1494 1484 1531 1511 et
1553 1489 1628 1511 non
1653 1486 1811 1526 propter
1832 1492 1869 1515 se
1889 1480 2024 1528 ipsum.
2045 1485 2128 1518 'Non

1138 1533 1189 1568 sic
1211 1541 1309 1569 amat
1331 1533 1377 1569 de
1398 1547 1474 1583 quo
1505 1534 1640 1572 dieitur
1667 1551 1674 1572 :
1708 1538 1944 1582 Confitebitur
1963 1540 2028 1575 tibi
2049 1555 2127 1576 cum

1136 1592 1362 1641 benefecerzs
1381 1600 1416 1630 ei
1445 1594 1468 1631 ⁵.
1490 1598 1564 1632 Iste
1592 1604 1646 1633 est
1665 1597 1794 1633 tertius
1815 1599 1951 1635 amoris
1971 1600 2105 1648 gradus
2118 1630 2126 1645 ,

1135 1666 1212 1702 quo
1229 1653 1307 1703 jam
1328 1663 1485 1705 propter
1505 1668 1542 1692 se
1564 1656 1685 1706 ipsum
1705 1660 1806 1693 Deus
1828 1657 2003 1708 diligitur.

1508 1780 1683 1819 CAPL‘T
1713 1781 1764 1819 X.

1132 1906 1181 1934 De
1201 1909 1312 1945 quarto
1332 1904 1427 1945 gradu
1448 1904 1561 1934 amoris
1573 1927 1580 1938 ,
1600 1914 1669 1934 cum
1688 1914 1746 1934 nec
1763 1914 1795 1934 se
1813 1904 1913 1946 ipsum
1927 1905 2023 1947 diligit
2041 1905 2134 1937 honio

1471 1957 1530 1987 nisi
1549 1964 1677 1999 propter
1695 1961 1808 1989 Deum.

1190 2077 1252 2114 27.
1274 2077 1377 2114 Felix
1401 2076 1466 2125 qui
1484 2076 1622 2113 meruit
1644 2077 1690 2113 ad
1710 2086 1885 2126 quartum
1906 2092 2024 2128 usque
2042 2093 2131 2129 per-

1133 2138 1296 2187 tingere,
1314 2146 1499 2187 quatenus
1517 2150 1585 2173 nec
1602 2150 1639 2173 se
1655 2137 1775 2186 ipsum
1792 2137 1918 2187 diligat
1932 2138 2044 2175 homo
2062 2139 2130 2175 nisi

1131 2206 1292 2248 propter
1312 2202 1446 2235 Deum.
1468 2198 1618 2234 Justitia
1635 2206 1716 2242 tua,
1736 2201 1852 2242 Deus,
1869 2198 1965 2234 sicut
1981 2207 2128 2236 montes

1130 2258 1202 2294 Dei
1222 2256 1249 2294 ⁶.
1270 2262 1389 2296 Amor
1412 2258 1481 2294 iste
1502 2270 1610 2294 mons
1635 2265 1712 2301 est,
1733 2265 1769 2293 et
1788 2270 1895 2293 mons
1918 2258 1984 2294 Dei
2002 2258 2128 2293 excel-

1131 2331 1206 2355 sus.
1235 2322 1383 2356 Revera
1402 2331 1512 2355 mons
1539 2317 1776 2365 eoagulatus,
1809 2330 1918 2353 mons
1936 2317 2085 2366 pinguis
2104 2325 2130 2353 7.

1131 2378 1224 2425 Quis
1243 2376 1421 2413 ascendet
1445 2377 1483 2412 in
1503 2384 1668 2412 montem
1692 2375 1843 2411 Domini
1859 2374 1896 2411 ⁸?
1916 2376 2005 2423 Quis
2026 2375 2129 2411 dabit

1132 2439 1223 2475 mihi
1237 2450 1382 2488 pennas
1399 2437 1493 2473 sicut
1508 2434 1710 2477 columbae,
1727 2442 1763 2469 et
1778 2433 1914 2470 volabo
1932 2443 1968 2470 et
1983 2434 2127 2482 requie-

1133 2512 1231 2536 scam
1252 2500 1293 2534 9?
1313 2501 1446 2535 Factus
1466 2504 1521 2532 est
1536 2496 1573 2531 in
1595 2508 1685 2544 pace
1706 2495 1809 2530 loeus
1826 2494 1912 2538 iste,
1929 2502 1965 2528 et
1982 2492 2125 2528 habita-

1131 2560 1183 2597 tio
1200 2561 1280 2596 haec
1299 2558 1337 2594 in
1356 2558 1444 2595 Sion
1458 2564 1498 2592 ¹⁰.
1519 2559 1601 2591 Heu
1616 2554 1704 2590 mihi
1720 2553 1807 2602 quia
1820 2553 2002 2589 incolatus
2020 2563 2125 2587 meus

10 2646 13 2658 ,
53 2633 139 2669 quae
172 2621 303 2659 adesse
329 2623 539 2660 Dominum
573 2623 838 2669 nuntiaverat,
867 2625 953 2658 Jam
988 2638 1062 2659 mm
1083 2625 1115 2659 D
1132 2620 1380 2670 prolongatus
1399 2625 1454 2652 est
1474 2617 1518 2650 ¹¹!
1535 2618 1629 2652 Caro
1644 2622 1680 2649 et
1700 2613 1849 2662 sanguis
1863 2641 1872 2657 ,
1889 2624 1953 2647 vas
1968 2611 2122 2655 luteum,

0 2682 13 2706 ''-
47 2690 206 2730 propte'‘
225 2690 327 2719 tuam
349 2685 532 2731 loquelam
554 2678 739 2719 creclinius
751 2698 764 2728 ,-
787 2687 861 2732 ipsi
877 2687 974 2718 enim
996 2697 1067 2718 (m-

54 2741 225 2784 divt'mus,
252 2750 288 2777 et
313 2747 448 2778 scimus
467 2747 557 2790 qaia
589 2747 670 2791 ipse
699 2752 753 2778 est
782 2756 872 2779 vere
892 2745 1063 2779 Salvator

12 2830 13 2834 ,
54 2802 188 2836 mundi
202 2806 234 2847 ²3
254 2801 326 2848 ita,
352 2802 509 2851 inquam
523 2831 532 2849 ,
555 2811 593 2839 et
618 2816 689 2839 nos
709 2803 862 2839 illorum
881 2803 1059 2853 exemplo

0 2859 15 2889 ’ἶ
54 2871 206 2896 carnem
231 2869 402 2898 nostram
420 2862 678 2912 alloquentes,
702 2862 871 2899 dicamus
894 2863 1030 2899 merito
1050 2878 1058 2899 z

4 2928 8 2946 ¹-
52 2920 234 2955 Jam.non
260 2929 422 2971 propter
447 2930 550 2958 tuam
576 2922 837 2959 necessitatem
856 2926 980 2959 Deum
1007 2922 1060 2958 di-

0 2976 17 3022 l}
54 2977 226 3028 ligimus3
243 2979 315 3029 ipsi
339 2980 441 3017 enim
468 2982 703 3031 gustavimus
733 2989 771 3018 et
798 2982 936 3018 scimus
967 2995 1062 3031 quo-

1 3057 6 3068 ·
52 3037 154 3075 niam
175 3039 299 3076 suavis
315 3048 373 3077 est
390 3041 592 3079 Dominus.
609 3045 677 3079 Est
696 3042 797 3078 enim
816 3043 938 3079 carnis
957 3056 1061 3091 quae-

55 3278 269 3314 ¹²1C01-.v=,
285 3281 340 3310 17.

99 3341 113 3357 ²
131 3336 168 3368 Id
181 3342 247 3374 est,
267 3336 474 3378 ''nossem-sum.
491 3358 537 3363 —
550 3340 566 3360 b
584 3340 690 3377 Alias,
710 3337 884 3381 gustando.

1135 2689 1285 2716 terrena
1311 2675 1532 2714 inhabitatio
1559 2672 1709 2722 quando
1736 2672 1834 2720 capit
1856 2671 1950 2706 hoc?
1971 2669 2123 2718 quando

1126 2736 1390 2790 hujuscemodi
1413 2734 1607 2784 experitur
1625 2733 1799 2768 affectum
1814 2760 1823 2776 ,
1847 2738 1887 2765 ut
1907 2729 2035 2765 divino
2055 2728 2121 2764 de-

1128 2801 1272 2837 briatus
1292 2809 1419 2833 amore
1438 2795 1596 2834 animus,
1617 2791 1755 2827 oblitus
1775 2789 1847 2834 sui,
1864 2789 2055 2836 factusque
2071 2786 2122 2822 si—

1126 2861 1164 2897 bi
1191 2859 1261 2909 ipsi
1283 2867 1458 2906 tanquam
1488 2866 1551 2889 vas
1579 2851 1788 2901 perditum,
1806 2857 1906 2885 totus
1926 2855 2057 2897 pergat
2083 2845 2120 2881 in

1124 2925 1246 2958 Deum
1263 2947 1272 2964 ,
1294 2926 1330 2954 et
1358 2915 1551 2951 adhaerens
1572 2916 1652 2948 Deo
1672 2922 1768 2945 unus
1799 2922 1881 2945 cum
1903 2920 1948 2943 eo
1969 2905 2122 2956 spiritus

1126 2983 1190 3017 fiat
1208 2986 1251 3024 ¹²,
1272 2986 1308 3014 et
1326 2977 1423 3013 dicat
1445 2989 1452 3010 :
1476 2971 1624 3018 Defecit
1645 2985 1730 3006 caro
1748 2984 1830 3005 mea
1847 2979 1881 3004 et
1899 2982 1960 3003 cor
1982 2979 2116 3009 meum,

1126 3045 1225 3077 Deus
1250 3039 1369 3073 cordis
1398 3039 1484 3079 mei,
1520 3042 1553 3068 et
1576 3046 1667 3081 pars
1696 3044 1779 3066 mea
1808 3032 1908 3065 Deus
1938 3031 1975 3063 ln
2008 3035 2118 3061 oeter-

102 3176 112 3191 ¹
128 3171 210 3203 Psal.
224 3183 319 3211 xux,
340 3175 392 3204 15.
407 3191 454 3196 —-
468 3178 482 3195 ²
496 3177 589 3206 Joan.
605 3186 651 3212 iv,
670 3176 725 3205 42.
740 3192 786 3195 ——
802 3171 816 3195 3
830 3177 844 3204 I
860 3176 944 3205 Petr.
965 3186 988 3213 1,
1010 3178 1064 3205 22.
1079 3192 1124 3195 ——
1143 3171 1156 3197 4
1175 3170 1254 3202 Psal.
1270 3179 1378 3204 cxvu,
1404 3170 1430 3197 1.
1451 3183 1490 3187 „-
1507 3162 1520 3185 ⁵
1535 3164 1613 3195 Psal.
1630 3174 1749 3198 xnvm,
1775 3165 1824 3192 19.
1838 3179 1882 3183 -
1897 3158 1912 3180 6
1926 3159 2002 3189 Psal.
2017 3166 2114 3191 xxxv,

54 3225 84 3255 7.
108 3242 154 3247 -—
171 3231 186 3255 7
204 3225 286 3256 Psal.
315 3237 430 3264 van,
454 3230 506 3259 16.
532 3246 577 3250 —
597 3228 610 3251 8
631 3228 835 3264 Psal.xx111‚
869 3230 899 3257 3.
915 3245 955 3249 -—
988 3234 1002 3256 9
1029 3227 1108 3257 Psal.
1137 3236 1200 3260 Liv,
1232 3225 1261 3252 7.
1292 3239 1332 3242 ⁷-

1365 3226 1392 3239 ¹0
1420 3217 1499 3249 Psal.
1529 3228 1626 3251 Lxxv,
1645 3218 1675 3246 3.
1694 3233 1738 3237 -—
1755 3219 1780 3235 1¹
1799 3212 1874 3245 Psal.
1904 3220 1973 3241 cxix
1990 3233 1997 3246 ‚
2028 3212 2057 3238 5.
2071 3224 2115 3229 -—

0 3486 15 3524 Ξ

16 3170 21 3319 ὲ

18 3456 27 3790 l

0 3872 17 3897 in
