2517 3936
672 206 729 262 S.
792 210 1172 267 BERNARDI
1217 214 1531 274 ABBATIS

58 419 208 512 DE
290 420 930 517 PRAECEPTO
1013 429 1156 518 ET
1239 430 2134 533 DISPENSATIONE

986 669 1212 711 LIBER.

434 1034 695 1074 EPISTOLA

216 1170 268 1191 AD
297 1169 500 1192 ABBATEM
531 1170 883 1194 COLUMBENSEM.

383 1279 432 1308 De
451 1288 546 1320 opere
565 1279 723 1320 sequenti.

47 1401 199 1435 Domno
224 1396 366 1435 Abbati
385 1397 654 1446 columbensi,
686 1399 802 1437 frater
824 1403 1054 1438 BERNARncs

99 1456 218 1494 abbas
242 1457 367 1494 dictus
395 1456 441 1494 de
476 1458 733 1506 Clara-Valle,
757 1460 885 1497 valere
911 1461 949 1497 in
980 1464 1061 1498 Do-

100 1531 203 1555 mmo
226 1531 390 1568 semper.

97 1647 341 1698 Rescriptum
378 1661 505 1685 meum
542 1649 590 1685 ad
622 1649 801 1699 epistolas
840 1653 1058 1688 Carnoten-

46 1706 146 1745 sium
184 1707 442 1758 quorumdam
483 1709 785 1757 monachorum,
826 1710 936 1748 vobis
978 1711 1060 1761 pri-

48 1780 176 1814 mum,
202 1776 246 1805 ut
266 1768 545 1819 promiseram,
577 1769 769 1808 destinare
802 1772 934 1809 curavi
957 1787 964 1809 z
996 1771 1063 1809 ubi

1073 1038 1124 1057 499

1138 1048 1218 1088 tur,
1239 1055 1412 1091 quaenam
1439 1044 1548 1081 liceat
1567 1056 1777 1097 praecepta,
1802 1057 1838 1085 et
1860 1062 1928 1098 per
1956 1064 2069 1100 quos,
2094 1062 2131 1090 et

1080 1101 1112 1135 A
1126 1110 1314 1151 quatenus
1335 1103 1571 1154 dispensari3
1597 1106 1708 1143 detur
1729 1108 1762 1144 ei
1785 1108 1933 1156 titulus,
1952 1115 2007 1147 De
2028 1116 2132 1149 Prae-

1131 1171 1242 1212 cepto
1270 1172 1307 1200 et
1326 1164 1616 1214 Dispensatione
1640 1182 1648 1203 :

1132 1225 1402 1272 congruentius
1423 1225 1612 1263 videatur.

1674 1168 1744 1204 nisi
1772 1168 1880 1219 vobis
1905 1171 2005 1207 aliud
2036 1172 2132 1208 sorte

1491 1343 1775 1385 PRAEFATIO

1288 1479 1338 1500 AD
1367 1479 1607 1503 MONACHOS
1636 1481 1973 1508 CARNOTENSES.

1409 1593 1444 1620 In
1474 1596 1640 1621 tractatum
1663 1598 1854 1633 sequentem.

1181 1711 1265 1757 Qua
1298 1718 1426 1746 mente
1455 1708 1533 1758 jam
1562 1710 1720 1748 tacebo?
1745 1726 1820 1762 qua
1850 1714 1973 1751 fronte
2005 1723 2128 1752 tamen

1129 1768 1292 1819 loquar?
1314 1769 1466 1809 Crebris
1490 1771 1660 1821 epistolis
1686 1781 1724 1809 et
1750 1774 1892 1811 nuntiis
1916 1776 2046 1825 cogitis
2072 1790 2131 1813 me

48 1835 87 1864 et
116 1827 220 1865 aliud
249 1841 404 1878 quoque
431 1828 635 1880 impletum
668 1839 725 1867 est
755 1831 860 1881 quod
883 1831 1060 1882 jussistis.
1079 1832 1108 1867 B
1127 1837 1192 1866 aut
1212 1830 1408 1880 propriam
1426 1830 1591 1880 prodere
1612 1832 1839 1881 imperitiam
1853 1862 1863 1879 ,
1884 1842 1948 1870 aut
1964 1835 2131 1871 officium

45 1890 139 1926 Nam
171 1901 258 1926 cum
289 1887 460 1926 breviter
491 1890 702 1928 rescribere
723 1891 997 1941 decrevissem,
1023 1902 1061 1931 et

45 1948 216 1999 epistolis
247 1949 449 2000 epistolam
481 1958 631 1988 tantum
665 1950 827 1990 reddere
854 1954 951 1990 velle
983 1967 1060 1991 coe-

43 2009 202 2060 pissem3
232 2010 390 2047 hortatu
424 2019 553 2048 vestro
586 2011 626 2048 in
661 2011 768 2058 libri,
806 2022 848 2050 ut
881 2015 1058 2063 cernitis,

41 2069 322 2119 longitudinem
345 2071 520 2121 protraxi
543 2072 690 2119 stilum,
710 2081 752 2110 ut
767 2082 805 2110 et
824 2074 863 2111 in
884 2075 1059 2125 pluribus

42 2129 172 2180 plures
194 2130 345 2180 possint
368 2130 559 2169 aedificari.
582 2132 696 2181 Quod
719 2145 818 2184 opus
839 2148 925 2171 cum
947 2148 968 2172 a
986 2149 1059 2172 vo-

45 2187 104 2227 bis
126 2190 339 2241 perlectum
370 2191 505 2238 fuerit3
533 2200 624 2229 tunc
647 2206 727 2230 non
749 2194 864 2245 ipsis,
891 2195 939 2232 ad
962 2209 1058 2246 quos

44 2249 185 2288 factum
211 2260 293 2298 est,
316 2251 383 2289 sed
406 2265 540 2290 eorum
565 2253 671 2303 prius
694 2254 877 2292 reddatur
900 2255 1028 2293 abbati
1047 2272 1055 2293 :

44 2319 82 2348 et
108 2311 161 2349 sic
186 2311 342 2349 demum
370 2311 418 2349 ad
438 2312 560 2363 ipsos,
580 2314 611 2351 si
626 2313 785 2363 jusserit
804 2315 942 2363 abbas,
965 2330 1057 2367 per-

45 2372 184 2410 veniat.
206 2373 388 2410 Monachi
412 2373 515 2410 enim
537 2383 645 2421 sunt;
663 2383 700 2412 et
718 2389 766 2413 ex
785 2376 867 2426 lege
887 2390 964 2414 suae
979 2381 1055 2415 Re-

44 2433 140 2482 gulae
169 2433 250 2470 sine
278 2441 376 2471 nutu
407 2434 467 2471 sui
495 2433 645 2472 abbatis
671 2435 770 2472 sicut
800 2436 908 2484 dare,
938 2438 989 2474 ita
1018 2447 1056 2475 et

44 2493 215 2544 accipere
250 2493 357 2532 datas
387 2494 645 2544 prohibentur
662 2496 842 2547 epistolas
858 2504 882 2535 ¹.
904 2502 999 2536 Nam
1021 2506 1059 2535 et

45 2553 96 2591 ob
119 2554 194 2593 hoc
217 2556 382 2593 maxime
406 2555 473 2593 diu
490 2585 500 2603 ‚
527 2557 624 2594 sicut
646 2558 767 2606 scitis,
787 2560 951 2597 multum
970 2560 1059 2597 licet

1127 1902 1289 1927 renuere
1319 1890 1519 1927 charitatis.
1544 1895 1594 1928 At
1614 1904 1684 1941 ego
1706 1893 1849 1929 malens
1868 1893 1947 1930 sine
1967 1895 2029 1931 illa
2047 1908 2129 1944 quae

1127 1950 1254 1998 inflat,
1291 1965 1405 2001 quam
1438 1951 1583 2002 absque
1612 1953 1675 1989 illa
1708 1967 1791 2003 quae
1820 1954 2001 2001 aedificat,
2028 1955 2132 1992 inve-

1128 2011 1222 2058 niri3
1244 2012 1367 2049 victus
1391 2012 1543 2049 tandem
1570 2012 1747 2063 precibus
1768 2014 1927 2061 vestris,
1949 2013 2053 2051 duris
2073 2015 2132 2051 in-

1123 2070 1217 2120 jicio
1240 2072 1351 2109 nodis
1378 2086 1523 2122 ungues
1547 2081 1721 2118 teneros,
1745 2082 1802 2119 et,
1825 2082 1866 2110 ut
1886 2087 2022 2111 vereor
2042 2087 2130 2124 eg0‚

1127 2145 1205 2169 non
1236 2132 1337 2170 aliud
1368 2146 1482 2183 quarn
1516 2132 1706 2170 terendos.
1737 2134 1809 2171 Sed
1834 2134 1907 2171 hoc
1931 2137 2130 2172 incassum.

1126 2197 1220 2231 'Nam
1246 2207 1329 2231 mea
1358 2208 1417 2231 me
1432 2223 1441 2240 ‚
1463 2202 1505 2230 ut
1525 2193 1687 2230 scribitis
1708 2202 1746 2230 et
1771 2194 2033 2244 praescribitis,
2055 2203 2129 2231 tam

1127 2254 1294 2292 absentis
1311 2255 1468 2305 scripta,
1490 2267 1602 2304 quam
1619 2253 1735 2290 verba
1752 2255 1947 2304 praesentis
1965 2262 2129 2304 arguunt

1124 2324 1382 2352 excusantem.
1410 2315 1502 2363 Quis
1534 2314 1634 2350 enim
1661 2313 1741 2363 jam
1776 2314 2004 2364 relinquitur
2033 2314 2123 2351 mihi

1122 2377 1181 2413 vel
1200 2376 1246 2413 de
1262 2375 1563 2427 impossibilitate
1578 2374 1757 2411 causandi
1772 2375 1896 2421 locus,
1914 2375 2121 2425 praesertim

1122 2436 1224 2487 apud
1240 2450 1325 2482 vos,
1347 2436 1412 2485 qui
1432 2449 1476 2472 ex
1497 2448 1563 2471 ore
1584 2443 1621 2470 et
1637 2448 1684 2471 ex
1707 2435 1823 2471 eorde
1840 2448 1925 2471 meo
1941 2435 2028 2472 satis
2044 2449 2125 2472 cer—

1127 2506 1205 2534 tum
1238 2506 1367 2533 tenere
1392 2509 1460 2533 vos
1488 2494 1660 2541 creditis,
1690 2503 1875 2544 quantum
1906 2495 2047 2545 possim
2082 2495 2120 2531 in

1126 2557 1289 2595 talibus?
1314 2557 1419 2596 Fidei
1437 2555 1598 2607 proinde
1621 2563 1774 2600 vestrae,
1792 2568 1870 2592 non
1898 2569 1982 2591 meo
2002 2555 2122 2592 fidens

43 2624 198 2666 rogatus
225 2616 274 2654 ab
298 2617 374 2665 ei5‚
398 2618 634 2668 respondere
664 2619 831 2666 tardavi,
862 2621 968 2671 quod
989 2621 1060 2672 (ut
1077 2622 1104 2658 C
1124 2618 1297 2668 ingenio,
1325 2616 1503 2666 abyssum
1529 2615 1722 2665 ingredior
1750 2615 2026 2665 quaestionum5
2056 2628 2124 2651 nc-

43 2676 136 2714 mihi
154 2676 384 2730 videbatur)
404 2679 608 2729 ignorante
629 2679 767 2717 abbate
785 2681 953 2719 scribere
971 2682 1055 2719 illas

43 2736 221 2787 epistolas
234 2766 244 2784 ,
265 2746 304 2775 et
324 2738 475 2776 mittere
500 2741 845 2790 praesumpsissent.
863 2745 940 2779 Nec
962 2742 1055 2779 falso

42 2795 81 2833 id
99 2797 311 2848 suspicatus
331 2812 430 2846 sum,
446 2800 503 2836 uti
520 2800 767 2850 postmodum
785 2802 932 2852 liquido
953 2816 1056 2840 com-

43 2857 138 2906 peri.
169 2861 251 2908 Ego
279 2867 404 2909 coepto
428 2859 539 2910 operi
564 2859 694 2911 (quod
715 2861 871 2911 quidem
894 2863 1056 2913 legenti-

43 2912 114 2954 bus
129 2918 352 2971 apparebit)
368 2919 549 2970 Epistolae
563 2933 706 2958 nomen
721 2921 936 2960 indideram
960 2939 967 2960 :
990 2923 1055 2961 sed

43 2972 222 3025 quonia'm
244 2992 317 3029 pro
338 2980 495 3018 nomine
516 2980 676 3018 modum
692 3011 702 3029 ‚
723 2991 853 3020 vestro
874 2982 1056 3021 obviante

43 3036 222 3075 mandato
235 3067 246 3086 ,
267 3048 310 3076 ut
328 3040 583 3091 promiseram
600 3070 610 3087 ‚
635 3055 715 3079 non
735 3044 907 3091 servavi3
928 3044 1055 3091 Liber,

43 3096 73 3134 si
86 3096 280 3148 judicatis,
299 3114 378 3138 non
398 3102 568 3152 Epistola
587 3111 798 3141 censeatur.
819 3108 868 3142 Et
884 3105 975 3155 quia
995 3105 1052 3141 in-

43 3165 98 3195 ter
125 3160 262 3199 multas
289 3162 537 3213 quaestiones,
562 3177 648 3213 quae
670 3163 723 3201 ibi
745 3178 766 3201 a
795 3178 855 3202 me
886 3166 1048 3203 solvun-

45 3224 124 3265 tur,
145 3217 186 3257 id
204 3221 396 3272 praecipue
413 3222 590 3261 subtilius
606 3224 815 3275 utiliusque
834 3234 1052 3276 pertracta-

94 3365 102 3382 ¹
124 3363 200 3403 Reg.
219 3364 251 3394 5.
270 3363 446 3403 Benedicti,
469 3376 535 3407 cap.
554 3370 570 3397 ζ)
583 3369 607 3397 ²1.

1123 2679 1245 2716 sciens
1268 2690 1277 2728 g
1294 2681 1397 2715 Deus
1417 2675 1511 2726 scit)
1531 2689 1605 2725 qua
1626 2689 1853 2713 emersurus.
1875 2679 2014 2712 Praesto
2034 2674 2122 2712 cha—

1123 2740 1213 2776 ritas
1233 2739 1327 2784 erit‚
1350 2738 1493 2774 utinam
1516 2737 1567 2774 ita
1587 2745 1624 2773 et
1651 2736 1800 2773 veritas.
1829 2736 1866 2774 Si
1890 2736 2094 2785 quominus
2109 2765 2118 2782 ,

1123 2807 1277 2836 excuset
1301 2798 1478 2835 effectum
1506 2797 1673 2834 defectus
1696 2797 1823 2846 potius
1844 2796 1985 2845 ingenii
2012 2811 2019 2832 :
2052 2810 2122 2833 vo-

1123 2861 1308 2897 luntatem
1333 2866 1432 2895 certe
1461 2870 1538 2894 non
1563 2856 1775 2907 culpabitis.
1800 2856 1970 2893 Tentabo
1995 2865 2121 2893 autem

1123 2919 1296 2966 easdem,
1324 2919 1353 2956 si
1382 2927 1541 2969 potero,
1563 2917 1856 2967 quaestiunculas
1881 2915 1952 2953 sub
1981 2917 2123 2966 episto-

1123 2981 1192 3017 lari
1221 2988 1375 3017 cunctas
1402 2978 1586 3015 brevitate
1616 2977 1810 3027 redigere,
1836 2976 1905 3013 etsi
1935 2990 2013 3013 non
2041 2976 2121 3026 epi—

1123 3041 1219 3078 stola
1246 3039 1365 3076 brevi.
1392 3039 1531 3076 Mirum
1557 3037 1742 3088 siquidem
1766 3050 1844 3074 non
1864 3045 1942 3082 est,
1964 3036 1994 3073 si
2015 3036 2123 3072 fuero

1123 3114 1192 3151 ego
1223 3100 1372 3149 longior
1402 3100 1441 3136 in
1473 3097 1705 3149 exponendo
1730 3112 1738 3134 :
1769 3111 1853 3134 cum
1880 3109 1947 3133 vos
1976 3104 2122 3132 tantum

1120 3175 1182 3200 eas
1205 3159 1408 3211 ponendo,
1429 3160 1522 3196 duas
1536 3188 1545 3205 ,
1566 3167 1604 3197 et
1625 3158 1725 3211 ipsas
1752 3158 1839 3196 satis
1862 3157 2013 3206 longas,
2034 3155 2116 3206 epi-

1121 3222 1233 3260 stolas
1256 3219 1463 3257 texueritis.
