2533 3920
340 247 410 269 vnt
1268 228 1512 264 EPISTOLA.

337 309 522 358 nativae
551 306 728 355 formae
754 304 970 369 gratiam
996 315 1047 352 et
1070 303 1442 369 integritatem,
1473 315 1530 352 ut
1555 304 1770 370 gratius,
1803 303 2230 372 fructuosiusque
2255 304 2396 354 lecti-

337 396 590 442 tarentur,
620 379 891 429 restituere
930 378 1103 427 conati
1140 396 1337 427 sumus.
1369 378 1543 427 Tuum
1569 391 1644 429 est
1663 419 1673 439 ,
1703 379 2002 429 Beatissime
2025 379 2194 441 Pater,
2223 378 2393 429 eidem

337 458 556 509 reddere
580 474 760 506 vocem
784 453 1010 514 virtutis,
1040 471 1198 522 quam
1223 453 1298 502 illi
1326 471 1422 502 nec
1447 454 1559 523 ipsa
1591 473 1730 504 mors
1755 453 1929 504 adhuc
1954 453 2166 521 penitus
2190 455 2393 522 eripere

336 534 528 603 potuit.
554 532 709 598 Viget
730 531 884 580 etiam
906 548 1048 578 nunc
1067 527 1209 597 apud
1231 529 1348 597 pios
1370 548 1630 598 quosque,
1653 531 1758 579 imo
1780 531 1934 580 etiam
1953 528 2097 598 apud
2123 529 2396 580 haereticos

337 611 503 678 ipsos,
539 609 648 677 ejus
675 606 986 666 auctoritas;
1021 604 1324 674 vigebitque
1359 605 1584 673 amplius
1617 606 1671 654 in
1701 617 2002 674 posterum,
2044 605 2086 653 si
2117 615 2220 654 tuae
2251 605 2396 654 vocis

336 685 549 734 oraculo
577 683 752 733 denuo
780 681 1138 731 confirmetur.
1166 680 1219 729 Si
1255 692 1344 730 tua
1373 681 1658 731 Sanctitate
1695 681 1956 750 probante
1975 721 1986 741 ,
2013 693 2260 731 monente
2277 721 2288 742 ‚
2313 681 2397 750 ju-

336 760 510 820 bente,
540 758 783 808 omnibus
817 756 1104 824 legendus,
1139 754 1389 805 terendus
1412 796 1423 817 ,
1460 755 1869 826 sequendusque
1907 767 2245 824 proponatur
2279 755 2398 806 Ber-

335 834 559 895 nardus,
589 835 687 884 erit
724 852 826 883 vox
860 833 968 901 ejus
1000 845 1250 901 tanquam
1280 850 1383 880 vox
1414 832 1626 881 Domini
1658 832 2042 899 confringentis
2070 830 2286 894 cedros,
2313 832 2394 880 in-

335 911 638 962 tercidentis
659 909 916 958 flammam
937 910 1089 976 ignis.
1112 910 1156 958 N
1163 909 1266 957 ulla
1284 907 1554 973 Bernardo
1575 908 1701 957 vitia
1720 947 1730 969 ,
1754 908 1898 956 nulla
1924 906 2142 956 adversa
2158 918 2392 975 potestas

335 1000 425 1036 aut
468 987 542 1035 vis
581 987 849 1046 resistere,
884 987 994 1034 Deo
1033 984 1383 1051 suffragante,
1422 982 1692 1033 valebunt.
1734 985 1800 1034 Et
1845 983 2248 1049 confringentur
2295 981 2394 1032 sub

334 1061 637 1111 Alexandro
665 1061 831 1120 cedri,
871 1059 924 1109 id
956 1072 1031 1109 est
1055 1060 1225 1128 capita
1259 1058 1610 1127 superborum
1641 1072 1691 1110 et
1715 1073 2093 1127 tyrannorum;
2122 1071 2173 1109 et
2189 1059 2398 1109 interci-

334 1136 489 1187 detur
530 1137 734 1185 flamma
771 1135 1155 1186 discordiarum
1190 1148 1348 1204 atque
1390 1135 1670 1184 bellorum.
1705 1137 1771 1186 Et
1802 1136 1909 1204 jam
1945 1135 2216 1186 suscitavit
2255 1136 2397 1184 Deus

333 1213 575 1281 spiritum
610 1213 769 1261 vicini
803 1212 988 1278 Regis,
1025 1213 1118 1281 qui
1150 1212 1380 1279 repletus
1418 1212 1560 1272 zelo,
1599 1212 1959 1280 miseransque
2002 1211 2190 1280 optimi
2240 1210 2397 1277 Regis

334 1287 702 1355 dejectionem,
732 1287 863 1336 ferat
884 1305 1062 1355 opem,
1094 1298 1152 1335 ut
1176 1305 1204 1334 a
1232 1287 1337 1335 suis
1358 1288 1598 1354 pulsum,
1627 1286 1999 1356 desertumque
2021 1305 2049 1336 a
2070 1287 2270 1337 caeteris
2295 1287 2397 1335 Re-

335 1381 467 1428 gem,
495 1381 655 1429 regno
681 1363 921 1412 restituat
942 1380 1035 1410 suo
1057 1402 1066 1421 ,
1092 1361 1544 1429 quemadmodum
1576 1380 1670 1411 suo
1696 1374 1934 1431 tempore
1956 1362 2154 1412 factum
2175 1361 2397 1411 Bernar-

335 1438 433 1487 dus
455 1438 636 1488 scribit
662 1437 726 1487 de
759 1438 992 1506 piissimo
1018 1438 1106 1485 illo
1132 1436 1400 1486 Hiberniae
1422 1438 1582 1505 Rege,
1612 1439 1705 1506 qui
1726 1457 1752 1487 a
1781 1456 2029 1505 germano
2057 1437 2389 1498 exturbatus,

337 1512 483 1563 dedit
508 1514 679 1562 locum
703 1513 818 1573 irre,
859 1525 917 1561 ut
939 1530 1154 1561 suorum
1183 1514 1426 1579 sanguini
1463 1526 1701 1581 parceret
1726 1518 1759 1562 ¹.
1798 1514 1838 1562 F
1844 1514 2227 1563 unestissimam
2259 1513 2397 1562 hane

335 1608 542 1639 scenam
586 1591 782 1639 nostris
820 1590 986 1638 oculis
1012 1600 1313 1638 renox‘atam
1335 1589 1716 1656 conspicimus,
1747 1589 1967 1639 similem
1992 1590 2102 1658 ejus
2126 1589 2328 1639 exitum
2366 1606 2395 1637 a

336 1667 561 1715 maximo
583 1665 854 1726 Pontifice,
883 1684 909 1714 a
926 1666 1153 1714 maximo
1184 1666 1343 1732 Rege,
1376 1666 1641 1732 suspensis
1670 1665 1879 1715 interim
1901 1666 2105 1726 animis,
2132 1676 2399 1734 exspecta-

334 1760 448 1789 mus
496 1754 547 1790 et
583 1754 910 1809 exoptamus.
947 1741 1029 1790 Sic
1064 1739 1151 1790 liet
1173 1780 1183 1800 ,
1221 1752 1278 1789 ut
1325 1759 1482 1808 quem
1517 1740 1794 1790 Ottobono
1824 1740 2097 1810 quondam
2142 1739 2397 1790 cardinali

336 1829 386 1866 et
429 1817 599 1881 legato
625 1857 636 1877 ,
689 1817 779 1884 qui
825 1815 1164 1885 postmodum
1207 1815 1473 1865 Adrianus
1509 1817 1557 1863 V
1593 1816 1694 1865 fuit
1713 1856 1724 1876 ,
1768 1817 1986 1866 honoris
2037 1835 2195 1866 causa
2244 1816 2399 1866 cessit

336 1891 596 1940 Henricus
637 1892 733 1952 III,
769 1891 1008 1940 eumdem
1048 1891 1300 1940 thronum
1345 1892 1557 1940 alterius
1600 1891 1892 1953 Ottoboni,
1937 1891 1992 1942 id
2044 1904 2120 1942 est
2162 1892 2393 1941 Alexan-

335 1964 416 2014 dri
448 1967 586 2026 Ylll,
616 1967 753 2015 curis
790 1979 840 2016 et
879 1965 1125 2015 subsidiis
1168 1966 1493 2033 postliminio
1524 1979 1797 2035 acceptum
1839 1967 2030 2017 referat
2068 1966 2296 2017 Jacobus
2325 1966 2390 2016 ΙΙ.

334 2040 435 2089 Sed
473 2041 679 2108 longius
716 2041 910 2110 abripit
952 2060 1048 2091 nos
1088 2042 1314 2109 impetus
1352 2054 1596 2091 votorum
1639 2056 1946 2093 nostrorum
1981 2061 2080 2112 pro
2119 2043 2286 2110 gloria
2316 2042 2395 2093 tui

335 2115 691 2182 pontificatus,
711 2118 1006 2166 Beatissime
1029 2118 1195 2177 Pater,
1222 2118 1305 2165 cui
1331 2135 1439 2165 non
1461 2118 1563 2167 alio
1585 2118 1649 2167 ad
1675 2138 1755 2169 res
1780 2138 1993 2185 magnas
2016 2117 2397 2185 aggrediendas

334 2192 593 2241 monitore
612 2232 622 2252 ,
661 2211 770 2241 non
809 2194 909 2241 alio
942 2194 1212 2241 incentore
1245 2211 1378 2260 opus
1410 2206 1485 2243 est
1507 2213 1665 2262 quam
1691 2194 2016 2256 Alexandro,
2043 2194 2135 2243 ubi
2159 2195 2215 2243 in
2237 2212 2393 2244 causa

334 2267 473 2315 Deus
498 2279 601 2326 est,
631 2280 681 2316 et
708 2269 952 2316 Ecclesia.
981 2268 1208 2316 Tantum
1250 2268 1587 2317 sanctissimis
1624 2270 1855 2318 consiliis
1886 2270 1990 2318 tuis
2024 2270 2291 2338 propitius
2329 2270 2395 2319 sit

332 2341 435 2400 ille,
466 2341 614 2408 cujus
643 2342 807 2390 vicem
829 2343 988 2407 geris,
1015 2354 1240 2410 tuosque
1263 2341 1327 2390 de
1348 2344 1567 2403 nostris,
1595 2344 1635 2391 si
1657 2344 1838 2404 liceat,
1864 2362 2032 2393 annos
2059 2363 2250 2412 augere
2270 2346 2396 2395 velit

334 2414 399 2463 ad
423 2416 596 2464 omnia
623 2417 706 2464 illa
742 2416 967 2483 gerenda
996 2429 1045 2465 et
1078 2416 1380 2477 efficienda,
1412 2436 1529 2485 quae
1563 2419 1617 2466 in
1650 2420 1743 2468 Dei
1778 2420 1998 2485 gloriam
2018 2460 2029 2481 ,
2059 2421 2114 2469 in
2152 2421 2396 2471 Ecclesiae

335 2490 610 2539 utilitatem
646 2509 673 2538 a
710 2503 797 2539 tua
831 2492 1115 2541 Sanctitate
1142 2493 1428 2557 agitantur,
1463 2504 1512 2541 et
1549 2506 1845 2560 sperantur.
1882 2496 1990 2544 Nos
2019 2514 2143 2545 vero
2179 2515 2397 2565 prorsus

335 2563 506 2613 felices
539 2583 597 2614 ac
628 2565 925 2615 fortunatos
966 2566 1354 2634 reputabillius,
1382 2567 1422 2614 si
1447 2567 1547 2615 hoc
1579 2581 1823 2618 votorum
1852 2582 2155 2621 nostrorum
2179 2573 2391 2641 pignus,

338 2638 434 2687 hoc
456 2641 700 2706 perennis
722 2640 1066 2690 observantiae
1091 2642 1144 2689 in
1167 2660 1218 2689 se
1240 2654 1659 2704 monumentum,
1686 2643 1956 2711 benignis,
1981 2646 2056 2696 uti
2086 2647 2210 2696 alias
2235 2647 2390 2708 solet,

337 2713 501 2761 oculis
539 2714 760 2781 accipiat
789 2715 1045 2763 Sanctitas
1077 2727 1190 2774 tua,
1228 2734 1430 2783 nosque
1461 2736 1640 2767 omnes
1667 2732 1884 2787 paterna
1907 2739 1999 2770 sua
2026 2720 2393 2774 benevolentia

337 2798 385 2835 et
407 2788 692 2854 apostolica
715 2787 1081 2839 benedictione
1103 2790 1367 2856 dignetur.

393 2947 399 2961 ¹
427 2940 514 2977 Vitae
539 2945 573 2979 S.
596 2941 785 2978 Malachiae
802 2942 921 2991 capite
954 2943 981 2978 ’1.

1034 3218 1223 3254 efferebat
1259 3222 1418 3270 supplex
1455 3224 1606 3260 nominc
1645 3239 1721 3263 suae
1765 3229 2075 3278 Congregationis

1082 3346 1130 3390 1³.
1183 3347 1455 3394 JoANNEs
1505 3350 1818 3397 MABILLON
1863 3354 1929 3398 M.
1975 3355 2030 3399 B.
