2565 3952
102 105 173 143 665

1011 103 1276 139 EPISTOLAE.

100 190 231 220 vestrae
253 187 290 217 et
306 179 477 215 omnium
501 177 670 215 fidelium
700 179 809 215 matri
832 178 1111 228 compassionis
1125 177 1157 195 ³²

2122 115 2198 150 (560

99 244 292 286 affectum,
325 239 535 289 praesssl'tissl
567 248 643 275 tan]
672 239 919 275 vehementer
938 239 1107 285 affllCtae,
1131 237 1155 269 A
1178 263 2192 282 ......................................................................

100 313 172 341 tam
189 300 354 351 graviter
374 299 616 349 periclitanti.
641 299 830 348 Dignum,
862 300 1020 348 inquam
1037 328 1046 344 ,
1065 307 1109 335 ut

101 371 202 401 tanto
229 360 390 410 amplius
422 359 598 395 comedat
627 373 696 397 vos
723 360 825 395 zelus
857 359 995 395 domus
1020 359 1105 403 Dei,

99 429 240 473 quanto
264 419 489 468 ampliorem
519 419 558 454 in
585 432 629 455 ea
652 419 799 465 locum,
819 419 902 470 ipso
924 427 1082 456 auctore
1097 448 1106 465 ‚

102 481 244 520 tenetis.
263 479 446 528 Alioquin
464 479 494 516 si
511 479 695 516 duramus
713 481 872 524 viscera,
896 480 925 516 si
944 480 1113 517 obdura-

100 555 180 581 mus
197 540 326 586 corda,
345 540 374 576 si
395 540 545 589 plagam
561 539 659 576 hanc
679 540 787 590 parvi
806 539 1024 589 pendimus,
1044 553 1113 577 nec

99 603 268 641 dolemus
285 614 400 650 super
416 600 648 637 contritione
665 615 674 646 ;
694 599 759 636 ubi
779 609 910 637 nostra
928 601 966 637 in
988 604 1111 637 Deum

99 662 274 707 charitas,
301 659 367 697 ubi
394 660 548 696 dilectio
570 660 869 710 proximorum?
896 664 980 697 Imo
1002 673 1109 706 vero,

99 723 128 761 si
144 735 220 760 non
236 720 439 770 satagimus
454 729 597 770 quanta
615 734 820 771 possumus
840 720 1111 767 sollicitudine,

99 781 293 821 consilium
320 779 473 830 aliquod
517 789 555 817 et
582 781 796 817 remedium
829 782 944 818 tantis
984 781 1093 818 malis
1107 810 1116 827 ,

99 842 282 892 tantisque
302 841 483 892 periculis
504 841 708 888 adhibere3
730 841 928 892 quomodo
946 856 1023 879 non
1050 842 1113 878 in-

97 903 189 956 grati
208 902 473 940 convincimur
498 916 579 940 esse
607 903 641 940 ei
667 904 733 954 qui
758 903 961 940 abscondit
980 917 1051 940 nos
1071 903 1110 939 in

99 964 156 1002 die
194 963 410 1008 malorum,
457 963 496 1000 in
540 963 788 1002 tabernaculo
830 979 930 1012 suo;
969 959 1156 1016 justiusB

98 1023 252 1076 perinde
269 1032 306 1060 et
331 1023 598 1062 vehementius
628 1026 836 1076 puniendi,
865 1035 1002 1077 utpote
1037 1034 1111 1063 tam

97 1084 230 1124 divinae
251 1084 402 1134 gloriae,
422 1099 537 1135 quam
565 1087 741 1124 fraternae
759 1087 889 1124 salutis
912 1087 1111 1137 negligen-

97 1147 172 1185 tes?
201 1148 290 1183 Haec
323 1144 434 1182 vobis
467 1154 542 1183 tam
574 1146 816 1194 fiducialiter,
849 1161 964 1197 quam
1001 1147 1112 1184 sami-

95 1206 234 1245 liariter
247 1205 428 1243 duximus
449 1207 702 1257 suggerenda,
718 1207 768 1245 ob
786 1208 946 1257 gratiam
964 1208 1110 1258 utique,

95 1280 166 1318 qua
208 1275 376 1304 nostram
416 1267 684 1317 indignitatem
722 1268 950 1305 excellentia
985 1276 1112 1305 vestra

95 1328 280 1378 dignatur.

146 1388 182 1426 2.
199 1391 293 1426 Nam
316 1396 354 1425 et
382 1397 511 1439 patres
537 1390 686 1435 nostri,
724 1389 897 1440 episcopi
919 1390 1110 1436 Franciae,

95 1462 168 1487 una
187 1462 271 1486 cum
307 1448 468 1486 domino
499 1453 604 1499 Rege
634 1458 672 1487 et
706 1449 973 1500 principibus,
1000 1451 1112 1487 tertia

95 1509 350 1547 diedominica
367 1518 456 1560 post
471 1510 614 1548 Pascha
631 1510 735 1561 apud
745 1513 954 1549 Carnotum
974 1510 1110 1548 urbem

94 1570 242 1608 venturi
257 1579 360 1617 sunt,
381 1579 419 1608 et
439 1571 486 1608 de
504 1570 626 1608 verbo
647 1571 721 1608 hoc
742 1571 942 1608 tractaturi
961 1578 975 1593 «Ἰ
1004 1586 1012 1607 2
1042 1570 1109 1608 ubi

98 1631 234 1668 utinam
255 1644 473 1668 mereamur
499 1630 642 1669 habere
662 1632 908 1682 praesentiam
929 1640 1109 1669 vestram.

95 1692 188 1740 Quia
216 1692 316 1728 enim
356 1693 506 1743 magnis
549 1693 708 1730 omnino
749 1706 978 1742 magnorum
1004 1693 1111 1729 viro-

1291 385 1675 442 EPISTOLA
1743 380 2097 446 CCCLXV.b

1208 542 1257 563 AD
1279 542 1483 564 RENRICL'M
1513 542 1767 565 MOGL‘NTINL‘M
1797 536 2173 571 ⁴nien113PJS(*.01‘L·M'⁰.

1180 656 1353 689 Radulfum
1382 657 1593 695 monachum,
1623 658 1676 699 qui
1702 658 1808 689 fideles
1830 659 1861 689 in
1885 659 2068 691 ,Iudaeorum
2092 672 2201 693 necem

1538 711 1701 750 armabat,
1729 713 1841 755 arguit.

1181 835 1400 873 Venerabili
1417 836 1577 873 domino
1601 845 1637 873 et
1659 837 1881 875 charissimo
1906 840 2006 889 patri
2022 844 2199 878 Hes-mco

1234 898 1463 946 Moguntino
1481 897 1787 948 archiepiscopo,
1813 903 2038 937 BERNARDL‘S
2059 902 2200 940 Clarae-

1231 958 1348 995 Vallis
1365 957 1495 1005 abbas,
1520 959 1695 995 invenire
1713 960 1871 1009 gratiam
1891 961 1994 1011 apud
2017 965 2154 1000 Deum.

1240 1088 1270 1124 l.
1295 1087 1458 1124 Litteras
1487 1088 1712 1125 Dilectionis
1730 1097 1866 1125 vestrae
1887 1088 2015 1126 debita
2036 1104 2201 1128 venera—

1181 1148 1283 1185 tione
1297 1150 1447 1199 suscepi
1469 1164 1476 1185 :
1499 1149 1565 1186 sed
1586 1163 1665 1199 prae
1687 1150 1931 1187 multitudine
1954 1152 2199 1201 negotiorum

1178 1208 1308 1246 brevis
1325 1218 1381 1246 est
1398 1210 1611 1260 responsio.
1635 1211 1861 1260 Depositum
1880 1212 2046 1260 querelae
2062 1221 2200 1249 vestrae

1180 1269 1284 1319 apud
1309 1283 1379 1306 nos
1409 1270 1560 1319 signum
1585 1279 1642 1307 est
1663 1279 1699 1306 et
1723 1271 1862 1320 pignus
1893 1271 2130 1318 dilectionis,
2164 1281 2201 1309 et

1178 1329 1384 1380 praecipuae
1414 1330 1641 1366 humilitatis
1664 1330 1859 1368 indicium.
1883 1333 1976 1380 Quis
1996 1332 2098 1368 enim
2131 1346 2200 1383 ego

1179 1403 1262 1426 sum
1278 1418 1287 1435 ,
1307 1398 1373 1426 aut
1395 1403 1480 1439 quae
1501 1389 1639 1427 domus
1663 1392 1782 1441 patris
1803 1392 1904 1437 mei,
1928 1401 1970 1428 ut
1987 1391 2033 1428 ad
2055 1405 2116 1429 me
2137 1406 2200 1430 re-

1180 1451 1326 1487 feratur
1353 1451 1634 1501 archiepiscopi
1654 1460 1898 1502 contemptus
1917 1482 1925 1498 ,
1947 1461 1984 1489 et
2001 1461 2201 1503 metropo-

1179 1511 1306 1548 litanae
1329 1511 1428 1548 sedis
1449 1510 1613 1560 injuria?
1634 1516 1771 1549 Nonne
1792 1526 1863 1562 ego
1887 1526 1971 1550 sum
1996 1527 2093 1564 puer
2112 1527 2202 1564 par—

1178 1572 1292 1609 vulus
1308 1600 1318 1618 ,
1344 1572 1525 1621 ignorans
1544 1573 1746 1610 introitum
1766 1583 1804 1611 et
1825 1587 2019 1624 egressum
2045 1577 2202 1612 meum?

1179 1637 1455 1671 Verumtamen
1505 1646 1584 1670 non
1638 1634 1775 1683 ignoro
1819 1633 1981 1671 verbum
2029 1635 2200 1673 veritatis

1179 1707 1471 1744 usquequaque,
1502 1693 1606 1743 quod
1636 1708 1684 1730 ex
1704 1708 1770 1731 ore
1794 1695 1978 1732 Altissimi
2000 1696 2200 1745 procedit:

97 1765 177 1789 rum
193 1752 362 1789 consiliis
374 1752 447 1789 hoc
459 1751 622 1790 verbum
640 1761 790 1789 constat
805 1766 937 1802 egere3
960 1761 1111 1802 gratum
1133 1759 1160 1795 C
1183 1756 1343 1790 Necesse
1362 1764 1415 1790 est
1437 1763 1477 1790 ut
1498 1759 1631 1790 veniat
1654 1757 1890 1800 scandalum,
1914 1769 1978 1790 vce
1995 1765 2117 1792 autem
2145 1759 2202 1792 illl

97 1812 270 1864 profecto
296 1812 525 1863 obsequium
547 1812 779 1864 praestabitis
800 1816 884 1850 Deo
900 1843 909 1860 ,
931 1814 960 1850 si
991 1828 1113 1864 nego—

97 1873 186 1910 tium
208 1872 289 1923 ejus
313 1887 392 1911 non
413 1874 601 1912 duxeritis
624 1875 812 1920 alienum,
833 1875 899 1912 sed
921 1875 1113 1913 charitatis

95 1942 227 1972 vestrae
247 1934 504 1985 probaveritis
533 1936 655 1972 zelum
677 1936 716 1972 in
738 1935 1111 1986 opportunitatibus,

95 1993 132 2031 in
154 1994 413 2032 tribulatione.
431 1996 560 2033 Nostis
579 1996 698 2042 enim,
720 2005 828 2047 pater
843 1997 1113 2044 amantissime,

97 2055 211 2092 nostis
228 2055 412 2105 quoniam
431 2056 576 2093 amicus
596 2056 635 2092 in
662 2057 886 2093 necessitate
911 2056 1112 2107 probatur.

97 2116 329 2154 Confidimus
359 2125 485 2154 autem
517 2116 623 2167 quod
663 2130 845 2167 magnum
877 2117 966 2154 huic
994 2116 1114 2154 verbo

97 2186 323 2228 proventum
344 2178 548 2229 praesentia
568 2187 695 2216 vestra
708 2177 920 2229 praestabit,
943 2187 1023 2216 tum
1042 2192 1114 2229 pro

41 2249 45 2252 ’
97 2239 319 2276 auctoritate
356 2247 498 2276 sanctae
533 2239 797 2277 Cluniacensis
833 2239 1025 2286 ecclesiae,
1055 2238 1116 2275 cui

95 2301 174 2336 Deo
190 2307 348 2336 auctore
361 2300 548 2350 praeestis,
564 2308 643 2337 tum
663 2300 828 2336 maxime
840 2312 912 2350 pro
929 2299 1117 2349 sapientia

96 2365 132 2394 et
145 2359 277 2408 gratia,
295 2373 411 2410 quam
432 2359 544 2398 vobis
564 2361 646 2411 ipse
667 2360 827 2397 donavit
847 2359 895 2397 ad
913 2359 1115 2396 utilitatem

95 2418 225 2469 utique
257 2421 525 2471 proximorum
538 2451 548 2468 ,
587 2430 625 2458 et
665 2422 724 2458 sui
760 2421 879 2471 ipsius
911 2420 1114 2457 honorem.

96 2479 166 2528 Qui
182 2479 292 2518 vobis
305 2481 419 2519 etiam
436 2495 541 2519 nunc
560 2482 750 2533 inspirare
769 2482 962 2532 dignetur,
979 2489 1022 2518 ut
1037 2494 1116 2518 non

1177 1828 1250 1863 per
1273 1828 1382 1863 quem
1410 1819 1516 1851 veni!
1544 1821 1567 1851 ¹.
1592 1819 1721 1852 Homo
1754 1816 1816 1852 ille
1838 1815 1884 1852 de
1913 1829 1989 1865 quo
2020 1816 2144 1866 agitur
2160 1817 2201 1853 in

1181 1875 1317 1912 litteris
1335 1875 1473 1912 vestris
1489 1875 1519 1921 *,
1538 1888 1664 1925 neque
1692 1875 1739 1912 ab
1769 1876 1948 1923 homine,
1977 1890 2102 1927 neque
2131 1890 2201 1928 per

1180 1935 1390 1981 hominem,
1404 1935 1470 1972 sed
1484 1948 1638 1985 nequea
1654 1940 1736 1973 Deo
1749 1937 1885 1973 missus
1902 1937 2018 1974 venit.
2038 1938 2151 1986 Quod
2173 1938 2202 1975 si

1182 2009 1221 2032 se
1231 1995 1461 2032 monachum
1486 2004 1551 2032 aut
1569 1997 1766 2033 cremitam
1781 1996 1913 2046 jactat,
1935 2006 2037 2034 etex
2066 2011 2111 2034 eo
2131 1998 2202 2035 sibi

1182 2057 1340 2094 assumit
1354 2055 1568 2093 libertatem
1583 2087 1592 2103 ‚
1615 2058 1675 2094 vel
1699 2058 1870 2095 officium
1888 2058 2173 2109 praedicationis
2189 2074 2199 2105 3

1183 2126 1312 2168 potest
1327 2117 1424 2154 scire
1443 2146 1452 2159 ,
1477 2127 1514 2155 et
1532 2118 1660 2164 debet,
1691 2119 1796 2169 quod
1814 2120 2024 2157 monachus
2041 2134 2118 2157 non
2136 2120 2203 2157 lia-

1181 2176 1248 2214 bet
1269 2177 1456 2225 docentis,
1481 2178 1547 2215 sed
1568 2180 1786 2230 plangentis
1804 2181 1974 2217 officium
1994 2179 2011 2203 ‘¹
2030 2195 2037 2217 :
2057 2181 2203 2232 quippe

1183 2238 1244 2275 cui
1283 2239 1472 2288 oppidum
1512 2253 1642 2277 carcer
1677 2254 1758 2278 esse
1791 2241 1906 2278 (lebet
1919 2271 1928 2288 ,
1961 2249 1999 2278 et
2033 2241 2202 2278 solitudo

1183 2299 1395 2349 paradisus.
1414 2301 1484 2338 Hie
1506 2314 1598 2338 vero
1620 2315 1641 2338 a
1659 2303 1875 2349 contrariis,
1894 2311 1932 2340 et
1952 2302 2201 2340 solitudinem

1183 2374 1256 2411 pro
1277 2374 1429 2398 carcere
1441 2392 1452 2407 ,
1476 2371 1513 2399 et
1531 2362 1719 2413 oppidum
1741 2362 1857 2400 habet
1874 2377 1946 2413 pro
1962 2363 2152 2413 paradiso.
2172 2367 2204 2400 O

1184 2421 1380 2459 hominem
1400 2423 1481 2459 sine
1499 2431 1658 2473 pectore
1674 2425 1680 2459 l
1704 2436 1726 2459 ο
1742 2423 1937 2460 hominem
1955 2424 2036 2460 sine
2053 2423 2178 2459 fronte
2196 2426 2203 2459 Ξ

1185 2482 1294 2532 cujus
1321 2484 1483 2520 stultitia
1510 2484 1657 2520 elevata
1685 2493 1742 2521 est
1763 2497 1879 2534 super
1902 2483 2175 2520 candelabrum
2193 2511 2203 2528 ,

97 2541 300 2590 gravemini
326 2543 472 2590 venire,
492 2550 530 2580 et
549 2543 669 2580 servis
689 2543 767 2580 suis
786 2543 823 2579 in
840 2542 996 2579 nomine
1019 2541 1115 2592 ejus,
1138 2544 1171 2578 D
1189 2552 1232 2581 ut
1254 2553 1438 2595 appareat
1465 2544 1644 2581 omnibus
1663 2545 1730 2595 qui
1749 2553 1839 2582 sunt
1856 2545 1895 2581 in
1917 2544 2046 2581 domo.

99 2607 134 2637 et
169 2614 241 2651 pro
273 2603 355 2640 zelo
380 2603 502 2654 ipsius
529 2604 698 2641 nominis
729 2603 1008 2654 congregandis
1043 2617 1111 2641 ve-

97 2667 210 2698 stram
243 2661 452 2701 admodum
481 2664 777 2703 desiderabilem
808 2665 984 2702 conferre
1011 2678 1112 2716 prae-

97 2729 266 2760 sentiam.

147 2888 156 2904 ¹
177 2883 294 2915 Matth.
315 2895 424 2923 xvnx,
447 2887 479 2916 7.

1236 2606 1272 2642 2.
1290 2605 1380 2642 Tria
1397 2618 1488 2642 sane
1507 2606 1647 2642 suntin
1673 2619 1718 2642 eo
1740 2605 2042 2655 reprehensione
2061 2604 2206 2653 dignis-

1180 2666 1275 2703 sima
1316 2681 1323 2703 :
1370 2666 1572 2716 usurpatio
1610 2665 1893 2716 praedicationis·
1907 2695 1916 2711 ‚
1960 2673 2204 2714 contemptus

1181 2725 1470 2777 episcoporum,
1493 2725 1691 2763 homicidii
1710 2725 1915 2776 approbati
1936 2724 2106 2762 libertas.
2128 2727 2206 2761 No-

143 2953 158 2970 *
171 2952 210 2980 In
226 2949 288 2982 hoc
312 2957 471 2983 conventu
482 2976 489 2990 ,
506 2951 685 2983 Bernardus
701 2952 820 2984 militia?
837 2952 901 2984 dux
917 2953 1034 2984 electus
1046 2977 1053 2990 ,
1072 2953 1105 2984 id
1123 2952 1218 2984 officii
1236 2952 1395 2993 suscipere
1412 2950 1617 2988 detrectavit,
1637 2955 1788 2991 tanquam
1808 2948 1869 2980 suis
1888 2947 2029 2979 moribus
2046 2952 2077 2978 et
2094 2957 2203 2978 mona-

98 3000 172 3034 stico
189 3003 331 3036 instituto
351 3016 547 3048 repugnans,
571 3012 603 3038 ut
620 3006 654 3037 in
676 3006 809 3049 epistola
826 3010 892 3038 256
912 3007 952 3038 ad
972 3007 1146 3048 Eugenium
1159 3031 1166 3045 ,
1186 3018 1218 3039 n.
1244 3009 1276 3038 4.
1306 3004 1424 3037 Confer
1440 3005 1605 3047 epistolam
1625 3015 1709 3035 nunc
1736 3007 1816 3040 363,
1837 3009 1867 3034 et
1891 3001 2037 3044 epistolas
2058 3000 2200 3042 Sugeriar

48 3084 49 3090 ,
97 3063 168 3094 1135,
195 3067 329 3098 quarum
354 3059 522 3090 centesima
543 3059 702 3102 trigesima
723 3060 815 3091 tertia
837 3066 883 3091 est
902 3060 989 3091 Petri
1010 3060 1208 3092 Venerabilis
1228 3060 1267 3092 ab
1288 3059 1350 3091 hoc
1369 3064 1528 3090 conventu
1547 3069 1580 3089 se
1599 3057 1778 3089 excusantis
1798 3056 1839 3088 ol)
1863 3055 2035 3098 capitulum
2061 3052 2203 3096 generale

101 3107 238 3141 cluniaci
256 3110 368 3142 eodem
382 3111 433 3143 die
448 3113 613 3144 indictum.

145 3162 161 3183 ¹³
173 3163 260 3197 Alias
271 3165 404 3208 epistola
418 3170 485 3198 323
502 3177 509 3198 :
524 3177 594 3209 quae
614 3177 690 3198 vero
713 3174 807 3199 antea
827 3170 893 3199 365
914 3173 982 3199 erat
993 3191 1000 3205 ‚
1019 3178 1103 3198 nunc
1122 3170 1202 3199 396.
1222 3166 1343 3210 Scripta
1359 3177 1443 3198 anno
1458 3165 1572 3197 Christi
1597 3170 1603 3196 Ι
1619 3167 1696 3196 146.

146 3221 160 3236 ‘²
178 3219 227 3249 De
246 3229 308 3261 quo
332 3230 447 3262 supra,
470 3221 602 3264 epistola
624 3224 703 3253 302.

145 3271 161 3292 ¹¹
174 3270 255 3302 vide
278 3272 509 3315 Hieronymum
534 3274 684 3307 adversus
710 3275 936 3317 Vigilantium,
958 3286 1028 3317 cap.
1047 3279 1065 3306 G
1081 3300 1088 3313 ‚
1108 3281 1139 3306 et
1155 3281 1244 3306 notas
1267 3274 1307 3305 ad
1326 3273 1491 3316 epistolam
1514 3275 1568 3303 89.
