2565 3952
77 130 150 168 413

991 120 1257 156 EPISTOLAE.

77 212 202 259 langas
221 203 357 250 Israel,
386 199 674 252 exprobratque
702 197 920 248 agminibus
940 198 1132 235 sancto-'³

2172 127 2181 142 Ι

2112 128 2186 164 *ili

1137 199 1328 236 ⁵veritati.
1366 203 1457 237 Haec
1490 213 1563 250 pro
1592 213 1672 246 me,
1707 214 1753 238 ne
1787 202 1962 249 levitate,
1996 214 2061 241 aut
2088 216 2189 243 certe

77 283 179 314 rum,
202 280 247 306 eo
270 264 452 302 nimirum
483 260 685 307 audacius,
720 273 799 310 quo
827 259 942 297 sentit
970 259 1097 297 David
1115 267 1146 300 A
1165 261 1380 298 temeritate
1401 274 1492 298 usus
1512 261 1551 298 in
1575 269 1682 298 tanto
1700 263 1855 312 negotio
1877 272 2047 313 putarer.

76 343 153 369 non
179 327 321 365 adesse.
351 323 528 372 Denique
558 322 597 358 in
618 321 924 371 suggillationem
955 319 1094 357 docto-

75 404 159 430 rum
184 386 380 431 Ecclesiae,
406 383 555 432 magnis
580 382 693 419 effert
713 381 893 419 laudibus
919 381 1095 431 philoso-

75 452 190 504 phos;
212 446 508 486 adinventiones
538 445 695 481 illorum
726 452 764 480 et
795 456 882 480 suas
902 443 1093 481 novitates

75 511 348 552 catholicorum
366 511 523 545 Patrum
545 505 732 542 doctrinae
747 513 786 541 et
801 504 889 541 fidei
908 505 1066 554 praefert
1083 520 1091 542 :

75 583 112 614 et
130 586 214 611 cum
235 582 369 608 omnes
391 568 538 618 fugiant
558 580 578 603 a
598 566 692 603 facie
710 565 812 616 ejus,
835 578 895 602 me
917 565 1091 603 omnium

75 634 271 675 minimum
289 630 436 681 expetit
453 628 501 666 ad
517 628 708 678 singulare
727 636 935 664 certamen.

125 695 161 733 4.
182 693 359 742 Denique
377 689 529 740 scripsit
547 689 662 736 mihi,
684 688 914 726 sollicitante
935 688 1092 739 quidem

73 757 174 809 ipso,
193 753 505 804 archiepiscopus
523 750 773 797 Senonensis,
796 749 897 787 diem
919 758 1091 788 statuens

73 815 366 868 congressionis,
408 826 486 864 quo
519 813 583 850 ille
622 813 662 849 in
695 812 901 863 praesentia
940 811 1022 862 ejus
1055 821 1093 850 et

73 878 388 930 coepiscoporum
412 888 572 913 suorum
590 873 769 921 deberet,
792 873 822 911 si
842 882 994 924 posset,
1016 881 1092 910 sta-

73 950 176 979 tuere
191 937 511 991 pravadogmata
527 949 613 983 sua,
630 943 766 973 contra
783 947 869 985 quae
887 947 958 985 ego
979 948 1093 972 ausus

1216 324 1252 360 5.
1285 327 1427 360 Verum
1459 331 1519 368 tu,
1551 337 1573 359 o
1595 336 1792 360 successor
1820 325 1941 369 Petri,
1971 324 2187 374 judicabis,

1161 396 1209 420 an
1243 382 1381 420 debeat
1410 382 1553 420 habere
1585 383 1775 433 refugium
1805 384 1935 421 sedem
1969 386 2090 431 Petri,
2121 387 2187 435 qui

1163 440 1281 481 Petri*
1310 444 1425 481 fidem
1470 445 1684 494 impugnat.
1726 448 1803 490 Tu,
1846 445 2025 495 inquam,
2066 446 2186 483 amice

1161 505 1313 556 sponsi,
1343 504 1588 556 providebis,
1618 505 1818 555 quomodo
1845 505 1984 543 liberes
2005 520 2187 557 sponsam

1161 580 1182 604 a
1203 565 1312 604 labiis
1331 566 1474 617 iniquis
1487 595 1497 612 ,
1517 574 1555 603 et
1573 580 1593 603 a
1607 566 1738 616 lingua
1755 566 1902 604 dolosa.
1922 566 1995 606 Sed
2012 575 2056 604 ut
2072 568 2190 618 paulo

1161 627 1344 665 audacius
1382 628 1521 678 loquar
1554 641 1642 664 cum
1687 627 1846 665 domino
1892 642 1998 676 meo,
2033 628 2189 666 attende

1161 689 1275 726 etiam
1295 688 1364 727 tibi
1381 689 1477 741 ipsi,
1494 689 1755 726 amantissime
1769 693 1894 737 Pater,
1914 698 1951 726 et
1969 690 2099 740 gratiae
2117 690 2189 727 Dei

1159 764 1245 801 quae
1271 751 1310 788 in
1339 759 1375 788 te
1405 759 1472 789 est.
1507 754 1646 789 Nonne
1679 764 1766 787 cum
1796 764 1896 788 esses
1928 751 2116 802 parvulus
2149 751 2187 788 in

1160 812 1282 849 oculis
1312 812 1407 860 tuis,
1432 813 1514 863 ipse
1549 820 1585 849 te
1615 812 1813 849 constituit
1846 826 1964 864 super
1992 821 2124 863 gentes
2154 823 2193 851 et

1161 876 1306 924 regna?
1323 874 1384 912 Ad
1404 874 1518 925 quid,
1542 874 1614 911 nisi
1633 882 1673 910 ut
1691 874 1853 920 evellas,
1877 883 1914 911 et
1939 874 2133 921 destruas,
2153 883 2192 912 et

1161 936 1326 974 aedifices
1353 945 1391 973 et
1411 937 1590 987 plantes?
1617 935 1691 985 Qui
1722 949 1813 986 ergo
1836 936 1924 972 tulit
1942 944 1978 972 te
2000 935 2046 972 de
2072 935 2190 973 domo

72 1001 208 1040 mutire
227 1000 395 1038 fuissem.
417 997 570 1044 Abnui,
595 1006 676 1034 tum
699 996 787 1047 quia
807 1009 906 1047 puer
926 1009 1031 1043 sum,
1055 1005 1093 1034 et
1117 999 1142 1033 Β
1160 997 1280 1048 patris
1312 997 1386 1044 tui,
1420 1007 1457 1035 et
1487 997 1600 1034 unxit
1631 1005 1668 1034 te
1700 997 1886 1034 unctione
1917 997 2191 1035 misericordiae

70 1063 132 1101 ille
153 1061 214 1099 vir
230 1060 396 1099 bellator
417 1058 465 1097 ab
486 1059 744 1097 adolescentia
763 1073 771 1095 :
798 1066 880 1095 tum
909 1057 1000 1108 quia
1024 1057 1092 1108 ju-

72 1122 232 1161 dicarem
276 1121 499 1172 indignum,
542 1121 733 1158 rationem
780 1118 869 1156 fidei
915 1119 1092 1156 humanis

72 1184 257 1224 committi
304 1182 533 1221 ratiunculis
571 1180 809 1231 agitandam,
855 1193 971 1230 quam
1015 1188 1090 1216 tam

71 1253 170 1284 certa
191 1258 235 1281 ac
255 1242 381 1281 stabili
400 1242 563 1279 veritate
585 1249 738 1278 constat
762 1253 843 1277 esse
871 1239 1089 1277 subnixam.

69 1303 250 1345 Dicebam
275 1304 452 1342 sufficere
479 1302 623 1353 scripta
652 1300 735 1351 ejus
755 1300 803 1338 ad
830 1300 1091 1337 accusandum

71 1380 178 1413 eum3
198 1378 270 1402 nec
289 1377 375 1402 mea
400 1363 565 1409 referre,
589 1362 656 1400 sed
677 1362 972 1413 episcoporum,
992 1375 1092 1412 quo-

71 1441 154 1466 rum
185 1434 285 1464 esset
313 1424 516 1463 ministerii
547 1423 594 1460 de
627 1422 874 1474 dogmatibus
902 1421 1090 1472 judicare.

70 1489 136 1528 llle
151 1487 271 1526 nihilo
295 1486 444 1533 minus,
465 1485 543 1522 imo
574 1498 621 1522 eo
651 1485 816 1535 amplius
845 1484 989 1521 levavit
1015 1497 1091 1522 vo-

72 1563 170 1596 cem,
201 1548 356 1586 vocavit
393 1547 556 1595 multos,
587 1546 838 1597 congregavit
870 1546 1089 1597 complices.

71 1615 160 1662 Quae
175 1610 222 1648 de
238 1623 299 1647 me
316 1608 365 1646 ad
387 1609 598 1660 discipulos
616 1621 707 1645 suos
723 1607 940 1659 scripserit,
963 1607 1091 1645 dicere

71 1686 146 1712 non
178 1685 285 1710 cur0.
318 1671 596 1710 Disseminavit
631 1669 798 1721 ubique,
837 1683 876 1707 se
909 1670 1003 1706 mihi
1031 1669 1092 1707 die

71 1741 206 1771 statuto
223 1731 325 1783 apud
342 1734 514 1770 Senonas
532 1744 826 1782 responsurum.
845 1731 947 1768 Exiit
964 1743 1091 1767 sermo

1161 1072 1257 1106 suae,
1291 1059 1466 1106 attende,
1501 1072 1654 1110 quaeso,
1688 1073 1736 1096 ex
1774 1068 1866 1096 tunc
1905 1068 1942 1097 ct
1983 1060 2188 1111 deinceps,

1160 1129 1304 1170 quanta
1320 1121 1409 1158 fecit
1431 1121 1569 1158 animae
1590 1129 1687 1167 tuae3
1707 1129 1850 1171 quanta
1869 1134 1939 1171 per
1957 1130 1992 1158 te
2014 1122 2190 1158 Ecclesiae

1160 1194 1256 1228 suae,
1278 1190 1421 1232 quanta
1452 1181 1491 1218 in
1525 1194 1617 1231 agro
1651 1181 1865 1228 dominico,
1898 1182 1995 1218 coelo
2030 1190 2067 1218 et
2089 1190 2192 1219 terra

1161 1242 1341 1289 testibus,
1373 1250 1450 1279 tam
1477 1250 1662 1292 potenter
1685 1255 1800 1291 quam
1831 1242 2037 1279 salubriter
2059 1243 2192 1280 evulsa

1159 1312 1249 1340 sunt
1266 1312 1304 1341 et
1325 1303 1542 1348 destructa3
1568 1311 1712 1352 quanta
1732 1316 1885 1339 rursum
1909 1302 2008 1340 bene
2030 1303 2192 1340 aedifica-

1160 1373 1215 1411 ta,
1246 1364 1440 1416 plantata,
1470 1372 1695 1414 propagata.
1720 1364 1926 1401 Suscitavit
1947 1367 2050 1401 Deus
2082 1364 2192 1400 furo-

1160 1438 1242 1462 rem
1275 1425 1609 1462 schismaticorum
1640 1425 1681 1461 in
1712 1433 1780 1461 tuo
1814 1433 2012 1476 tempore,
2047 1433 2090 1462 ut
2124 1433 2191 1462 tuo

1161 1500 1280 1538 opere
1301 1495 1611 1524 contererentur.
1632 1486 1720 1526 Vidi
1739 1487 1896 1524 stultum
1920 1488 2029 1523 firma
2046 1487 2190 1534 radice,

1160 1557 1198 1586 et
1238 1548 1367 1586 statim
1402 1547 1649 1585 maledictum
1682 1556 1740 1585 est
1769 1547 2053 1599 pulchritudini
2093 1547 2189 1599 ejus.

1159 1609 1267 1655 Vidi,
1288 1609 1467 1660 inquam,
1485 1609 1565 1646 vidi
1587 1609 1750 1660 impium
1781 1609 2131 1659 superexaltatum,
2156 1618 2194 1646 et

1160 1671 1353 1708 elevatum
1388 1671 1488 1708 sicut
1520 1669 1657 1708 cedros
1690 1669 1850 1717 Libani3
1882 1678 1920 1706 et
1953 1670 2132 1717 transivi,
2155 1679 2193 1707 et

1160 1746 1248 1771 ecce
1280 1746 1359 1770 non
1385 1741 1478 1770 erat.
1505 1734 1665 1782 Oportet
1693 1742 1838 1779 autem,
1868 1732 1938 1777 ait,
1960 1732 2124 1768 lzoercses
2155 1741 2193 1769 et

71 1794 116 1833 ad
133 1807 286 1841 omnes,
308 1801 346 1831 et
365 1806 445 1830 non
466 1793 596 1844 potuit
616 1806 676 1830 me
694 1793 827 1829 latere.
846 1791 1094 1829 Dissimulavi
1116 1797 1142 1834 C
1162 1795 1367 1833 schismata
1399 1808 1499 1842 esse,
1532 1803 1572 1831 nt
1599 1799 1665 1844 qm*
1690 1793 1845 1844 proban·
1873 1803 1976 1839 Slllll,
2001 1792 2195 1842 manifhstc'

71 1855 231 1906 primum
253 1869 262 1891 ε
284 1867 355 1892 nec
381 1854 483 1892 enim
507 1853 597 1891 satis
617 1866 776 1890 rumore
802 1852 986 1903 populari
1008 1865 1092 1889 mo—

70 1914 194 1954 vebar.
215 1915 363 1955 Cedens
391 1924 519 1952 tamen
543 1915 657 1967 (licet
681 1914 766 1960 vix,
794 1914 847 1951 ita
872 1923 915 1951 ut
942 1913 1091 1966 flerem).

71 1977 224 2016 consilio
246 1978 484 2023 amicorum,
510 1977 578 2027 qui
609 1976 784 2014 videntes
817 1976 1018 2027 quomodo
1052 1990 1092 2014 se

71 2039 174 2090 quasi
192 2039 240 2077 ad
254 2040 518 2090 spectaculum
535 2052 670 2076 omnes
683 2047 886 2090 pararent,
905 2037 1093 2076 timebant

71 2114 117 2139 ne
134 2100 180 2139 de
197 2109 330 2139 nostra
349 2100 523 2139 absentia
542 2109 580 2138 et
610 2100 834 2138 scandalum
862 2101 1011 2151 populo
1024 2130 1033 2147 ,
1054 2109 1092 2138 et

71 2175 210 2200 cornua
245 2171 464 2201 crescerent
497 2162 720 2200 adversario
740 2178 748 2209 ;
785 2171 822 2199 et
855 2162 945 2212 quia
981 2175 1092 2199 error

72 2224 182 2275 inagis
198 2225 508 2272 confirmaretur,
527 2238 614 2261 cum
634 2238 714 2261 non
733 2232 832 2261 esset
849 2224 915 2274 qui
931 2237 1092 2275 respon-

73 2283 174 2323 deret
199 2294 262 2323 aut
293 2285 596 2333 contradiceret3
630 2286 781 2323 occurri
813 2285 861 2322 ad
893 2286 1021 2322 locum
1053 2294 1091 2322 et

71 2344 185 2394 diem,
215 2347 428 2398 imparatus
466 2346 625 2397 quidem
662 2355 701 2384 et
731 2347 979 2394 immunitus,
1017 2347 1090 2384 nisi

72 2406 171 2457 quod
195 2407 291 2445 illud
324 2416 453 2445 mente
475 2407 701 2455 volvebam,
722 2409 851 2444 Nolite
873 2410 1090 2458 praemedi-

56 2472 160 2516 ¹tari,
187 2472 353 2519 qualiter
375 2471 639 2519 respondeatis
656 2484 668 2505 :
688 2469 846 2506 dabitur
863 2474 962 2506 enim
981 2469 1090 2506 vohis

71 2529 107 2565 in
123 2531 189 2566 illa
202 2530 294 2567 hora
310 2531 409 2580 quid
420 2533 634 2580 loquamini
650 2537 660 2552 ¹
681 2546 689 2568 ε
712 2539 749 2568 et
769 2530 883 2578 illud,
902 2533 1091 2568 Dominus

1147 1857 1256 1904 fiant
1273 1855 1299 1893 3.
1323 1860 1371 1894 Et
1390 1857 1430 1894 in
1454 1856 1658 1894 schismate
1679 1855 1838 1906 quidem
1856 1854 1936 1905 jam
1951 1885 1960 1902 ,
1982 1864 2025 1892 ut
2047 1854 2191 1892 dictum

1160 1927 1235 1966 est,
1257 1918 1450 1955 Dominus
1481 1917 1665 1969 probavit
1694 1925 1751 1964 te,
1776 1925 1813 1954 et
1834 1917 2016 1966 cognovit
2039 1924 2087 1953 te.
2119 1916 2192 1954 Sed

1160 1994 1209 2018 ne
1236 1980 1329 2031 quid
1348 1979 1445 2017 desit
1463 1993 1619 2017 corona?v
1642 1988 1735 2025 tuae,
1759 1991 1807 2015 en
1828 1977 1992 2015 haereses
2009 1991 2192 2015 surrexe-

1159 2051 1261 2079 runt.
1290 2045 1425 2092 Itaque
1453 2041 1501 2078 ad
1523 2040 1898 2078 consummationem
1921 2039 2130 2085 virtutum,
2155 2048 2193 2076 et

1159 2117 1208 2141 ne
1243 2103 1337 2154 quid
1374 2103 1501 2140 minus
1531 2102 1663 2140 secisse
1697 2101 1949 2138 inveniamini
1985 2114 2006 2137 a
2042 2101 2189 2151 magnis

1159 2165 1352 2217 episcopis
1381 2163 1690 2202 antecessoribus
1719 2162 1878 2208 vestris3
1902 2162 2026 2212 capite
2050 2160 2186 2208 nobis,

1158 2229 1272 2263 Pater
1309 2225 1590 2271 amantissime,
1633 2225 1770 2275 vulpes
1805 2236 1891 2274 quae
1926 2223 2191 2260 demoliuntur

1157 2287 1311 2324 vineam
1345 2287 1523 2334 Domini,
1559 2286 1683 2323 donee
1715 2286 1888 2336 parvulae
1923 2293 2042 2322 sunt:
2067 2298 2134 2331 ne,
2160 2284 2190 2321 si

1158 2357 1333 2386 crescant
1350 2357 1387 2385 et
1408 2348 1729 2398 multiplicentur,
1752 2346 1942 2398 quidquid
1969 2346 2102 2383 talium
2122 2360 2192 2397 per

1158 2424 1228 2447 vos
1252 2424 1329 2447 non
1352 2410 1466 2447 fuerit
1486 2409 1808 2455 exterminatum,
1827 2422 1848 2445 a
1865 2408 2030 2458 posteris
2049 2407 2190 2458 despe-

1158 2479 1277 2508 retur.
1297 2473 1527 2520 Quanquam
1554 2483 1633 2506 non
1652 2468 1732 2519 jam
1758 2469 1931 2519 parvulae
1953 2481 2023 2505 nec
2042 2482 2190 2518 paucu-

1159 2533 1225 2579 lae,
1247 2531 1313 2569 sed
1340 2540 1441 2568 certe
1467 2530 1750 2581 grandiusculae
1780 2537 1817 2566 et
1847 2529 1976 2565 multae
2000 2528 2097 2573 sint,
2121 2542 2193 2565 mc

73 2590 160 2627 milti
180 2593 343 2639 adjtctor,
370 2605 447 2628 non
476 2590 612 2628 timebo
644 2593 740 2642 quid
756 2590 887 2640 faciat
911 2593 1006 2629 milei
1026 2593 1095 2628 lzo—
1109 2595 1142 2630 D
1160 2593 1233 2630 nisi
1253 2593 1292 2629 in
1314 2606 1432 2629 manu
1452 2592 1542 2629 sorti
1559 2593 1620 2629 vel
1639 2605 1659 2628 a
1675 2590 1787 2628 vobis
1809 2588 2190 2627 exterminabuntur.

73 2657 167 2689 m02.
187 2655 464 2691 Convenerunt
490 2661 619 2690 autem
647 2662 791 2704 praeter
818 2654 1023 2705 episcopos
1053 2663 1091 2691 et

73 2711 221 2751 abbates
246 2715 405 2765 plurimi
431 2715 506 2752 viri
536 2715 725 2766 religiosi,
748 2724 786 2753 et
802 2715 849 2753 de
871 2716 1090 2754 civitatibus

72 2773 234 2824 magistri
260 2775 500 2824 scholarum,
521 2785 559 2814 et
578 2777 707 2815 cleriei
728 2778 884 2815 litterati
905 2778 1032 2826 multi3
1054 2787 1087 2816 et

73 2835 151 2872 Rex
167 2848 335 2886 praesens
354 2846 448 2875 erat.
467 2841 602 2889 Itaque
615 2838 655 2875 in
671 2839 876 2889 praesentia
897 2839 1088 2886 omnium,

74 2893 285 2945 adversario
318 2907 443 2938 stante
475 2914 525 2938 ex
562 2900 746 2947 adverso,
781 2900 974 2951 producta
1003 2909 1094 2938 sunt

63 2957 244 3006 ‘quaedam
270 2961 437 3011 capitula
467 2961 515 2999 de
542 2961 652 2999 libris
675 2960 759 3012 ejus
785 2970 980 3012 excerpta.
1000 2966 1095 3011 Quae

76 3028 158 3055 cum
185 3020 389 3071 coepissent
420 3022 516 3073 legi,
537 3024 675 3061 nolens
697 3023 830 3061 audire
863 3023 999 3071 exivit,
1029 3037 1099 3075 ap-

64 3075 216 3128 'pellans
235 3081 282 3119 ab
299 3083 429 3122 electis
444 3083 664 3134 judicibus,
688 3085 796 3137 quod
816 3098 896 3123 non
914 3093 1098 3137 putamus

77 3138 196 3179 licere.
215 3146 337 3182 Porro
366 3146 535 3197 capitula
562 3145 711 3197 judicio
743 3147 920 3185 omnium
949 3147 1096 3184 exami-

79 3208 179 3247 nata,
208 3202 364 3243 inventa
391 3215 482 3244 sunt
503 3206 591 3245 fidei
613 3207 879 3254 adversantia,
908 3207 1102 3245 contraria

1157 2654 1353 2692 Jacinctus
1374 2655 1495 2692 multa
1516 2654 1616 2691 mala
1640 2652 1810 2690 ostendit
1831 2650 1942 2688 nobis
1967 2666 1974 2688 ε
1999 2664 2070 2687 nec
2088 2650 2190 2687 enim

1157 2730 1244 2767 quae
1263 2716 1409 2762 voluit,
1436 2716 1545 2761 fecit,
1571 2716 1632 2752 vel
1651 2715 1789 2766 potuit.
1810 2713 1884 2752 Sed
1901 2713 2005 2750 visus
2024 2720 2080 2749 est
2098 2711 2192 2748 mihi

1158 2779 1353 2830 patienter
1391 2777 1573 2815 ferendus
1603 2777 1650 2814 de
1684 2789 1767 2822 me,
1804 2775 1871 2826 qui
1909 2787 1980 2812 nec
2012 2786 2191 2824 personae

1158 2849 1318 2886 vestrae,
1345 2853 1416 2877 nec
1435 2839 1551 2876 curiae
1570 2838 1608 2875 in
1636 2838 1742 2876 curia
1767 2837 1831 2874 illa
1858 2835 2033 2887 pepercit
2056 2850 2063 2872 :
2087 2833 2192 2885 quod

1162 2901 1298 2939 melius
1319 2901 1499 2939 Nicolaus
1528 2901 1599 2938 iste
1629 2913 1756 2947 meus,
1779 2899 1857 2936 imo
1884 2907 1922 2936 et
1947 2905 2087 2945 vester,
2105 2896 2194 2933 viva

1165 2963 1305 3001 reseret
1325 2975 1422 3000 voce
1437 2963 1465 2999 *.

129 3336 138 3352 ¹
155 3332 271 3365 Matih.
288 3345 329 3374 X,
352 3337 408 3367 19-
444 3355 483 3362 ··—
499 3343 513 3359 ²
529 3338 792 3377 Psal.cxv11,6.
810 3358 854 3361 —
873 3336 885 3361 3
904 3341 916 3370 1
934 3340 1009 3371 Cor.
1029 3348 1085 3375 xl,
1106 3340 1160 3369 19.
