2533 3920
372 238 441 274 135

360 314 547 365 jungens,
569 313 657 351 Sine
690 312 853 350 licentia.
882 315 1039 351 Constat
1066 313 1182 363 igitur
1217 313 1284 350 ubi
1303 326 1370 350 ve-
1389 314 1402 332 ‘²

1133 239 1168 272 S.
1200 237 1453 272 BERNARDI
1484 236 1684 271 ABBATIS

1411 314 1416 331 ¹
1438 312 1554 350 modo
1575 311 1767 349 exhibeas.
1785 314 1880 349 Cum
1901 319 1975 348 tam
1998 312 2147 361 patiens
2164 312 2233 359 sis,
2255 321 2298 350 ut
2318 326 2447 363 aquo-

2373 235 2445 272 13ss

364 375 477 422 ritas,
494 383 532 411 et
557 374 695 411 veritas
727 373 935 410 necessaria
966 374 1003 410 111
1036 387 1147 410 causa
1180 387 1257 410 non
1287 382 1342 409 est
1359 402 1368 419 ,
1389 375 1419 408 A
1436 372 1528 409 libet
1547 373 1658 409 etiam
1677 386 1754 422 quo
1770 385 1846 409 non
1865 370 1952 408 licet
1967 400 1976 418 ,
1998 371 2167 421 pertrahi
2188 385 2266 409 non
2284 381 2448 410 conten-

366 449 435 473 nec
457 436 558 472 licite
577 434 796 472 scandalum
817 434 1017 484 quodlibet
1037 448 1148 485 posse
1165 448 1184 471 a
1199 434 1372 484 quolibet

364 496 572 542 committi,
595 508 665 532 nec
681 493 782 544 juste
806 495 981 544 praecipi,
999 508 1069 531 nec
1091 495 1249 531 innoxie
1275 507 1371 530 con—

363 556 507 593 sentiri.
530 554 655 604 Hujus
677 562 802 590 tamen
821 554 998 604 patrandi
1018 555 1105 591 mali
1125 554 1371 604 quaerendam

363 617 523 666 putastis
551 628 631 652 esse
665 615 868 651 licentiam.
900 614 973 651 Sed
1008 614 1055 651 ad
1091 615 1210 664 quid?
1241 618 1299 650 An
1329 622 1371 650 ut

361 685 507 726 quanto
527 675 723 719 licentius,
747 682 851 710 tanto
877 674 1070 721 securius,
1093 683 1130 710 et
1151 688 1227 723 quo
1259 686 1370 709 secu-

362 737 441 772 rius
453 765 462 782 ,
478 748 524 772 eo
539 743 575 771 et
589 734 838 784 periculosius
855 734 1082 783 peccaretis?
1099 735 1192 771 Mira
1211 734 1370 780 cautela,

362 805 400 832 et
443 794 631 845 stupenda
674 793 937 843 providentia!
973 794 1115 830 Malum
1155 793 1259 843 quod
1291 792 1370 843 jam

361 856 478 893 corde
499 863 776 904 conceperant,
800 867 916 904 opere
942 862 1066 890 tamen
1094 855 1192 890 cauti
1216 854 1371 890 fuerunt

360 929 439 953 non
456 916 615 964 implere
632 915 702 951 nisi
719 927 806 951 cum
825 914 987 950 licentia.
1007 916 1276 963 Conceperunt
1297 913 1370 949 do-

360 978 495 1023 lorem,
519 975 584 1012 sed
605 988 682 1012 non
710 983 943 1024 pepererunt
961 975 1223 1024 iniquitatem,
1246 974 1369 1010 donec

359 1037 493 1086 iniquo
528 1040 629 1086 Papa
663 1035 866 1084 conceptui
901 1033 1125 1084 praebuisset
1157 1047 1365 1071 assensum.

1437 433 1524 480 das3
1549 434 1659 470 liceat
1679 442 1715 470 et
1741 446 1820 479 me,
1850 431 2033 479 obsecro,
2054 433 2171 482 paulo
2196 446 2299 470 nunc
2325 435 2449 471 confi-

1438 493 1589 530 dentius
1625 506 1735 542 agere
1768 501 1906 529 tecum.
1945 492 2126 541 Alioquin
2162 492 2259 529 male
2285 493 2449 530 multum

1439 553 1559 589 merui
1581 552 1627 589 de
1649 561 1684 589 te
1702 581 1711 598 ‚
1737 553 1767 589 si
1788 552 1800 603 (
1818 550 1923 601 quod
1945 551 2088 588 nemini
2113 551 2239 603 soles)
2260 552 2331 590 soli
2357 553 2450 590 mihi

1437 613 1715 663 indignandum
1734 612 1940 663 putaveris.

1510 675 1568 711 11.
1606 674 1726 723 Igitur
1774 682 1875 710 tuam
1925 672 2115 710 convenio
2161 673 2447 711 conscientiam.

1437 735 1596 782 volens,
1617 748 1665 771 an
1687 734 1828 771 invitus
1853 734 2048 784 profectus
2071 734 2133 770 es?
2162 733 2235 771 Sed
2256 733 2287 770 si
2306 747 2355 771 ex
2376 747 2450 771 vo·

1438 796 1603 843 luntate‚
1630 795 1709 845 jam
1734 809 1812 832 non
1836 808 1882 832 ex
1903 794 2131 831 obedientia.
2165 794 2202 833 Si
2231 803 2358 832 autem
2384 794 2450 831 in-

1439 857 1557 902 vitus,
1595 864 1811 907 suspectum
1842 855 1982 892 videris
2013 853 2188 892 habuisse
2220 855 2449 905 imperium,

1437 917 1496 954 eui
1520 916 1679 966 obsequi
1704 916 1935 966 gravabaris.
1962 915 2039 953 Ubi
2061 929 2154 952 vero
2179 915 2368 966 suspicio,
2396 914 2450 952 ibi

1436 976 1619 1014 discussio
1640 977 1862 1013 necessaria.
1882 980 2024 1014 Verum
2043 984 2084 1013 tu
2101 986 2143 1013 ut
2163 984 2236 1013 tuae
2253 975 2450 1026 patientiae

1435 1036 1545 1074 dares
1567 1037 1624 1073 vel
1656 1049 1810 1086 caperes
1833 1037 2166 1086 experimentum3
2195 1036 2289 1073 nihil
2319 1035 2449 1073 diseu-

358 1100 444 1145 Quo
478 1097 614 1132 lucro?
648 1108 775 1144 quove
807 1095 939 1131 saltem
977 1095 1207 1145 compendio
1245 1095 1363 1131 mali?
1385 1101 1412 1135 Β
1431 1098 1546 1143 tiens,
1569 1097 1665 1133 trahi
1686 1105 1720 1133 te
1741 1109 1872 1146 passus
1892 1109 1951 1143 es,
1974 1109 2053 1133 non
2075 1097 2198 1133 solum
2222 1104 2363 1146 praeter
2379 1109 2452 1132 vo-

356 1155 553 1206 Numquid
576 1155 664 1192 ideo
687 1163 751 1191 aut
778 1155 918 1191 malum
945 1168 1025 1192 esse
1049 1155 1186 1201 desiit,
1214 1163 1279 1192 aut
1303 1155 1363 1192 vel

358 1218 589 1254 minoratum
611 1224 689 1262 est,
708 1216 797 1266 quia
813 1219 913 1266 Papa
935 1216 1121 1253 concessit
1136 1219 1150 1253 P
1163 1216 1255 1264 Quis
1270 1229 1364 1253 vero

357 1278 499 1315 malum
532 1290 613 1314 esse
647 1285 781 1326 neget,
810 1290 1004 1313 assensum
1030 1276 1202 1327 praebere
1233 1276 1365 1313 malo?

358 1339 468 1388 Quod
501 1347 626 1375 tamen
657 1350 849 1374 summum
883 1337 1012 1374 fecisse
1042 1338 1269 1375 Pontiticem
1297 1350 1367 1373 ne-

358 1412 550 1448 quaquam
584 1397 811 1434 crediderim
830 1427 839 1444 ,
867 1397 937 1434 nisi
966 1405 1030 1434 aut
1063 1398 1366 1434 circumventum

357 1459 580 1504 mendacio,
606 1467 671 1495 aut
699 1458 989 1508 importunitate
1020 1458 1174 1494 victum.
1204 1458 1366 1506 Quando

356 1519 497 1556 etenim
524 1518 632 1555 aliter
657 1517 923 1567 hujuscemodi
949 1517 1059 1554 vobis
1087 1518 1276 1554 licentiam
1306 1518 1365 1554 in-

357 1580 550 1630 dulgeret,
581 1578 793 1616 seminandi
828 1578 1006 1615 videlicet
1040 1578 1234 1625 seandala,
1268 1578 1367 1615 schi-

355 1650 474 1678 smata
495 1639 724 1685 suscitandi,
747 1639 889 1675 amicos
910 1639 1182 1685 contristandi,
1205 1640 1364 1675 fratrum

355 1700 611 1739 conturbandi
632 1713 762 1750 pacem
779 1728 788 1745 ,
811 1707 849 1735 et
874 1698 1137 1735 confundendi
1155 1699 1339 1736 unitatem
1354 1728 1363 1745 ,

353 1762 634 1812 propriumque
651 1761 809 1810 insuper
823 1759 1095 1796 contemnendi
1114 1760 1364 1810 episcopum?

353 1827 402 1861 Et
417 1824 496 1860 haec
516 1835 591 1872 qua
618 1821 840 1858 necessitate
855 1849 864 1866 ,
889 1834 1041 1857 necesse
1063 1834 1140 1858 non
1162 1820 1284 1858 habeo
1307 1821 1365 1858 di-

1430 1159 1615 1195 luntatem
1636 1165 1739 1194 tuam
1757 1186 1766 1203 ,
1790 1157 1856 1194 sed
1883 1165 1920 1194 et
1946 1165 2081 1194 contra
2105 1156 2391 1194 conscientiam.
2417 1159 2448 1195 O

1431 1218 1614 1268 patientia
1633 1218 1736 1255 omni
1759 1218 1870 1267 digna
1888 1217 2146 1267 impatientia!
2168 1221 2253 1255 Non
2268 1230 2424 1268 possum
2437 1246 2447 1262 ,

1435 1279 1578 1324 fateor,
1608 1291 1687 1315 non
1724 1278 1834 1314 irasci
1869 1277 1957 1314 huic
1995 1277 2350 1315 contentiosissimae
2378 1291 2450 1329 pa-

1434 1339 1588 1375 tientiae.
1613 1337 1778 1376 Videbas
1801 1337 2088 1388 dispergentem
2113 1367 2122 1385 ‚
2144 1346 2182 1375 et
2201 1337 2421 1388 sequebaris
2440 1352 2448 1374 :

1435 1398 1611 1436 scandala
1640 1398 1846 1435 dictantem
1868 1397 2049 1435 audiebas
2064 1427 2073 1444 ‚
2096 1406 2134 1435 et
2162 1397 2447 1448 obsequebaris.

1433 1462 1530 1496 Vera
1551 1458 1732 1508 patientia
1750 1466 1830 1503 est,
1859 1457 1938 1507 pati
1957 1458 2017 1494 vel
2045 1471 2156 1507 agere
2185 1467 2318 1495 contra
2344 1458 2449 1508 quod

1435 1515 1552 1553 libeat
1584 1531 1591 1552 :
1621 1515 1687 1552 sed
1717 1528 1795 1551 non
1834 1523 1973 1564 praeter
2004 1515 2109 1565 quod
2145 1516 2268 1554 liceat.
2307 1518 2448 1555 Mirum

1433 1590 1527 1613 vero
1548 1576 1653 1626 quod
1673 1575 1868 1612 hominem
1886 1575 2066 1612 audiebas
2088 1577 2227 1614 furtive
2243 1591 2447 1615 susurran—

1435 1644 1509 1673 tem
1523 1666 1532 1683 ,
1553 1640 1676 1674 Deum
1701 1649 1780 1672 non
1798 1634 1979 1672 audiebas
1996 1644 2127 1686 aperte
2149 1637 2422 1675 reclamantem
2437 1668 2447 1685 ‚

1434 1697 1498 1733 tali
1519 1697 1625 1747 quasi
1653 1697 1801 1733 coelitus
1821 1696 1959 1733 emisso
1983 1697 2128 1734 tonitru
2157 1712 2165 1734 :
2202 1700 2271 1734 Voe
2297 1701 2357 1735 ille·
2379 1713 2452 1748 per

1432 1771 1539 1805 quem
1555 1758 1773 1792 scandalum
1790 1759 1894 1792 venit
1908 1763 1917 1777 ¹
1932 1759 1939 1792 I
1957 1760 2043 1794 Non
2064 1765 2211 1794 tantum
2231 1767 2359 1796 autem
2373 1764 2450 1797 Do-

1432 1818 1578 1864 minus,
1600 1817 1666 1854 sed
1694 1825 1732 1854 et
1750 1817 1900 1866 sanguis
1920 1817 2042 1867 ipsius
2067 1818 2234 1856 clamore
2254 1820 2451 1858 nihilomi-

353 1896 464 1928 cere,
496 1896 583 1919 cum
614 1881 669 1918 rei
703 1881 827 1918 exitus
863 1881 951 1918 satis
980 1881 1134 1918 indicet.
1166 1882 1410 1921 ProfectosC
1433 1892 1504 1916 nus
1532 1878 1771 1923 vehementi,
1804 1877 1930 1914 surdis
1965 1878 2077 1924 licet,
2105 1879 2328 1918 terribiliter
2352 1881 2450 1918 irru-

356 1956 496 1993 nempe
517 1942 733 1992 plangimus
749 1970 758 1988 ‚
784 1942 998 1991 profectum
1019 1954 1097 1977 non
1119 1941 1323 1978 cernimus.

413 2006 471 2042 10.
494 2005 562 2041 Η15
596 2016 687 2053 ergo
709 2002 845 2039 talibus
874 2011 911 2039 et
938 2011 1012 2039 tam
1042 2002 1222 2052 gravibus
1256 2003 1366 2039 malis

355 2065 445 2102 dare
471 2077 688 2110 assensum,
724 2062 906 2100 exhibere
937 2062 1184 2113 obsequium,
1212 2063 1363 2114 impen-

355 2125 445 2162 dere
466 2124 719 2174 adjutorium,
736 2132 775 2160 tu
792 2124 883 2160 1111111
901 2123 1157 2161 obedientiam
1174 2125 1362 2170 nominas,

355 2186 580 2222 modestiam
619 2198 819 2234 nuncupas
837 2213 846 2231 ,
885 2185 1054 2234 appellas
1102 2185 1364 2222 mansuetudi-

354 2248 466 2283 nem?
486 2250 541 2283 Tu
558 2275 566 2292 ‚
590 2246 744 2295 inquam
761 2273 769 2290 ,
790 2245 939 2281 conaris
958 2245 1122 2294 pessima
1143 2245 1231 2281 vitia
1247 2245 1366 2282 virtu-

354 2316 433 2344 tum
456 2307 611 2357 palliare
642 2305 889 2342 nominibus?
915 2309 972 2342 An
1002 2313 1037 2342 te
1061 2314 1172 2356 putas
1192 2306 1265 2342 hoc
1285 2306 1366 2342 sine

352 2367 494 2416 injuria
515 2367 636 2403 facere
664 2366 818 2403 Domini
840 2366 1047 2412 virtutum,
1082 2365 1187 2416 quod
1214 2366 1367 2402 virtuti-

353 2427 423 2464 bus
453 2427 542 2463 faeis
574 2425 783 2475 injuriam?
808 2426 1058 2463 Vanissimum
1092 2426 1366 2476 praesumptio—

352 2501 437 2524 nem
454 2517 463 2534 ‚
500 2486 755 2536 turpissimam
792 2487 983 2523 levitatem
1009 2515 1018 2532 ‚
1063 2487 1365 2523 crudelissimam

350 2547 624 2585 dissensionem
640 2576 649 2593 ,
668 2546 894 2583 obedientiae
912 2576 920 2592 ,
946 2547 1142 2583 modestiae
1156 2575 1165 2592 ,
1185 2559 1365 2583 mansue-

352 2608 493 2644 tudinis
515 2605 735 2643 nominib'us
756 2607 878 2652 velas,
897 2614 935 2642 et
954 2607 1092 2643 velatis
1113 2605 1291 2642 sordibus
1312 2618 1366 2642 sa-

1432 1938 1569 1988 giebat.
1587 1939 1740 1976 Clamor
1760 1936 1856 1986 ejus,
1870 1937 1953 1987 ejus
1968 1939 2116 1976 effusio.
2133 1940 2287 1978 Effusus
2303 1942 2448 1992 quippe

1432 2012 1504 2048 pro
1531 1999 1712 2049 dispersis
1742 1999 1828 2035 filiis
1859 1998 1930 2036 Dei
1961 2007 2004 2035 ut
2030 2012 2096 2036 eos
2129 2011 2379 2051 congregaret
2408 2004 2447 2039 111

1432 2073 1574 2106 unum,
1592 2058 1695 2108 juste
1720 2057 1907 2095 fremebat
1934 2059 1973 2095 in
1996 2059 2244 2110 dispersores.
2267 2061 2358 2100 Odit
2386 2063 2448 2099 ni-

1432 2121 1571 2157 mirum
1604 2119 1865 2169 dispersores,
1898 2120 2067 2169 quinon
2099 2121 2208 2158 novit
2240 2122 2311 2159 nisi
2343 2124 2444 2160 colli-

1431 2194 1531 2231 gere.
1562 2184 1723 2230 Magnus
1752 2179 1835 2229 ejus
1861 2181 2030 2227 clamor,
2061 2190 2100 2218 et
2130 2182 2361 2230 vehemens,
2383 2185 2449 2234 qui

1432 2254 1595 2292 corpora
1617 2240 1662 2278 de
1683 2241 1885 2291 sepulcriS,
1914 2241 2059 2278 animas
2086 2241 2133 2279 ab
2154 2242 2284 2280 inferis
2307 2246 2450 2282 excita-

1432 2302 1497 2339 vit.
1519 2306 1675 2339 Terram
1709 2302 1904 2351 coelosque
1936 2301 2027 2339 tuba
2055 2303 2119 2340 illa
2150 2305 2379 2341 convocavit
2409 2305 2448 2342 in

1434 2376 1553 2400 unum
1571 2392 1580 2410 ,
1609 2362 1755 2412 quippe
1780 2375 1865 2411 quae
1899 2362 1939 2398 in
1966 2370 2066 2400 terra
2089 2371 2127 2400 et
2153 2377 2238 2414 quae
2272 2365 2311 2401 in
2343 2365 2448 2402 coelis

1435 2432 1542 2470 sunt,
1564 2423 1779 2473 pacificans.
1798 2425 1842 2459 In
1858 2435 2011 2459 omnem
2034 2430 2174 2460 terram
2195 2424 2313 2461 exivit
2329 2437 2448 2462 sonus

1432 2484 1514 2530 ille,
1532 2492 1569 2520 et
1585 2491 1749 2520 vestram
1771 2496 1849 2519 non
1863 2483 1984 2520 valuit
1999 2496 2179 2534 rumpere
2197 2484 2448 2522 surditatem?

1432 2548 1517 2581 Vox
1537 2556 1675 2594 nempe
1698 2543 1761 2579 illa
1781 2543 1983 2597 invii-tute
2005 2557 2012 2579 :
2033 2557 2110 2580 vox
2129 2543 2193 2580 illa
2211 2544 2251 2581 in
2269 2545 2445 2595 magnifi-

1434 2603 1569 2640 centia.
1592 2606 1639 2639 Et
1661 2602 1755 2652 quid
1775 2603 1941 2640 clamat?
1959 2605 2154 2653 Exsurgat
2171 2607 2296 2650 Deus,
2315 2614 2351 2641 et
2367 2607 2447 2641 dis-

352 2681 415 2704 era
436 2668 497 2703 illa
518 2666 708 2703 voeabula
729 2666 909 2702 maculas.
942 2669 1049 2701 Hanc
1070 2679 1140 2714 ego
1170 2678 1365 2714 nunquam
1388 2669 1417 2702 D
1431 2669 1600 2713 sipeutm·
1628 2666 1770 2699 im'mici
1796 2664 1875 2710 (jus
1894 2670 1920 2699 ².
1939 2666 1988 2702 Et
2006 2665 2145 2701 iterum
2167 2679 2175 2702 :
2195 2668 2378 2715 Disperge
2395 2668 2446 2702 il-

354 2729 511 2763 aemuler
532 2726 789 2763 obedientiam
809 2740 816 2761 :
841 2726 952 2762 talem
980 2725 1071 2761 mihi
1095 2738 1291 2774 nunquam
1318 2725 1364 2760 11-

355 2786 442 2823 beat
463 2787 709 2831 modestiam,
733 2787 791 2822 vel
815 2786 944 2836 potius
963 2786 1174 2821 molestiam
1199 2785 1334 2821 imitari
1355 2800 1362 2821 z

354 2846 617 2896 hujuscemodi
650 2846 904 2882 mansuetudo
934 2859 1085 2895 semper
1122 2846 1233 2894 longe
1262 2846 1325 2881 liat
1345 2860 1364 2881 a

356 2921 427 2944 me.
448 2907 546 2943 Talis
563 2906 748 2955 siquidem
768 2905 985 2942 obedientia
1003 2906 1108 2941 omni
1123 2914 1177 2941 est
1194 2914 1365 2941 contem—

356 2976 425 3017 ptu
448 2966 615 3003 deterior
636 2981 642 3002 ε
670 2965 751 3001 talis
775 2979 928 3014 quoque
955 2965 1138 3001 modestia
1162 2965 1261 3001 ultra
1282 2979 1365 3001 om-

355 3041 442 3064 nmn
462 3027 617 3064 modum
643 3026 871 3062 extenditur.
899 3027 1005 3063 [ltra
1023 3026 1163 3071 dicam,
1183 3039 1229 3062 an
1246 3026 1362 3062 citra?

354 3089 426 3128 Sed
445 3089 571 3125 verius
593 3088 748 3124 forsitan
770 3096 807 3124 et
829 3096 992 3136 utroque
1011 3087 1290 3135 competentius
1311 3087 1363 3123 (11-

356 3149 498 3194 xcrim,
523 3157 641 3185 extra.
669 3148 799 3196 Qualis
824 3148 989 3197 denique
1010 3148 1071 3183 illa
1099 3156 1154 3183 est
1185 3161 1362 3184 mansue-

357 3209 476 3255 tudo,
512 3222 596 3259 qua»,
626 3209 708 3258 ipso
736 3209 847 3245 etiam
876 3208 1007 3244 auditu
1046 3208 1217 3244 omnium
1254 3221 1364 3244 aures

355 3271 578 3319 exasperat}¹
606 3270 701 3306 Volo
730 3278 853 3305 tamen
879 3282 960 3305 eam
991 3269 1109 3318 ipsam
1134 3277 1173 3304 111
1203 3277 1237 3303 et
1273 3269 1361 3304 mihi

406 3403 414 3418 ¹
435 3397 548 3429 Manli.
567 3409 671 3435 xxm,
688 3401 717 3429 7.
736 3417 776 3421 ——-
797 3398 904 3429 2Ρ5111.
925 3409 1036 3434 1,.11111,
1062 3401 1091 3428 2.
1113 3416 1155 3419 —
1172 3395 1185 3419 3
1206 3396 1288 3428 Psal.
1313 3407 1415 3432 rix-111,
1439 3399 1489 3427 12.

1431 2727 1485 2760 los
1503 2728 1540 2759 iu
1561 2728 1699 2760 vimine
1721 2733 1800 2768 tua,
1820 2733 1855 2760 et
1871 2726 2018 2773 clepone
2035 2738 2108 2769 eos,
2128 2734 2320 2774 protector
2343 2739 2446 2762 meus

1434 2787 1592 2820 Domine
1613 2783 1639 2821 3.
1675 2785 1833 2834 Sanguis
1862 2785 2000 2823 Christi
2035 2794 2116 2831 est,
2152 2786 2268 2823 frater
2300 2785 2444 2833 Adam,

1432 2845 1583 2894 sanguis
1604 2845 1740 2883 Christi
1763 2854 1836 2891 est,
1857 2846 1921 2895 qui
1942 2860 2014 2896 pro
2035 2847 2107 2897 piis
2123 2847 2362 2897 congregatis
2381 2847 2446 2884 ad-

1432 2918 1565 2941 versus
1598 2905 1735 2955 impios
1763 2905 2000 2955 dispersores
2028 2906 2136 2956 quasi
2174 2905 2265 2943 tuba
2302 2907 2444 2944 exaltat

1432 2978 1565 3001 vocem
1587 2979 1705 3003 suam.
1726 2967 1894 3003 Minatur
1913 2975 2040 3004 autem
2062 2979 2101 3003 se
2122 2966 2358 3016 dispersores
2381 2967 2443 3004 di-

1432 3039 1610 3075 spergere
1627 3054 1635 3070 ,
1659 3026 1722 3076 qui
1745 3040 1817 3076 pro
1841 3027 2022 3077 dispersis
2052 3027 2275 3076 colligendis
2299 3028 2444 3065 effusus

1429 3095 1496 3123 est.
1520 3090 1566 3123 Et
1587 3086 1615 3122 si
1639 3086 1721 3136 ejus
1742 3100 1875 3124 vocem
1902 3095 1942 3124 tu
1970 3099 2047 3123 non
2077 3086 2207 3133 audis,
2232 3086 2340 3124 audit
2358 3099 2440 3124 eam

1431 3147 1477 3184 de
1495 3145 1603 3195 eujus
1621 3147 1738 3184 latere
1755 3146 1934 3183 manavit.
1951 3145 2158 3194 Quomodo
2173 3158 2339 3196 namque
2352 3159 2442 3196 pro-

1430 3207 1556 3258 prium
1583 3220 1658 3243 non
1690 3207 1817 3252 audit,
1845 3206 1910 3256 qui
1937 3206 2029 3244 Abel
2063 3206 2288 3257 sanguinem
2309 3205 2440 3243 audie-

1431 3268 1492 3304 bat
1516 3268 1528 3293 *
1545 3269 1559 3303 P

1521 3396 1688 3426 -ψήίὶῡιι,
1720 3406 1771 3433 xv,
1806 3399 1856 3426 tu.
