2517 3936
87 215 185 253 1413

751 214 1036 250 TRACTATUS
1065 214 1131 249 DE
1162 213 1423 257 BAP'l'ISMO,
1456 221 1526 248 etc.

2079 220 2177 256 1414

84 297 195 330 Hunc
209 304 300 342 ergo
321 290 386 341 qui
405 291 442 327 in
461 290 622 330 articulo
644 290 776 326 mortis
793 304 870 327 non
889 291 1012 328 solum
1034 290 1094 327 in-
1104 289 1154 308 ⁶²⁹
1166 298 1238 327 tur.
1270 293 1355 327 Non
1381 290 1484 340 quod
1514 290 1571 326 vel
1602 291 1671 340 ipsi
1689 320 1696 336 ,
1730 295 1883 343 quando
1914 295 2169 346 baptizantur,

82 360 194 390 vocat
214 352 422 390 Dominum
437 354 567 388 Jesntn
581 379 590 396 ,
616 350 680 387 sed
707 350 826 400 ipsius
842 364 997 400 quoque
1016 359 1097 388 toto
1118 357 1143 390 A
1164 350 1238 387 fide
1258 350 1418 387 omnino
1441 358 1620 397 careant,
1649 351 1729 387 sine
1757 367 1831 402 qua
1859 355 2092 404 impossibile
2115 366 2171 394 est

81 410 270 449 desiderio
304 412 449 462 expetit
479 415 787 457 Sacramentum3
824 411 994 448 dicemus
1030 421 1095 448 aut

81 485 159 510 non
181 472 288 522 loqui
308 472 346 509 in
370 473 512 523 Spiritu
534 480 687 518 sancto,
707 480 745 508 et
763 463 968 508 falsus'erit
987 476 1093 521 Apo-

81 532 222 579 stolus;
243 541 307 568 aut
325 540 362 569 et
379 545 464 568 cum
487 531 628 582 Spiritu
647 539 778 568 sancto
796 529 992 567 damnari?
1012 532 1094 569 Sal-

80 601 252 630 vatorem
275 592 390 629 habet
411 591 644 629 habitantem
670 604 740 641 per
766 590 879 627 fidem
905 592 941 627 in
964 590 1093 637 corde,

81 662 120 690 et
143 653 181 690 in
209 667 276 690 ore
296 666 366 703 per
396 652 695 697 confessionem,
726 659 764 687 et
789 664 873 687 cum
899 652 1093 688 Salvatore

82 712 352 750 damnabitur?
367 716 442 750 Pro
464 720 590 757 certo,
617 724 704 747 cum
723 723 799 746 non
818 711 972 747 aliunde
993 724 1094 747 mar-

83 774 224 823 tyrium
242 802 252 820 ,
281 772 353 810 nisi
381 786 429 809 ex
460 771 550 809 fidei
581 772 718 808 merito
751 771 855 808 illam
884 771 1095 808 obtinuerit

79 832 370 884 praerogativam
384 861 394 879 ‚
413 840 456 869 ut
475 832 716 882 singulariter
736 833 816 869 vice
834 832 1017 884 Baptismi
1033 845 1094 869 se-

80 906 171 930 cure
189 892 434 944 suscipiatur3
460 906 537 930 non
558 892 670 930 video
690 904 758 929 cur
780 906 859 930 non
885 894 968 944 ipsa
987 906 1094 943 aeque

80 962 119 991 et
135 954 216 992 sine
233 954 419 1004 martyrio
436 953 540 1005 apud
554 957 675 991 Deum
696 953 933 991 tantumdem
951 954 1093 1005 possit,

80 1014 142 1051 cui
167 1023 206 1052 et
231 1014 313 1052 sine
338 1015 513 1065 martyrii
541 1014 798 1066 probamento
820 1015 955 1066 procul
975 1014 1093 1052 dubio

1161 412 1219 448 vel
1242 411 1344 461 ipsos
1361 411 1512 461 placere
1529 415 1610 448 Deo
1630 426 1637 448 :
1660 411 1724 447 sed
1742 413 1937 451 salvantur
1958 424 1996 452 et
2014 417 2084 465 ipsi
2100 429 2170 466 per

1161 470 1273 507 tidem
1289 499 1298 517 ,
1325 484 1402 507 non
1427 479 1551 507 tamen
1575 484 1700 515 suam,
1724 471 1788 507 sed
1810 473 1982 511 alienam.
2004 476 2167 524 Dignum

1162 544 1299 580 nempe
1330 539 1387 567 est
1411 539 1449 567 et
1474 530 1521 567 ad
1546 531 1615 567 Dei
1639 539 1782 580 spectat
1810 531 2099 581 benignitatem,
2131 546 2170 573 ut

1161 589 1300 640 quibus
1336 589 1447 626 {idem
1481 598 1570 626 aetas
1606 589 1768 639 denegat
1799 592 1993 641 propriam
2010 621 2018 637 ,
2052 594 2169 641 gratia

1160 649 1343 699 prodesse
1367 650 1552 687 concedat
1572 649 1744 686 alienam.
1766 654 1842 687 Nec
1863 651 1963 687 enim
1984 652 2170 702 Omnipo-

1162 711 1273 747 tentis
1289 710 1436 760 justitia
1455 710 1651 761 propriam
1672 719 1782 761 putat
1801 710 1849 747 ab
1869 711 1926 747 his
1947 711 2170 761 exigendam

1161 770 1296 817 fidem,
1319 785 1416 821 quos
1432 771 1539 808 novit
1559 770 1756 821 propriam
1775 771 1917 807 nullam
1940 770 2079 808 habere
2097 772 2173 808 cul·

1161 845 1262 881 pam.
1282 835 1402 869 Porro
1423 832 1542 869 aliena
1560 844 1657 881 opus
1672 839 1728 867 est
1748 830 1841 877 fide,
1861 844 1946 867 cum
1962 831 2041 867 sine
2059 831 2172 868 sorde

1162 904 1240 928 non
1259 900 1464 928 nascantur
1482 891 1604 928 aliena
1627 905 1635 927 z
1662 898 1849 940 quatenus
1869 903 1939 927 nec
1958 903 1980 927 a
2004 891 2172 941 parvulis

1161 952 1325 988 alienum
1349 952 1416 998 sit,
1440 951 1543 1002 quod
1566 951 1612 987 de
1633 949 1812 987 omnibus
1832 951 2059 1000 generaliter
2076 950 2170 988 dici-

1162 1020 1236 1057 tur,
1258 1015 1351 1048 Fttle
1369 1015 1556 1049 mundans
1577 1014 1688 1047 c'orda
1712 1010 1873 1048 eor111713.
1893 1015 1969 1049 Nec
1987 1010 2145 1048 dubium
2161 1041 2170 1059 ‚

80 1075 296 1113 innotescit.
331 1075 455 1114 Possit
486 1089 576 1113 sane
603 1075 841 1113 tantumdem
860 1105 869 1123 ,
900 1076 1060 1113 dixerim
1079 1105 1089 1122 ,
1115 1079 1143 1113 Β
1164 1072 1267 1122 quod
1284 1074 1429 1110 macula
1446 1081 1640 1110 contracta
1658 1071 1704 1108 ab
1720 1072 1818 1118 aliis,
1838 1071 1998 1108 aliorum
2017 1084 2170 1121 quoque

80 1144 268 1184 quantum
290 1135 337 1173 ad
355 1136 486 1173 salutis
506 1144 651 1187 spectat
671 1135 872 1173 obtentum
886 1165 895 1182 ‚
924 1149 1003 1173 non
1024 1149 1095 1173 au-

82 1204 156 1232 tem
175 1195 224 1233 ad
244 1196 370 1234 meriti
390 1198 586 1234 cumulum
598 1226 607 1243 ,
625 1211 702 1247 quo
718 1196 981 1234 indubitanter
999 1210 1096 1234 mar-

81 1257 222 1306 tyrium
243 1258 444 1296 antecellit.
466 1259 665 1310 Legimus,
694 1262 828 1296 Omnis
842 1263 906 1308 qui
925 1261 1003 1295 odit
1017 1256 1097 1304 fra-

81 1325 172 1353 trem
188 1331 318 1362 ιςιιιιιη,
336 1319 526 1354 homin-Ida
541 1326 612 1355 est¹
634 1334 641 1356 ς
660 1328 697 1356 et
718 1319 828 1366 item,
862 1321 936 1366 Qui
958 1321 1099 1355 viderit

81 1379 272 1413 mulierem
295 1379 350 1414 acl
369 1381 698 1427 concupiscendum
720 1393 823 1424 eam,
833 1380 920 1425 jam
938 1379 1099 1415 ἣκει-[ιιι-

81 1444 138 1472 tus
156 1440 265 1472 estin
281 1439 393 1473 corde
411 1443 512 1474 suo²÷
533 1437 633 1486 Quid
652 1438 823 1488 planius,
841 1438 946 1488 quod
961 1438 1100 1474 volun-

82 1504 138 1533 tas
161 1509 233 1546 pro
266 1492 365 1534 facto
399 1506 622 1548 reputetur,
653 1498 719 1535 ubi
756 1499 894 1536 factum
931 1495 1100 1536 excludit

82 1556 310 1593 necessitas?
331 1557 410 1595 Nisi
429 1558 528 1595 forte
548 1567 705 1609 putetur
725 1559 761 1595 in
782 1559 903 1605 malo,
924 1572 1037 1609 quam
1061 1560 1100 1596 in

82 1615 187 1653 bono
215 1616 411 1655 efficacior
443 1618 609 1655 inveniri
634 1619 812 1655 voluntas
840 1619 943 1669 apud
975 1624 1100 1657 Deum

81 1676 148 1726 qui
172 1676 335 1715 charitas
351 1686 429 1725 est;
451 1686 489 1715 et
506 1679 724 1729 promptior
743 1692 824 1716 esse
841 1678 889 1716 ad
910 1680 1099 1717 ulciscen-

83 1737 201 1783 dum,
236 1752 351 1788 quam
382 1739 431 1776 ad
463 1740 789 1777 remunerandum
818 1741 1034 1779 misericors
1063 1750 1101 1778 et

82 1798 285 1836 miserator
304 1800 505 1838 Dominus.
527 1801 733 1849 Quomodo
753 1802 784 1838 is
807 1802 872 1852 qui
892 1802 1016 1839 alieno
1037 1802 1101 1839 de-

81 1858 165 1896 bito
185 1872 225 1896 se
249 1860 368 1897 teneri
389 1860 487 1898 forte
504 1861 542 1898 in
563 1862 742 1898 extremis
770 1863 917 1911 positus
939 1863 1096 1909 recolit,
1121 1870 1148 1905 C

83 1919 114 1956 si
134 1918 231 1956 desit
251 1919 352 1957 unde
371 1921 589 1970 persolvat,
606 1922 686 1958 sola
702 1922 950 1959 nibilominus
970 1924 1095 1972 poeni-

86 1980 208 2017 tentia
241 1988 280 2016 et
314 1980 439 2018 cordis
467 1981 700 2018 contritione
734 1981 909 2019 obtinere
944 1983 1096 2020 veniam

84 2039 268 2087 creditur,
291 2054 340 2077 ne
356 2039 435 2090 jam
457 2055 529 2092 pro
555 2055 600 2079 eo
622 2042 826 2079 damnetur
844 2057 851 2079 ε
877 2043 928 2079 sic
949 2044 1028 2080 sola
1050 2045 1096 2080 fi-

84 2099 151 2137 des
164 2108 202 2137 et
215 2101 353 2138 mentis
366 2101 413 2138 ad
429 2106 553 2140 Deum
571 2103 772 2140 conversio
784 2131 793 2148 ,
813 2103 893 2139 sine
910 2104 1097 2140 effusione

84 2160 302 2211 sanguinis,
338 2170 376 2198 et
408 2162 489 2198 sine
520 2162 740 2212 perfusione
773 2175 904 2212 aquae,
937 2163 1095 2199 salutem

85 2220 165 2258 sine
185 2220 304 2258 dubio
325 2230 507 2272 operatur
534 2223 697 2268 volenti,
732 2222 797 2259 sed
822 2235 900 2259 non
929 2223 1094 2268 valenti,

85 2280 318 2331 prohibente
337 2282 471 2319 mortis
501 2282 682 2329 articulo,
709 2281 906 2332 baptizari.
937 2286 982 2320 Et
1001 2283 1097 2320 sicut

85 2341 190 2379 nulla
211 2342 272 2379 'illi
294 2342 520 2392 poenitentia
544 2343 750 2380 remittitur
780 2352 978 2393 peccatum
996 2372 1006 2389 ,
1037 2344 1095 2390 si,

85 2414 173 2438 cum
201 2402 342 2452 possit,
372 2415 451 2439 non
474 2402 639 2439 restituit
660 2402 829 2439 ablatum
849 2418 856 2440 :
884 2403 936 2440 sic
954 2412 990 2440 et
1010 2403 1098 2440 huic

86 2462 192 2499 nulla
205 2462 380 2512 proderit
400 2462 512 2509 fides,
533 2463 584 2509 si,
606 2476 692 2499 cum
714 2463 850 2513 possit,
872 2476 950 2500 non
971 2464 1098 2514 perci-

87 2523 144 2574 pit
171 2525 472 2561 Sacramentum.
493 2528 720 2574 Quanquam
743 2532 781 2561 et
799 2524 910 2561 fidem
937 2525 1099 2561 convin-

88 2584 188 2621 citur
213 2597 293 2620 non
319 2583 460 2621 habere
491 2584 698 2634 perfectam
715 2614 725 2631 ,
752 2584 783 2621 si
812 2585 980 2635 negligit.
1002 2589 1099 2622 Vera

1162 1133 1236 1169 side
1277 1134 1400 1170 valeat
1443 1134 1502 1171 vel
1536 1132 1672 1170 debeat
1707 1132 1918 1169 emundari.
1956 1135 2046 1168 Haec
2083 1140 2172 1169 sunt

1161 1193 1459 1244 quippejudicia
1479 1193 1617 1230 divinae
1630 1192 1807 1242 justitiae,
1832 1193 1872 1229 in
1890 1191 2029 1242 quibus
2045 1192 2172 1228 exsul—

1164 1263 1247 1291 tans
1279 1263 1431 1291 sanctus
1451 1254 1574 1292 David
1591 1283 1600 1300 ,
1624 1251 1848 1300 Memor-fui
1863 1281 1875 1297 ‚
1896 1253 2044 1303 inquit,
2059 1254 2171 1299 sudi-

1164 1321 1303 1351 ciorum
1322 1325 1465 1351 tuorum
1483 1329 1507 1351 (ι
1524 1317 1676 1359 soeculo,
1702 1316 1879 1357 Domine,
1905 1322 1942 1348 et
1962 1315 2172 1348 consolatus

1165 1376 1284 1411 sunfl'.
1310 1379 1517 1425 Hucusque
1541 1374 1586 1411 de
1608 1374 1676 1410 his.

1514 1507 1691 1546 CAPL‘T
1722 1505 1796 1545 111.

1167 1635 1274 1665 Justos
1298 1633 1410 1664 xeteris
1432 1631 1625 1664 Testamenti
1648 1641 1712 1662 non
1738 1635 1800 1660 tam
1821 1629 1936 1660 claram
1956 1627 2102 1658 habuisse
2121 1638 2178 1659 no-

1214 1687 1313 1718 titiam
1337 1686 1515 1718 futurorum
1535 1685 1758 1729 mysteriorum
1774 1682 1866 1720 fidei,
1890 1692 1983 1723 qnam
2004 1693 2059 1712 nos
2081 1681 2176 1712 habe.-

1215 1753 1284 1773 mus
1299 1741 1542 1785 praeteritorum.

1227 1864 1285 1900 10,
1303 1861 1446 1900 Asserit
1459 1868 1658 1911 praeterea,
1678 1866 1720 1894 ut
1737 1856 1848 1902 dicis,
1865 1856 1927 1892 ille
1943 1867 2057 1904 quem
2073 1854 2179 1902 dicis,

1164 1936 1298 1959 omnes
1314 1922 1493 1970 antiquos
1509 1919 1654 1969 justos,
1674 1925 1865 1968 quotquot
1882 1915 2058 1952 videlicet
2075 1914 2181 1951 Chri«

1164 1983 1210 2020 sti
1251 1982 1459 2019 adventum
1501 1986 1802 2030 praecesserunt,
1841 1984 1981 2014 tantam
2019 1974 2177 2011 omnino

1164 2042 1338 2079 habuisse
1383 2040 1659 2092 praescientiam
1709 2039 1926 2075 futurorum
1943 2065 1953 2082 ,
1997 2043 2178 2085 quantam

1164 2116 1256 2149 nos,
1277 2103 1343 2152 qui
1370 2110 1458 2152 post
1475 2113 1624 2145 sumUS‚
1652 2098 1933 2149 praeteritorum
1954 2096 2147 2133 scientiam
2167 2110 2176 2132 :

1164 2163 1215 2199 ita
1239 2171 1282 2199 ut
1312 2162 1440 2198 nullus
1460 2161 1519 2197 vel
1552 2160 1780 2209 simplicium
1807 2157 2000 2207 justorum
2033 2155 2177 2204 aliquid

1163 2236 1322 2273 prorsus
1335 2223 1529 2272 ignoraret
1547 2234 1595 2256 ex
1613 2218 1792 2257 omnibus
1807 2246 1816 2263 ,
1837 2230 1921 2267 quae
1936 2215 2050 2252 modo
2067 2214 2178 2251 nobis

1163 2283 1380 2332 evangelica
1410 2281 1544 2332 pandit
1574 2279 1742 2317 historia.
1774 2277 1889 2315 Verbi
1917 2276 2058 2325 gratia,
2082 2278 2178 2312 Ver-

1162 2343 1254 2380 bum
1286 2343 1521 2379 incarnatum
1538 2370 1547 2387 ‚
1580 2348 1733 2391 partum
1762 2336 2006 2387 virginalem,
2031 2335 2175 2371 doctri-

1165 2416 1252 2440 nam
1281 2402 1484 2440 Salvatoris
1499 2430 1508 2447 ,
1544 2399 1748 2444 miracula,
1779 2410 1930 2434 crucem
1948 2424 1957 2441 ,
1993 2402 2176 2440 mortem,

1165 2463 1399 2512 sepulturam
1418 2490 1428 2507 ,
1462 2460 1684 2497 descensum
1724 2457 1771 2494 ad
1798 2457 1964 2501 inferos,
2002 2466 2174 2491 resurr(-

1167 2524 1352 2569 ctionem,
1371 2531 1408 2559 et
1429 2521 1476 2558 ad
1497 2521 1612 2558 coelos
1633 2518 1912 2562 ascensionem,
1943 2515 1995 2552 sic
2013 2513 2170 2551 omnino

1167 2582 1344 2620 omnibus
1376 2582 1530 2618 illorum
1561 2589 1777 2629 temporum
1806 2576 1918 2626 justis
1931 2604 1941 2621 ,
1975 2583 2012 2611 et
2045 2581 2176 2623 aperte

88 2643 191 2680 enim
209 2651 248 2680 et
267 2643 382 2693 plena
402 2643 494 2681 fides
516 2644 696 2682 universa
717 2654 909 2696 praecepta
930 2645 1097 2696 comple—
1116 2652 1147 2686 D
1168 2643 1315 2690 omnia,
1344 2651 1382 2679 et
1408 2642 1582 2678 distincte
1613 2639 1760 2689 singula
1786 2637 1898 2674 fuisse
1920 2633 2176 2685 praecognita,

89 2703 206 2740 ctitur
231 2711 315 2740 :est
334 2712 459 2740 autem
490 2704 563 2741 hoc
591 2718 712 2742 unum
738 2706 940 2756 ipsumque
966 2706 1102 2756 praeci-

90 2776 208 2814 puum
229 2776 276 2800 ex
298 2764 513 2814 praeceptis.
548 2764 684 2801 Merito
705 2778 796 2814 ergo
819 2779 897 2802 non
917 2765 1100 2811 infidelis,

90 2822 157 2860 sed
169 2823 283 2873 plane
296 2822 448 2860 rebellis
462 2833 576 2874 atque
591 2833 836 2875 contemptor
851 2825 1103 2876 reputabitur,

91 2884 264 2934 quisquis
300 2883 460 2922 obedire
490 2885 671 2922 renuerit.
702 2886 907 2934 Quomodo
938 2886 1104 2936 denique

92 2943 233 2991 fidelis,
260 2944 328 2994 qui
348 2946 421 2982 Dei
440 2945 651 2982 contemnit
675 2947 986 2983 Sacramentum?

145 3005 182 3042 9.
204 3007 300 3042 Sane
313 3005 496 3053 infantes,
513 3006 602 3056 quia
614 3006 724 3053 hanc,
741 3006 969 3056 prohibente
985 3014 1107 3053 aetate,

91 3076 172 3100 non
201 3072 364 3114 possunt
389 3063 530 3102 habere
559 3064 693 3111 fidem,
723 3064 796 3101 hoc
824 3073 880 3101 est
908 3063 1034 3101 cordis
1061 3063 1108 3100 ad

91 3127 215 3161 Deum
247 3124 564 3172 conversionem,
597 3133 876 3174 consequenter
909 3138 979 3161 nec
1008 3124 1108 3161 salu-

94 3191 194 3231 tem,
219 3183 252 3221 si
280 3183 425 3235 absque
452 3185 635 3236 Baptismi
660 3179 906 3236 perceptione
935 3185 1110 3222 moriun-

1169 2701 1494 2753 quemadmodum
1512 2714 1581 2738 suo
1599 2708 1687 2737 sunt
1701 2707 1874 2747 tempore
1891 2702 1979 2745 post
1995 2691 2176 2737 exhibita,

1170 2771 1208 2799 et
1233 2762 1348 2799 modo
1365 2761 1521 2811 cognita
1541 2759 1652 2796 nobis
1675 2773 1682 2795 :
1707 2758 1801 2795 adeo
1826 2765 1867 2793 ut
1891 2767 1960 2791 nec
1977 2752 2073 2802 justi
2093 2752 2174 2788 fue-

1171 2823 1266 2869 rint,
1294 2836 1363 2859 nec
1387 2822 1479 2859 salvi
1501 2821 1593 2866 sint,
1614 2817 1754 2869 quibus
1786 2817 1836 2853 ita
1856 2815 1957 2852 clara
1986 2812 2114 2849 omnia
2142 2818 2181 2847 et

1171 2883 1372 2933 perspicua
1394 2895 1471 2918 non
1494 2882 1661 2918 fuerunt.
1684 2881 1731 2915 Et
1756 2877 1795 2914 id
1814 2875 1969 2926 quidem
1990 2873 2138 2938 falsum.

1230 2944 1288 2979 ll.
1315 2946 1456 2980 Verum
1487 2940 1534 2978 ad
1566 2937 1815 2977 refellendum
1846 2945 1887 2972 tu
1917 2941 2020 2970 tanta
2048 2945 2088 2968 m
2118 2940 2180 2967 tua

1175 3003 1336 3054 epistola
1355 3003 1526 3053 posuisse
1542 2999 1719 3045 videris³‚
1738 3006 1780 3034 ut
1797 2996 1850 3033 nil
1871 2992 2088 3032 addendum
2110 3003 2179 3056 pe-

1175 3064 1275 3100 nitus
1301 3071 1455 3113 putem3
1477 3071 1514 3098 et
1533 3073 1630 3112 pene
1651 3058 1743 3109 quid
1761 3056 1848 3094 addi
1865 3054 2004 3106 possit,
2022 3064 2099 3116 non
2118 3063 2179 3085 in-

1175 3124 1338 3161 veniam.
1366 3127 1422 3160 De
1455 3122 1609 3159 homine
1644 3129 1771 3156 tamen
1802 3117 1868 3167 qui
1898 3115 1968 3151 ista
1996 3113 2178 3160 loquitur,

1174 3184 1288 3235 (pace
1310 3183 1428 3235 ipsius
1455 3183 1541 3220 dico
1567 3180 1698 3233 paucis
1724 3177 1827 3229 quod
1852 3172 1998 3222 sentio)
2029 3169 2180 3207 videtur

147 3314 156 3329 ¹
176 3311 287 3340 IJoan
306 3313 510 3349 111,15.—
525 3315 538 3331 ²
553 3310 668 3343 Matth.
685 3323 717 3350 v,
738 3315 779 3343 28
809 3330 853 3333 —
870 3307 883 3331 3
900 3314 970 3341 Act.
986 3321 1044 3348 ιν,
1061 3312 1096 3341 9,
1116 3327 1162 3332 —-
1180 3308 1193 3335 4
1212 3309 1296 3341 Psal.
1315 3319 1436 3347 cxvin,
1460 3312 1514 3339 52.

145 3373 158 3388 ³
177 3368 264 3399 Alias
275 3392 284 3405 ,
302 3375 335 3399 tu
354 3375 479 3400 lantum
493 3370 525 3400 ιἸι
545 3377 600 3400 tua
614 3369 747 3414 epistola
761 3369 913 3400 enituisti.
