2533 3920
382 215 453 252 387

1143 212 1178 246 S.
1210 209 1462 245 BERNARDI
1491 208 1693 244 ABBATIS

2378 200 2453 237 388

380 292 645 342 religiosorum
666 290 867 328 adversum
886 301 955 325 vos
973 287 1092 339 (quod
1114 300 1192 324 non
1213 286 1383 338 expedit)
1398 286 1443 304 ¹⁶⁸
1456 300 1528 324 nus
1551 286 1597 323 dc
1620 285 1713 322 coelo
1739 281 1937 334 prospexit
1961 293 2076 330 super
2102 287 2261 316 matrem
2290 286 2455 316 nostram

381 352 520 389 devota
544 351 647 388 robis
668 363 769 388 nunc
795 348 910 386 corda
939 347 1165 393 turbabitis,
1194 355 1231 384 et
1256 347 1389 395 regali·
1406 351 1437 383 A
1454 347 1751 397 Lugdunensem
1788 342 1993 380 Ecclesiam
2015 370 2024 388 ‚
2058 341 2124 390 qui
2158 338 2358 376 decedenti
2386 339 2458 389 piae

380 413 451 450 bus
472 413 608 449 vestris
628 411 718 462 ipsis
731 440 741 457 ,
765 423 851 460 quae
871 408 917 445 ad
938 408 1145 445 Ecclesiam
1171 407 1386 457 pertinent,

381 486 458 509 non
476 485 636 523 parvum
651 500 660 518 ‚
683 480 726 508 ut
745 482 921 507 veremur
933 497 943 516 ,
960 467 1245 505 incommodum
1261 466 1388 516 acqui—

381 534 482 571 retis.

392 675 431 686 §xx
437 676 546 686 νινινινι
552 671 1241 685 ιεινι,νιι*ιινιςςικιιιςιεν-ωιιε-νκιιικ-νιιικιςηι
1249 670 1385 679 νιικιιιςςι

512 791 885 850 EPISTOLA
945 784 1232 846 CLXXI.a

522 954 570 976 An
599 950 782 976 DOMINUM
813 949 931 972 ΡΑΡΑΜ
960 946 1237 971 ιΝΝοοΕΝτιυΜ.

471 1073 531 1102 Pro
557 1069 692 1102 Falcone
706 1065 907 1109 Lugdunensi
930 1065 1163 1108 archiepiscopo
1179 1063 1287 1095 electo.

429 1195 503 1244 Qui
517 1194 555 1231 in
571 1194 733 1231 aliorum
752 1192 914 1242 negotiis
936 1191 1047 1228 toties
1064 1187 1265 1227 exauditus
1285 1200 1383 1233 sum,

376 1263 471 1304 puto
498 1254 538 1290 in
561 1252 722 1304 proprio
747 1265 826 1288 non
854 1250 1080 1287 confundar.
1100 1252 1202 1299 Ego,
1231 1246 1385 1283 domine

376 1315 448 1361 mi,
470 1327 621 1352 causam
640 1312 917 1363 archiepiscopi
937 1311 1011 1348 mei
1035 1323 1157 1347 meam
1174 1307 1274 1345 duco
1289 1336 1298 1353 ,
1323 1315 1381 1343 ut-

374 1382 465 1425 pote
488 1372 723 1419 membrum,
745 1371 850 1422 quod
875 1371 928 1408 nil
958 1385 978 1407 a
1006 1384 1045 1407 se
1074 1369 1188 1406 ducat
1217 1368 1381 1404 alienum

376 1434 481 1485 quod
502 1434 634 1485 capitis
654 1434 701 1471 sit
724 1449 730 1470 :
753 1432 858 1483 quod
890 1440 1016 1468 tamen
1044 1443 1122 1468 non
1149 1429 1334 1472 dicerem,
1354 1427 1383 1463 si

375 1495 493 1531 homo
511 1496 591 1544 ipse
618 1493 689 1531 sibi
718 1492 982 1543 assumpsisset
1007 1492 1193 1528 honorem
1209 1518 1218 1535 ,
1240 1496 1277 1525 et
1304 1500 1382 1524 non

375 1556 492 1605 magis
513 1569 533 1592 a
546 1559 627 1593 Deo
650 1563 806 1592 vocatus
826 1562 1006 1603 tanquam
1027 1556 1167 1590 Aaron.
1187 1553 1263 1587 Nee
1281 1548 1382 1585 enim

378 1615 424 1652 ab
446 1616 519 1653 alio
536 1615 800 1652 aestimaverim
818 1614 959 1651 factum
977 1643 987 1660 ,
1003 1610 1109 1662 quod
1127 1618 1218 1647 vota
1240 1617 1296 1645 tot
1310 1608 1383 1645 lio-

375 1675 520 1712 minum
541 1684 615 1712 tam
634 1675 740 1712 facile
759 1681 1025 1711 convenerunt
1050 1672 1087 1708 in
1108 1684 1218 1717 eum3
1240 1677 1282 1706 ut
1304 1682 1382 1705 non

374 1735 459 1772 dico
481 1735 730 1772 contradictio
746 1764 755 1781 ‚
777 1734 842 1772 sed
860 1747 930 1770 nee
949 1731 1142 1770 cunctatio
1164 1730 1240 1767 ulla
1257 1728 1380 1765 fuerit.

374 1799 422 1832 Et
454 1796 604 1832 merito.
645 1798 712 1832 Est
745 1795 888 1844 quippe
922 1792 1078 1830 illustris
1099 1820 1108 1838 ‚
1142 1804 1221 1828 non
1255 1789 1382 1825 minus

1406 1062 1434 1096 Β
1451 1083 1547 1094 ιω...
1554 1083 1708 1093 ...u-„m

1455 407 1648 444 memoriae
1685 409 1798 443 Petro
1835 402 2122 452 archiepiscopo
2139 430 2148 447 ,
2190 400 2315 436 virum
2355 399 2457 449 opti-

1454 480 1558 503 mum
1575 495 1584 511 ,
1606 466 1807 504 Falconem
1837 462 2023 499 decanum
2039 490 2049 506 ‚
2072 462 2111 497 in
2132 460 2237 497 omni
2255 472 2348 509 pace
2365 457 2458 496 sub—

1454 525 1585 561 stituit.
1606 528 1697 562 Peto
1710 553 1719 569 ,
1739 522 1894 559 domine
1907 549 1916 566 ,
1936 529 1978 557 ut
1995 519 2061 569 qui
2080 533 2099 556 a
2119 519 2195 555 suis
2216 516 2458 555 concorditer

1453 594 1508 622 est
1525 585 1667 621 electus
1681 613 1690 631 ,
1706 583 1850 620 utiliter
1863 589 2064 632 promotus
2077 608 2086 626 ‚
2105 580 2176 616 rite
2193 585 2453 624 consecratus3

1453 660 1473 682 a
1488 644 1597 681 vobis
1612 644 1769 681 honoris
1786 643 1843 679 sui
1858 642 2049 691 officiique
2069 638 2347 690 plenitudinem
2364 651 2457 675 con-

1453 714 1645 755 sequatur.
1665 704 1776 752 Quod
1797 704 1928 752 utique
1943 701 2083 739 andere
2100 713 2160 737 me
2178 700 2266 736 facit
2282 711 2360 736 non
2377 711 2458 736 me-

1453 765 1516 802 riti
1541 765 1792 810 conscientia,
1821 763 1887 801 sed
1913 762 2042 799 debiti.
2077 759 2206 798 Debiti
2240 759 2348 803 dico,
2380 771 2457 795 non

1452 826 1574 862 solum
1597 839 1674 875 quo
1694 825 1732 862 id
1752 838 1772 862 a
1800 839 1859 861 me
1879 824 1942 860 illa
1962 822 2129 860 Ecclesia
2148 819 2236 870 jure
2264 827 2459 869 metropo-

1451 887 1556 923 litico
1577 886 1714 935 exigit,
1745 886 1810 922 sed
1840 884 1929 935 quia
1948 884 1985 920 in
2013 883 2086 920 hoc
2113 882 2261 933 positus
2288 892 2392 926 sum,
2418 887 2459 916 ut

1452 947 1711 984 testimonium
1727 945 1948 996 perhibeam
1967 943 2128 981 veritati.

1712 1081 1955 1092 unusnsnnsnzsnx
1961 1080 2055 1090 xvv-nn.-
2061 1075 2458 1089 =nv=u=su======m====szvnu

1565 1197 1937 1257 EPISTOLA
1982 1190 2330 1254 CLXXIII.c

1741 1358 1790 1381 an
1818 1355 1930 1380 IPSUM
1956 1354 2164 1379 FALCONRM.

1543 1477 1776 1520 Religiosorum
1789 1473 2000 1518 quorumdam
2015 1482 2141 1505 causam
2153 1471 2363 1504 commendat.

1503 1600 1730 1651 Scripsimus
1746 1598 1794 1636 ad
1811 1597 2012 1635 dominum
2029 1600 2172 1647 Papam
2189 1594 2367 1640 dominus
2382 1594 2459 1646 epi-

1449 1659 1618 1711 scopusd
1637 1669 1675 1697 et
1700 1673 1771 1709 ego
1797 1672 1870 1709 pro
1889 1658 2021 1705 vobis,
2042 1665 2161 1709 prout
2186 1663 2366 1707 oportere
2390 1667 2460 1705 pu-

1449 1722 1613 1759 tavimus
1636 1735 1644 1758 :
1669 1729 1706 1757 et
1729 1719 1878 1757 habetis
1902 1719 2099 1769 exemplar
2126 1717 2352 1754 litterarum.
2381 1719 2458 1754 Ha-

1448 1782 1583 1820 bemus
1617 1790 1745 1819 autem
1776 1780 1816 1817 in
1851 1780 2050 1817 voluntate
2087 1779 2127 1815 in
2161 1786 2346 1815 aeternum
2378 1789 2456 1813 non

373 1855 512 1891 mentis
531 1855 802 1904 generositate,
823 1867 935 1904 quam
957 1851 1169 1901 sanguinis3
1193 1858 1250 1886 est
1266 1849 1384 1886 scien-
1404 1848 1431 1885 C
1453 1843 1614 1880 deficere
1644 1841 1754 1879 vobis
1789 1854 1862 1891 pro
1896 1839 2044 1877 viribus
2065 1867 2075 1884 ,
2117 1846 2279 1889 propter
2312 1836 2457 1873 bonum

375 1917 443 1962 tia,
465 1924 521 1952 est
538 1916 624 1952 vitae
646 1915 856 1952 honestate.
880 1913 1056 1962 Denique
1077 1912 1185 1948 famae
1211 1909 1292 1959 ejus
1319 1909 1379 1946 in-

375 1976 528 2026 tegritas
559 1990 629 2013 nec
665 1976 808 2012 inimici
841 1974 995 2025 quidem
1022 1972 1175 2009 dentem
1209 1979 1376 2007 veretur.

372 2037 484 2086 Quod
505 2050 595 2086 ergo
619 2036 666 2073 de
690 2037 754 2073 tali
772 2045 807 2072 et
830 2036 893 2072 tali
914 2033 1029 2071 modo
1057 2034 1197 2070 sactum
1221 2039 1299 2078 est,
1318 2030 1378 2067 di-

372 2110 488 2145 gnum
511 2097 685 2147 profecto
712 2104 769 2132 est
801 2104 844 2132 ut
867 2096 975 2132 favor
1001 2093 1219 2144 apostolicae
1251 2091 1380 2141 gratiae

373 2166 650 2207 prosequatur3
673 2165 709 2193 et
732 2156 887 2193 lionoris
911 2154 1173 2206 plenitudine,
1193 2165 1278 2202 quae
1301 2151 1378 2187 sola

373 2218 478 2255 deest
492 2246 501 2263 ,
525 2217 661 2267 gaudia
683 2217 806 2267 plebis
827 2230 903 2254 suae
926 2223 1107 2253 consueta
1123 2212 1379 2262 benignitate,

372 2279 449 2315 imo
467 2278 593 2315 debita
611 2278 835 2315 liberalitate
859 2278 1083 2315 accumulet.
1104 2279 1186 2312 Hoc
1204 2273 1381 2311 universa

368 2337 534 2374 Ecclesia
560 2337 831 2374 instantissima
854 2336 1134 2388 supplicatione
1165 2333 1340 2384 deposcit
1371 2348 1378 2369 :

369 2397 441 2434 hoc
461 2410 557 2447 puer
578 2406 702 2434 vester
727 2398 837 2434 solita
862 2396 1164 2448 praesumptione
1186 2393 1380 2443 efflagitat.

527 2538 855 2548 x==v====x=s==x========s
862 2539 940 2548 n==x=
947 2539 971 2547 xz
978 2537 1118 2547 ιτι-νιιιιι
1125 2534 1348 2546 ιιιιιιικιινιιιιι
1354 2534 1380 2543 ιι

1213 2634 1232 2659 b

495 2649 867 2707 EPISTOLA
910 2647 1206 2705 CLXXII.

370 2798 417 2821 AD
446 2798 607 2822 EUMDEM
630 2798 671 2822 IN
702 2798 864 2822 PERsoNA
891 2797 1102 2822 coum-“mm
1131 2793 1360 2820 LINGONENSI

784 2857 964 2882 EPISCOPI.

558 2966 706 3009 Ejusdem
732 2978 804 2999 cum
823 2967 983 3010 superiore
1007 2964 1190 3009 argumenti.

422 3092 528 3126 Inter
547 3088 680 3127 crebra
699 3090 794 3127 mala
812 3104 898 3141 quae
913 3090 971 3127 his
989 3088 1122 3126 dicbus
1139 3088 1178 3124 in
1202 3086 1380 3124 Ecclesiis

367 3149 546 3188 videntur
566 3151 738 3188 accidere
756 3151 955 3190 occasione
975 3151 1228 3196 electionum,
1247 3148 1376 3186 Domi-

1445 1903 1550 1954 quod
1576 1903 1622 1940 de
1643 1902 1754 1940 vobis
1771 1901 2013 1938 confidimus.
2035 1903 2169 1938 Vestra
2186 1907 2313 1936 autem
2337 1898 2459 1935 inter-

1446 1972 1501 2001 est
1527 1964 1648 2000 facere
1664 1992 1676 2009 ,
1702 1970 1746 1999 ut
1766 1975 1846 1998 non
1879 1960 2164 1998 confundamur
2180 1959 2232 1996 sic
2256 1958 2457 1996 confiden-

1449 2032 1514 2062 tes.
1541 2028 1598 2062 De
1625 2032 1762 2060 caetero
1791 2023 1820 2059 si
1848 2022 1979 2059 inveni
2005 2021 2165 2071 gratiam
2187 2020 2227 2056 in
2255 2020 2375 2057 oculis
2393 2033 2459 2057 ve—

1447 2085 1532 2121 stris
1544 2113 1554 2130 ‚
1576 2084 1774 2133 intelligite
1789 2095 1905 2133 super
1925 2095 2066 2132 egenos
2082 2089 2119 2118 et
2140 2093 2331 2132 pauperes
2346 2081 2430 2118 illos
2444 2108 2456 2126 ‚

1446 2145 1513 2195 qui
1534 2153 1622 2182 sunt
1643 2143 1745 2194 apud
1766 2141 2163 2181 Benedictionem-Dei
2177 2141 2206 2178 *.
2225 2141 2338 2190 Quod
2357 2141 2457 2179 enim

1446 2206 1513 2242 uni
1532 2219 1580 2242 ex
1595 2205 1667 2242 illis
1683 2204 1862 2250 feceritis,
1882 2203 1974 2240 mihi
1987 2232 1996 2250 ‚
2013 2202 2092 2239 imo
2109 2201 2259 2240 Christo
2272 2230 2282 2248 ‚
2301 2202 2455 2239 facietis.

1445 2270 1541 2304 Nam
1562 2274 1599 2302 et
1630 2278 1818 2315 pauperes
1848 2272 1959 2310 sunt,
1993 2272 2032 2301 et
2049 2262 2224 2300 habitant
2241 2262 2342 2300 inter
2360 2275 2457 2313 pau-

1447 2339 1570 2378 peres.
1594 2329 1679 2363 Hoc
1707 2325 1901 2376 praecipue
1932 2323 2201 2370 obsecramus,
2223 2330 2267 2360 ut
2288 2322 2458 2360 Savinia-

1448 2399 1578 2424 censes
1613 2385 1821 2422 monachos
1861 2383 2097 2435 prohibeatis
2128 2381 2177 2420 ab
2215 2382 2457 2420 infestatione
2507 2398 2511 2430 j.

1448 2460 1583 2484 eorum
1603 2461 1610 2483 :
1629 2445 1811 2495 quoniam
1837 2444 2120 2481 calumniantur
2139 2455 2205 2480 eos
2231 2441 2372 2491 injuste
2385 2470 2396 2488 ‚
2415 2448 2458 2478 ut

1446 2515 1637 2557 putamus,
1660 2510 1736 2544 Aut
1761 2505 1790 2541 si
1814 2518 1853 2542 se
1874 2504 2074 2542 confidunt
2091 2502 2232 2540 habere
2242 2501 2428 2552 justitiam
2443 2528 2455 2546 ‚

1444 2565 1612 2616 judicate
1641 2566 1853 2603 interillos.
1877 2565 1993 2604 Filius
2015 2572 2147 2602 noster
2167 2562 2284 2600 abbas
2302 2561 2456 2601 Alberi-

1398 2633 1432 2667 D
1450 2640 1516 2663 cus
1534 2655 1543 2672 ‚
1566 2626 1634 2663 etsi
1656 2627 1733 2663 suis
1755 2626 1900 2663 meritis
1920 2623 2289 2671 commendabilior,
2318 2622 2466 2661 nostris'

1448 2695 1575 2723 tamen
1591 2686 1769 2736 precibus
1784 2685 1895 2723 vobis
1913 2694 1954 2723 ut
1973 2683 2280 2723 commendatior
2301 2684 2366 2730 sit,
2387 2681 2457 2720 ob-

1449 2759 1653 2784 secramus.
1672 2750 1818 2784 Tenere
1836 2747 1980 2797 quippe
2010 2746 2126 2795 diligo
2145 2758 2252 2791 eum,
2279 2751 2457 2793 tanquam

1447 2815 1569 2843 mater
1590 2807 1743 2843 unicum
1771 2807 1890 2843 filium
1912 2821 1919 2842 ε
1940 2815 1977 2843 et
1993 2805 2122 2855 diliget
2141 2817 2228 2842 eum
2249 2803 2316 2854 qui
2339 2799 2458 2852 diligit

1448 2880 1520 2903 me.
1542 2867 1717 2917 Denique
1738 2867 1775 2904 in
1797 2880 1843 2903 eo
1861 2866 2037 2916 experiar
2053 2865 2084 2902 si
2104 2878 2164 2902 me
2190 2863 2341 2901 curatis.
2372 2865 2455 2910 Quo

1447 2928 1548 2965 enim
1565 2929 1678 2978 longe
1699 2942 1719 2966 a
1736 2942 1796 2966 me
1811 2929 1959 2979 positus
1979 2936 2058 2975 est,
2077 2940 2124 2965 eo
2148 2925 2268 2976 magis
2284 2934 2456 2962 necessa-

1447 2988 1541 3024 riam
1560 2987 1672 3026 habet
1689 2997 1887 3039 paternam
1905 2997 2070 3027 vestram
2088 2985 2401 3025 consolationem.

414 3287 426 3301 ⁸
444 3284 565 3327 Scripta
579 3294 662 3316 anno
679 3284 793 3318 Christi
815 3290 824 3317 1
839 3288 913 3318 139.
931 3286 1011 3318 vide
1031 3287 1193 3329 epistolam
1216 3294 1289 3324 105.
1312 3312 1351 3316 —
1368 3294 1382 3314 ¹¹
1397 3294 1516 3337 Scripta
1534 3295 1643 3327 eodeni
1658 3306 1753 3328 auno.
1772 3315 1814 3320 -—
1828 3302 1841 3318 θ
1856 3297 1976 3339 Scripta
1999 3296 2109 3329 eodem
2125 3307 2219 3328 anno.

413 3337 427 3357 ‘¹
446 3337 603 3369 Nimirum
627 3337 816 3372 codofridus
838 3339 1055 3382 Lingoncnsis.

2524 0 2528 72 Ι

2524 91 2527 145 l
