2517 3936
5 3471 13 3859 ῳ--ψμ-.-.Ϋ
5 3440 9 3456 Α.

82 185 154 222 957

129 265 193 295 725
218 263 257 293 Α.
280 264 314 293 P.
337 259 564 294 Lombardum.
583 281 628 285 -—
652 267 782 302 Petrus,
805 275 822 295 a
842 264 1026 308 theologicis
1051 267 1086 298 li-

79 317 145 350 bris
157 315 390 349 sententiarum
404 315 559 357 Magister
577 316 680 347 dictus
694 341 701 355 ‚
721 328 739 348 a
757 317 856 360 patria
872 318 923 349 hic
938 320 1088 352 Lonibar-

79 371 138 403 dus
153 394 162 409 ,
195 380 234 401 ex
264 369 459 401 Bononiensi
490 370 652 401 academia
680 371 713 401 in
739 371 875 403 Galliam
912 374 1064 406 accedens
1077 399 1084 411 ,

78 423 317 457 commendatus
354 423 519 454 Beruardo
559 429 607 454 est
651 424 691 455 ab
731 425 879 468 episcopo
917 428 1052 459 anensi
1079 452 1086 465 ‚

79 478 203 512 Uberto
224 488 265 509 an
291 477 448 518 Gregorio
475 477 540 519 (ad
567 488 660 519 quem
685 478 817 520 epistola
844 481 936 512 tertia
964 482 1087 513 Nicolai

79 531 345 566 ctarae-Vattensis
359 554 367 570 ,
392 531 425 562 in
445 542 579 574 persona
604 532 757 564 Bernardi
773 534 802 574 )‚
831 540 863 564 et
883 545 939 577 per
955 538 1087 567 Bernar-

80 587 156 620 dum
175 585 328 619 Gilduino
347 591 378 617 et
397 585 557 617 canonicis
577 586 849 617 Sancti—Victoris.

118 642 183 673 733
196 640 233 671 C.
249 638 414 681 Philippus
428 638 607 680 Bajocensis
622 640 848 687 episcopus.--
857 643 887 670 Is
897 645 963 671 erat
973 640 1088 684 Philip-

78 703 138 736 pus
153 691 329 723 Harcurius
346 715 354 729 ,
371 691 427 733 qui
446 702 517 722 cum
537 691 576 722 de
597 696 681 722 terra
702 691 741 722 de
760 692 888 723 Escuris
904 692 1084 732 Saviniaco,

79 745 152 777 data
168 754 253 776 anno
271 746 358 776 1124
377 755 394 775 a
408 744 552 776 Roberto
569 743 607 775 de
629 745 734 775 Tostis
748 768 756 781 ,
773 750 804 775 et
818 756 834 776 a
851 745 1012 777 Ricliardo
1026 749 1039 777 Ι
1055 754 1085 779 01

78 797 237 831 Richardo
257 800 289 829 11
309 797 537 839 Bajocensibus
554 797 710 839 episcopis
723 821 731 835 ,
750 808 766 828 a
785 798 901 839 quibus
921 799 1085 831 beneficia—

78 851 126 884 rio
137 851 212 894 jure
228 850 405 894 pendebat,
425 849 608 882 confirmata
623 849 808 891 aliquandiu
829 863 901 883 cum
924 853 1085 885 monachis

78 905 283 948 disceptasset
299 916 306 943 ;
324 903 468 935 eamdem
481 903 610 935 demum
625 908 656 934 et
673 902 739 945 ipse
753 904 952 936 confirmavit
971 906 1084 938 litteris

78 957 142 990 suis
154 968 237 989 anno
258 961 267 989 1
282 961 359 996 151,
376 968 483 989 mense
503 955 706 995 novembris,
720 956 836 989 additis
856 964 992 1000 quatuor
1004 960 1085 992 acris

78 1017 181 1044 terrae.

126 1069 191 1100 738
207 1069 244 1099 Β.
258 1066 390 1109 puerulo
404 1066 457 1108 qui
476 1077 508 1098 se
521 1066 623 1109 ipsum
637 1077 746 1108 regere
761 1078 826 1099 non
842 1075 953 1111 potest.
971 1090 1014 1094 —
1030 1074 1085 1103 Ec—

75 1120 264 1154 clesiasiicas
284 1120 451 1163 dignitates
464 1121 568 1164 pueris
581 1119 678 1152 tribui
691 1132 815 1164 semper
831 1134 912 1165 aegre
925 1125 995 1157 tulit
1012 1136 1083 1157 san-

76 1181 144 1207 ctus
162 1177 290 1207 Doctor.
302 1175 339 1206 Id
356 1181 443 1217 patet
458 1181 526 1206 tum
541 1186 580 1207 ex
595 1174 727 1217 epistola
747 1179 786 1207 27
799 1179 827 1215 1,
847 1177 879 1208 in
904 1189 965 1220 qua
981 1180 1085 1211 redar-

77 1229 142 1272 guit
170 1229 393 1261 Theobaldum
426 1229 574 1261 comitem
587 1253 595 1268 ,
633 1229 719 1271 quod
745 1230 903 1262 Willelmo
932 1232 995 1264 filio
1028 1244 1084 1265 suo

76 1283 233 1326 impuberi
245 1294 297 1315 eas
309 1294 480 1326 procurare
496 1284 590 1315 vellet
603 1295 612 1323 ;
628 1290 695 1315 tum
711 1295 749 1315 ex
768 1291 901 1316 tractatu
917 1286 956 1317 de
972 1287 1084 1319 Officio

76 1337 295 1380 episcoporum
317 1348 387 1380 cap.
407 1341 462 1376 17,
485 1337 542 1369 ubi
559 1337 627 1369 haec
650 1337 746 1369 habet
762 1348 796 1369 :«
813 1338 974 1370 Scholares
995 1341 1085 1382 pueri

77 1405 94 1418 a·
112 1397 144 1423 et
171 1391 353 1435 impuberes
381 1391 606 1424 adolescentuli
641 1391 684 1423 ob
715 1392 875 1433 sanguinis
903 1393 1085 1435 dignitatem

78 1460 92 1473 ι
109 1452 337 1489 promoventur
362 1446 402 1478 ad
417 1447 641 1478 ecclesiasticas
657 1446 838 1489 dignitates,
857 1453 887 1478 et
904 1447 942 1478 de
962 1447 1020 1479 sub
1039 1448 1084 1479 fe-

78 1514 92 1528 ·
109 1500 179 1532 rula
203 1500 434 1533 transferuntur
457 1501 498 1532 ad
522 1501 766 1544 principandum
793 1501 1006 1544 presbyteris;
1035 1502 1085 1533 110-

77 1569 94 1581 »
110 1553 206 1586 tiores
222 1554 348 1587 interim
370 1555 455 1598 quod
468 1555 570 1597 virgas
595 1555 773 1594 evaserint,
794 1566 888 1596 quam
907 1555 994 1597 quod
1019 1566 1084 1588 me-

77 1621 91 1635 ·
109 1607 230 1640 ruerint
241 1609 464 1652 principatum.
483 1624 497 1637 ι
515 1608 600 1641 Vide
617 1608 758 1652 ejusdem
774 1608 889 1640 librum
905 1610 1033 1640 tertium
1047 1609 1086 1641 de

75 1661 346 1699 Considerafione,
363 1674 432 1706 cap.
455 1667 486 1696 5.

125 1718 193 1750 740
221 1719 257 1750 C.
282 1717 419 1760 Philippi
444 1717 641 1749 electionem.
669 1736 714 1740 —
740 1716 801 1748 Hic
829 1715 993 1760 Philippus
1023 1717 1083 1749 fuit

75 1771 244 1804 Gisleberti
263 1778 336 1804 ante
358 1766 579 1804 Hildebertum
600 1771 828 1814 archiepiscopi
847 1782 957 1813 nepos,
977 1778 1027 1810 et,
1049 1778 1082 1804 ut

72 1824 116 1857 ait
127 1828 160 1858 S.
174 1826 352 1858 Bernardus
367 1827 500 1869 epistola
519 1830 595 1864 150,
612 1826 710 1869 ipsius
720 1825 922 1856 «ambitionis
937 1825 1048 1864 haeres,
1067 1841 1080 1853 ι

72 1878 115 1911 ad
144 1891 239 1922 quem
265 1886 414 1923 tanquam
448 1881 625 1912 invasorem
653 1879 735 1911 sedis
762 1879 956 1910 Turonensis
984 1886 1084 1911 exstat

73 1933 214 1975 ejusdem
229 1936 261 1966 S.
279 1935 432 1967 Beruardi
449 1935 581 1977 epistola
602 1936 678 1966 151.
697 1936 745 1965 De
762 1943 800 1964 eo
819 1932 900 1964 liber
922 1933 961 1964 de
983 1933 1084 1965 Gestis

73 1986 291 2030 episcoporum
307 1988 614 2020 Cenomannensium
639 1988 683 2019 sic
709 1986 803 2018 habet
824 1998 832 2019 :
857 2002 870 2014 «
898 1987 1084 2019 Hildeberto

75 2054 88 2068 ι
108 2040 268 2080 defuncto,
287 2043 432 2074 canonici
449 2043 590 2085 ejusdem
606 2042 753 2074 Ecclesiae
770 2041 824 2072 diu
845 2041 995 2074 violentia
1010 2042 1085 2074 Gof-

74 2109 88 2122 ·
107 2094 180 2128 iridi
198 2096 320 2128 comitis
344 2097 480 2140 propriis
506 2096 633 2128 sedibus
658 2101 730 2127 sunt
760 2095 893 2138 expulsi.
909 2097 987 2127 Cum
1012 2106 1084 2127 vero

73 2162 88 2176 ι
103 2150 283 2192 pontificem
304 2151 454 2183 canonice
479 2151 631 2183 deberent
657 2149 787 2193 eligere.
812 2150 845 2181 in
868 2156 971 2192 partes
994 2149 1083 2181 dix-isi

73 2218 88 2231 υ
106 2211 190 2236 sunt.
206 2205 344 2247 Quidam
360 2205 443 2237 enim
460 2206 586 2237 illorum
603 2211 713 2237 contra
736 2211 915 2236 sanctorum
938 2204 1015 2236 scita
1033 2215 1084 2236 ca-

73 2273 90 2285 »
105 2268 224 2290 nonum
243 2259 411 2302 quemdam
428 2259 609 2303 Philippum
622 2284 630 2299 ,
653 2260 720 2291 aliis
739 2258 981 2291 reclamantibus
993 2283 1001 2296 ,
1024 2259 1085 2290 ele-

74 2327 90 2340 »
110 2320 236 2356 gerunt.
251 2313 415 2357 Philippus
432 2314 559 2357 quidem
577 2325 642 2346 non
661 2314 782 2345 intrans
794 2324 852 2356 per
870 2313 983 2344 ostium
1001 2312 1083 2343 ovile

77 2381 90 2394 n
107 2367 288 2406 ovium,sed
311 2367 484 2400 ascendens
512 2368 650 2406 aliunde,
678 2370 805 2399 Petrum
826 2377 938 2403 suum,
957 2369 1083 2397 Petrum

78 2435 92 2448 ι
109 2421 223 2453 Leonis
235 2421 478 2465 primogenitum
493 2428 609 2454 satanae
624 2421 701 2453 adiit
715 2445 723 2460 ,
736 2428 766 2453 et
784 2420 824 2452 ab
844 2431 881 2452 eo
894 2431 952 2463 pro
963 2419 1084 2451 honore

73 2487 88 2502 ι
105 2474 323 2517 opprobrium,
332 2486 391 2518 pro
401 2475 624 2507 benedictione
633 2473 903 2511 maledictionem,
915 2484 971 2515 pro
986 2483 1084 2504 sacra-

72 2541 87 2554 »
103 2534 212 2560 mento
228 2529 365 2571 suscepit
388 2529 585 2572 sacrilegium
596 2554 604 2568 ,
622 2529 707 2561 unde
732 2528 917 2560 festinanter
941 2526 1080 2563 rediens,

73 2595 87 2608 ι
108 2581 215 2614 sedem
230 2584 448 2615 Turonensem
467 2583 643 2626 occupavit.
666 2581 797 2615 Interim
818 2584 923 2623 Hugo,
944 2581 989 2611 vir
1008 2591 1082 2623 pru-

75 2649 90 2662 »
113 2635 190 2668 dens
211 2642 244 2668 et
266 2637 380 2669 nobilis
403 2648 422 2669 a
444 2638 560 2669 saniori
582 2644 672 2681 parte
696 2635 878 2669 eorumdem
900 2635 1081 2666 clericorum

80 2704 96 2716 n
113 2689 265 2722 canonice
290 2690 424 2733 eligitur.
447 2691 510 2723 Hic
535 2702 610 2723 vero
641 2691 674 2723 in
702 2689 955 2723 Cenomannensi
987 2688 1084 2719 eccle-

76 2757 92 2770 »
110 2743 155 2775 sia
177 2754 196 2776 a
211 2743 359 2776 Guidone
371 2751 402 2776 et
418 2745 738 2788 comprovincialibus
754 2743 908 2787 episcopis
925 2753 1083 2774 consecra-

72 2810 89 2822 »
105 2801 168 2829 tur.
186 2799 260 2839 Quo
277 2797 442 2841 Philippus
466 2799 603 2841 cognito,
616 2810 721 2831 secum
747 2803 929 2829 ornamenta
946 2795 1082 2827 ecelesiae

73 2863 87 2877 ι
105 2850 267 2890 deferens,
285 2852 394 2884 furtim
410 2853 539 2896 aufugit.
562 2869 575 2882 ι»
592 2857 692 2886 Porro
715 2864 785 2884 cum
809 2851 1011 2884 Hildebertus
1031 2850 1081 2882 die

71 2902 244 2936 decembris
263 2905 385 2937 decima
410 2913 521 2939 octava
552 2907 628 2939 anni
652 2911 739 2940 1136
770 2906 901 2943 obierit,
933 2905 999 2936 haec
1017 2915 1082 2936 non

70 2957 130 2990 nisi
153 2969 236 2991 anno
261 2960 404 3002 sequenti
427 2961 609 3004 contingere
633 2967 815 3004 potuerunt.
839 2960 922 2991 Hinc
947 2958 1081 2999 corriges

71 3012 191 3044 Horstii
205 3012 448 3057 chronologiam
463 3026 533 3058 quae
546 3015 685 3058 Philippi
698 3014 905 3047 intrusionem
919 3011 1080 3052 consignat

73 3064 113 3097 ad
138 3076 256 3099 annum
279 3071 381 3100 1133.

119 3122 181 3153 751
203 3123 240 3153 Β.
264 3121 296 3154 Si
311 3121 392 3154 forte
408 3121 449 3154 ad
467 3133 546 3166 opus
566 3123 697 3154 fratrum
717 3127 897 3153 nostrorum
916 3129 1009 3150 naves
1024 3117 1078 3148 ad-

71 3171 227 3214 duxerint,
244 3181 276 3206 et
292 3177 491 3218 requisierint
509 3176 669 3208 abbatiam
692 3186 786 3218 quam
800 3173 923 3206 missuri
941 3182 1075 3209 eramus,

70 3227 196 3259 nuntius
220 3235 323 3261 vester
349 3229 464 3262 habeat
492 3241 550 3261 nos
578 3234 753 3261 excusatos
780 3247 826 3251 —-
852 3226 940 3258 Misit
970 3231 1078 3267 postea

71 3281 101 3312 S.
116 3282 296 3314 Bernardus
316 3283 429 3315 fi·atres
448 3283 488 3315 ad
510 3283 707 3315 fundandum
731 3281 762 3313 in
784 3280 885 3313 Sicilia
904 3277 1074 3315 abbatiam,

71 3333 182 3374 quibus
207 3335 345 3378 praefecit
362 3352 375 3364 u
400 3337 583 3380 magistrum
610 3340 807 3373 Brunonem,
833 3333 906 3365 olim
934 3331 993 3363 sibi
1022 3342 1077 3373 per

71 3399 86 3411 ³·
102 3386 168 3420 dies
190 3389 304 3422 multos
320 3390 518 3423 individuum
545 3391 710 3427 comitem,
728 3396 801 3421 tnnc
826 3394 927 3419 antem
957 3391 1075 3427 patrem

559 187 825 224 LECTIONES
856 189 1130 226 VARIANTES
1162 194 1220 228 ET
1251 196 1393 232 NOTAE
1423 200 1665 239 FUSIORES.

2065 217 2138 253 95⁸

1157 285 1170 297 ι·
1190 272 1356 305 multarum
1370 275 1540 308 animarum
1558 279 1725 313 laetantium
1740 283 1769 314 in
1784 286 1916 326 Clu-isto,
1931 307 1943 315 ··
1957 303 1991 322 vx
2012 296 2139 334 epistola

1158 328 1237 363 209,
1254 338 1323 368 qnae
1339 329 1451 372 scripta
1469 331 1582 363 dicitur
1594 344 1675 363 annu
1696 340 1704 365 1
1720 340 1793 375 1:59,
1809 350 1844 369 30
1866 343 1994 382 proinde

1156 380 1264 410 eodem
1279 388 1329 411 aut
1345 384 1529 423 przccedenti
1548 397 1628 416 anno
1643 389 1753 429 scripta
1768 391 1899 424 xidvtnr.

2012 346 2074 375 liu-t·
2090 356 2139 379 :int

1205 436 1264 465 751
1285 437 1320 466 C.
1336 436 1480 468 abbatem
1499 440 1686 475 farsensi-m.
1716 446 1888 484 apostolica·
1905 449 1990 480 Sedis
2006 454 2142 485 cardina-

1156 487 1226 518 lem.
1251 506 1295 510 ——-
1318 492 1409 521 Hunc
1427 492 1527 522 statim
1550 494 1720 535 suspicatus
1741 496 1783 526 fni
1804 510 1868 528 esse
1886 504 2056 535 Germ-dum
2079 518 2143 537 car-

1155 540 1291 572 dinalem
1320 543 1484 575 diaconum
1517 546 1555 576 ab
1581 549 1761 579 Innocentio
1785 554 1813 581 ll
1842 561 1991 592 creatum,
2032 559 2142 591 lactum

1156 601 1261 636 postea
1286 598 1474 629 monachum
1496 600 1784 633 Clarzc-Vallensem
1809 611 1838 635 ct
1871 606 1899 636 in
1925 608 2054 640 clanstro
2076 615 2144 644 (Ila-

1154 650 1312 680 rae-Vallis
1330 652 1497 693 sepultum.
1515 656 1632 685 Verum
1649 667 1718 686 cnm
1738 657 1767 687 in
1785 669 1821 688 eo
1836 658 2028 693 desideretur
2052 665 2146 697 abba-

1153 701 1235 733 tialis
1258 703 1408 745 dignitas,
1437 707 1532 738 satius
1560 715 1604 739 cst
1633 715 1664 739 ut
1690 710 1849 743 credamus
1877 726 1941 745 esse
1968 718 2145 752 Adinulsuin

1153 754 1299 787 abbatem
1323 759 1568 791 Sanctae-Marize
1586 762 1751 801 Farsensis,
1769 765 1896 797 Ordinis
1913 770 1941 799 S.
1970 771 2123 803 Benvdicii
2137 799 2143 810 ,

1155 808 1195 839 31)
1216 811 1398 842 Innocentio
1413 815 1443 844 II
1467 824 1550 845 anno
1585 819 1672 847 11:30
1695 824 1805 848 sanctae
1831 822 1979 852 Romana—
2007 825 2146 857 Ecclesia:

1153 863 1369 907 presbyterum
1390 867 1580 899 cardinalem
1597 876 1746 902 creatum.

1203 920 1266 949 752
1283 921 1316 950 B.
1328 930 1523 963 nequaquam
1542 924 1766 964 promotionem
1785 925 1884 956 miseri
1900 927 2031 959 bominis
2045 937 2143 963 tanto—

1153 980 1226 1012 pere
1245 974 1402 1004 curaretis.
1415 993 1458 996 —
1477 978 1551 1006 Haec
1564 976 1692 1018 epistola
1717 978 1827 1019 scripta
1845 979 1935 1011 fnisse,
1955 982 2076 1014 videtur
2093 997 2145 1015 00-

1153 1024 1276 1055 casione
1290 1026 1446 1059 electionis
1461 1027 1547 1059 facta·
1560 1029 1598 1059 de
1612 1031 1643 1059 S.
1658 1030 1814 1061 Bel'uardo
1832 1032 1861 1062 in
1881 1033 2143 1078 airliiepisropum

1154 1080 1338 1110 Remensem
1352 1105 1359 1118 ,
1380 1092 1450 1112 cum
1466 1088 1535 1123 post
1553 1082 1730 1114 defunctum
1742 1084 1925 1117 Rainaldum
1940 1088 2140 1130 archipraesu-

1152 1130 1212 1162 lem
1225 1157 1232 1170 ,
1255 1133 1392 1164 omnium
1414 1135 1579 1166 electorum
1598 1143 1668 1167 vota
1688 1137 1719 1166 in
1734 1138 2019 1173 Clarae-VattenSem
2045 1144 2140 1174 abba-

1152 1191 1214 1215 tem
1233 1197 1265 1217 se
1284 1187 1480 1219 contulerunt
1503 1199 1510 1219 τ
1537 1200 1628 1230 quam
1652 1189 1702 1220 ille
1729 1190 1905 1230 dignitatem
1929 1200 1959 1225 ut
1981 1201 2009 1226 et
2032 1198 2142 1229 multas

1152 1238 1226 1270 alias
1251 1241 1412 1272 recusavit.
1431 1244 1520 1272 Tunc
1544 1249 1613 1283 post
1633 1243 1763 1273 duorum
1788 1254 1938 1276 annorum
1964 1249 2042 1279 sedis
2064 1262 2141 1292 pon-

1153 1292 1272 1324 tificalis
1290 1294 1490 1330 vacationem,
1508 1297 1636 1326 Samson
1650 1296 1762 1326 electus
1778 1303 1834 1335 est,
1850 1308 1930 1329 anno
1951 1303 1958 1329 1
1973 1303 2047 1332 lfao.

1201 1349 1266 1378 754
1292 1349 1331 1378 A.
1352 1347 1409 1378 sub
1433 1346 1493 1378 1100
1514 1347 1602 1378 1311115
1626 1354 1775 1390 tempore.
1794 1368 1838 1372 —-
1864 1354 1954 1382 Anno
1978 1356 2063 1384 1146
2079 1379 2086 1392 ,
2106 1367 2142 1386 ex

1154 1398 1241 1431 brevi
1255 1400 1411 1432 Chronico
1430 1401 1645 1431 Catalaunensi
1660 1402 1742 1443 apud
1760 1402 1916 1434 Labbeum
1928 1427 1935 1440 ,
1957 1420 1969 1430 «
1985 1405 2078 1437 fames
2092 1419 2142 1438 xa-

1155 1467 1168 1480 »
1184 1453 1246 1484 lida
1263 1453 1377 1495 ubique
1398 1460 1549 1485 terrarum
1563 1478 1571 1491 ,
1593 1455 1690 1495 qualis
1712 1466 1845 1496 unquam
1868 1463 1938 1487 ante
1956 1468 2020 1488 non
2042 1458 2107 1491 11111.
2129 1476 2143 1486 »

1152 1509 1228 1538 Haec
1255 1507 1363 1545 fames,
1392 1508 1416 1539 si
1436 1507 1589 1540 Chronico
1614 1508 1757 1539 Lobiensi
1783 1519 1801 1539 a
1829 1509 1917 1540 nobis
1944 1516 2026 1541 tomo
2055 1514 2143 1544 tertio

1152 1561 1375 1593 anecdotorum
1392 1561 1475 1592 edito
1491 1561 1662 1599 credimus,
1682 1562 1806 1604 incoepit
1827 1573 1907 1594 anno
1931 1567 2015 1596 1143
2034 1576 2068 1596 30
2088 1566 2143 1597 fuit

1152 1615 1254 1647 valida
1276 1621 1392 1657 septeni
1417 1615 1514 1646 annis.
1538 1615 1681 1657 Ejusdem
1708 1616 1875 1648 meminere
1900 1617 2052 1649 Chronica
2081 1630 2143 1651 mo-

1152 1669 1362 1708 naster-ieme,
1387 1669 1617 1700 Mortui-Maris
1643 1676 1671 1701 et
1697 1673 1872 1702 senonense
1897 1671 2140 1712 anecdotorum,

1152 1729 1238 1754 tomo
1266 1723 1358 1754 tertio
1370 1747 1378 1760 ,
1397 1726 1551 1754 Remense
1567 1722 1651 1764 apud
1672 1723 1829 1754 Labbeum
1845 1748 1852 1761 ‚
1887 1730 1916 1755 et
1935 1725 2142 1756 Britannicum

1152 1775 1237 1817 apud
1262 1774 1412 1805 domnum
1433 1774 1631 1806 Lobinotium
1647 1776 1791 1806 Historiae
1806 1776 1969 1808 Britannice
1994 1783 2077 1809 tomo
2107 1782 2139 1816 2,

1147 1839 1218 1870 pag.
1241 1831 1271 1859 3.

1199 1885 1264 1914 756
1280 1884 1313 1914 C.
1327 1894 1368 1912 An
1383 1893 1605 1912 mitum-rimu
1626 1893 1842 1913 nrrmuroms
1863 1895 2142 1915 msrasmnmn-

1149 1939 1224 1967 Haec
1240 1936 1371 1979 epistola
1387 1936 1499 1978 scripta
1515 1935 1607 1967 fuisse
1628 1936 1749 1967 videtur
1774 1936 1933 1967 occasione
1958 1937 2145 1968 fundationis

1148 1990 1327 2021 monasterii
1349 1989 1386 2020 de
1404 1990 1498 2031 Spina
1517 1989 1549 2020 in
1574 1989 1695 2020 dioecesi
1712 1989 1870 2020 Palentina
1884 2014 1891 2028 ,
1910 1990 1992 2031 qnod
2009 1990 2144 2021 condidit

1149 2044 1257 2075 Saucia
1272 2043 1392 2075 Alfonsi
1404 2044 1481 2085 regis
1493 2054 1592 2081 soror,
1611 2044 1696 2084 cujus
1711 2054 1742 2073 se
1755 2042 1928 2073 fundationi
1943 2043 2141 2085 opponebant

1148 2097 1292 2129 monachi
1308 2097 1346 2128 de
1360 2097 1479 2129 Careda
1491 2121 1498 2135 ‚
1514 2107 1566 2127 sen
1580 2103 1613 2128 ut
1629 2096 1738 2137 legitur
1751 2096 1782 2126 in
1796 2096 1924 2137 epistola
1940 2099 2000 2127 301
2022 2099 2051 2127 S.
2071 2099 2143 2127 Ber-

1149 2152 1238 2183 nardi
1267 2152 1517 2182 Carraccetenses
1531 2174 1538 2188 ‚
1570 2150 1633 2180 sive
1664 2150 1881 2180 Carraccenses
1894 2173 1901 2187 ,
1933 2159 2000 2191 quae
2030 2150 2143 2192 scripta

1148 2206 1260 2237 dicitur
1272 2205 1354 2236 circa
1372 2215 1487 2235 annum
1509 2205 1606 2235 1149.

1198 2262 1262 2291 '759
1280 2260 1312 2291 C.
1332 2257 1482 2299 quidquid
1497 2267 1602 2287 servus
1621 2255 1745 2286 domino
1760 2261 1790 2286 et
1810 2255 1888 2286 filius
1905 2255 1996 2297 patri.
2013 2273 2054 2277 —
2070 2256 2143 2297 Epi-

1153 2313 1263 2344 stolam
1285 2311 1365 2342 hanc
1387 2309 1603 2352 descripsimus
1622 2319 1658 2339 ex
1678 2308 1888 2350 manuscripto
1905 2308 2009 2339 codice
2028 2308 2140 2339 Verdi-

1147 2366 1234 2397 nensi
1251 2389 1258 2403 ‚
1290 2364 1342 2395 ubi
1367 2370 1465 2395 exstat
1486 2369 1556 2405 post
1580 2362 1685 2392 Vitam
1709 2368 1738 2392 et
1761 2361 1911 2392 Miracula
1936 2363 1966 2392 S.
1993 2361 2141 2392 Bernardi

1148 2419 1269 2450 abbatis
1284 2416 1559 2450 Clarae-Vallensis.
1579 2414 1745 2446 Matthaeus
1761 2414 1946 2446 Albanensis
1965 2414 2137 2455 episcopus,

1148 2473 1196 2504 cni
1223 2470 1415 2508 inscribitur,
1454 2480 1490 2500 ex
1521 2467 1673 2499 monacho
1703 2467 1896 2498 Cluniacensi
1927 2466 2023 2497 factus
2052 2467 2139 2497 Prior

1148 2524 1393 2557 Sancti-Martini
1416 2534 1433 2554 a
1457 2522 1596 2564 Campis,
1617 2521 1689 2552 inde
1711 2526 1829 2552 creatus
1855 2527 1900 2551 est
1928 2520 2090 2550 cardinalis
2109 2526 2139 2550 et

1147 2579 1309 2621 episcopus
1328 2576 1530 2611 Albanensis,
1549 2574 1722 2616 apostolicae
1741 2573 1827 2604 Sedis
1841 2573 1871 2603 in
1886 2573 1985 2603 Gallia
2005 2573 2118 2613 legatus
2130 2596 2138 2607 ,

1147 2633 1187 2664 ad
1203 2643 1294 2674 quem
1317 2637 1415 2662 exstat
1431 2629 1527 2660 sancti
1546 2627 1692 2659 Bernardi
1710 2626 1839 2668 epistola
1857 2629 1909 2657 21.
1926 2626 2069 2656 Servulus
2086 2636 2138 2656 seu

1147 2687 1254 2724 Serio,
1283 2685 1321 2716 de
1340 2696 1400 2726 quo
1420 2683 1553 2726 epistola?
1570 2682 1669 2717 initio,
1690 2680 1879 2711 Belvacensis
1898 2679 2140 2710 Sancti-Luciam

1147 2739 1325 2771 monasterii
1341 2737 1437 2769 abbas
1456 2742 1533 2773 erat,
1551 2746 1618 2776 qucc
1638 2734 1741 2764 onmia
1754 2733 1834 2764 :etati
1849 2735 1879 2764 S.
1897 2732 2046 2763 Bernardi
2063 2743 2137 2763 con-

1147 2793 1283 2823 veniunt.
1311 2794 1400 2822 Hanc
1422 2796 1525 2820 tamen
1544 2787 1704 2829 epistolam
1730 2792 1900 2828 suspectam
1927 2792 1956 2816 et
1979 2796 2035 2827 pro
2055 2785 2140 2816 adul·

1145 2847 1243 2878 terina
1262 2845 1423 2881 habemus,
1438 2852 1544 2873 verum
1560 2851 1623 2871 non
1637 2839 1693 2871 fuit
1709 2839 1779 2870 ideo
1796 2837 2067 2881 praetermittenda.
2082 2840 2142 2868 Re-

1145 2899 1272 2931 ferenda
1293 2897 1415 2929 videtur
1435 2896 1474 2927 ad
1490 2905 1605 2926 annum
1623 2896 1721 2925 1133.

1195 2955 1255 2984 761
1278 2954 1312 2982 Β.
1336 2961 1377 2980 An
1393 2959 1546 2986 QUOSDAM
1570 2957 1715 2977 11011100
1732 2955 1922 2975 00)·11111505.
1950 2962 1987 2966 -
2002 2943 2063 2975 Ε151
2078 2942 2142 2973 haec

1144 3006 1273 3049 epistola
1296 3005 1346 3046 pia
1362 3010 1428 3041 est,
1450 3002 1554 3034 nescio
1578 3000 1652 3043 quid
1672 3006 1775 3031 tamen
1794 3004 1968 3030 contortum
1987 3008 2022 3028 ac
2037 2996 2140 3027 elabo-

1143 3066 1244 3091 ratum
1260 3058 1366 3094 habet,
1383 3057 1468 3099 quod
1483 3055 1632 3088 Bernardi
1650 3054 1772 3096 genium
1786 3059 1816 3084 et
1833 3051 1953 3083 dicendi
1968 3050 2140 3081 facilitatem

1143 3124 1207 3145 non
1231 3111 1320 3154 sapit.
1344 3113 1381 3142 Et
1398 3110 1430 3141 in
1450 3110 1517 3153 ipso
1531 3108 1667 3151 epistolae
1685 3112 1829 3138 contextu
1851 3104 1997 3146 quiddam
2009 3102 2139 3133 habetur

1143 3166 1294 3199 Bernardi
1307 3164 1467 3196 sententia!
1484 3175 1548 3195 non
1564 3163 1637 3194 satis
1651 3161 1848 3193 conveniens.
1865 3161 1952 3189 Hanc
1969 3156 2137 3187 invenimus

1142 3221 1174 3251 in
1201 3230 1262 3250 uno
1277 3218 1384 3250 codice
1405 3217 1572 3254 Vaticano,
1588 3221 1696 3246 notato
1710 3216 1787 3249 663,
1813 3218 1842 3242 01
1855 3209 1977 3252 quidem
1993 3214 2077 3238 extra
2092 3217 2139 3237 or-

1143 3273 1246 3304 dinem
1268 3272 1400 3303 aliarum
1414 3270 1613 3313 epistolarum
1627 3293 1634 3306 ,
1653 3273 1743 3310 post«
1758 3264 1914 3296 homiliam
1934 3265 1967 3293 B.
1990 3259 2136 3291 Bernardi

1143 3342 1155 3352 1·
1170 3325 1208 3356 de
1223 3327 1411 3366 Contemptu
1422 3322 1542 3360 mundi,
1556 3337 1568 3348 n
1583 3320 1638 3351 sub
1650 3320 1708 3350 lioc
1721 3318 1819 3354 titulo,
1834 3331 1846 3342 n
1858 3313 1990 3357 Epistola
2002 3311 2135 3353 ejusdem

1144 3399 1155 3409 n
1175 3379 1398 3416 consolatoria3
1420 3393 1431 3403 n
1454 3387 1514 3418 quo
1536 3387 1571 3405 cx
1595 3374 1699 3405 codice
1720 3370 1857 3413 quasdam
1882 3368 1945 3398 lova
1968 3365 2017 3395 hic
2031 3374 2133 3395 emen-
