2517 3920
306 146 381 183 759

303 286 502 323 ecclesiam
531 295 569 323 et
599 287 750 334 onmia,
784 296 924 338 praeter
951 287 1137 334 decimas,
1162 287 1209 324 ad
1238 301 1320 325 eam

304 346 537 395 pertinentia
562 348 824 384 Luxovienses
852 348 1093 397 possideant,
1124 349 1323 385 remitten-

305 414 360 442 tes
395 407 425 442 si
459 407 550 457 quid
577 407 675 457 juris
705 407 925 445 habuerunt
957 409 996 444 in
1027 409 1186 445 ecclesia
1209 409 1320 445 Bolo-

305 467 513 513 nis-Villae,
537 482 651 518 quam
676 468 857 506 tenebant
886 469 939 505 illi
965 468 1011 505 de
1040 472 1318 519 Sancto-Apro.

305 530 447 565 Omnes
461 538 588 566 autem
605 531 789 567 annuales
802 543 951 577 census,
961 543 1058 580 quos
1067 530 1225 567 ecclesia
1235 530 1322 568 Gal-

302 587 560 627 donis—Curtis
580 590 694 628 debet
709 600 783 628 tam
806 591 989 641 episcopo
1008 604 1120 641 quam
1140 591 1322 627 ministris

301 648 404 698 ejus,
423 651 474 686 illi
498 651 544 688 de
566 654 831 702 Sancto—Apro
851 652 1008 704 singulis
1031 652 1140 689 annis
1158 665 1205 688 ex
1223 652 1322 688 inte-

301 723 370 759 gro
401 712 633 760 persolvant.
658 716 739 750 Hoc
767 722 893 749 autem
918 713 1057 749 sactum
1084 721 1141 749 est
1163 713 1322 749 consilio

301 771 578 808 venerabilium
600 772 800 811 G0‹l‹·sri‹ti
821 773 1073 822 Lingonensis
1088 782 1126 809 et
1144 773 1321 809 Hattonis

300 833 498 869 Trecensis
514 834 799 883 episcoporum,
818 842 855 870 et
873 834 1036 869 aliorum
1053 833 1322 883 religiosorum

301 892 471 928 virorum
486 922 494 938 ,
514 894 579 942 qui
605 893 652 929 ad
674 894 747 930 hoc
768 894 893 943 ipsum
915 894 1023 930 acciti
1041 902 1129 929 sunt
1146 907 1166 930 a
1187 893 1320 938 nobis,

300 964 466 999 quorum
503 952 659 988 nomina
687 961 776 988 sunt
808 953 888 988 haec
916 967 922 989 :
945 953 1174 990 Guillelmus
1203 952 1321 990 abbas

1073 151 1107 186 S.
1140 151 1396 185 BERNARDI
1426 153 1454 186 A
1462 153 1629 187 BBATIS

303 224 489 262 decimam
518 225 852 265 Galdonis—Curtis
878 226 1063 274 lial)eant;
1083 227 1204 277 ipsam
1225 240 1318 264 vero
1337 235 1368 267 A

2328 154 2401 192 760

1663 307 1889 343 EJUSDEM
1911 305 2111 342 CHARTA
2123 308 2139 330 ¹³

1551 456 1622 480 PRO
1649 454 1889 479 MONASTERIO
1915 455 2225 478 SANCTI-AMANTII
2232 472 2238 480 .

1442 589 1486 625 {n
1516 585 1673 623 nomine
1705 583 1883 630 Domini,
1911 596 1982 633 ego
2010 582 2246 630 Bernardus,
2272 583 2402 623 Clarae-

1389 648 1505 686 Vallis
1535 656 1694 685 vocatus
1721 645 1861 692 abbas,
1889 654 2024 682 notum
2052 646 2142 682 volo
2172 658 2270 692 esse,
2301 648 2402 696 quod

1390 710 1517 745 locum
1540 710 1587 746 de
1606 709 1725 745 Buxia
1742 715 1755 729 ⁰
1776 716 1814 744 et
1834 706 2023 757 quidquid
2046 706 2085 742 in
2109 719 2154 742 eo
2170 705 2402 746 habebamus

1390 782 1434 805 ex
1457 769 1562 805 dono
1584 768 1741 806 Comitis
1765 767 2011 817 Engolismze,
2032 775 2070 803 et
2089 766 2257 803 ecclesiae
2274 770 2400 817 Engo-

1389 829 1598 875 lismensis,
1627 837 1664 864 et
1693 828 1795 865 Petri
1824 827 2041 873 Austensii‚
2070 827 2239 864 ecclesiae
2259 828 2403 865 Sancti-

1389 890 1557 927 Amantii
1590 888 1860 925 concessimus.
1884 892 2013 924 Testes
2042 889 2200 925 fuerunt
2218 890 2304 937 Ugo
2327 891 2404 925 En—

1389 949 1629 999 golismensis
1657 949 1885 999 episcopus,
1913 948 2094 985 dominus
2125 948 2263 987 Junius
2292 947 2404 988 abbas

300 1012 597 1049 Sancti-Martini
624 1013 822 1049 Trecensis
839 1042 848 1058 ,
875 1013 1083 1050 Balduinus
1109 1013 1227 1052 abbas
1250 1017 1321 1052 Ca-
1338 1018 1365 1052 Β
1389 1010 1436 1048 de
1467 1013 1638 1057 Corona,
1662 1011 1779 1047 frater
1799 1023 1956 1060 quoque
1986 1010 2186 1061 Philippus
2206 1010 2318 1047 Prior
2336 1023 2405 1047 no-

300 1072 505 1119 stellionis‚
538 1073 754 1123 Stephanus
789 1073 906 1110 abbas
943 1075 1321 1123 Trium-Fontium‚

299 1133 508 1171 Balduinus
543 1133 660 1172 abbas
689 1135 839 1182 Cristae,
878 1135 1006 1175 Guido
1039 1135 1156 1173 abbas
1187 1137 1322 1175 Chari-

301 1194 392 1230 Loci
412 1201 441 1231 ⁵¹.

1389 1081 1485 1118 ster,
1507 1081 1544 1108 et
1566 1072 1683 1108 frater
1699 1071 1887 1109 Girardus
1904 1079 1942 1107 et
1960 1071 2078 1107 frater
2097 1070 2307 1110 Gaufridus
2324 1084 2403 1108 mo-

1391 1133 1502 1169 nachi
1531 1132 1668 1170 domus
1694 1141 1847 1169 nostrae.
1864 1136 2003 1169 Actum
2023 1131 2127 1182 apud
2145 1131 2402 1169 Claram—Val-

1390 1193 1463 1230 lem
1486 1206 1589 1230 anno
1610 1193 1658 1232 ab
1678 1193 1946 1231 incarnatione
1966 1192 2122 1230 Domini
2146 1193 2157 1229 l
2174 1192 2258 1229 153.

961 1577 1754 1693 APPENDIX

652 1827 1197 1886 EPISTULARUM
1258 1826 1537 1884 SANCTI
1604 1823 1990 1883 BERNARDI
2019 1813 2059 1880 d.

1018 2034 1102 2038 -—
1107 2021 1377 2044 -ὤΰῧ

474 2289 858 2347 EPISTOLA
923 2291 1149 2351 CDLV.

303 2440 405 2480 Super
430 2441 599 2482 Evangelio
625 2445 736 2480 Lucae,
765 2454 834 2485 cap.
862 2455 940 2482 xw,
968 2447 1019 2476 1-9
1039 2455 1046 2476 :
1070 2446 1172 2475 Homo
1193 2441 1322 2489 quidam

519 2503 586 2527 erat
603 2495 704 2534 dianes,
724 2498 778 2542 qui
794 2497 932 2529 habebat
948 2498 1104 2531 villicum.

305 2616 640 2655 Reverendissimo
666 2619 825 2657 domino
846 2634 916 2658 suo
935 2625 1134 2667 ΜΑΤΤΗΕΟ,
1156 2634 1322 2658 venera-

359 2675 426 2712 bili
461 2679 530 2714 Dei
564 2681 684 2729 gratia
716 2681 925 2719 Albanensi
963 2683 1167 2733 episcop0‚
1208 2682 1324 2718 frater

360 2740 611 2787 Bmxmnus,
638 2742 771 2791 utique
806 2756 897 2780 suus
920 2772 929 2790 ,
967 2742 1159 2793 quidquid
1191 2755 1324 2779 sen‘us

362 2798 519 2836 domino
539 2809 577 2837 et
598 2803 697 2839 filius
717 2804 817 2854 patri
830 2805 858 2841 *.

361 2929 474 2977 Quod
501 2943 522 2966 a
547 2934 671 2968 Roma
695 2946 766 2983 per
786 2933 986 2971 dominum
1012 2934 1215 2972 Servulum
1237 2933 1327 2970 cha-

1344 2208 1371 2243 C
1390 2204 1583 2242 rissimum
1605 2212 1781 2241 nostrum
1793 2203 2065 2242 Velvacensem
2083 2202 2263 2241 abbatem
2278 2217 2406 2256 super-
2430 2235 2437 2238 .
2474 2223 2475 2229 1

1391 2265 1599 2303 eminentia
1630 2264 1908 2315 Magnitudinis
1940 2273 2075 2302 vestrae
2101 2265 2283 2315 parvitati
2315 2279 2405 2303 meae

1390 2326 1666 2371 mandaverat,
1690 2325 1870 2362 videlicet
1895 2334 1938 2362 ut
1964 2339 2008 2362 ea
2036 2340 2121 2376 quae
2148 2339 2267 2377 super
2286 2330 2420 2365 Evan-·

1389 2387 1531 2437 gelium
1559 2386 1605 2423 de
1628 2387 1757 2423 villico
1785 2386 2000 2436 iniquitatis
2026 2391 2131 2425 Deus
2153 2387 2246 2424 mihi
2270 2387 2406 2426 dixisse

1391 2448 1616 2494 donaverat,
1641 2447 1751 2484 vobis
1769 2447 2079 2496 transcriberem,
2101 2449 2171 2486 etsi
2190 2462 2290 2495 sero,
2309 2462 2407 2486 nunc

1391 2508 1570 2555 tandem,
1610 2522 1689 2544 non
1715 2508 1918 2545 minimum
1946 2508 2109 2559 pavidus
2145 2522 2193 2546 ne
2235 2509 2328 2559 quid
2355 2508 2408 2546 ibi

1390 2570 1578 2607 insulsum
1606 2583 1674 2606 vos
1705 2569 1896 2617 offendat,
1929 2570 2160 2608 transmitto.
2192 2573 2315 2622 Super
2336 2571 2407 2608 hoc

1391 2630 1507 2680 igitur
1538 2644 1669 2680 qufeso
1701 2644 1768 2668 vos
1801 2631 1841 2667 in
1878 2644 1938 2668 me
1968 2631 2121 2681 pietatis
2154 2640 2192 2668 et
2218 2630 2406 2669 charitatis

1391 2690 1588 2727 abundare
1634 2690 1863 2737 visceribus,
1901 2699 2091 2741 quatenus
2128 2700 2166 2729 et
2206 2691 2406 2742 ignoscatis

1392 2752 1486 2788 mihi
1513 2751 1618 2802 quod
1643 2752 1795 2799 distuli,
1816 2761 1854 2789 et
1876 2751 2087 2789 emendetis
2111 2751 2222 2790 vobis
2239 2753 2407 2790 incorre-

1393 2821 1495 2849 ctum
1517 2812 1623 2862 quod
1650 2813 1785 2850 obtuli.
1808 2813 2039 2850 Auctoritati
2056 2826 2223 2863 namque
2239 2812 2407 2864 pruden—

1395 2874 1455 2910 tiae
1476 2883 1614 2911 vestrae
1632 2875 1825 2911 reservavi
1846 2874 1884 2910 id
1902 2874 1947 2911 ad
1967 2874 2254 2924 corrigendum,
2269 2883 2306 2912 et
2322 2887 2407 2925 sup-

1394 2935 1546 2985 pliciter
1562 2935 1704 2983 offero,
1722 2944 1760 2972 et
1776 2935 1970 2973 cultellum
1992 2935 2059 2986 qui
2075 2936 2192 2986 vulgo
2209 2935 2408 2985 Quinivers

356 3083 371 3099 ³
398 3078 481 3110 Huic
498 3078 614 3111 cliartae
633 3091 807 3123 appensum
821 3089 886 3114 erat
906 3084 1040 3126 sigillum
1052 3109 1059 3123 ,
1082 3084 1137 3115 sed
1154 3085 1325 3117 contritum
1342 3092 1398 3118 est.
1411 3106 1456 3109 —-
1471 3080 1487 3103 b
1503 3090 1550 3119 Ex
1570 3086 1735 3119 Chai-tario
1753 3087 1913 3119 Buxiensi.
1932 3087 2054 3130 Scripta
2071 3098 2155 3119 anuo
2171 3086 2287 3120 Christi
2306 3086 2403 3119 1153.

355 3136 368 3151 ⁰
394 3131 475 3163 Vide
495 3139 585 3164 notas
603 3133 642 3165 ad
662 3135 829 3177 epistolam
848 3139 927 3168 299.

356 3178 373 3199 ¹¹
398 3182 475 3211 Haec
500 3181 670 3223 Append'rx
690 3189 830 3214 continet
855 3186 887 3215 S.
915 3184 1067 3215 Bernardi
1093 3185 1222 3224 dubias,
1252 3187 1413 3230 spuriasve
1429 3187 1581 3230 epistolas
1600 3188 1788 3225 nonnullam
1817 3188 1970 3230 quasdam
1993 3187 2069 3219 item
2093 3198 2111 3218 a
2135 3178 2268 3220 Nicolao
2293 3186 2401 3218 Clarae-

310 3232 450 3263 Vallensi
467 3234 533 3276 ejus
546 3235 674 3267 nomine
690 3236 839 3279 scriptas;
859 3236 897 3267 ad
911 3236 978 3268 haec
992 3237 1114 3269 chartas
1131 3249 1184 3270 seu
1198 3239 1316 3271 litteras
1331 3240 1371 3271 ab
1394 3240 1462 3283 ipso
1484 3241 1646 3273 Bernardo
1661 3241 1700 3272 de
1713 3241 1807 3273 rebus
1821 3241 1965 3273 civilibus
1978 3241 2155 3281 confectas3
2175 3248 2242 3273 tum
2262 3239 2404 3283 epistolas

310 3285 349 3316 ad
369 3287 513 3319 eumdem
530 3300 547 3320 a
562 3289 691 3322 diversis
708 3290 890 3322 hominibus
908 3291 1039 3334 scriptas
1051 3317 1058 3329 ,
1074 3303 1145 3323 cuni
1160 3293 1348 3334 quibusdam
1363 3295 1431 3326 aliis
1448 3296 1677 3334 monumentis,
1694 3306 1763 3338 quse
1777 3295 1816 3327 ad
1830 3295 2030 3328 illustrandas
2043 3295 2252 3330 Beruardinas
2265 3293 2406 3338 epistolas

308 3339 483 3372 conducere
503 3342 565 3374 xisa
583 3349 664 3376 sunt.
685 3345 799 3375 Omnia
820 3345 933 3388 partim
952 3356 989 3376 ex
1009 3346 1098 3377 libris
1116 3346 1205 3377 editis
1217 3372 1224 3385 ,
1245 3348 1359 3390 partim
1378 3360 1415 3380 ex
1432 3348 1665 3391 manuscriptis.
