2517 3936
87 241 187 279 1229

763 245 1015 281 APOLOGIA
1044 247 1112 282 AD
1141 247 1487 286 GUILLELMUM.

2060 263 2070 297 l
2083 262 2158 299 2:30

81 319 204 371 patria
219 346 229 365 ,
252 317 408 367 quando
426 315 504 366 jam
525 317 605 368 ipsa
636 317 827 367 regnabit,
850 321 1150 358 nihilominus’>50
1163 336 1202 359 se
1223 325 1388 361 occultet
1409 338 1430 361 a
1455 326 1659 374 splendore
1687 329 1815 378 ipsius.
1838 335 1884 370 Et
1903 334 1949 371 dc
1978 338 2157 386 operibus

82 380 179 418 forte
197 378 280 416 talis
299 378 426 427 aliqua
446 377 574 427 dispar
593 378 881 427 quodammodo
899 382 1093 431 aequalitas
1112 383 1140 417 A
1159 383 1313 431 quidem
1355 396 1454 433 saepc
1489 385 1649 433 incerta,
1679 397 1715 424 ct
1751 389 1800 425 ob
1837 392 1908 429 hoc
1948 397 2159 444 periculosa

23 431 41 467 3¹
83 440 209 479 futura
233 439 308 475 sit?
326 437 420 475 Inde
437 438 583 474 etenim
603 438 788 488 scriptum
806 448 864 476 est
885 456 892 477 :
915 444 960 476 In
985 443 1092 477 doum

82 502 210 537 Patris
224 502 297 535 mei
317 502 531 534 mansiones
549 501 678 534 multet>
693 508 778 534 suat
796 507 819 536 ¹.
843 501 948 537 Sicut
966 501 1092 550 itaque

81 560 158 598 illic
173 559 300 596 multae
314 559 529 596 mansiones
542 558 581 595 in
596 572 673 595 una
687 558 822 605 domo;
840 560 891 596 ita
907 561 967 597 hic
983 563 1091 598 multi

83 619 236 658 ordines
255 627 344 656 sunt
369 619 408 655 in
436 619 602 656 Ecclesia
624 632 700 655 una
722 633 729 655 :
751 628 789 656 et
806 621 1003 669 quomodo
1032 622 1092 657 hie

82 681 279 717 divisiones
292 683 502 729 gratiarum
515 688 614 723 suat,
634 681 728 715 idem
747 689 868 715 autem
887 682 1046 729 *Spiritus
1059 687 1091 727 ²3

81 741 134 779 ita
152 739 206 778 ibi
226 740 490 778 distinctiones
509 739 662 790 quidem
685 740 912 790 gloriarum,
932 741 998 777 sed
1018 755 1093 778 una

82 802 232 839 domus.
251 805 373 839 Porro
390 801 516 838 unitas
534 809 609 838 tam
623 801 685 838 hic
698 815 812 851 quam
829 800 882 838 ibi
895 831 904 847 ,
922 815 990 838 con
999 802 1095 839 sistit

82 863 121 900 in
152 876 230 900 una
257 862 460 909 charitate;
480 861 679 899 diversitas
700 871 827 899 autem
859 862 919 899 hic
940 863 1095 912 quidem

81 924 122 960 in
154 922 333 960 ordinum
358 923 420 959 vel
453 923 724 973 operationum
757 923 964 960 multifaria
998 923 1096 960 divi-

83 983 190 1021 sione
215 998 224 1020 :
256 983 334 1020 illic
357 996 451 1020 vero
478 983 516 1020 in
544 983 707 1033 quadam
730 983 956 1020 meritorum
978 983 1097 1019 notis—

83 1044 198 1090 sima,
227 1043 293 1081 sed
309 1051 349 1080 et
367 1042 648 1080 ordinatissima
675 1042 931 1080 distinctione.
953 1043 1098 1080 Intelli-

1159 443 1346 479 sententia
1368 444 1506 489 fertur,
1528 458 1611 481 cum
1641 447 1831 485 multoties
1861 452 1983 491 minus
2004 454 2158 503 justitiae

1159 501 1345 548 habeant,
1380 504 1445 552 qui
1474 506 1590 554 magis
1623 516 1844 555 operantur.

1533 630 1710 669 CAPL'T
1743 633 1789 671 Y.

1160 749 1334 791 Religiosos
1351 750 1483 781 aliorum
1501 752 1654 783 Ordiuum
1677 754 1804 785 winulos
1818 762 1845 786 et
1862 756 2082 789 obtrectatores
2104 762 2166 792 acri

1530 806 1600 837 stilo
1620 807 1806 848 aggreditur.

1220 925 1278 961 lO.
1295 924 1406 962 Unde
1422 940 1522 962 nunc
1539 926 1627 962 mihi
1645 928 1897 965 conveniendi
1910 940 1997 967 sunt
2010 934 2164 981 quidam

1164 983 1210 1020 de
1228 984 1371 1021 Ordine
1392 995 1541 1030 nostro,
1566 988 1630 1036 qui
1648 997 1779 1024 contra
1796 989 1896 1025 illam
1919 994 2140 1031 sententiam
2153 1024 2161 1040 ‚

1164 1044 1288 1079 Nolite
1306 1055 1394 1081 ciale
1411 1055 1555 1095 tempus
1564 1048 1742 1092 judicare
1751 1078 1763 1093 ,
1783 1052 2021 1099 quoadusque
2036 1058 2168 1091 veniat

82 1116 174 1153 gens
198 1103 365 1154 denique
388 1103 557 1140 Ecclesia
571 1103 668 1139 hanc
682 1116 788 1139 suam
811 1102 1098 1152 quodammodo
1118 1102 1145 1136 B
1166 1105 1371 1151 Dominus,
1388 1110 1452 1154 qai
1466 1116 1500 1142 et
1517 1106 1746 1143 illuminabit
1765 1108 1981 1146 abscondita
2000 1113 2164 1149 tenebra-

39 1188 42 1192 ,
83 1162 298 1201 discordem
336 1163 601 1210 concordiam,
636 1162 915 1200 concordemve
951 1162 1099 1199 discor-

82 1223 182 1261 diam
205 1238 213 1260 :
235 1226 406 1262 Deduxit
420 1237 492 1270 me,
514 1223 660 1274 inquit,
678 1237 792 1272 super
818 1226 971 1259 semitas
986 1227 1098 1269 justi-

83 1289 149 1321 tioe
185 1293 346 1334 propter
380 1297 515 1320 nomen
550 1297 657 1320 suum
692 1281 719 1320 3.
762 1287 912 1320 Ponens
953 1283 1097 1332 quippe

81 1349 236 1380 semitas
255 1343 477 1394 pluraliter,
498 1352 538 1381 et
551 1344 714 1390 justitae
741 1343 1005 1392 singulariter5
1025 1356 1096 1379 nec

83 1404 343 1442 diversitatem
360 1404 604 1454 praetermisit
619 1403 886 1453 operationum
899 1431 908 1449 ‚
927 1417 997 1440 nce
1012 1403 1098 1439 uni-

84 1472 198 1501 tatem
229 1464 484 1514 operantium.
506 1463 727 1501 Praevidens
756 1476 910 1513 quoque
930 1471 968 1499 et
995 1462 1097 1499 illam

83 1525 124 1561 in
146 1524 365 1562 coelestibus
388 1524 591 1561 discretam
612 1524 799 1561 unitatem
820 1524 1007 1569 suturam,
1028 1523 1098 1560 de-

82 1585 277 1622 votissime
306 1586 389 1622 laeta
417 1585 593 1622 decantat
616 1599 623 1621 :
645 1586 797 1620 Plateoe
829 1594 916 1628 tuoe,
938 1587 1098 1620 Jerusa-

83 1649 174 1691 lem,
194 1656 404 1683 sternentur
417 1660 510 1683 atero
529 1648 689 1690 mundo,
714 1654 750 1682 et
764 1660 838 1695 per
851 1659 977 1681 omnes
995 1649 1100 1681 vicos

83 1715 165 1743 taos
186 1709 358 1743 Alleluia
383 1705 643 1743 cantabitur&
681 1705 848 1742 Audiens
880 1706 981 1742 enim
1012 1706 1097 1755 pla-

84 1775 162 1804 teas
182 1775 222 1804 et
241 1767 365 1813 vicos,
386 1779 548 1804 coronas
575 1775 613 1803 et
635 1766 774 1816 glorias
795 1765 963 1802 diversas
982 1766 1097 1802 intel-

83 1826 168 1875 lige.
203 1830 248 1864 In
286 1839 381 1863 auro
395 1854 405 1871 ‚
439 1839 517 1876 quo
555 1839 634 1863 uno
674 1826 828 1863 metallo
863 1826 926 1863 illa
965 1826 1098 1862 civitas

1164 1178 1263 1210 rum,
1295 1175 1330 1201 et
1361 1166 1618 1214 'manifestabit
1647 1171 1803 1204 consilia
1838 1171 2052 1218 cordt‘umS3
2086 1174 2165 1211 aliis

1164 1224 1372 1262 Ordinibus
1393 1226 1574 1276 derogare
1596 1227 1786 1275 dicuntur,
1807 1238 1843 1266 et
1864 1244 1966 1266 Suam
1981 1231 2164 1279 justitiam

1163 1284 1280 1321 solam
1317 1286 1488 1322 volentes
1520 1288 1771 1333 constituere,
1799 1288 1954 1338 justitiae
1983 1292 2052 1328 Dci
2087 1307 2163 1330 non

1164 1353 1253 1381 sunt
1270 1345 1430 1394 subjecti
1450 1362 1457 1383 ε
1479 1360 1574 1396 quos
1592 1348 1765 1396 profecto
1788 1349 1839 1394 (si
1860 1350 1925 1398 qui
1945 1359 2069 1387 tamen
2092 1353 2161 1389 hu-

1160 1403 1375 1453 juscemodi
1397 1406 1506 1457 sunt)
1526 1420 1592 1443 nec
1611 1408 1750 1454 nostri,
1772 1422 1839 1444 nec
1857 1408 2066 1460 cujuspiam
2088 1426 2166 1449 esse

1166 1464 1320 1502 Ordinis
1338 1467 1464 1503 verius
1482 1466 1662 1513 dixerim,
1683 1468 1826 1518 quippe
1846 1469 1911 1517 qui
1928 1470 1996 1506 etsi
2013 1471 2166 1508 ordina—

1167 1533 1202 1561 te
1222 1526 1415 1572 viventes,
1435 1526 1598 1577 superbe
1618 1536 1742 1563 tamen
1767 1528 1986 1577 loquentes,
2007 1531 2106 1567 cives
2128 1546 2166 1568 sc

1167 1585 1309 1622 faciunt
1332 1586 1552 1636 Babylonis,
1574 1587 1610 1623 id
1628 1596 1681 1623 est
1705 1588 1954 1635 confusioni53
1976 1589 2050 1626 imo
2072 1591 2167 1629 filios

1168 1645 1407 1683 tenebrarum
1421 1677 1430 1694 ‚
1448 1647 1639 1696 ipsiusque
1657 1647 1856 1696 gehennae,
1878 1648 1941 1685 ubi
1966 1650 2090 1687 nullus
2106 1664 2165 1687 or-

1167 1705 1236 1751 do,
1262 1707 1328 1743 sed
1354 1708 1608 1757 sempiternus
1632 1708 1770 1744 horror
1801 1708 2025 1746 inhabitata
2051 1710 2167 1748 Vobis

1165 1779 1271 1816 ergo,
1298 1767 1474 1816 inquam,
1496 1768 1730 1817 f1·atrcs,qui
1756 1769 1866 1805 ctiam
1894 1777 1980 1818 post
1999 1770 2165 1807 auditam

1164 1827 1264 1863 illan]
1304 1828 1459 1865 Domini
1491 1828 1536 1864 de
1571 1829 1758 1865 Pharisaeo
1791 1838 1828 1866 et
1858 1828 2064 1867 Publicano
2096 1844 2165 1880 pa-

83 1895 220 1924 ornata
257 1885 506 1932 describitur,
538 1894 576 1923 et
601 1886 641 1923 in
674 1899 753 1923 uno
785 1887 968 1932 Alleluia,
995 1886 1099 1936 quod
1120 1889 1146 1924 C
1166 1885 1356 1933 rabolam⁷
1375 1887 1420 1924 dc
1436 1896 1560 1924 vestra
1577 1887 1745 1936 justitiaa
1770 1897 2063 1938 praesumentes,
2093 1903 2167 1926 cae-

84 1946 316 1984 cantandum
347 1946 594 1997 perhibetur,
614 1946 852 1983 dissimilium
882 1946 1094 1996 specierum

84 2006 246 2046 similem
263 2006 604 2058 pulchritudinem,
620 2016 658 2044 et
681 2008 887 2046 multarum
909 2007 1094 2046 mentium

83 2080 201 2105 unam
222 2067 469 2105 devotionem
490 2067 656 2105 attende.

138 2129 175 2165 9.
195 2131 280 2165 Non
307 2127 423 2178 igitur
448 2141 526 2164 una
554 2135 702 2164 tantum
733 2128 866 2164 semita
891 2128 1094 2175 inceditur,

84 2188 176 2238 quia
195 2201 265 2225 nec
293 2201 369 2225 una
393 2196 450 2224 est
470 2188 617 2224 mansio
644 2200 722 2237 quo
747 2187 928 2224 tenditur.
950 2188 1096 2225 Viderit

84 2257 211 2285 autem
236 2248 398 2298 quisque
417 2261 660 2297 quacumque
678 2247 852 2294 incedat,
874 2261 921 2284 ne
941 2261 1012 2298 pro
1036 2248 1096 2284 di-

37 2329 42 2333 ·
84 2309 262 2346 versitate
293 2309 515 2346 semitarum
542 2308 592 2345 ab
619 2321 695 2345 una
723 2307 870 2358 justitia
902 2308 1054 2345 recedat
1086 2323 1094 2345 :

86 2369 268 2420 quoniam
289 2368 337 2406 ad
356 2368 568 2419 quamlibet
589 2369 826 2406 mansionem
849 2382 916 2406 sua
936 2370 1098 2419 quisque

86 2431 218 2468 semita
240 2431 478 2481 pervenerit,
495 2429 543 2467 ab
563 2444 641 2467 una
669 2430 786 2467 domo
814 2431 935 2467 Patris
966 2444 1098 2468 exsors

86 2504 165 2533 non
184 2491 270 2528 erit.
292 2495 566 2529 Verumtamen
586 2500 626 2527 ut
640 2493 751 2526 stella
771 2489 819 2526 ab
837 2493 945 2526 stella
967 2489 1101 2538 differt

85 2552 123 2587 in
138 2554 308 2587 claritate
321 2565 335 2595 ;
351 2556 406 2587 sic
418 2555 491 2587 erit
503 2579 513 2595 ,
533 2551 606 2596 ait,
629 2560 667 2586 et
687 2556 906 2586 resurrectio
929 2560 1097 2587 ηιονίιιο-

89 2625 169 2648 rum
183 2609 211 2648 ⁵.
250 2615 345 2649 Nam
380 2611 450 2648 etsi
486 2610 686 2661 fulgebunt
719 2610 813 2660 justi
841 2611 938 2648 sicut
969 2612 1024 2648 sol
1059 2612 1097 2648 in

1163 1956 1264 1984 teros
1284 1948 1560 1998 aspernamini,
1580 1948 1703 1984 dicitis
1723 1948 1785 1999 (ut
1803 1947 1963 1998 dicitur)
1980 1949 2080 1985 solos
2097 1963 2166 1986 vos

1162 2007 1360 2044 hominum
1385 2022 1465 2045 esse
1485 2007 1630 2057 justos,
1654 2016 1718 2044 aut
1740 2007 1917 2044 omnibus
1938 2009 2164 2055 sanctiores;

1163 2069 1265 2105 solos
1287 2082 1356 2105 vos
1376 2068 1652 2105 monachorum
1681 2068 1901 2116 regulariter
1917 2068 2045 2104 vivere
2060 2098 2070 2114 ‚
2090 2081 2165 2105 cae·

1165 2136 1265 2165 teros
1300 2141 1392 2165 vero
1424 2128 1578 2178 Regulae
1609 2127 1737 2177 potius
1765 2128 1926 2164 existere
1956 2135 2166 2177 transgres-

1163 2200 1280 2224 sores.

1221 2248 1278 2284 ll.
1301 2248 1431 2284 Primo
1452 2248 1545 2297 quid
1565 2247 1610 2284 ad
1634 2260 1701 2283 vos
1718 2247 1764 2283 dc
1785 2247 1914 2283 alicnis
1932 2247 2049 2283 servis
2063 2248 2077 2282 Ρ
2090 2249 2166 2283 Suo

1165 2307 1323 2344 domino
1345 2317 1468 2355 stant,
1491 2318 1558 2345 aut
1583 2308 1735 2345 cadunt.
1754 2308 1846 2356 Quis
1876 2321 1942 2344 vos
1973 2308 2171 2344 constituit

1161 2368 1310 2418 judices
1331 2383 1447 2419 super
1467 2371 1560 2406 eos?
1579 2369 1724 2407 Deinde
1749 2369 1777 2405 si
1798 2369 1849 2405 ita
1866 2397 1875 2412 ‚
1895 2376 1936 2404 ut
1955 2368 2104 2413 dicitur,
2122 2367 2168 2404 de

1167 2429 1311 2467 Ordine
1336 2438 1462 2466 vestro
1496 2429 1720 2479 praesumitis
1736 2443 1745 2474 3
1762 2428 1882 2477 qualis
1910 2427 2004 2463 ordo
2033 2436 2106 2473 est,
2128 2435 2169 2463 ut

1169 2498 1372 2539 antequam
1408 2489 1454 2526 de
1483 2502 1551 2526 suo
1584 2489 1743 2537 quisque
1777 2486 1919 2523 trabem
1953 2486 2095 2535 ejiciat,
2129 2486 2165 2521 in

1166 2551 1324 2587 fratrum
1351 2550 1469 2586 oculis
1495 2558 1569 2585 tam
1596 2548 1740 2584 curiose
1764 2547 1922 2583 festucas
1949 2545 2168 2594 perquirat?

1166 2611 1237 2659 Qui
1259 2612 1296 2646 in
1319 2611 1461 2659 Regula
1485 2608 1723 2659 gloriamini,
1746 2620 1813 2643 cur
1831 2614 1963 2642 contra
1983 2604 2168 2653 Regulam

89 2685 207 2721 regno
229 2671 350 2708 Patris
377 2684 508 2708 eorum
527 2671 615 2709 :alii
641 2680 767 2710 tamen
797 2671 879 2707 aliis
909 2671 1096 2722 amplius,
1121 2677 1153 2711 D
1169 2671 1390 2708 detrahitis?
1411 2683 1477 2706 cur
1503 2677 1634 2705 contra
1664 2665 1929 2714 Evangelium,
1954 2672 2038 2699 ante
2069 2671 2163 2699 tem-

89 2745 160 2782 pro
197 2730 418 2770 diversitate
453 2731 692 2769 meritorum.
719 2735 812 2780 Quae
847 2744 937 2768 sane
970 2732 1105 2770 merita

89 2791 287 2829 sciendum
322 2805 400 2828 non
434 2792 488 2828 sic
515 2792 554 2828 in
582 2792 654 2828 hoc
684 2793 846 2838 saeculo,
868 2800 910 2828 ut
943 2791 980 2827 in
1016 2792 1102 2837 illo,

91 2853 199 2889 facile
227 2851 274 2889 ab
303 2851 459 2890 homine
488 2865 600 2901 posse
630 2851 822 2889 discerni:
846 2851 991 2901 quippe
1019 2865 1103 2887 cum

90 2912 150 2949 hic
176 2920 323 2949 tantum
351 2925 469 2963 opera
494 2911 711 2957 videantur,
735 2912 811 2948 illic
843 2911 958 2948 etiam
989 2911 1106 2947 corda

92 2972 184 3009 nihil
207 2971 392 3022 impediat
410 2972 566 3008 intueri.
592 2971 786 3021 Siquidem
817 2970 988 3007 radiante
1015 2969 1103 3007 ubi-

91 3045 165 3081 que
185 3033 272 3070 Sole
285 3031 464 3081 justitiae,
489 3040 581 3069 tunc
602 3031 800 3068 manifesta
816 3039 928 3067 crunt
943 3029 1104 3068 abscon-

92 3091 170 3129 dita
195 3090 420 3140 cordium⁶;
442 3101 480 3129 et
510 3094 608 3130 sicut
641 3105 720 3129 non
753 3099 808 3129 est
834 3104 936 3128 nunc
967 3091 1033 3139 qui
1065 3103 1103 3125 se

93 3151 303 3189 abscondat
323 3166 344 3190 a
363 3153 490 3190 calore
513 3152 595 3203 ejus
605 3160 632 3199 7,
652 3153 704 3189 ita
728 3161 818 3188 tunc
840 3165 918 3188 non
939 3151 1011 3187 erit
1036 3151 1100 3200 qui

146 3287 155 3301 ¹
172 3284 266 3312 Joan.
292 3293 361 3321 xrv,
380 3285 409 3313 2.
425 3299 469 3305 —·-
493 3286 533 3314 2Ι
554 3285 626 3314 Cor.
643 3294 691 3312 xu
705 3307 712 3319 ,
735 3285 765 3313 4.

99 3345 144 3373 N,
169 3338 200 3365 5.
215 3353 258 3356 —
273 3335 384 3366 71)531.
401 3346 504 3373 xviii,
523 3337 553 3366 7.
571 3354 613 3357 —-
630 3334 643 3356 S
666 3337 763 3367 ICor.
782 3347 826 3367 iv.
847 3339 874 3365 [τ.

146 3397 159 3411 ‘¹
176 3394 263 3429 Alias
275 3419 282 3431 ,
306 3393 344 3425 de
368 3402 468 3429 vestro
486 3394 640 3432 itzsliiuto.

786 3300 829 3304 -—
858 3279 871 3303 3
887 3281 965 3311 Psal.
985 3290 1072 3316 xxti,
1097 3282 1129 3309 3.
1157 3295 1198 3298 ψ
1219 3276 1240 3317 ,4
1261 3274 1340 3305 Tol).
1363 3284 1445 3309 xm,
1465 3274 1518 3302 22.

951 3340 966 3354 ἢ
985 3332 1046 3364 Joli
1064 3343 1103 3365 x,
1123 3334 1176 3361 ΤΥ).

1172 2745 1264 2782 pus3
1286 2739 1324 2767 et
1355 2738 1488 2767 contra
1516 2728 1761 2778 Apostolum,
1785 2724 1927 2761 alienos
1954 2735 2082 2759 servos
2102 2723 2169 2771 ju—

1173 2792 1304 2828 dicatis
1322 2793 1378 2826 ¹⁰?
1399 2804 1444 2826 an
1466 2789 1607 2838 Regula
1631 2799 1704 2823 non
1736 2783 1941 2820 concordat
1963 2781 2173 2831 Evangelio

1172 2851 1230 2887 vel
1272 2849 1480 2898 Apostolo?
1517 2845 1682 2894 alioquin
1720 2842 1863 2891 Regula
1890 2841 1968 2891 jam
2003 2853 2080 2876 non
2113 2848 2168 2875 est

1172 2910 1322 2959 regula,
1347 2908 1434 2957 quia
1460 2919 1535 2942 non
1562 2913 1673 2941 recta.
1705 2901 1864 2947 Audite,
1885 2909 1922 2937 et
1951 2899 2081 2936 discite
2105 2912 2168 2934 or-

1173 2970 1297 3006 dincm
1313 2999 1322 3014 ,
1344 2969 1409 3017 qui
1429 2975 1559 3003 contra
1583 2964 1754 3001 ordinem
1776 2962 1856 2998 aliis
1876 2959 2083 2998 Ordinibus
2100 2958 2166 2994 de-

1171 3029 1323 3079 rogatis.
1342 3031 1566 3075 Hrpocrita,
1580 3023 1723 3073 inquit,
1739 3023 1831 3068 eja-e
1844 3025 2009 3069 primum
2030 3017 2176 3053 trabem*

1170 3093 1216 3125 tle
1236 3092 1337 3124 oculo
1360 3097 1442 3132 tuo,
1473 3096 1508 3122 et
1530 3090 1582 3121 sic
1602 3082 1749 3119 videbis
1769 3086 1901 3128 ejicere
1921 3079 2102 3126 festucam
2124 3078 2170 3110 cle

1169 3146 1417 3195 oculofmtlis
1432 3151 1484 3182 tui
1499 3152 1540 3182 ¹¹.
1555 3143 1699 3193 Quaeris
1716 3155 1828 3192 quam
1848 3139 1988 3176 trabem
2000 3139 2014 3173 Ρ
2026 3149 2071 3172 an
2092 3147 2166 3171 non

1548 3290 1591 3293 —
1615 3268 1627 3290 5
1646 3273 1659 3300 l
1679 3272 1747 3299 (lor.
1773 3278 1826 3300 Μ’,
1855 3268 1909 3298 41.
1941 3266 1991 3294 42.
2021 3279 2058 3284 «A
2085 3259 2100 3281 ὓ
2120 3259 2167 3295 Id,

1230 3347 1233 3348 ν
1255 3334 1283 3347 ”“
1300 3330 1392 3358 Rom,
1408 3336 1474 3356 xiv.
1496 3327 1524 3355 si.
1605 3320 1841 3353 “Mamm-11.
1861 3320 1927 3348 ¹3·5.
