2565 3952
41 295 43 297 ¹
75 245 147 285 653

999 235 1261 271 EPISTOLAE.

1086 309 1138 327 ³²⁹
1152 312 1295 348 latione
1325 311 1531 349 didicimus
1555 328 1562 349 ;

2092 245 2163 279 ὓῶἑι

1588 312 1865 362 multiplicatur
1894 322 1968 350 tam
2002 316 2040 352 in
2071 326 2167 354 tem-

75 401 1084 424 ......................................................................
1102 370 1133 403 A
1152 371 1364 421 poralibus,
1386 386 1501 422 quam
1524 372 1563 409 in
1585 372 1860 422 spiritualibus.
1881 375 1992 411 [nde
2015 385 2052 412 et
2073 391 2167 414 con-

185 530 557 593 EPISTOLA
621 527 971 588 CCCLVII.a

449 689 495 710 AD
524 688 699 711 EUMDEM.

73 815 341 846 Perseverantem‚
370 808 432 839 imo
460 813 492 839 et
520 806 735 850 proficientem
761 806 802 837 ab
827 817 865 837 eo
885 805 1085 838 dilectionem

117 864 259 908 requirit,
285 872 417 904 eamque
435 861 467 892 in
485 860 633 892 fratribus
655 872 673 892 a
697 872 729 892 se
749 860 867 899 missis,
889 860 1036 891 curandis
1053 866 1083 892 et

117 917 256 951 fovendis
275 916 397 948 ostendi
416 916 513 958 cupit.

72 1038 338 1080 Amantissimo
367 1037 469 1089 patri
499 1046 537 1075 et
571 1037 730 1075 domino
763 1038 1085 1077 reverendissimo

1152 433 1393 481 gratulamur
1426 433 1639 482 plurimum
1656 462 1666 479 ,
1694 441 1732 469 ct
1762 441 1844 469 toto
1875 434 2005 470 animo
2032 438 2171 485 gratias

1153 495 1301 544 agimus
1320 496 1404 530 Deo
1428 501 1466 529 et
1486 502 1657 543 paternae
1679 493 1930 529 sollicitudini
1952 504 2101 533 vestrm.
2126 500 2171 534 Et

1154 554 1338 605 quoniam
1359 554 1479 590 multa
1500 553 1624 590 adhuc
1645 567 1744 603 opus
1764 562 1820 590 est
1844 553 2060 603 vigilantia,
2085 565 2170 593 tan-

1152 628 1268 665 quam
1289 615 1328 651 in
1350 614 1436 651 loco
1453 628 1577 661 novo,
1592 622 1631 650 et
1644 614 1683 650 in
1703 622 1804 650 terra
1819 622 1892 650 tam
1914 615 2075 661 insueta,
2094 617 2170 653 imo

1150 685 1189 714 et
1214 676 1416 727 inexperta
1438 675 1658 712 monasticae
1679 675 1896 724 religioni53
1924 675 2172 714 obsecramus

1150 737 1190 774 in
1211 737 1395 784 Domino,
1417 750 1465 774 ne
1488 736 1692 774 retrahatis
1714 749 1870 773 manum
1894 745 2059 774 vestram
2075 767 2085 783 ‚
2103 739 2169 775 sed

1151 798 1257 848 quod
1287 797 1386 835 bene
1422 797 1651 848 incoepistis,
1685 798 1832 848 optime
1863 799 2082 847 perficiatis.
2113 803 2170 836 De

1152 858 1334 897 fratribus
1365 860 1531 904 nostris,
1568 859 1634 909 qui
1667 859 1866 896 redierunt
1899 873 1920 896 a
1953 860 2039 898 loco
2073 861 2168 907 illo,

1151 919 1264 957 nobis
1287 920 1386 958 bene
1411 920 1638 972 placuisset,
1663 920 1694 957 si
1718 921 2001 958 remansissent.
2023 925 2071 958 Et
2093 922 2172 959 for-

1153 989 1251 1018 tasse
1290 983 1518 1019 nonnullam
1559 981 1800 1018 occasionem
1834 980 2085 1032 praebuerunt
2119 984 2171 1021 cis

1154 1043 1338 1088 fratrum,
1360 1043 1426 1093 qui
1456 1042 1503 1079 de
1532 1051 1633 1079 terra
1656 1051 1762 1088 sunt,
1790 1042 1916 1079 minus
1941 1041 2171 1093 disciplinati

121 1104 324 1139 Mammam
338 1128 347 1146 ,
378 1099 450 1136 Dei
486 1098 605 1148 gralia
639 1098 841 1148 ePiSCOPQ
877 1108 1016 1136 Sanctae
1045 1108 1083 1136 Gt
1101 1098 1130 1133 Β
1153 1117 1280 1141 mores
1293 1134 1302 1148 ,
1323 1104 1360 1140 in
1378 1117 1425 1141 eo
1444 1104 1627 1149 maxime,
1647 1102 1753 1153 quod
1770 1103 1895 1139 minus
1913 1103 2020 1140 facilc
2034 1116 2169 1140 eorum

122 1161 340 1212 apostolicae
358 1160 464 1197 Sedis
479 1160 622 1209 legam,
641 1173 718 1196 suae
736 1160 944 1196 sanctitatis
961 1174 1058 1210 puer
1070 1191 1080 1208 ,

123 1223 236 1260 frater
270 1224 497 1259 BEnxARncs
529 1220 788 1257 Clam-Vallis
820 1229 978 1258 vocatus
1009 1221 1080 1258 ab-

120 1282 208 1329 bas,
236 1283 399 1320 salutem
427 1290 464 1318 et
491 1281 790 1331 qualescumque
822 1289 973 1319 nostras
997 1296 1082 1320 ora-

126 1351 258 1381 tiones.

86 1456 95 1467 ”
127 1468 159 1502 1.
175 1466 313 1512 'Quam
341 1461 468 1499 dulcia
503 1460 678 1499 faucibus
699 1462 794 1500 meis
817 1462 972 1513 eloquia
995 1471 1081 1511 tua,

71 1524 222 1563 domine
232 1525 360 1574 pater!
377 1536 491 1573 quam
508 1521 681 1572 jucunda
705 1532 778 1560 tuae
792 1524 978 1560 memoria
993 1528 1085 1562 San-

70 1585 223 1624 ctitatis!
238 1583 381 1634 Siquid
396 1584 623 1630 affectionis,
636 1584 665 1620 si
682 1584 775 1634 quid
792 1584 1008 1622 devotionis
1020 1615 1030 1632 ,
1053 1585 1082 1622 si

69 1644 160 1697 quid
181 1645 297 1682 animi
316 1644 356 1681 in
378 1643 490 1681 nobis
513 1652 591 1690 est,
619 1653 743 1682 totum
765 1645 846 1682 sine
872 1644 991 1682 dubio
1012 1645 1083 1683 sibi

70 1706 234 1744 vindicat
261 1714 334 1742 tuae
360 1705 587 1743 Dilectionis
607 1705 782 1743 charitas.
802 1709 880 1744 'Nec
905 1719 1004 1756 opus
1027 1716 1084 1744 est

71 1765 274 1804 verborum
297 1765 565 1812 multitudine,
591 1764 660 1802 ubi
682 1766 847 1803 multum
868 1766 971 1816 viget
991 1767 1078 1804 asfe-

71 1835 164 1866 ctus.
179 1826 341 1866 Confido
356 1826 460 1864 enim
481 1826 588 1876 quod
606 1826 867 1863 testimonium
883 1826 1085 1876 perhibeat

1150 1165 1316 1201 consiliis
1336 1164 1578 1214 acquiescere
1598 1164 1777 1201 videntur
1791 1164 1829 1201 in
1847 1164 1904 1201 his
1923 1164 2057 1212 rebus,
2075 1179 2169 1215 qua-

1150 1239 1235 1262 rum
1260 1225 1366 1275 prius
1389 1226 1539 1261 fuerant
1558 1225 1762 1274 inexperti.

1206 1287 1240 1322 3.
1273 1286 1544 1323 Cllarissimum
1572 1286 1691 1322 filium
1715 1294 1890 1322 nostrum
1913 1287 2168 1324 Christianum

1149 1354 1188 1383 et
1216 1354 1387 1382 vestrum
1419 1345 1635 1382 remisimus
1655 1344 1703 1381 ad
1724 1358 1813 1391 vos,
1833 1355 2019 1395 quantum
2040 1352 2169 1396 potui—

1150 1419 1235 1442 mus
1254 1405 1485 1442 instructum
1505 1405 1657 1454 plenius
1679 1405 1715 1441 in
1739 1405 1797 1441 his
1818 1419 1903 1454 quae
1921 1405 1968 1442 ad
1987 1406 2171 1444 Ordinem

1150 1466 1368 1516 pertinent,
1395 1474 1433 1502 et
1456 1465 1503 1502 de
1525 1474 1664 1502 caetero
1688 1466 1788 1502 circa
1807 1465 2071 1504 observantias
2089 1467 2172 1516 ejus

1150 1526 1413 1564 sollicitiorem
1438 1526 1634 1573 futurum,
1659 1534 1701 1562 ut
1721 1539 1932 1576 speramus.
1954 1530 2031 1563 Nec
2054 1529 2172 1565 mire-

1151 1587 1245 1624 mini
1267 1586 1372 1637 quod
1391 1600 1469 1623 non
1491 1586 1623 1636 plures
1644 1599 1731 1623 cum
1752 1600 1798 1623 eo
1820 1586 1992 1623 misimus
2014 1587 2171 1635 fratres,

1151 1648 1336 1697 quoniam
1369 1660 1439 1684 nec
1472 1646 1634 1683 idoneos
1662 1646 1882 1682 invenimus
1916 1646 2072 1694 fratres,
2106 1650 2172 1698 qui

1151 1709 1260 1745 facile
1285 1708 1596 1758 acquiescerent,
1624 1720 1694 1743 nec
1716 1706 1858 1743 invitos
1883 1719 2019 1756 cogere
2041 1710 2170 1746 consi-

1150 1770 1243 1806 lium
1263 1769 1345 1805 fuit.
1363 1767 1640 1805 Dilectissimus
1662 1766 1779 1803 frater
1800 1775 1933 1803 noster
1950 1767 2171 1806 Robertus*

1151 1829 1332 1880 precibus
1359 1829 1500 1866 nostris
1521 1827 1713 1877 acquievit
1734 1827 1847 1864 etiam
1872 1827 1943 1864 hac
1964 1829 2064 1874 vice,
2085 1838 2171 1866 tan-

70 1888 219 1939 spiritui
246 1896 313 1925 tuo
341 1887 498 1938 spiritus
519 1900 635 1936 quem
661 1886 779 1924 habes
799 1900 822 1924 a
842 1890 948 1933 Deo,
975 1896 1083 1925 tuum
1102 1889 1132 1926 C
1152 1903 1267 1940 quam
1306 1890 1406 1926 filius
1440 1888 1684 1926 obedientiae.
1720 1892 1899 1925 Vestrum
1930 1889 2003 1926 erit
2033 1889 2172 1939 juvare

70 1962 149 1987 esse
170 1948 364 1986 modicum
386 1947 425 1985 id
445 1948 550 1998 quod
569 1961 713 1985 sumus.
735 1951 792 1985 Tu
813 1961 970 1998 quoque
984 1978 993 1995 ‚
1017 1963 1086 1999 pa—

73 2019 128 2048 ter
163 2009 420 2047 amantissime
449 2017 488 2045 et
520 2008 859 2056 desideratissime,
880 2022 928 2046 ne
960 2010 1086 2047 tradas

71 2068 254 2107 oblivioni
278 2069 445 2106 animam
474 2068 676 2119 pauperis,
700 2067 894 2106 charitatis
919 2069 1083 2107 nexibus

70 2129 324 2168 adhaerentem
357 2128 449 2176 tibi,
481 2138 520 2166 et
542 2130 710 2166 animam
743 2130 923 2180 pauperis
951 2130 1004 2168 tui
1034 2145 1083 2168 ne

70 2189 304 2228 obliviscaris
338 2190 379 2227 in
418 2190 547 2226 finem.
580 2193 716 2240 Neque
749 2190 855 2227 enim
890 2192 998 2241 quasi
1035 2192 1082 2229 de

34 2274 38 2277 -
72 2263 171 2287 novo
205 2249 520 2288 commendamus
551 2263 622 2286 nos
652 2249 741 2297 tibi,
774 2264 863 2287 cum
893 2251 932 2288 in
961 2253 1083 2289 multo

67 2309 144 2360 jam
174 2319 347 2361 tempore
374 2310 586 2360 gloriemur
610 2309 651 2346 in
680 2310 870 2357 Domino,
894 2311 998 2361 quod
1025 2311 1085 2348 in-

72 2371 199 2408 venire
224 2370 366 2407 meruit
392 2370 562 2420 parvitas
588 2378 720 2406 nostra
739 2370 899 2420 gratiam
927 2371 965 2408 in
991 2385 1085 2408 ocu-

73 2431 118 2468 lis
146 2431 362 2471 Sanctitatis
397 2439 471 2468 tuae
496 2445 504 2468 :
535 2430 604 2467 sed
636 2443 810 2477 oramus,
835 2439 878 2467 ut
904 2431 1081 2477 dilectio,

69 2490 144 2542 jam
170 2506 249 2529 non
276 2505 397 2537 nova,
420 2490 532 2528 novis
561 2491 735 2541 quotidie
758 2491 935 2541 proficiat
955 2492 1083 2529 incre-

75 2553 220 2591 mentis.
249 2553 365 2591 Filios
394 2560 571 2597 nostros,
598 2551 679 2588 imo
711 2560 749 2588 et
775 2560 948 2598 vestros,
978 2560 1084 2588 tanto

74 2611 251 2650 obnixius
273 2612 588 2650 commendamus
608 2611 739 2658 vobis,
756 2620 903 2661 quanto
919 2612 1087 2662 amplius

75 2674 207 2711 remoti
235 2682 324 2711 sunt
354 2687 376 2710 a
405 2672 530 2710 nobis.
565 2676 643 2710 Vos
668 2672 770 2709 scitis
797 2673 980 2722 quoniam
1005 2681 1082 2709 tota
1101 2679 1134 2713 D

76 2742 160 2783 post
187 2737 309 2771 Deum
335 2733 476 2770 fiducia
504 2741 636 2770 nostra
666 2733 759 2779 fuit,
781 2741 823 2769 ut
844 2733 1085 2771 mitteremus

75 2805 159 2840 eos,
179 2794 361 2844 quoniam
393 2793 612 2832 Sanctitatis
641 2802 778 2830 vestrae
804 2793 986 2843 precibus
1006 2808 1085 2831 non

77 2846 310 2904 acquiescere
343 2855 519 2892 illicitum
558 2853 776 2891 videbatur.
815 2855 943 2895 Facite
980 2855 1087 2905 quod

76 2925 143 2951 vos
167 2914 293 2962 decet,
313 2923 358 2952 ut
382 2915 471 2952 totis
497 2913 707 2951 visceribus
728 2915 923 2951 charitatis
944 2917 1087 2966 ample-

78 2975 228 3013 ctamini
247 2989 312 3013 eos
325 3004 335 3022 ‚
358 2984 397 3013 et
417 2976 590 3013 foveatis.
608 2979 860 3025 Nequaquam
882 2976 1085 3013 occasione

78 3034 201 3085 aliqua
225 3036 324 3074 circa
348 3050 414 3074 eos
447 3036 669 3074 sollicitudo
689 3044 727 3073 et
755 3036 951 3086 diligentia
978 3045 1087 3088 tepe-

52 3108 53 3114 ’
79 3105 174 3144 scat,
193 3106 231 3134 et
251 3106 382 3148 pereat
402 3097 508 3148 quod
527 3098 720 3148 plantavit
740 3097 898 3134 dextera
916 3105 993 3135 tua.

131 3156 165 3194 2.
194 3160 278 3195 Jam
299 3158 453 3208 quidem
475 3158 565 3209 quia
583 3158 684 3196 bene
706 3158 859 3209 proficit
876 3158 1033 3206 domus,
1052 3167 1090 3196 et

80 3227 126 3253 ex
141 3218 276 3256 vestris
294 3219 432 3257 litteris
447 3248 457 3267 ,
477 3228 516 3257 et
534 3233 582 3257 ex
601 3220 763 3257 fratrum
782 3228 1006 3257 nostrorum
1028 3233 1089 3257 re—

1153 1964 1240 1987 eum
1257 1979 1266 1997 ,
1289 1958 1332 1986 ut
1354 1950 1475 2000 possit
1490 1947 1569 1998 jam
1589 1957 1627 1985 et
1645 1948 1683 1984 in
1702 1948 1872 1985 aedificiis
1888 1978 1896 1995 ,
1915 1957 1952 1985 et
1970 1949 2008 1985 in
2027 1952 2173 1988 caeteris

1153 2011 1376 2048 necessariis
1397 2009 1620 2060 promoveri
1643 2009 1780 2046 domus
1800 2018 1938 2046 vestra.
1956 2010 2054 2047 Illud
2075 2025 2173 2061 quo—

1149 2085 1225 2121 que
1256 2071 1481 2109 Paternitati
1514 2078 1652 2107 vestrae
1692 2070 1956 2119 suggerimus,
2000 2079 2040 2106 ut
2079 2072 2171 2109 viris

1151 2131 1336 2181 religiosis
1355 2160 1364 2177 ,
1393 2140 1430 2168 et
1459 2144 1556 2180 quos
1583 2131 1743 2182 speratis
1774 2131 1886 2168 utiles
1921 2132 2002 2168 fore
2034 2146 2171 2170 mona-

1152 2194 1288 2239 sterio,
1319 2192 1603 2243 persuadeatis,
1635 2200 1825 2241 quatenus
1855 2191 1902 2228 ad
1927 2206 2063 2229 eorum
2100 2197 2173 2231 Or-

1152 2254 1281 2291 dinem
1320 2253 1477 2290 veniant
1515 2268 1522 2289 :
1561 2253 1744 2303 quoniam
1792 2253 1874 2289 haec
1913 2253 1985 2290 erit
2024 2268 2172 2292 summa

1151 2315 1297 2352 utilitas
1326 2314 1484 2360 domus,
1511 2322 1548 2350 et
1576 2311 1687 2350 vobis
1728 2313 1873 2350 facilius
1915 2314 2169 2364 acquiescent.

1150 2375 1284 2412 Valeat
1308 2374 1494 2415 Sanctitas
1516 2381 1663 2420 vestra,
1694 2373 1816 2410 nostri
1842 2387 1995 2425 semper
2024 2388 2172 2413 memor

1151 2436 1190 2472 in
1216 2435 1380 2473 Christo.

1152 2575 1528 2586 «κειιιινιυι-ινυικνιικικιιιπ
1535 2574 1665 2583 ιιιιιιινι
1671 2574 2056 2585 ιιιιιν-ιικνιικιπιιιιιιιιιιιη
2063 2577 2072 2586 x
2079 2578 2115 2586 ..ιι
2122 2578 2142 2586 ιι
2151 2580 2173 2587 ιι

1249 2705 1625 2763 EPISTULA
1699 2696 2081 2762 CCCLVIHJ

1236 2868 1284 2890 AD
1304 2865 1487 2889 DOMINUM
1509 2865 1624 2887 PAPAM
1638 2880 1647 2897 ‚
1669 2864 1798 2887 NEMPE
1817 2864 2092 2889 COELESTINL'M.

1153 2987 1256 3027 Opem
1272 2989 1303 3015 et
1319 2982 1537 3014 auctoritatem
1555 2981 1715 3013 Pontificis
1736 2980 1767 3012 in
1784 2992 1862 3024 pace
1881 2981 2068 3014 Theobaldo
2087 2985 2176 3015 Cam-

1343 3036 1446 3079 panjae
1472 3035 1581 3067 comiti
1608 3035 1811 3078 procuranda
1834 3037 1982 3079 postulat.

1208 3155 1321 3205 Quod
1343 3168 1472 3192 comes
1491 3154 1736 3192 Theobaldus
1759 3163 1889 3204 rogat,
1908 3163 1945 3191 et
1961 3168 2031 3204 ego
2047 3170 2054 3191 :
2075 3155 2172 3191 filius

1157 3216 1347 3268 siquidem
1368 3217 1471 3268 pacis
1494 3224 1562 3254 est.
1580 3220 1628 3254 Et
1647 3217 1770 3254 zelum
1794 3216 1896 3266 pacis
1917 3215 2050 3260 habet,
2068 3215 2132 3251 sed
2152 3229 2171 3251 a

124 3353 139 3369 ²
151 3352 237 3384 Alias
253 3354 384 3396 epistola
399 3358 464 3387 :317
483 3365 490 3386 t
506 3366 575 3397 quae
592 3367 667 3388 vero
685 3362 777 3387 antea
798 3360 863 3388 357
884 3363 970 3394 erat,
989 3368 1073 3388 nunc
1089 3360 1168 3389 370.
1191 3356 1314 3397 Scripta
1328 3365 1413 3386 anno
1431 3353 1545 3386 Christi
1573 3357 1583 3384 1
1599 3356 1672 3384 142.

126 3397 142 3420 h
155 3406 240 3438 Alias
255 3407 388 3449 epistola
402 3410 467 3440 374
489 3419 497 3440 :
512 3420 581 3451 quie
599 3420 673 3440 vero
699 3415 792 3440 autea
807 3412 872 3441 3518
892 3416 978 3448 erat,
997 3421 1079 3442 nunc
1095 3413 1174 3443 376.
1196 3410 1319 3451 Scripta
1336 3419 1420 3440 anno
1440 3407 1557 3439 Christi
1578 3410 1587 3437 1
1603 3409 1677 3438 142.
