2517 3936
561 208 983 303 SANCTI
1067 220 1638 313 BERNARDI

634 432 896 483 ABBATIS
949 422 1551 491 CLARAE-VALLENsis

88 632 332 764 DE
445 630 2088 787 CONSIDERATIONE

507 919 629 989 AD
713 921 1195 995 EUGENIUM
1274 929 1680 1001 TERTIUM

840 1123 1008 1170 Llssm
1051 1124 1348 1187 QUINQUE.

805 1509 1388 1588 PROLOGUS.

106 1750 215 1790 Subit
234 1750 405 1788 animum
418 1747 561 1786 dictare
574 1749 718 1799 aliquid
734 1777 743 1795 ‚
763 1749 866 1799 quod
885 1757 941 1796 te,
960 1747 1098 1800 papam

1104 1748 1225 1787 ⁷mala
1257 1759 1382 1788 autem
1413 1752 1452 1788 in
1485 1753 1662 1791 cordibus
1689 1768 1844 1804 eorum;
1875 1757 2119 1797 blandiuntur

53 1812 266 1851 beatissime
294 1810 462 1861 Eugeni,
488 1810 549 1847 vel
581 1810 763 1857 aedificet,
780 1811 841 1847 vel
872 1810 1058 1857 delectet,
1079 1810 1109 1844 A
1130 1824 1255 1848 coram
1270 1841 1279 1857 ‚
1297 1812 1334 1848 in
1356 1814 1574 1851 necessitate
1592 1815 1781 1854 deficiunt.
1799 1822 1847 1855 At
1860 1819 2016 1858 charitas
2031 1836 2121 1860 nun-

52 1874 112 1912 vel
140 1872 373 1910 consoletur.
405 1870 478 1908 Sed
507 1871 636 1907 nescio
666 1870 863 1920 quomodo
894 1871 998 1917 vult,
1027 1879 1063 1908 et

52 1948 129 1974 non
149 1934 232 1971 vult
252 1932 357 1970 exire
378 1932 465 1969 laeta
494 1931 669 1982 quidem,
693 1931 759 1968 sed
780 1932 883 1968 lenta
906 1932 1028 1968 oratio
1053 1948 1060 1969 ε

52 1995 142 2033 dum
174 1994 346 2032 certatim
375 1993 430 2030 illi
459 1992 650 2030 contraria
681 1993 870 2042 imperare
901 2001 1062 2029 conten-

51 2056 147 2093 dunt
168 2054 368 2105 majestas,
392 2062 506 2104 atque
527 2067 646 2090 amor.
667 2056 814 2103 Nempe
844 2062 954 2103 urget
980 2054 1061 2099 ille,

50 2116 196 2154 inhibet
208 2117 284 2153 illa.
300 2115 374 2153 Sed
390 2114 598 2152 intervenit
614 2122 678 2150 tua
693 2113 881 2163 dignatio,
898 2128 973 2163 qua
989 2114 1061 2150 hoc

50 2168 173 2228 ipsum
192 2190 271 2214 non
293 2175 488 2227 praecipis,
504 2174 569 2211 sed
588 2175 686 2225 petis
698 2181 728 2220 ³,
748 2188 833 2211 cum
852 2175 1059 2224 praecipere

51 2239 168 2289 magis
186 2247 222 2275 te
243 2237 386 2274 deceat.
407 2235 603 2285 Majestate
622 2235 738 2285 igitur
757 2243 832 2271 tam
858 2235 1058 2285 dignanter

48 2299 224 2344 cedente,
244 2297 379 2348 quidni
395 2297 504 2334 cedat
519 2296 671 2347 pudor?
698 2296 798 2345 Quid
818 2296 918 2332 enim
941 2297 970 2333 si
990 2310 1054 2333 ca-

49 2359 220 2396 thedram
237 2357 462 2396 ascendisti?
479 2361 556 2395 Nec
583 2357 612 2394 si
630 2356 801 2394 ambules
826 2370 941 2408 super
962 2372 1055 2408 pen-

47 2433 113 2458 nas
127 2428 352 2466 ventorum,
368 2417 591 2456 subduceris
609 2418 773 2455 affectui.
796 2422 916 2455 Amor
935 2419 1054 2456 domi-

47 2494 139 2518 num
159 2480 302 2526 nescit,
325 2479 497 2530 agnoscit
513 2479 633 2516 filium
662 2487 700 2516 et
726 2479 764 2515 in
786 2479 913 2516 infulis
934 2478 962 2516 b.
983 2484 1053 2517 Per

1130 1885 1241 1921 quam
1265 1872 1403 1909 excidit
1428 1881 1449 1909 ¹.
1473 1878 1575 1924 Ego,
1600 1885 1642 1912 ut
1671 1890 1801 1914 verum
1835 1880 1967 1928 fatear,
1995 1886 2122 1922 matris

1129 1945 1211 1968 sum
1232 1931 1412 1970 liberatus
1434 1935 1580 1982 officio,
1601 1937 1665 1973 sed
1683 1951 1759 1974 non
1781 1939 2016 1990 depraedatus
2037 1945 2124 1982 affe-

1129 2000 1205 2029 ctu.
1236 1993 1333 2030 Olim
1355 1992 1714 2044 mihisinvisceratus
1735 2012 1792 2045 es,
1814 2013 1891 2037 non
1915 2010 1989 2039 tam
2020 2004 2122 2042 facile

1131 2054 1272 2090 erueris
1291 2061 1314 2091 ⁰.
1334 2056 1505 2093 Ascende
1528 2057 1565 2093 in
1587 2059 1721 2105 coelos⁷
1749 2060 1933 2100 descende
1953 2064 1991 2100 in
2012 2064 2123 2104 abvs-

1129 2129 1189 2152 sos
1219 2130 1225 2151 :
1248 2128 1322 2152 non
1346 2116 1497 2154 recedes
1517 2131 1537 2154 a
1563 2132 1642 2164 me,
1665 2133 1801 2170 sequar
1825 2131 1860 2159 te
1884 2110 2122 2178 quocumque

1126 2178 1214 2214 ieris
1233 2181 1257 2211 ².
1286 2180 1419 2216 Amavi
1443 2192 1669 2228 pauperem,
1695 2180 1829 2218 amabo
1855 2196 2063 2234 pauperum
2085 2197 2121 2225 et

1125 2240 1283 2277 divitum
1303 2248 1448 2290 patrem
1469 2239 1497 2275 d.
1520 2243 1603 2276 Non
1622 2242 1742 2286 enim,
1772 2244 1801 2280 si
1831 2244 1928 2284 bene
1952 2257 1986 2286 te
2004 2255 2116 2301 novi,

1123 2301 1209 2350 quia
1235 2309 1342 2351 pater
1364 2313 1571 2350 pauperum
1595 2301 1731 2349 factus,
1752 2303 1837 2341 ideo
1867 2320 1944 2344 non
1969 2324 2115 2363 pauper

1121 2362 1256 2411 spiritu
1279 2375 1328 2398 es.
1357 2365 1397 2397 In
1422 2369 1457 2397 te
1475 2360 1570 2397 hanc
1601 2363 1845 2402 mutationem
1880 2368 2010 2407 factam
2033 2386 2111 2411 csse

1121 2422 1290 2468 confido,
1309 2435 1384 2458 non
1408 2421 1453 2457 de
1475 2430 1529 2467 te3
1557 2435 1625 2458 nec
1651 2424 1770 2472 priori
1797 2429 1907 2465 statui
1935 2438 1999 2467 tuo
2027 2447 2110 2470 suc-

1120 2483 1270 2519 cessisse
1290 2481 1590 2532 promotionem,
1615 2483 1678 2518 sed
1709 2487 1914 2525 accessisse.
1946 2493 2109 2531 Monebo

47 2554 85 2578 se
101 2541 189 2578 satis
205 2539 399 2589 subjectus
419 2547 493 2586 est,
516 2538 741 2589 obsequitur
762 2548 917 2590 sponte,
939 2541 1054 2589 gratis
1073 2549 1098 2583 Β
1123 2551 1156 2579 te
1185 2543 1364 2593 proinde,
1394 2556 1470 2579 non
1500 2551 1540 2578 ut
1568 2543 1760 2592 magister,
1788 2546 1852 2582 sed
1883 2557 1923 2584 ut
1952 2560 2070 2590 mater
2098 2570 2105 2591 :

46 2600 307 2652 obtemperat,
333 2600 452 2637 libere
481 2609 689 2637 reveretur.
716 2603 802 2637 Non
829 2601 879 2637 sic
911 2601 1049 2650 aliqui,

46 2675 121 2699 non
152 2663 204 2699 sic
225 2677 233 2699 ε
255 2661 321 2699 sed
351 2670 415 2698 aut
443 2661 580 2698 timore
610 2660 656 2697 ad
689 2661 759 2697 ista
783 2661 1049 2711 impelluntur,

45 2730 109 2759 aut
128 2722 346 2772 cupiditate.
368 2721 418 2758 Hi
435 2729 523 2758 sunt
542 2721 607 2772 qui
624 2720 663 2757 in
683 2720 776 2757 facie
797 2719 1047 2768 benedicunt,

94 2869 103 2884 ¹
122 2867 138 2896 Ι
155 2866 228 2897 Cor.
247 2875 330 2903 xm,
350 2867 383 2896 8.
398 2882 443 2886 -—
459 2869 472 2884 ²
491 2867 565 2896 Luc.
588 2875 642 2902 lx,
667 2866 721 2896 57.

1120 2604 1231 2654 plane
1260 2612 1301 2639 ut
1330 2617 1469 2640 amans.
1500 2608 1638 2640 Amens
1668 2605 1782 2654 magis
1811 2607 1958 2656 videar,
1984 2612 2048 2649 sed
2075 2614 2107 2650 ei

1119 2664 1182 2712 qui
1202 2676 1278 2699 non
1298 2672 1415 2709 amat,
1437 2663 1469 2699 ei
1490 2663 1553 2712 qui
1572 2663 1645 2699 vim
1661 2677 1736 2701 non
1755 2667 1865 2703 sentit
1880 2671 2026 2708 amoris.

90 2925 103 2939 ²¹
128 2924 233 2962 Alias,
258 2921 322 2954 Sed
335 2923 502 2954 intervenit
517 2930 571 2953 tua
589 2922 753 2967 dignatio,
776 2935 838 2968 qua
856 2923 916 2954 stoc
932 2924 1033 2967 ipsum
1055 2934 1117 2953 non
1136 2922 1243 2953 saltem
1255 2923 1425 2967 proecipis,
1445 2921 1502 2953 sed
1511 2924 1603 2966 petis.

89 2975 106 2998 b
129 2982 303 3014 Infularum
321 2983 449 3014 nomine
464 2993 529 3014 non
544 2989 666 3014 tantum
682 2984 823 3021 mitram,
847 2983 901 3013 sed
926 2983 1093 3014 universim
1116 2982 1303 3024 pontificalia
1320 2982 1450 3023 insignia
1472 2982 1623 3024 intelligit.
1646 2985 1693 3014 De
1715 2983 1761 3015 his
1786 2985 1912 3017 inferius
1935 2988 1973 3018 ad
1995 2988 2105 3020 librum

45 3041 205 3076 quartum,
224 3047 293 3079 cap.
310 3039 327 3068 3
344 3060 352 3075 ,
370 3047 402 3068 11.
420 3041 452 3068 6.

89 3090 213 3129 ‘³Aliis,
236 3089 318 3122 Olim
339 3089 415 3122 milzi
430 3091 631 3122 invisceratus
647 3102 695 3127 es,
716 3102 780 3121 non
800 3089 876 3120 milei
896 3102 933 3119 es
951 3088 1095 3120 medullis
1112 3096 1175 3119 tam
1185 3086 1288 3130 facile
1305 3085 1506 3119 abstraheris.

87 3142 104 3163 ἀ
127 3143 210 3175 Edjti
228 3144 390 3186 praebent,
418 3144 530 3174 Amavi
550 3155 723 3188 pauperem
745 3143 875 3186 spiritu,
904 3141 1012 3172 amabo
1032 3153 1207 3186 pauperum
1231 3148 1262 3171 ct
1287 3140 1413 3170 (lit-itam
1436 3148 1567 3184 patrem.
1596 3146 1636 3173 At
1665 3143 1748 3174 deest
1774 3144 1881 3188 spiritu
1907 3147 1936 3177 in
1954 3147 2104 3188 plerisque.

43 3197 270 3240 manuscriptis.
285 3201 324 3230 Et
340 3209 414 3230 vero
431 3198 584 3230 sententia
597 3198 780 3229 concinnior
795 3203 839 3228 est
859 3196 973 3237 absque
990 3195 1047 3225 hoc
1062 3194 1212 3224 vocabulo
1225 3218 1231 3225 .
1252 3194 1372 3225 tametsi
1387 3194 1511 3225 additur
1524 3194 1613 3226 infra.
