2533 3920
327 206 401 244 327

328 286 399 323 cite
436 282 506 320 sibi
541 277 831 317 ecclesiasticam
872 273 1091 324 dignitatem
1125 271 1215 308 hinc
1250 268 1339 306 inde

331 342 558 396 perquirens
574 368 583 386 ‚
606 352 692 376 eum
724 336 876 374 tandem
905 348 977 385 pro
1005 346 1073 370 suo
1097 330 1254 368 arbitrio
1281 328 1343 365 de-

334 404 422 454 legit
445 401 584 439 babere
613 411 772 449 papam,
798 396 863 446 qui
893 408 932 432 se
958 395 1121 443 legatum
1143 403 1223 427 esse
1253 401 1347 426 con-

338 463 508 502 senserit.
549 463 649 508 Ergo
688 457 759 494 nisi
793 457 936 505 legatus
970 462 1011 490 tu
1052 451 1166 489 fueris
1180 478 1189 494 ‚
1227 453 1348 487 Roma

339 529 480 574 Papam
520 520 660 557 habere
701 530 777 554 non
817 515 959 566 poterit
979 515 993 549 Ρ
1022 511 1134 550 Unde
1170 511 1243 546 hoc
1282 508 1350 545 tibi

340 582 579 635 privilegium
603 580 639 616 in
660 577 828 615 Ecclesia
847 575 941 613 Dei?
961 573 1142 622 Quisnam
1167 569 1230 606 tibi
1252 569 1350 605 hanc

340 643 528 683 concessit
553 641 590 677 in
619 638 755 677 Christi
788 635 1008 673 haereditate
1032 629 1350 683 praerogativam?

338 702 529 753 Numquid
570 710 609 737 tu
635 697 853 736 haereditate
883 693 1054 746 possides
1088 689 1347 728 sancttuirium

336 765 434 803 Dei?
457 768 588 801 Donec
605 760 705 797 enim
729 758 767 794 in
787 754 994 793 obtinenda
1012 751 1192 803 pudenda
1211 757 1247 785 et
1269 749 1342 784 im-

338 824 499 876 pudenti
532 821 716 872 petitione
752 830 837 867 spes
876 815 941 851 tibi
982 813 1058 850 ulla
1096 807 1342 861 promerendi

337 885 482 923 domini
500 880 713 921 Innocentii
733 878 891 927 gratiam
918 888 998 911 esse
1021 871 1169 923 potuit,
1192 876 1344 905 sanctus

337 948 421 992 ille,
454 954 488 982 te
516 942 705 980 scribente
720 968 729 984 ,
752 946 789 974 et
805 949 903 986 papa
924 935 1004 971 fuit.
1027 929 1232 980 Quomodo
1254 940 1344 976 ergo

338 1020 440 1044 nunc
471 1002 751 1041 schismaticum
780 994 1016 1034 criminaris?
1036 989 1228 1039 Numquid
1258 1000 1343 1024 cum

338 1065 467 1102 eadem
500 1074 598 1098 vana
628 1072 693 1109 spe
728 1066 809 1103 tua,
831 1056 930 1092 illius
961 1053 1072 1089 simul
1102 1059 1139 1086 et
1171 1047 1349 1086 sanctitas

339 1124 492 1163 evanuit
511 1151 520 1167 ,
553 1130 589 1158 et
613 1118 802 1171 papatus?
834 1116 973 1152 Mirum
1005 1110 1110 1162 quod
1139 1109 1267 1160 potuit
1297 1108 1350 1144 ita

342 1187 379 1222 in
400 1183 508 1221 brevi
529 1182 639 1218 dulce
662 1187 699 1215 et
716 1188 887 1214 amarum
908 1187 955 1211 ex
975 1171 1111 1209 eodem
1134 1170 1239 1206 fonte
1261 1180 1350 1218 pro—

339 1245 486 1283 cedere..
505 1241 595 1280 Heri
614 1238 842 1283 catholicus,
864 1243 902 1271 et
924 1240 1095 1276 sanctus,
1118 1238 1155 1266 et
1179 1239 1350 1266 summus

338 1305 511 1357 pontifex
534 1318 540 1339 ε
563 1300 677 1338 hodie
699 1309 862 1347 nequam
877 1324 887 1341 ,
909 1291 1191 1334 schismaticus,
1212 1297 1249 1325 et
1270 1296 1352 1324 tur-

340 1367 460 1403 bator.
488 1362 575 1400 Heri
594 1369 702 1411 pater
722 1354 969 1394 Innocentius
982 1383 991 1399 ,
1009 1351 1124 1388 hodie
1143 1347 1353 1398 Gregorius

344 1428 525 1464 diaconus
549 1421 666 1459 sancti
694 1417 840 1467 Angeli.
861 1419 995 1464 Itaque
1016 1425 1096 1449 uno
1125 1410 1280 1460 quidem
1306 1421 1353 1444 ex

344 1500 431 1532 ore,
452 1485 516 1521 sed
541 1481 654 1519 corde
681 1478 854 1529 profecto
882 1473 1026 1525 duplici
1052 1470 1246 1510 contraria
1267 1482 1354 1519 pro-

344 1558 500 1584 cessere.
523 1542 639 1580 Labia
660 1540 793 1577 dolosa
812 1538 851 1574 in
873 1535 1008 1581 corde,
1033 1541 1072 1570 et
1091 1531 1207 1569 corde
1227 1531 1356 1567 locuta

342 1616 440 1645 sunt.
465 1604 537 1644 Sed
572 1602 671 1639 euim
709 1600 845 1643 homo,
877 1596 938 1633 cui
970 1607 1037 1632 cor
1064 1601 1102 1630 et
1131 1604 1198 1629 cor
1225 1590 1354 1626 diver-

346 1669 452 1705 berat
486 1661 775 1707 conscientiam,
810 1667 845 1695 et
880 1661 946 1694 Est
984 1664 1021 1693 et
1050 1657 1137 1692 Non
1171 1651 1355 1688 divaricat

343 1728 530 1776 linguam,
555 1731 666 1773 putas
693 1720 783 1770 quia
804 1718 919 1755 timor
939 1716 972 1753 ei
992 1715 1030 1751 in
1052 1720 1180 1750 mente
1201 1711 1269 1756 sit,
1291 1717 1356 1746 aut

346 1790 385 1825 in
412 1788 536 1824 fronte
568 1783 720 1834 pudor?
750 1779 849 1817 Male
876 1785 1024 1822 autem,
1049 1773 1160 1824 juxta
1188 1776 1356 1821 Aposto-

347 1850 424 1885 lum
439 1875 448 1892 ‚
467 1844 646 1896 providet
666 1842 769 1879 bona
789 1853 917 1878 coram
938 1842 1022 1875 Deo
1038 1844 1076 1872 et
1094 1831 1357 1876 hominibus¹,

346 1909 411 1958 qui
433 1918 537 1944 more
558 1904 658 1941 illius
680 1901 798 1951 iniqui
816 1899 978 1949 judicis,
999 1910 1069 1934 nec
1090 1899 1214 1933 Deum
1237 1893 1355 1938 timet,

348 1982 417 2005 nec
438 1966 630 2003 hominem
654 1966 888 2000 reveretur&

403 2031 437 2065 5.
455 2031 502 2064 Et
525 2033 625 2063 certe
647 2022 824 2067 ambitio,
841 2033 926 2057 cum
943 2015 1162 2069 prorumpit
1178 2015 1215 2051 in
1231 2014 1360 2063 impu-

349 2088 540 2131 dentiam,
569 2083 776 2121 efficaciam
802 2079 928 2130 perdit
950 2093 957 2115 :
981 2086 1019 2114 et
1043 2090 1134 2113 cum
1156 2073 1359 2125 improbus

350 2149 504 2185 affectus
522 2159 560 2182 se
581 2143 717 2194 aperit,
735 2140 835 2191 perit
849 2139 1019 2176 effectus.
1039 2134 1223 2180 Ambitio,
1240 2141 1360 2170 mater

351 2206 584 2257 hypocrisis,
606 2202 768 2240 latebras
785 2208 886 2237 amat
906 2207 944 2235 et
962 2195 1156 2241 tenebra53
1179 2194 1273 2231 lucis
1290 2193 1361 2229 im-

353 2268 502 2320 patiens
528 2275 595 2303 est.
625 2262 814 2308 Ambitio,
835 2272 1018 2310 spurcum
1042 2257 1176 2294 vitium
1191 2285 1201 2301 ,
1223 2255 1261 2291 in
1285 2254 1362 2290 imo

351 2330 453 2379 jacet
475 2343 482 2365 :
504 2327 608 2363 videt
631 2335 756 2362 tamen
790 2335 905 2359 omne
935 2318 1121 2363 sublime,
1148 2316 1214 2353 sed
1242 2315 1364 2351 videri

357 2391 436 2439 ipsa
452 2387 599 2436 refugit.
615 2390 690 2423 Nec
706 2384 856 2420 mirum.
871 2384 1012 2431 Optato
1029 2390 1194 2427 namque
1211 2387 1364 2412 necesse

357 2459 412 2487 cst
429 2456 573 2492 careat,
595 2446 665 2482 nisi
684 2451 816 2481 caveat
832 2441 1008 2480 arbitros.
1025 2443 1110 2488 Quo
1128 2438 1229 2475 cuim
1246 2435 1368 2486 gloria

358 2512 444 2560 plus
474 2508 686 2551 affectatur,
716 2518 761 2541 eo
791 2504 915 2540 minus
947 2498 1270 2551 apprehenditur,
1303 2494 1369 2532 ubi

360 2567 660 2620 deprehenditur
685 2564 867 2602 assectari.
892 2561 993 2610 Quid
1019 2559 1184 2608 denique
1211 2566 1283 2594 tam
1307 2556 1369 2592 in-

361 2630 550 2680 glorium,
583 2639 696 2675 quam
729 2623 858 2673 gloriae
893 2620 1076 2671 cupidum
1110 2616 1371 2668 deprehendi,

364 2687 571 2739 praesertim
594 2686 694 2721 inter
709 2682 935 2732 episcopos?
953 2683 1030 2717 Nec
1049 2678 1258 2727 simplicem
1280 2688 1370 2712 sane

365 2749 609 2785 christianum
629 2743 782 2793 gloriari
806 2749 979 2791 oportet,
1003 2739 1074 2775 nisi
1099 2738 1138 2774 in
1163 2750 1274 2774 cruce
1298 2739 1372 2772 Do-

367 2809 459 2844 mini
482 2805 601 2843 nostri
621 2808 708 2841 Jesu
729 2801 877 2840 Christi.
902 2799 1073 2847 Inclytus
1098 2797 1169 2834 erit
1189 2795 1370 2833 ambitio-

367 2881 452 2914 sus,
483 2863 664 2915 quamdiu
696 2861 733 2898 in
768 2869 877 2897 nocte
907 2857 1147 2902 versabitur3
1180 2864 1218 2892 et
1249 2855 1372 2891 donec

368 2927 491 2977 turpis
511 2924 605 2962 lucri
628 2922 819 2971 negotium
840 2917 1118 2970 perambulabit
1133 2916 1170 2952 in
1190 2914 1371 2960 tenebris,

369 2987 511 3039 poterit
531 2983 730 3034 hypocrita
747 2980 873 3030 justus
895 2986 1124 3026 sanctusque
1145 2975 1287 3020 videri,
1310 2974 1375 3011 sed

371 3049 482 3086 oculo
521 3045 587 3095 qui
619 3043 722 3080 videt
750 3042 788 3078 in
822 3040 926 3077 facie.
962 3044 1012 3076 At
1042 3036 1109 3074 ubi
1143 3037 1240 3073 forte
1276 3036 1376 3072 {oras

373 3108 487 3146 mittit
505 3103 743 3155 impudentia
763 3102 820 3137 vel
843 3097 1140 3150 imprudentia-³,
1162 3096 1265 3146 quod
1288 3096 1377 3132 latet

371 3170 408 3205 in
443 3163 699 3209 conscicntia3
732 3174 861 3198 nonne
892 3161 1151 3207 intemperans
1185 3156 1377 3206 appetitus

424 3302 431 3316 ¹
456 3297 485 3325 ll
503 3295 576 3325 Cor.
591 3302 656 3322 vm
669 3314 677 3330 ,
702 3293 755 3321 21.
774 3307 818 3312 ——
832 3294 845 3310 ²
864 3291 937 3319 Luc.
950 3296 1057 3322 xvux,
1076 3286 1106 3315 2.
1125 3301 1170 3306 —-
1188 3282 1202 3307 3
1225 3283 1360 3326 Philipp.

423 3358 436 3372 ⁴
458 3353 542 3385 Alias
559 3351 656 3390 male,
675 3347 851 3396 impudenti
870 3345 924 3379 vel
943 3343 1142 3390 imprudenti.
1165 3361 1208 3366 --
1225 3336 1241 3359 ¹³
1264 3343 1366 3380 Alias,

1111 195 1147 230 S.
1178 190 1433 229 BERNARDI
1463 187 1584 223 ABBA
1591 186 1664 221 TIS

2349 174 2423 211 328

1352 265 1398 285 ¹³²
1409 271 1568 316 apparet
1584 261 1631 299 ad
1648 257 1914 297 confusionem
1934 253 2148 305 procacior,
2164 265 2279 302 quam
2296 264 2425 301 prom-

1366 330 1392 362 Α
1411 326 1514 377 ptior
1548 322 1595 360 ad
1634 319 1830 370 gloriam?
1857 316 1917 355 Sic
1947 327 2081 351 revera
2103 342 2113 359 ‚
2151 313 2204 350 sic
2238 310 2426 362 probatur

1414 383 1519 435 quod
1542 381 1692 431 legitur,
1718 380 1847 415 Gloria
1879 381 1918 411 ln
1947 372 2164 422 confusione
2202 384 2327 407 eorum
2361 375 2426 419 qui

1415 456 1561 482 terrena
1575 439 1776 490 sapiunt33
1797 446 1834 475 et
1851 435 1966 481 illud,
1989 435 2030 470 Se·
2043 447 2110 483 ego
2125 436 2285 483 gloriam
2304 443 2426 467 meam
2448 435 2454 444 “

1415 519 1565 555 quoero,
1591 505 1712 551 gloria
1742 513 1826 536 mea
1855 498 1960 533 nihil,
1982 503 2034 531 est
2048 499 2075 530 ⁴.
2103 492 2368 543 Impleturque
2387 490 2427 527 in

1416 567 1483 603 illo
1510 564 1576 614 qui
1605 559 1793 611 ejusmodi
1817 566 1895 603 est,
1923 554 2029 605 quod
2058 553 2248 604 propheta
2274 557 2428 588 sanctus

1417 627 1671 675 imprecatur,
1693 619 1764 657 nisi
1788 618 1919 661 fallor,
1941 613 2176 664 hypocritis,
2203 614 2345 656 Fiant,
2370 610 2429 647 in-
2456 657 2457 661 Ἰ
2496 613 2498 646 3

1417 686 1573 736 quiens,
1592 678 1832 728 sic-ulferium
1857 686 2034 713 tectorum
2049 703 2058 719 ,
2083 674 2186 722 quod
2201 675 2461 721 prinsquam·
2496 696 2498 706 .

1416 749 1607 788 evellatur,
1641 745 1792 778 exaruit
1807 737 1834 776 ⁵.
1861 742 1945 776 Non
1975 735 2071 773 adeo
2104 733 2220 784 periit
2250 729 2378 782 pudor
2406 743 2429 766 a

1411 804 1653 849 mortalibus,
1678 810 1720 839 ut
1742 799 1845 837 nuda
1868 797 2151 848 impudensque
2175 792 2237 830 vel
2263 790 2310 828 ab
2330 790 2424 840 ipsis

1408 869 1622 904 honoretur
1643 862 1800 900 ambitio
1816 890 1825 907 ,
1846 858 2058 910 praesertim
2076 856 2115 892 in
2134 866 2224 891 sene
2242 860 2280 888 et
2293 863 2423 888 sacer-

1412 928 1501 964 dote
1518 955 1527 972 ,
1562 937 1675 974 quem
1721 936 1766 959 co
1805 920 1923 969 magis
1954 918 2129 969 profecto
2163 912 2323 966 puerilis
2354 911 2425 949 ista

1412 985 1570 1022 dedecet
1586 983 1734 1019 vanitas
1748 1010 1758 1027 ‚
1774 993 1852 1030 quo
1875 992 1962 1016 eum
1986 976 2109 1026 major
2125 974 2291 1025 gravitas
2308 1001 2318 1019 ,
2340 984 2425 1008 ma-

1411 1045 1552 1095 jorque
1576 1042 1685 1079 decet
1708 1038 1925 1077 sanctitudo
1947 1052 1955 1074 z
1979 1045 2018 1073 et
2041 1036 2072 1073 si
2091 1035 2132 1071 in
2152 1033 2246 1071 facie
2264 1031 2426 1070 benedi-

1416 1106 1514 1142 citur
1539 1102 1586 1140 ab
1613 1102 1792 1139 adulante
1808 1128 1817 1144 ‚
1839 1098 1906 1135 sed
1925 1111 1947 1135 a
1969 1105 2075 1147 tergo
2100 1093 2359 1132 subsannatur
2378 1091 2426 1128 ab

1369 1048 1396 1081 B

1417 1163 1609 1202 omnibus.
1625 1165 1690 1199 Est
1706 1159 1834 1198 sobria
1851 1157 2050 1208 quaedam,
2075 1163 2113 1192 et
2139 1151 2427 1204 quodammodo
2496 1130 2503 1151 ⁴.

1418 1226 1570 1262 oculata
1585 1222 1603 1246 b
1619 1221 1778 1260 ambitio
1793 1249 1802 1266 ,
1835 1219 1998 1256 moliens
2035 1216 2169 1254 saltem
2203 1221 2311 1250 caute
2327 1241 2338 1258 ‚
2359 1211 2426 1248 etsi

1419 1299 1495 1323 non
1518 1292 1630 1322 caste.
1649 1283 1685 1320 Si
1706 1281 1807 1318 valet
1823 1279 2012 1330 proficere
2031 1305 2041 1323 ,
2069 1276 2166 1312 clam
2192 1272 2344 1322 negotia
2363 1284 2431 1308 sua

1419 1354 1537 1383 curat.
1568 1344 1631 1382 Sin
1652 1355 1766 1387 vero,
1786 1347 1915 1377 manet
1939 1339 1979 1375 in
2005 1350 2065 1383 se,
2098 1343 2136 1372 et
2163 1333 2323 1385 pudoris
2343 1344 2428 1368 um-

1419 1406 1527 1443 bram
1548 1417 1626 1441 non
1646 1402 1799 1439 deserit.
1833 1397 2020 1448 Equidem
2055 1396 2140 1432 talis
2158 1422 2168 1440 ‚
2198 1393 2269 1431 etsi
2304 1395 2428 1429 Deum

1420 1466 1595 1504 nondum
1613 1463 1749 1501 metuit
1767 1461 1814 1498 ad
1835 1460 2009 1502 salutem,
2025 1469 2098 1507 pro
2113 1453 2284 1504 ingenita
2303 1460 2430 1488 tamen

1420 1525 1654 1564 verecundia
1683 1524 1922 1560 honestatem
1955 1516 2108 1555 interim
2141 1513 2305 1558 retinet,
2327 1510 2432 1561 quod

1421 1588 1596 1626 homines
1612 1591 1824 1628 reveretur,
1845 1589 1883 1618 et
1904 1578 2102 1630 publicum
2124 1573 2327 1612 erubescit.

1477 1650 1512 1686 6.
1551 1650 1738 1685 Caetcrum
1767 1654 1943 1692 quaenam
1972 1639 2043 1676 ista
2078 1648 2249 1687 praeceps
2282 1641 2364 1680 est,
2397 1640 2435 1670 et

1423 1711 1595 1747 frontosa
1644 1704 1764 1743 libido
1802 1699 2052 1744 dominandi,
2084 1706 2128 1735 ut
2161 1709 2233 1746 pro
2273 1693 2436 1732 obtentu

1424 1771 1488 1807 vix
1517 1780 1653 1806 annuae
1673 1763 1798 1816 (quod
1827 1770 1929 1800 certe
1959 1760 2085 1810 palam
2106 1755 2184 1808 est)
2205 1753 2407 1804 legationis
2422 1781 2433 1799 ,

1383 1833 1410 1869 C
1428 1830 1554 1881 primo
1575 1826 1729 1878 quidem
1753 1837 1823 1860 suo
1848 1835 1919 1860 nec
1936 1827 2069 1871 parcat
2088 1817 2196 1855 senio
2211 1845 2221 1863 ,
2241 1828 2313 1852 nec
2329 1813 2436 1850 defe-
2489 1847 2503 1851 ,

1423 1899 1481 1928 rat
1514 1887 1728 1926 sacerdotio
1751 1900 1758 1921 ι
1781 1882 1920 1921 deinde
1953 1894 2023 1918 nec
2051 1878 2161 1916 lateri
2196 1873 2404 1914 Salvatoris
2423 1901 2434 1918 ,

1423 1949 1530 2001 quod
1561 1949 1600 1985 in
1636 1959 1733 1996 aqua
1761 1953 1798 1981 et
1829 1941 2014 1992 sanguine
2045 1936 2251 1987 colligendi
2278 1935 2318 1972 in
2352 1933 2438 1970 fidei

1424 2011 1569 2048 unitate
1583 2007 1720 2058 populi
1740 2003 1903 2055 protulit
1930 1999 2252 2050 redemptionem,
2273 2003 2316 2032 ut
2337 1994 2465 2044 quis-f
2494 2023 2497 2026 .

1426 2070 1511 2121 quis
1535 2074 1698 2105 tentaret
1726 2063 1898 2100 dividere
1927 2072 2026 2110 quos
2057 2057 2122 2094 ille
2155 2055 2381 2105 colligeret,
2403 2059 2450 2089 et.
2490 2057 2501 2082 s

1426 2130 1514 2167 inde
1531 2127 1754 2171 redimeret;
1774 2121 1959 2174 probaret
1974 2131 2054 2157 sese
2075 2130 2154 2155 non
2175 2114 2445 2159 christianum,
2486 2110 2493 2136 Ξ

1428 2190 1493 2228 sed
1515 2187 1780 2226 antichristum
1794 2212 1804 2230 ‚
1824 2195 1911 2220 reus
1929 2179 2063 2218 mortis
2080 2186 2119 2216 et
2135 2177 2259 2215 erucis
2278 2172 2463 2223 Christiihiv
2514 2202 2515 2206 ,

1429 2256 1460 2290 O
1475 2249 1677 2300 impatiens
1691 2276 1701 2292 ‚
1725 2254 1762 2282 et
1779 2244 1933 2281 effrenis
1957 2240 2079 2291 turpis
2098 2245 2268 2288 quaestus
2290 2219 2462 2286 cupidi-3
2516 2257 2519 2268 .

1431 2321 1487 2348 tas
1509 2313 1516 2347 l
1537 2324 1560 2347 o
1580 2308 1696 2346 ardor
1719 2304 2005 2354 intemperans!
2032 2314 2057 2337 ο
2082 2311 2181 2336 eaeca
2200 2305 2237 2334 et
2261 2293 2464 2346 pudendffl'

1431 2371 1607 2410 ambitio!
1629 2374 1771 2418 Aperte
1796 2365 1904 2415 prius
1926 2363 2175 2409 frontoseque
2193 2387 2203 2404 ,
2223 2365 2266 2394 ut
2284 2355 2364 2406 jam
2382 2342 2465 2412 εἰῇ-ι
2484 2351 2490 2373 ⁴

1434 2433 1493 2478 xi,
1514 2439 1552 2468 et
1572 2431 1675 2480 ipse,
1695 2426 1794 2477 proh
1815 2424 1943 2475 pudor
1962 2425 1970 2459 !
1998 2434 2078 2459 non
2107 2418 2316 2464 diffitetur,
2337 2415 2462 2457 addissl‘,
2485 2418 2488 2446 ῗ
2527 2432 2529 2444 ι

1435 2492 1590 2541 indigna
1609 2489 1698 2526 satis
1720 2486 1907 2537 petitione
1927 2491 2077 2521 tentare
2095 2478 2332 2518 Catholicum
2351 2491 2359 2514 :
2379 2475 2463 2535 dci—'5k
2487 2496 2491 2502 ·
2519 2495 2522 2508 ι

1436 2554 1594 2601 lensque
1622 2549 1813 2599 repulsam
1827 2575 1836 2592 ‚
1858 2546 2128 2582 incunctanter
2154 2539 2202 2577 ad
2224 2536 2460 2602 Scliismati-{t
2480 2530 2484 2551 l
2515 2552 2518 2563 «

1392 2620 1424 2653 D
1439 2626 1524 2650 eum
1544 2611 1704 2660 refugit;
1719 2617 1757 2646 et
1775 2614 1931 2656 accepta
1951 2605 1998 2642 de
2018 2616 2134 2641 manu
2150 2599 2333 2648 sacrilega
2350 2595 2459 2650 malq,
2480 2603 2482 2606 '

1436 2673 1564 2722 cupita
1595 2677 1782 2721 potestate
1799 2697 1809 2714 ,
1838 2668 1936 2704 latus
1969 2665 2096 2702 denuo
2129 2659 2287 2700 Domini
2317 2650 2459 2711 gloz-fit
2479 2662 2483 2704 j

1437 2732 1643 2769 crudeliter
1654 2728 1862 2767 confodere
1875 2740 1954 2764 non
1966 2733 2134 2763 veretur.
2149 2720 2295 2760 Dividit
2309 2719 2455 2768 nempg]
2478 2707 2485 2719 ¹

1438 2791 1667 2835 Ecclesiam,
1690 2801 1762 2839 pro
1786 2800 1861 2838 qua
1882 2785 1977 2823 illud
1995 2784 2105 2822 estin
2127 2794 2238 2820 cruce
2256 2779 2457 2831 divisum&
2480 2807 2482 2811 .
2523 2796 2525 2805 v

1440 2853 1590 2890 visurus
1611 2850 1744 2901 procul
1761 2848 1879 2886 dubio
1900 2855 1939 2884 et
1956 2847 2038 2896 ipse
2054 2845 2093 2882 in
2113 2855 2228 2893 quem
2252 2835 2454 2898 transfixe}
2480 2838 2483 2842 ’

1442 2914 1501 2951 rit.
1520 2916 1780 2960 Cognoscetur
1807 2907 1979 2958 profecto
2009 2903 2200 2943 Dominus
2226 2898 2374 2950 judicia
2397 2895 2455 2953 ἰώ,

1442 2974 1568 3018 ciens,
1596 2971 1661 3021 qui
1698 2982 1801 3006 nunc
1843 2967 2025 3017 injuriam
2056 2963 2206 3015 patiens
2235 2961 2479 3011 ignoratuqf

1443 3037 1537 3072 Cum
1567 3032 1667 3068 enim
1703 3028 1863 3079 coeperit
1898 3028 2021 3064 facere
2052 3022 2240 3074 judicium
2272 3007 2479 3070 omnibiffls

1445 3093 1621 3142 injuriam
1654 3088 1887 3141 patientibus
1905 3117 1914 3134 ‚
1949 3095 1988 3123 et
2016 3096 2176 3134 arguere
2205 3082 2245 3119 in
2275 3064 2479 3133 aequitatgf

1445 3168 1515 3205 pro
1551 3149 1759 3190 mansuetis
1788 3157 1928 3195 terrae;
1955 3153 2068 3197 putas
2099 3150 2272 3181 avertere
2312 3132 2450 3190 poteri}
2476 3177 2477 3181 ,

1380 3295 1437 3319 111.
1462 3285 1513 3314 19.
1534 3301 1579 3304 ——
1597 3281 1610 3308 ¹5
1627 3283 1721 3313 Joan.
1743 3290 1825 3316 vm,
1851 3278 1904 3308 54.
1927 3293 1969 3299 —-
1987 3272 2001 3296 5
2023 3273 2103 3305 Psal.
2127 3281 2271 3307 cxxvm,
2289 3272 2320 3301 5.

1390 3340 1525 3374 occulta.
