2533 3920
355 224 376 257 (5
385 223 404 259 7
1098 221 1355 257 PRAEFATIO
1396 221 1562 257 GENER
1569 221 1686 256 ALIS.
2384 220 2434 256 68

356 318 564 368 quantum
580 312 754 367 periculi
779 312 990 351 immineat
1008 322 1059 351 ex
1082 311 1250 351 incauta
1273 312 1576 366 approbatione
1595 324 1806 354 novorum
1833 311 2076 364 doctorum,
2097 313 2172 366 qui
2198 311 2278 353 sub
2298 312 2436 366 specie

359 394 523 446 pietatis
555 393 714 432 animos
745 390 988 431 auditorum
1016 395 1311 443 corrumpunt.

416 473 606 512 LXXIII.
627 472 688 510 Ex
707 470 772 509 his
791 473 925 522 patet,
949 469 1181 508 Henricum
1211 468 1334 509 illum
1360 468 1484 523 longe
1515 471 1636 523 prius
1670 471 1958 511 Cenomannos
1984 468 2200 520 infecisse,
2222 481 2352 522 quam
2385 468 2439 510 ad

362 554 500 604 partes
528 549 772 599 Tolosanas,
799 546 913 588 unde
944 559 1042 588 eum
1072 547 1235 600 expulit
1258 547 1521 599 Bernardus,
1551 547 1714 588 subiret
1741 561 1749 586 ε
1778 547 1937 600 quippe
1963 558 2060 586 cum
2088 547 2326 587 Romanum
2342 546 2437 597 iter,

360 627 478 681 quod
498 625 769 667 Hildebertus
796 624 933 665 adhuc
959 626 1314 666 Cenomannensis
1342 626 1566 680 episcopus
1597 637 1818 679 aggressus
1843 628 1925 675 est,
1945 637 2032 678 quo
2062 629 2252 678 tempore
2271 623 2440 665 infamis

363 705 432 746 ille
454 705 734 760 111-(6511ςί6101
757 705 914 744 zizania
940 716 1016 744 sua
1050 704 1273 744 seminavit
1296 704 1410 758 apud
1435 705 1743 754 Cenomannos,
1767 703 1991 756 contigerit
2018 707 2112 744 ante
2129 715 2288 743 annum
2314 704 2438 754 1125,

362 796 448 838 quo
473 796 581 823 anno
606 782 878 823 Hildebertus
905 783 949 822 111
969 782 1238 835 metropolim
1271 784 1525 823 Turonieam
1556 781 1767 835 migravit.
1791 782 1847 821 At
1874 793 1976 821 vero
2004 780 2245 821 Bernardus
2272 781 2441 821 nonnisi

363 874 471 903 anno
495 863 601 903 1147
623 859 674 901 ad
697 859 920 901 Tolosanas
939 864 1077 913 partes
1096 860 1310 913 profectus
1331 865 1406 901 651.
1423 862 1475 901 Et
1501 865 1611 901 certe
1637 861 1681 900 111
1702 859 1878 913 epistola
1894 858 2180 900 ducentesima
2201 858 2436 913 quadrage-

363 940 468 980 sima
487 939 636 992 prima,
660 950 787 992 quam
811 939 855 978 in
871 937 1064 991 partibus
1083 938 1297 979 Tolosanis
1314 940 1570 980 constitutus
1587 940 1753 993 scripsit
1775 938 1828 979 ad
1852 938 2151 979 Hildefonsum
2167 939 2378 989 comitem,
2398 937 2443 978 id

367 1017 466 1056 satis
493 1016 633 1056 innuit
656 1016 732 1055 Yir
763 1019 932 1055 sanctus
961 1015 1026 1056 his
1046 1015 1187 1056 verbis
1214 1031 1223 1056 z
1253 1035 1267 1049 «
1294 1017 1483 1070 Inquiro,
1509 1018 1543 1058 si
1563 1017 1721 1071 placet,
1744 1016 1959 1070 quomodo
1979 1016 2031 1057 de
2061 1017 2251 1057 Lausana
2277 1016 2444 1056 civitate

371 1116 385 1131 »
424 1096 593 1147 exierit,
621 1093 836 1148 quomodo
865 1094 917 1135 (16
941 1095 1219 1135 Cenomannis
1236 1126 1246 1146 ,
1278 1095 1494 1148 quomodo
1522 1095 1573 1136 de
1599 1095 1785 1146 Pictavi,
1816 1093 2032 1148 quomodo
2063 1093 2116 1135 de
2140 1093 2383 1146 Burdegali.
2422 1112 2437 1127 υ

365 1175 462 1214 Haec
479 1173 639 1227 quippe
659 1171 828 1212 videtur
855 1183 942 1212 esse
969 1172 1095 1212 series
1127 1172 1290 1212 itineris
1320 1172 1433 1213 illius
1464 1178 1681 1227 apostatae,
1707 1174 1783 1228 qui
1810 1187 1834 1214 a
1862 1175 2073 1225 Lausana,
2093 1172 2246 1214 deiude
2265 1184 2288 1212 a
2307 1172 2443 1213 Ceno-

364 1252 528 1292 mannis
546 1249 800 1304 praedieandi
828 1250 1051 1290 exordium
1076 1251 1270 1304 sumpsit.
1291 1252 1342 1291 Et
1374 1251 1551 1293 fortasse
1571 1254 1807 1294 Lausanam
1838 1257 2008 1293 venerat
2030 1265 2082 1292 ex
2112 1251 2254 1303 Italia,
2280 1263 2332 1292 ex
2360 1263 2446 1305 qua

367 1328 573 1383 eJ'usmodi
603 1329 723 1369 faeces
757 1329 801 1368 in
833 1333 974 1381 partes
1006 1329 1239 1369 Gallicanas
1260 1331 1637 1384 transmigrarunt,
1668 1333 1859 1386 reliquiae
1878 1332 2221 1383 Manichaeorum,
2241 1332 2306 1372 uti
2325 1335 2366 1371 et
2383 1330 2445 1371 illi

367 1411 680 1450 Cameracenses
700 1406 884 1446 haeretici
909 1419 959 1447 ex
980 1406 1099 1447 Italia
1118 1406 1296 1458 advecti,
1316 1408 1392 1460 qui
1413 1421 1523 1450 anno
1553 1411 1658 1451 1025
1684 1410 1873 1451 damnati
1895 1414 1993 1450 suut
2011 1410 2055 1449 in
2073 1408 2237 1462 synodo
2264 1407 2444 1449 Atreba—

365 1488 487 1538 tensi,
513 1498 598 1541 quo
621 1486 746 1526 etiam
765 1489 953 1538 tempore
988 1485 1143 1526 similes
1179 1485 1386 1539 ejusmodi
1416 1491 1553 1540 pestes
1587 1485 1701 1540 apud
1733 1486 1984 1527 Aurelianos
2020 1486 2109 1539 igni
2143 1486 2375 1540 perierunt.
2395 1487 2447 1526 Et

367 1566 539 1620 quidem
560 1564 833 1605 Henricianos
854 1563 1036 1617 appellat
1062 1564 1313 1604 Manichaeos
1335 1564 1569 1605 Exordium
1589 1565 1861 1605 Cisterciense
1880 1564 1924 1604 in
1943 1563 2053 1604 libro
2077 1564 2254 1618 septimo
2279 1563 2332 1605 de
2350 1564 2448 1605 Vita

368 1644 501 1685 sancti
531 1641 755 1692 Bernardi,
775 1654 866 1695 cap.
897 1644 961 1693 17,
989 1641 1063 1682 ubi
1092 1642 1253 1695 legatus
1274 1644 1417 1696 Papae,
1440 1643 1596 1696 aliique
1614 1643 1823 1696 episcopi,
1854 1661 1869 1675 «
1896 1654 1974 1695 pro
2008 1641 2266 1682 confutanda
2301 1641 2446 1683 haeresi

377 1744 392 1758 υ
412 1721 778 1771 'Manichaeoruim
804 1740 819 1754 x›
846 1720 899 1760 ad
930 1725 1070 1773 partes
1103 1720 1328 1761 Tolosanas
1362 1734 1458 1762 cum
1482 1721 1584 1761 Viro
1613 1724 1756 1761 sancto
1789 1721 2008 1761 accessisse
2033 1724 2335 1761 memorantur.
2357 1721 2450 1761 Jam

371 1815 470 1843 vero
511 1812 597 1855 quo
630 1803 752 1853 pacto
786 1798 992 1852 ejusmodi
1029 1798 1250 1850 haereticis,
1287 1811 1519 1853 eorumque
1558 1798 1825 1852 sequacibus,
1856 1799 2186 1840 Manichaeorum
2223 1811 2377 1839 nomen
2411 1803 2452 1840 et

370 1891 534 1922 errores
570 1880 831 1930 competant,
856 1876 1165 1916 illustrissimus
1193 1875 1432 1917 Meldorum
1467 1878 1690 1930 episcopus
1724 1878 1769 1917 in
1793 1878 1947 1918 eximio
1973 1890 2099 1931 opere
2133 1889 2225 1929 5110,
2247 1876 2366 1932 quod
2399 1877 2451 1918 de

371 1955 686 2000 Variationibus
709 1954 1002 1994 haereticorum
1027 1954 1218 2007 scripsit,
1240 1954 1478 1996 luculenter
1502 1954 1686 1995 ostendit
1704 1955 1817 1996 libro
1837 1955 2077 1997 undecimo.

429 2035 615 2077 LXXIV.
638 2030 772 2072 Iidem
796 2031 1038 2071 Henriciani
1070 2031 1254 2072 haeretiei
1282 2033 1327 2073 iu
1353 2033 1616 2074 Petrocorios
1635 2032 1776 2084 effusi,
1797 2034 1951 2075 Pontio
1976 2033 2084 2074 duce
2100 2038 2142 2074 et
2157 2033 2448 2087 antesignano,

373 2114 437 2154 uti
453 2112 575 2153 docet
593 2109 806 2151 Heriberti
823 2108 998 2162 epistola
1020 2108 1065 2148 in
1089 2113 1204 2149 tomo
1223 2111 1347 2151 tertio
1366 2115 1610 2151 nostrorum
1632 2111 1960 2152 Analectorum:
1986 2111 2061 2152 ubi
2087 2111 2316 2166 peculiaria
2334 2113 2451 2152 Pon-

373 2193 586 2233 tianorum
617 2188 788 2228 illorum
818 2191 1052 2227 commenta
1077 2187 1336 2228 reseruntur.
1360 2188 1463 2229 Inde
1492 2193 1576 2239 est,
1603 2188 1721 2242 quod
1752 2189 1995 2231 Bernardus
2014 2189 2068 2230 ad
2096 2190 2362 2231 Petrocorios
2385 2201 2458 2230 seu

375 2268 664 2322 Petragoricos
683 2265 861 2320 populos
879 2277 921 2305 56
942 2264 1140 2317 6011111111,
1163 2270 1209 2305 111
1228 2270 1342 2318 patet
1360 2279 1410 2306 ex
1432 2269 1554 2309 tertia
1578 2274 1696 2323 parte
1719 2269 1819 2310 libri
1838 2270 1944 2310 sexti
1966 2270 2041 2323 qui
2062 2273 2123 2310 est
2142 2268 2194 2310 de
2213 2268 2303 2323 ejus
2324 2269 2456 2310 Mira-

376 2349 481 2390 culis
497 2379 507 2399 ,
542 2359 585 2386 n.
612 2346 652 2397 4,
673 2344 746 2385 ubi
770 2344 947 2385 Arianos
983 2343 1190 2396 plurimos
1227 2344 1341 2398 apud
1373 2346 1585 2387 Tolosates
1618 2348 1852 2399 invenisse,
1875 2360 2055 2401 eosque,
2075 2348 2138 2388 uti
2157 2352 2199 2388 et
2224 2348 2459 2388 Henricum

378 2426 641 2475 haereticum,
663 2423 828 2476 fugasse
853 2425 1124 2461 memoratur.
1145 2422 1257 2473 Quin
1293 2423 1419 2463 etiam
1449 2424 1560 2466 idem
1594 2415 1822 2477 Hen'ricus,
1857 2427 1902 2466 in
1936 2427 2089 2467 Pisano
2125 2426 2305 2467 concilio
2337 2430 2459 2467 antea

377 2508 614 2555 damnatus,
636 2507 677 2543 et
703 2499 932 2553 Bernardo,
959 2505 1007 2541 ut
1026 2501 1257 2542 monachus
1285 2501 1329 2541 in
1353 2501 1619 2544 Clara-Valle
1654 2503 1800 2555 fieret,
1834 2505 2084 2546 commissus
2104 2504 2276 2546 dicitur.
2298 2506 2459 2546 Verum

375 2587 447 2627 ille
479 2582 658 2636 acceptis
678 2593 701 2621 a
720 2579 935 2621 Bernardo
968 2579 1021 2620 ad
1056 2579 1429 2621 Clarae-Vallenses
1452 2580 1618 2632 litteris,
1651 2582 1692 2621 in
1712 2586 1907 2635 suscepto
1926 2582 2053 2623 semel
2071 2594 2214 2623 errore
2236 2581 2458 2624 obfirmate

379 2665 599 2720 persistere
632 2659 804 2710 maluit,
830 2670 958 2712 quam
976 2657 1030 2698 ad
1050 2657 1196 2698 salutis
1213 2657 1323 2698 viam
1341 2657 1421 2698 boc
1437 2658 1688 2710 compendio
1707 2658 1858 2699 redire.

437 2743 502 2783 Lx
511 2741 599 2781 XV.
625 2737 855 2778 Henricum
872 2735 982 2775 vivis
1000 2734 1214 2775 coloribus
1231 2734 1423 2788 depingit
1444 2736 1683 2778 Bernardus
1701 2738 1743 2778 in
1763 2736 1961 2791 praedicta
1979 2738 2156 2792 epistola
2172 2738 2458 2781 ducentesima

379 2817 698 2875 quadragesima
718 2814 853 2867 prima
867 2845 877 2862 ,
898 2812 972 2853 ubi
998 2824 1095 2852 eum
1114 2812 1368 2865 litteratum,
1393 2817 1572 2869 speciem
1596 2816 1820 2858 habentem
1846 2818 2028 2870 pietatis,
2050 2817 2124 2859 sed
2142 2818 2242 2859 aleis
2259 2822 2300 2859 et
2318 2830 2456 2859 mere-

374 2898 554 2941 tricibus
571 2894 762 2936 deditum
781 2891 942 2933 scribit.
966 2891 1099 2944 Impia
1120 2890 1209 2944 ejus
1227 2890 1422 2945 dogmata
1451 2894 1537 2934 haee
1558 2895 1643 2936 fere
1663 2902 1961 2937 commemorat
1980 2912 1987 2937 :
2010 2896 2279 2939 sacerdotum
2304 2902 2345 2937 et
2367 2896 2454 2938 cle-

378 2979 564 3019 ricorum
589 2976 802 3026 respectus
821 2969 988 3020 nullus,
1010 2971 1371 3011 Sacramentorum
1396 2976 1523 3025 atque
1555 2974 1756 3015 festorum
1791 2975 1986 3027 abolitio,
2007 2976 2248 3029 Baptismus
2265 2974 2455 3028 parvulis

379 3058 569 3107 negatus.
593 3050 777 3092 Alterius
799 3048 941 3089 classis
958 3052 1046 3088 erat
1063 3048 1175 3101 apud
1207 3048 1501 3091 Hildebertum
1522 3051 1565 3091 in
1588 3052 1763 3104 epistola
1787 3052 2138 3105 quinquagesima
2157 3052 2294 3105 prima
2319 3050 2452 3091 111616-

378 3135 487 3176 116115
507 3131 591 3181 1116,
611 3129 686 3183 qui
705 3132 946 3169 sanctorum
978 3127 1295 3167 intercessiones
1325 3127 1558 3181 rejiciebat,
1579 3128 1718 3181 ipsum
1740 3127 2035 3170 Hildebertum
2061 3129 2105 3168 in
2129 3140 2214 3169 suae
2237 3131 2358 3169 sectae
2375 3139 2452 3181 pa-

377 3211 604 3254 trocinium
623 3206 842 3248 traducere
871 3217 1091 3259 perperam
1124 3210 1312 3247 conatus.
1333 3208 1399 3247 An
1422 3219 1521 3247 1610
1540 3205 1666 3247 iidem
1692 3220 1789 3248 cum
1808 3207 2072 3248 Henricianis
2092 3206 2252 3248 fuerint
2269 3206 2452 3247 haereticl

375 3290 462 3340 illi,
489 3299 597 3342 quos
624 3283 865 3327 Bernardus
901 3283 943 3323 in
961 3295 1152 3324 sermone
1177 3285 1433 3335 sexagesimo
1458 3286 1608 3338 quinto
1633 3290 1674 3326 et
1704 3285 1979 3339 subsequenti
2011 3297 2138 3339 super
2167 3285 2335 3326 Cantica
2364 3280 2446 3320 im-

377 3370 555 3423 pugnat,
573 3363 699 3406 inodo
723 3360 1041 3417 inquirendum.
