2517 3920
309 239 407 276 1463

707 235 742 271 S.
773 234 1026 271 BERNARDI
1056 235 1158 269 ABR.
1191 231 1361 267 TRACT.
1396 231 1459 265 DE
1493 230 1673 265 ERROR.
1707 229 2004 265 ABAELARDI.

307 325 415 362 sunt,
442 328 486 353 ae
514 313 545 351 si
574 326 689 364 super
715 312 829 349 inane
860 312 1007 362 pingas.
1025 314 1206 360 Magnum
1226 307 1353 359 pro—⁰⁴

2294 232 2391 268 146¹}

1360 306 1565 357 ⁷insignia,
1599 315 1739 356 praeter
1779 305 2058 356 redemptionis
2092 315 2391 354 sacramentum,

308 376 407 412 fecto
425 383 463 411 et
477 372 588 410 valde
605 373 863 410 necessarium
883 371 1119 415 humilitatis,
1137 382 1316 419 magnum
1335 372 1366 405 A
1385 375 1473 404 sunt
1494 366 1652 416 aliquid.

305 445 344 473 et
376 435 484 472 omni
515 434 737 485 acceptione
769 433 926 483 dignum
963 431 1157 468 charitatis
1188 443 1320 466 exem-

304 497 413 546 plum
432 511 440 533 z
464 495 531 532 sed
560 508 639 532 non
664 494 809 531 liabent
830 493 1142 537 fundamentum,
1161 504 1204 528 ac
1224 503 1320 540 pro-

305 556 395 593 inde
414 569 484 593 nec
507 564 662 602 statum,
681 555 712 592 si
738 555 836 591 desit
861 553 1088 603 redemptio.
1107 552 1204 589 Volo
1233 551 1322 588 totis

308 616 455 653 nisibus
480 616 664 652 humilem
688 614 796 664 sequi
822 617 978 659 Jesum;
1001 613 1116 663 cupio
1143 625 1229 648 eum
1256 610 1322 660 qui

309 676 445 713 dilexit
479 689 563 721 me,
597 683 635 711 et
664 674 820 711 tradidit
851 673 1099 723 semetipsum
1134 684 1206 722 pro
1241 683 1320 716 me,

308 736 539 787 quibusdam
563 735 728 772 brachiis
750 734 901 771 vicariae
933 732 1148 769 dilectionis
1171 731 1320 781 ample-

310 797 387 834 cti:
410 796 474 833 sed
502 804 656 846 oportet
677 809 736 832 me
757 804 794 831 et
816 800 970 844 Agnum
993 792 1226 830 manducare
1251 805 1322 841 pa-

309 859 487 896 schalem.
509 857 587 894 Nisi
614 857 715 893 enim
737 855 1019 891 manducavero
1045 866 1199 890 carnem
1225 851 1322 900 erS,

309 926 347 954 et
375 916 510 953 bibero
538 914 620 963 ejus
646 914 890 963 sanguinem,
919 925 996 948 non
1028 909 1179 947 habebo
1206 910 1324 946 vitam

311 978 350 1014 in
389 975 627 1025 memetipso.
662 973 776 1010 Aliud
806 973 914 1022 sequi
945 976 1101 1017 Jesum,
1128 970 1233 1007 aliud
1266 978 1326 1006 te-

311 1049 420 1082 nere,
442 1035 544 1072 aliud
565 1034 808 1071 manducare.
840 1033 978 1082 Sequi,
1009 1030 1162 1069 salubre
1194 1030 1326 1067 consi-

312 1098 426 1143 lium3
462 1105 592 1133 tenere
623 1104 659 1132 et
687 1094 886 1144 amplecti,
919 1094 1090 1130 solemne
1120 1091 1325 1142 gaudium3

1442 428 1504 464 26.
1530 431 1640 472 Haec,
1655 426 1834 472 Domine,
1852 429 1977 471 Pater,
1998 425 2045 462 de
2064 425 2194 462 labore
2215 439 2396 465 manuum

1386 488 1497 538 pueri
1535 486 1651 523 vestri
1688 486 1983 536 qualiacumque
2023 486 2179 531 tenetis,
2219 486 2399 524 adversus

1389 561 1509 599 pauca
1531 546 1685 597 quidem
1707 560 1818 583 novae
1837 546 2027 583 haereseos
2044 546 2230 596 capitula:
2246 545 2312 583 ubi
2331 548 2400 584 etsi

1389 622 1466 645 non
1489 607 1590 645 aliud
1611 621 1725 657 quam
1745 608 1867 644 zelum
1889 606 2092 656 agnoscitis
2113 620 2254 654 meum,
2275 614 2400 645 tamen

1389 669 1558 719 propriae
1576 668 1727 704 interim
1744 668 1987 704 conscientiae
2007 667 2183 705 satisfeci.
2204 670 2297 705 Nam
2315 681 2401 705 cum

1389 743 1467 766 non
1492 737 1590 766 esset
1616 729 1718 778 quod
1743 742 1893 778 agerem
1923 742 1996 779 pro
2017 727 2160 778 injuria
2180 727 2268 765 fidei
2287 742 2399 778 quam

1391 789 1567 826 dolebam
1582 805 1592 835 ;
1614 803 1742 839 operae
1761 789 1851 826 mihi
1869 790 2035 840 pretium
2053 788 2233 835 arbitror,
2250 789 2281 826 si
2294 789 2402 826 illum

1391 851 1538 895 monui,
1556 849 1664 899 cujus
1677 863 1781 886 arma
1799 850 1971 900 potentia
1985 863 2004 886 a
2018 854 2101 887 Deo
2114 849 2161 886 ad
2179 838 2404 886 destructio-

1392 923 1479 946 nem
1511 909 1792 946 contrariarum
1821 909 2098 954 assertionum,
2125 908 2173 945 ad
2205 907 2405 945 destruen-

1394 970 1481 1006 dam
1504 982 1657 1005 omnem
1679 968 1922 1005 altitudinem
1945 968 2192 1005 extollentem
2211 981 2250 1004 se
2274 967 2406 1004 adver—

1394 1043 1457 1066 sus
1471 1030 1666 1066 scientiam
1680 1029 1763 1075 Dei,
1775 1036 1813 1065 et
1826 1029 1864 1065 in
1879 1028 2139 1078 captivitatem
2155 1017 2405 1078 redigendum

1395 1103 1549 1127 omnem
1570 1090 1807 1126 intellectum
1827 1089 1866 1125 in
1893 1088 2119 1139 obsequium
2142 1088 2293 1126 Christi.
2312 1090 2407 1125 Sunt

312 1157 557 1202 manducare,
578 1157 656 1193 vita
676 1155 799 1193 beata.
818 1158 915 1193 Caro
932 1155 1032 1191 enim
1054 1152 1138 1202 ejus
1158 1165 1248 1189 vere
1271 1160 1327 1188 est
1346 1156 1374 1190 B
1395 1159 1431 1187 et
1456 1151 1529 1187 alia
1554 1150 1592 1186 in
1614 1150 1695 1186 aliis
1714 1148 1797 1198 ejus
1818 1149 1969 1199 scriptis
1989 1162 2068 1186 non
2089 1162 2230 1199 pauca,
2250 1161 2321 1185 nec
2340 1148 2408 1185 mi-

312 1216 437 1263 cibus,
466 1225 503 1253 et
524 1217 677 1266 sanguis
698 1215 781 1265 ejus
806 1228 895 1252 vere
917 1223 974 1251 est
997 1223 1121 1264 potus.
1141 1212 1252 1250 Panis
1270 1220 1327 1249 est

313 1279 383 1315 Dei
400 1278 465 1328 qui
483 1277 529 1314 de
546 1278 643 1314 coelo
659 1276 869 1323 descendit,
884 1283 924 1313 et
937 1275 1002 1312 (lat
1014 1272 1322 1311 vitammund01.

311 1339 404 1386 Quis
427 1347 546 1375 status
566 1338 718 1388 gaudio,
741 1337 819 1374 sive
848 1336 1024 1380 consilio,
1048 1334 1192 1384 absque
1221 1334 1325 1370 vita?

311 1402 459 1448 Nempe
474 1398 575 1435 haud
596 1398 692 1435 alius
713 1410 827 1446 quam
846 1397 1005 1446 picturae
1022 1394 1167 1444 absque
1187 1393 1324 1431 solido.

313 1462 414 1508 Ergo
444 1472 513 1495 nec
543 1458 769 1495 humilitatis
799 1457 997 1508 exempla,
1033 1469 1103 1492 nec
1129 1454 1325 1492 charitatis

367 1585 377 1600 ¹
391 1583 485 1613 Joan.
505 1592 558 1619 vx,
592 1584 648 1619 56,
667 1583 722 1613 33.

1394 1223 1466 1247 nus
1493 1210 1592 1246 mala
1620 1209 1805 1259 capitula,
1827 1208 1874 1245 ad
1895 1222 1981 1258 quae
2012 1222 2084 1246 nec
2113 1208 2319 1259 temporis,
2338 1220 2407 1244 nec

1393 1271 1566 1321 epistolae
1593 1271 1767 1320 angustia
1796 1269 2030 1320 respondere
2052 1270 2251 1321 permittit.
2279 1273 2409 1318 Quan-

1394 1345 1508 1382 quam
1537 1345 1607 1368 nec
1636 1331 1890 1368 necessarium
1918 1339 2071 1382 putem,
2095 1344 2182 1368 cum
2204 1331 2280 1368 sint
2309 1330 2408 1367 adeo

1393 1393 1612 1438 manifesta,
1633 1400 1676 1429 ut
1706 1393 1789 1442 ipsa
1806 1392 1920 1429 etiam
1943 1392 2099 1442 vulgata
2119 1391 2194 1428 fide
2218 1391 2326 1429 facile
2349 1404 2409 1427 re-

1395 1454 1587 1491 fellantur.
1618 1453 1763 1504 Collegi
1796 1462 1922 1490 tamen
1955 1453 2102 1504 aliqua,
2132 1460 2171 1490 et
2204 1451 2408 1489 transmisi.

731 2436 960 2472 EXPLICIT
989 2434 1279 2471 TRACTATUS
1307 2435 1372 2470 DE
1404 2435 1686 2471 ERRORIBUS
1715 2435 2012 2470 ABAELARDI.
