2533 3920
328 209 395 245 211

1091 209 1125 244 S.
1157 206 1411 242 BERNARDI
1441 208 1643 243 ABBATIS

326 287 373 323 ad
395 285 650 323 ulciscendam
670 284 794 330 illam,
812 296 897 333 quae
915 283 1025 321 vobis
1050 284 1253 321 videbatur
1277 284 1334 320 fa·
1353 282 1366 301 ⁶

2335 209 2409 248 212

1370 284 1384 300 ³⁵
1403 285 1636 334 expelleret?
1661 283 1754 332 Quis
1784 296 1876 320 vero
1897 284 1988 332 scit,
2018 285 2048 322 si
2069 284 2115 322 de
2136 294 2261 324 vestra
2287 286 2411 325 abun-

324 355 402 394 cta,
425 345 604 395 injuriam
619 374 629 391 ,
652 344 810 394 justitiae
837 344 917 380 zelo
944 357 1103 381 accensa
1129 345 1268 381 veritas
1293 357 1332 381 se
1355 344 1382 377 Α
1404 344 1530 381 dantia
1546 352 1715 381 nostram
1735 347 1839 381 Deus
1854 345 2020 382 voluerit
2035 347 2214 397 supplere
2228 348 2411 398 inopiam,

326 414 562 455 accingeret;
583 405 646 441 illa
668 418 752 454 quae
769 404 946 452 exemplo
963 404 1105 454 ,Ioseph
1124 404 1336 454 prudenter

324 475 435 503 antea
452 463 760 502 dissimulabatur
774 463 1054 510 misericordia,
1074 465 1260 513 ultrajam
1280 465 1336 500 la-

326 534 405 562 tere
426 539 503 561 non
526 525 673 570 ferens,
699 537 746 559 ne
770 523 808 559 in
835 523 907 559 hoe
923 523 1077 573 quidem
1102 524 1336 561 dissimiliter

325 585 373 622 ab
397 585 540 634 Joseph
561 591 569 605 ¹
589 613 598 629 ‚
626 596 671 619 ex
705 582 835 619 abdito
858 583 987 619 celatae
1016 584 1165 634 pietatis
1186 583 1333 633 erupit,

324 658 439 694 seque
454 643 604 679 veritati
622 641 834 691 adjungens
851 644 1031 692 repressit
1049 652 1195 680 motum
1208 672 1217 690 ,
1239 652 1333 679 tem-

323 704 472 753 peravit
488 703 608 738 zelum
622 731 631 748 ,
649 715 782 751 pacem
801 701 1043 751 cumjustitia
1060 704 1158 740 fecit.

377 764 412 800 ⁶2.
434 767 541 800 Tunc
572 762 618 798 de
640 762 844 812 purissimo
873 762 1011 811 placidi
1036 762 1201 813 pectoris
1230 762 1334 798 sonte

324 823 456 860 talium
486 822 600 859 credo
628 821 883 871 limpidissimi
918 822 1191 871 cogitationum
1222 821 1334 858 rivuli

323 883 555 920 ebullierunt
574 882 701 930 :Quid
728 895 826 931 opus
850 890 905 917 est
930 882 1141 931 indignari?
1165 881 1334 918 misereri

323 944 452 994 potius
473 950 645 993 oportet,
665 949 701 977 et
727 955 804 977 non
831 941 1003 978 oblivisci
1024 942 1128 991 quod
1148 942 1334 992 scriptum

324 1012 378 1040 est
393 1032 402 1049 ,
426 1003 731 1038 Alisca-[cordiam
760 1003 868 1046 volo,
892 1010 926 1036 et
943 1015 1017 1036 mm
1048 1002 1276 1047 sacrificium
1299 1005 1332 1047 ²3

324 1072 361 1099 et
390 1063 549 1112 implere
585 1059 689 1110 quod
717 1058 867 1108 jussum
898 1068 980 1105 est,
1010 1061 1167 1096 Solliciti
1187 1073 1336 1096 servare

325 1127 507 1159 unitatem
528 1125 682 1169 spiritus
710 1124 748 1155 ist
776 1123 928 1155 vincalo
943 1125 1057 1168 [meis
1076 1120 1111 1167 33
1139 1129 1177 1157 et
1198 1134 1335 1171 exspe-

324 1192 426 1220 ctare
447 1181 550 1232 quod
569 1180 798 1230 promissum
820 1188 901 1225 est,
923 1183 1038 1216 Beati
1064 1183 1334 1225 ›maceriem-cles,

325 1247 506 1291 quomam
549 1245 625 1289 ipsi
663 1242 959 1276 mc‘smffcorcliam
1003 1250 1275 1289 consequentur
1307 1242 1335 1277 4'.

324 1303 506 1352 Alioquin
535 1315 627 1338 num
658 1300 756 1337 lilius
777 1313 884 1336 meus
904 1309 986 1337 erat
1010 1300 1109 1337 iste?
1129 1301 1213 1350 quis
1244 1314 1337 1337 vero

326 1364 435 1400 irasci
458 1362 535 1398 filio
563 1363 715 1410 potest?
738 1360 817 1397 Nisi
838 1360 936 1396 forte
962 1369 1051 1397 tunc
1074 1369 1219 1397 tantum
1239 1362 1337 1398 lilius

325 1423 417 1469 fuit,
440 1422 531 1458 dum
553 1434 700 1457 meeum
731 1420 821 1466 suit,
850 1428 887 1456 et
909 1433 986 1456 non
1021 1421 1132 1457 etiam
1161 1435 1247 1457 eum
1278 1435 1337 1458 me

325 1482 505 1520 deseruit.
525 1481 596 1519 Sed
619 1480 805 1529 numquid
825 1481 914 1529 quia
935 1494 1097 1530 corpore
1118 1481 1165 1518 ad
1187 1490 1336 1532 tempus

325 1543 505 1588 recessit,
545 1541 657 1577 etiam
692 1541 820 1576 animo
859 1541 1036 1577 recedere
1070 1542 1196 1591 potuit
1220 1544 1234 1578 Ρ
1272 1550 1337 1578 aut

326 1604 422 1639 forte
442 1603 501 1639 vel
530 1602 611 1651 ipsa
632 1614 734 1636 mors
763 1613 850 1636 eum
874 1600 965 1636 mihi
994 1602 1136 1650 poterit
1159 1602 1335 1638 auferre?

323 1668 431 1701 Itane
455 1663 584 1699 localis
610 1661 868 1710 corporalisve
890 1661 1091 1697 necessitas
1120 1662 1335 1698 animorum

324 1737 404 1761 sese
426 1723 634 1760 amantium
653 1720 867 1758 libertatem
886 1724 1081 1771 angustat?
1099 1724 1231 1759 Certus
1251 1735 1335 1759 sum

324 1785 414 1834 quia
432 1797 501 1820 nee
522 1784 695 1819 locorum
724 1781 922 1827 distantia,
948 1795 1017 1817 nec
1042 1795 1250 1831 corporum
1275 1783 1336 1819 vel

325 1856 454 1889 mors,
488 1843 550 1879 vel
582 1841 753 1878 absentia
783 1840 1001 1890 disjungere
1033 1842 1201 1891 poterit,
1239 1856 1336 1892 quos
1356 1842 1382 1878 C

325 1917 424 1940 unus
443 1902 599 1952 spiritus
618 1909 769 1950 vegetat
783 1930 792 1948 ,
819 1914 895 1938 una
915 1901 1076 1938 charitas
1098 1902 1199 1951 ligat.
1217 1903 1337 1939 Deni-

325 1978 412 2014 que,
427 1964 455 2000 si
469 1962 663 2012 justorum
678 1962 813 1998 animae
830 1962 869 1998 in
886 1963 1080 1999 manuDei
1096 1971 1185 1999 sunt
1200 1961 1335 2013 551)ιό-

324 2025 423 2061 fecto
447 2032 483 2061 et
513 2024 577 2073 qui
599 2023 678 2072 jam
707 2024 746 2059 in
775 2024 859 2073 ipso
884 2023 1055 2073 deposita
1078 2037 1191 2060 carne
1224 2015 1334 2073 quier-

325 2093 455 2130 scunt,
474 2092 512 2120 et
528 2084 592 2133 qui
609 2083 679 2133 ipsi
691 2083 815 2119 adhuc
836 2084 873 2119 in
895 2097 1007 2120 carne
1028 2096 1106 2120 non
1124 2083 1335 2120 secundum

324 2158 477 2181 carnem
506 2144 732 2190 militamus,
757 2144 867 2180 simul
886 2144 1019 2193 procul
1043 2143 1161 2180 dubio
1190 2157 1332 2181 sumus.

323 2209 431 2242 Meus
465 2218 554 2254 ergo
583 2213 664 2241 erat
695 2205 823 2251 vivus,
861 2218 967 2241 meus
1003 2205 1075 2240 erit
1107 2204 1332 2252 defunctus,

324 2280 449 2302 meum
473 2266 510 2302 in
530 2266 652 2316 patria
666 2279 949 2315 recognoscam.
972 2266 1006 2302 Si
1029 2266 1113 2314 quis
1131 2274 1185 2302 est
1203 2267 1269 2315 qui
1287 2266 1334 2302 de

324 2339 441 2362 manu
464 2326 534 2362 Dei
552 2325 671 2375 possit
687 2339 842 2373 eruere,
861 2333 898 2366 et
914 2339 934 2362 a
952 2339 1012 2362 me
1032 2326 1139 2361 illum
1157 2338 1333 2376 separare

324 2386 479 2422 valebit.

382 2448 418 2482 3.
441 2450 573 2495 Itaque
592 2459 664 2495 pro
687 2446 766 2482 filio
784 2445 939 2495 quidem
962 2454 1086 2483 vestra
1109 2444 1220 2482 vobis
1241 2446 1334 2483 affe-

324 2505 399 2542 ctio
421 2505 600 2541 satisfecit
621 2520 628 2542 :
652 2505 717 2541 sed
742 2505 788 2541 de
814 2505 945 2550 nobis,
972 2514 1096 2555 pater,
1120 2505 1212 2555 quid
1238 2505 1334 2542 erit?

324 2579 427 2614 quie,
451 2566 624 2614 inquam,
649 2564 695 2600 de
723 2564 833 2600 nobis
864 2564 977 2613 digna
998 2564 1107 2601 vobis
1130 2565 1334 2601 satisfactio

1402 413 1443 441 ut
1464 405 1607 441 scilicet
1631 417 1750 440 unum
1769 403 1816 440 de
1836 404 1981 452 multis,
2012 406 2076 455 qui
2100 406 2196 443 for-te
2224 407 2327 457 apud
2343 420 2413 445 vos

1402 464 1567 513 religiosi
1602 473 1693 500 tunc
1720 472 1851 511 erant,
1884 464 1931 500 ad
1966 478 2036 502 nos
2069 465 2270 515 dirigeret,
2302 466 2414 505 nobis

1402 524 1558 573 quidem
1577 524 1623 560 ad
1644 524 1842 570 solatium,
1869 524 1936 560 sed
1961 525 2210 563 nihilominus
2235 526 2346 564 vobis
2365 527 2413 564 ad

1401 584 1587 633 gloriam?
1616 584 1732 622 Filius
1765 584 1908 634 quippe
1938 585 2089 635 sapiens
2117 587 2237 635 gloria
2256 595 2313 624 est
2340 601 2411 637 pa-

1401 645 1468 681 tris
1486 643 1513 682 5.
1540 645 1716 694 Denique
1752 658 1831 681 non
1866 658 1953 682 eum
1986 647 2243 696 praevenimus
2277 647 2415 684 sollici-

1402 705 1537 751 tando;
1572 719 1651 742 non
1691 705 2011 742 circumvenimus
2048 706 2275 744 attrahendo
2294 736 2304 754 ,
2336 720 2414 757 quo

1401 779 1470 802 vos
1491 765 1707 812 desereret,
1728 766 1788 803 vel
1809 765 1855 802 ad
1881 779 1951 803 nos
1971 766 2119 803 veniret
2141 782 2148 804 :
2171 767 2264 816 quin
2284 767 2412 817 potius

1402 835 1619 876 rogantem,
1641 826 1876 876 pulsantem,
1898 826 2177 876 supplicantem
2195 839 2272 863 non
2291 826 2411 876 prius,

1401 888 1503 922 Deus
1520 885 1610 931 scit,
1635 884 1898 921 consensimus
1925 885 2118 934 recipere,
2143 898 2256 934 quam
2279 885 2411 921 remit-

1402 953 1481 981 tere
1502 944 1548 981 ad
1574 958 1642 981 vos
1664 945 1905 981 tentavimus.
1925 948 2010 982 Non
2033 954 2159 982 autem
2180 958 2226 982 eo
2256 945 2411 994 acquie-

1401 1013 1541 1052 scente,
1554 1004 1636 1053 ejus
1648 1018 1717 1042 nos
1728 1004 2008 1054 importunitati
2021 1005 2085 1042 vix
2098 1005 2249 1042 tandem
2265 1005 2416 1054 acquie-

1402 1065 1538 1101 vimus.
1559 1065 1763 1101 Hominem
1781 1077 1872 1114 ergo
1890 1065 2108 1114 religiosum
2122 1094 2131 1111 ‚
2149 1065 2411 1115 peregrinum,

1403 1125 1547 1172 solum,
1584 1125 1614 1161 si
1649 1125 1762 1174 culpa
1796 1133 1854 1161 est
1892 1124 1996 1174 quod
2026 1124 2280 1174 suscepimus,
2302 1133 2340 1161 et
2359 1125 2413 1161 ita

1404 1186 1662 1237 suscepimus,
1702 1199 1781 1222 non
1816 1185 1889 1222 erit
1918 1183 2029 1222 vobis
2058 1184 2260 1234 indignum
2297 1184 2414 1221 semel

1404 1254 1549 1283 tantum
1577 1245 1819 1282 commissam
1847 1244 2021 1294 culpam,
2049 1244 2240 1292 talemque
2264 1243 2415 1293 culpam

1404 1307 1594 1343 dimittere
1611 1321 1618 1343 :
1641 1306 1702 1343 cui
1720 1305 1832 1342 etiam
1855 1306 1907 1341 fas
1924 1318 2002 1341 non
2019 1313 2092 1351 est,
2114 1318 2162 1341 ne
2186 1317 2307 1354 usque
2327 1305 2416 1354 qui-

1404 1367 1490 1403 dem
1518 1366 1732 1416 septuagies
1761 1364 1900 1416 septies
1922 1364 2169 1415 peccantibus
2193 1364 2232 1401 in
2251 1377 2320 1402 vos
2348 1377 2414 1402 ve-

1404 1426 1505 1462 niam
1529 1439 1666 1475 negare
1680 1433 1706 1462 7,

1457 1487 1492 1523 4.
1517 1490 1569 1524 Ut
1597 1495 1722 1522 tamen
1752 1484 1937 1522 noveritis
1957 1498 2071 1535 quam
2093 1498 2172 1522 non
2197 1485 2332 1522 leviter
2350 1498 2416 1523 seu

1402 1547 1657 1595 negligenter,
1688 1546 1767 1582 imo
1803 1559 1917 1595 quam
1952 1559 2031 1582 non
2068 1546 2227 1595 impune
2251 1546 2416 1584 feramus

1402 1606 1506 1655 quod
1540 1619 1709 1655 unquam
1744 1606 2014 1643 Reverentiam
2052 1614 2219 1642 vestram
2258 1619 2416 1656 quoquo

1402 1666 1518 1703 modo
1548 1667 1780 1703 offendimus
1814 1681 1822 1703 :
1853 1679 1952 1716 saepe
1987 1670 2110 1703 Deum
2148 1674 2288 1713 testor,
2311 1666 2417 1716 quod

1403 1739 1566 1777 corpore
1592 1740 1670 1763 non
1705 1740 1882 1778 possum,
1915 1734 2042 1763 mente
2072 1726 2120 1763 ad
2153 1739 2223 1762 vos
2255 1725 2418 1776 supplici

1405 1795 1556 1824 transeo
1573 1817 1582 1834 ,
1604 1801 1704 1837 saepe
1730 1786 1891 1837 genibus
1914 1786 2021 1823 flexis
2052 1786 2247 1823 humiliter
2269 1786 2417 1823 satisfa-

1403 1847 1505 1884 ciens
1518 1878 1527 1895 ,
1544 1847 1653 1884 vobis
1679 1847 1827 1884 adstare
1849 1860 1908 1883 me
1927 1846 2054 1883 video.
2077 1846 2235 1884 Utinam
2253 1847 2335 1897 ipse
2351 1846 2418 1896 qui

1403 1908 1441 1944 id
1459 1908 1550 1944 mihi
1573 1909 1728 1945 [ertasse
1748 1908 1931 1958 inspirat,
1954 1907 2062 1944 vobis
2075 1920 2231 1958 quoque
2253 1907 2416 1957 Spiritus

1404 1968 1544 2005 sentire
1566 1969 1695 2016 faeiat,
1717 1983 1830 2019 quam
1855 1967 2011 2014 flebilis,
2032 1981 2146 2018 quam
2167 1966 2415 2014 miserabilis,

1403 2037 1583 2079 tanquam
1611 2043 1800 2080 praesens,
1827 2029 1874 2066 ad
1895 2042 2018 2078 genua
2045 2042 2167 2079 usque
2193 2037 2321 2066 vestra
2345 2027 2415 2065 de-

1402 2089 1565 2126 scendo!
1591 2104 1705 2139 quam
1734 2090 1954 2139 frequenter
1976 2088 2100 2125 nudus
2124 2089 2304 2125 humeros
2333 2088 2412 2124 vir-

1401 2162 1542 2199 gasque
1558 2151 1596 2186 in
1616 2150 1791 2187 manibus
1806 2158 1978 2200 gestans,
1999 2158 2036 2186 et
2056 2149 2164 2199 quasi
2184 2148 2231 2186 ad
2250 2157 2418 2186 vestram

1396 2209 1610 2259 jussionem
1627 2211 1810 2260 vapulare
1827 2219 2001 2260 paratus„
2019 2218 2110 2261 peto
2126 2209 2297 2255 veniam,
2327 2212 2415 2258 gra'-

1402 2270 1492 2307 tiam
1513 2271 1790 2308 tremebundus
1815 2273 2017 2321 exspecto!
2045 2273 2135 2306 Haec
2160 2269 2323 2319 qualiter
2343 2282 2407 2306 vo-

1400 2330 1476 2378 bis,
1496 2340 1624 2381 pater,
1647 2339 1800 2381 accepta
1818 2331 1893 2367 sint
1905 2359 1914 2375 ‚
1937 2337 2085 2376 vestro,
2103 2329 2130 2366 si
2154 2342 2221 2366 vos
2239 2342 2317 2365 non
2331 2342 2414 2378 gra-

1402 2400 1485 2438 vat,
1520 2392 1631 2428 eitius
1675 2392 1769 2428 seire
1802 2390 2016 2440 flagitamus
2043 2390 2230 2440 rescripto
2261 2404 2270 2427 ε
2304 2398 2347 2426 ut
2384 2390 2417 2426 si

1400 2452 1507 2498 satis,
1521 2451 1601 2500 jam
1623 2452 1745 2488 securi
1766 2451 1812 2487 de
1842 2450 2080 2499 indulgentia
2099 2450 2368 2497 consolemur3
2385 2450 2417 2487 si

1401 2524 1478 2560 quo
1499 2511 1643 2557 minus,
1666 2511 1783 2559 magis
1800 2509 1863 2561 (ut
1881 2510 2037 2559 dignum
2058 2509 2136 2561 est)
2155 2510 2414 2557 humiliemur,

1401 2579 1438 2607 et
1457 2572 1619 2620 amplius
1642 2571 1785 2620 aliquid
1805 2584 1826 2607 a
1851 2570 1961 2607 nobis
1981 2571 2011 2607 si
2041 2584 2264 2620 possumus,
2286 2571 2415 2620 exiga-

325 2623 492 2674 placebit
505 2654 513 2670 ⁷
533 2623 672 2673 quibus
696 2624 827 2673 utique
849 2638 920 2673 pro
941 2624 1077 2672 grandi
1103 2623 1243 2672 injuria
1263 2624 1336 2660 im·
1353 2629 1385 2662 D
1404 2644 1488 2668 mus
1501 2660 1510 2678 ,
1528 2644 1605 2681 quo
1623 2631 1774 2681 dignius
1796 2631 2012 2668 satisfacere
2033 2630 2252 2669 debeamus.
2271 2631 2413 2670 Valete.

325 2684 466 2733 ponitis
483 2713 491 2729 ‚
514 2683 618 2732 quod
642 2697 663 2720 a
688 2682 799 2719 vobis
819 2683 1022 2729 recedens,
1044 2696 1065 2718 a
1092 2682 1203 2718 nobis
1230 2696 1335 2720 rece—

325 2753 413 2793 ptus
430 2744 504 2780 sit?
525 2743 626 2791 Quid
644 2743 764 2779 dicam
776 2745 790 2779 ἶ)
804 2743 834 2779 si
851 2743 984 2780 dixero
996 2772 1004 2788 ‚
1020 2746 1103 2779 Non
1123 2744 1336 2793 recepimus

327 2803 456 2854 (quod
484 2804 629 2839 utinam
667 2803 747 2839 sine
782 2811 937 2852 peccato
973 2802 1098 2839 dicere
1134 2804 1333 2855 possem),

327 2864 493 2900 mentior
514 2864 626 2913 plane
650 2877 658 2898 ε
685 2863 714 2899 si
738 2863 893 2907 dixero,
918 2863 1145 2912 Recepimus
1167 2865 1334 2913 quidem,

326 2923 391 2960 sed
406 2922 530 2972 juste3
551 2935 732 2958 excusare
758 2936 817 2958 me
839 2923 935 2959 velle
956 2922 1101 2959 xideor.
1125 2923 1197 2961 Sed
1219 2924 1335 2962 tutius

326 2982 590 3034 respondebo,
623 2982 876 3018 Peccavimus.
908 2986 1179 3020 Verumtamen
1210 2998 1334 3034 quan—

328 3046 433 3082 tum?
466 3048 549 3081 lN'on
577 3044 623 3080 ad
656 3043 913 3082 defensionem
943 3044 1027 3082 dico
1057 3061 1063 3081 :
1096 3060 1116 3082 a
1137 3059 1213 3095 quo
1233 3048 1334 3084 enim

326 3105 387 3141 ille
418 3118 493 3141 non
526 3103 787 3153 reciperetur?
813 3104 919 3152 quis,
953 3105 1130 3154 inquam,
1160 3116 1332 3144 sanctum

327 3166 431 3202 illum
448 3194 457 3211 ,
480 3173 544 3201 aut
560 3165 770 3214 pulsantem
787 3165 1009 3213 repelleret,
1032 3175 1095 3202 aut
1116 3177 1333 3218 susceptum

379 3312 386 3327 ¹
408 3308 586 3342 Cen.x1,v,
615 3308 642 3335 1.
660 3324 702 3327 —
723 3311 733 3326 z
753 3309 832 3337 Osee
860 3318 910 3342 νι,
935 3311 966 3336 (ὶ.
993 3325 1026 3327 ψ
1048 3304 1189 3348 31⁴2phcs.
1214 3321 1262 3347 iv,
1285 3312 1316 3340 53.
1338 3330 1381 3333 —
1406 3309 1416 3336 -ῐ
1434 3310 1548 3341 Manli.
1575 3323 1588 3338 ν’
1607 3335 1613 3346 ,
1640 3313 1668 3341 7.

329 3366 341 3389 7
364 3357 477 3390 Manli.
502 3369 611 3396 xviii,
636 3361 689 3388 22.

1757 3310 1769 3333 ἕ)
1791 3308 1863 3354 Sap.
1887 3324 1944 3350 ιιι,
1977 3316 2003 3344 1.
2026 3332 2067 3335 ----
2087 3310 2102 3335 5
2122 3316 2216 3345 Prov.
2238 3325 2278 3351 x,
2307 3315 2334 3344 1.
2368 3330 2409 3335 -—-
