2533 3920
392 172 468 209 519

394 251 560 289 medium
583 261 659 300 est,
680 266 727 290 eo
748 262 951 291 contentus
970 263 1037 292 est.
1059 256 1187 292 Liceat
1206 256 1355 293 cadenti
1375 255 1453 292 a²⁴⁴

1153 180 1189 214 S.
1220 179 1474 214 BERNARDI
1502 179 1705 214 ABBATIS

2386 183 2461 221 520
2504 187 2506 224 ἑ

1465 256 1633 292 criminis
1660 255 1729 292 luit
1748 267 1902 304 poenaS,
1928 254 2069 291 nullius
2089 255 2308 303 convictus,
2329 260 2466 299 nullius
2504 280 2506 299 r

397 311 537 360 gloria,
556 313 717 350 honesto
737 327 814 363 quo
846 315 986 364 poterit
1019 315 1291 353 mediocritatis
1319 329 1399 353 sese
1418 321 1447 354 A
1468 317 1674 353 confessus.
1696 318 1885 352 Tenemus
1905 314 2087 360 Phinees,
2113 315 2296 353 sentimus
2321 319 2463 368 zelum;
2504 341 2505 346 =

399 372 575 422 excipere
596 374 737 423 gradu,
761 375 957 424 solamque
978 389 1056 412 non
1080 376 1259 413 devenire
1279 377 1316 413 in
1338 390 1401 413 ex-

400 433 627 470 tremitatem
658 434 871 484 opprobrii.
899 435 1057 472 Juvenis
1087 445 1162 483 est,
1184 436 1322 473 nobilis
1339 450 1402 486 ge-

400 504 491 528 nere
512 502 580 539 est,
601 494 638 530 in
658 493 889 530 sublimitate
906 495 1053 544 positus
1069 495 1138 531 fuit
1157 510 1164 532 ε
1187 509 1255 532 nec
1277 505 1403 532 tamen

399 551 580 588 humilem
612 554 748 602 refugit
779 554 902 589 locum
917 583 926 599 ,
948 554 1011 590 sed
1032 554 1231 604 probrum.
1254 555 1403 592 'Nihilne

400 612 612 649 merebitur
637 614 698 650 vel
734 615 803 650 ista
832 615 1048 652 humilitas?
1080 616 1311 652 Humiliatus
1348 624 1403 651 est

400 672 541 721 impius
568 673 711 718 Achab,
735 675 879 724 profuit
902 674 935 710 ei
956 681 964 695 ¹
987 690 994 711 :
1014 683 1051 710 et
1068 675 1107 711 in
1133 675 1216 711 viro
1239 675 1339 711 fideli
1361 689 1403 711 ac

399 731 519 768 nobili
545 733 738 770 humilitas
759 734 922 782 pretium
950 747 1027 770 non
1054 734 1233 771 habebit?
1252 735 1361 772 Absit
1383 749 1404 771 a

399 805 546 829 summa
569 793 685 839 Scde,
709 793 806 830 absit
831 807 851 829 a
872 802 1000 830 sancta
1025 803 1152 831 mente
1170 804 1293 831 vestra
1307 824 1316 840 ,
1338 808 1404 831 cor

397 854 604 889 contritum
625 862 662 889 et
682 854 918 890 humiliatum
937 854 1143 904 despicere.

452 914 486 950 3.
521 914 558 950 Si
590 914 821 960 diceremus,
841 915 1065 951 Humiliavit
1095 929 1153 961 se,
1187 916 1400 962 exaltetur3

398 972 489 1008 nihil
511 972 549 1008 in
570 972 641 1008 hoc
662 981 803 1009 temere
823 986 843 1009 a
863 973 974 1010 nobis
996 984 1285 1024 praesumptum.
1313 979 1405 1012 Pos—

1466 376 1654 413 Israelites
1674 374 1901 425 perfoditur,
1921 374 1986 411 sed
2007 388 2083 411 non
2106 388 2191 411 cum
2212 376 2465 418 Madianitide.
2504 386 2505 392 ¹

1468 437 1686 486 Imponitur
1708 436 1741 471 ei
1767 434 1871 484 quod
1900 439 2041 484 Regem
2069 436 2292 472 coronavit*
2312 438 2402 475 :sed
2429 441 2468 478 in

1470 496 1542 532 hoc
1568 509 1645 532 non
1668 496 1856 531 existimat
1876 495 2078 531 excessisse
2105 508 2143 532 se
2165 503 2335 533 tenorem
2357 499 2469 548 privi-

1471 557 1654 605 legiorum
1685 568 1852 592 suorum.
1878 554 2066 604 Objicitur
2094 555 2198 605 quod
2229 556 2388 595 scienter
2413 559 2469 597 di-

1468 616 1556 652 vina
1584 615 1869 665 pi'aesu1npscrit
1896 614 2088 651 celebrare
2120 615 2158 651 in
2184 615 2339 653 ecclesia
2358 617 2470 656 inter—

1469 675 1568 711 dicta
1602 690 1609 711 ;
1637 683 1759 723 negat.
1787 677 1863 711 Suo
1897 682 2070 723 tempore
2099 673 2328 724 probabitur
2356 675 2470 725 illud,

1469 734 1696 785 purgabitur
1718 734 1830 771 istud.
1854 737 1944 770 Esto
1965 743 2088 770 tamen
2112 748 2119 769 :
2141 741 2321 783 putemus
2347 737 2470 776 omnia

1470 803 1662 841 constare,
1682 808 1930 844 quaecumque
1958 795 1996 830 in
2027 793 2221 831 absentem
2252 793 2471 836 adversariis

1470 853 1550 903 ejus
1576 855 1700 897 licuit,
1721 863 1785 890 aut
1807 854 1917 890 libuit
1940 855 2058 903 loqui.
2083 853 2274 890 Debuitne
2299 854 2371 891 hoc
2390 857 2470 895 solo

1470 926 1646 958 excessu,
1679 913 1788 962 cujus
1820 922 1954 950 caetera
1988 912 2192 950 laudabilia
2226 914 2469 965 exstiterunt,

1471 981 1546 1009 tam
1565 973 1659 1009 dure
1677 973 1799 1020 feriri,
1819 982 1892 1009 tam
1915 986 2045 1010 severe
2066 973 2337 1011 animadverti?
2353 977 2468 1014 Semel

397 1045 522 1068 semus
550 1032 707 1068 forsitan
732 1046 914 1069 excusare
930 1062 940 1079 ,
977 1033 1158 1070 nimirum
1190 1048 1237 1070 ex
1274 1035 1404 1084 regula
1425 1034 1452 1067 B
1472 1033 1673 1070 excessisse
1687 1062 1697 1079 ,
1715 1033 1827 1070 etiam
1848 1033 1970 1070 virtus
1996 1042 2149 1083 poterat
2166 1035 2356 1083 reputari,
2378 1037 2407 1073 si
2425 1037 2470 1075 de
2500 1061 2503 1068 ·

396 1105 509 1141 quam
537 1093 681 1141 optime
709 1093 828 1130 nostis
843 1100 869 1131 ².
900 1097 1009 1130 Nunc
1042 1103 1168 1131 autem
1201 1108 1277 1131 non
1307 1094 1401 1132 dici-

395 1166 501 1198 mus,
524 1153 739 1199 Exaltetur3
763 1153 827 1189 sed
842 1183 851 1199 ,
882 1157 936 1191 Ne
963 1155 1222 1200 conculcetur,
1243 1164 1280 1191 et
1308 1168 1403 1192 con-

394 1212 600 1249 fundamur
620 1212 667 1249 ab
690 1213 973 1263 exspectatione
992 1222 1134 1251 nostra.
1157 1218 1240 1251 Imo
1258 1228 1349 1252 vero
1370 1215 1400 1252 si

394 1272 492 1308 mala
517 1273 753 1323 suscepimus
775 1273 821 1310 de
839 1287 955 1311 manu
975 1274 1141 1321 domini,
1160 1274 1263 1312 bona
1283 1289 1400 1325 quare

392 1345 470 1368 non
502 1333 773 1383 suscipiamus?
803 1334 996 1384 Numquid
1031 1335 1132 1371 enim
1171 1344 1400 1385 potestatem

392 1391 539 1428 habetis
560 1392 754 1442 deponere
781 1402 959 1443 potentes
986 1393 1031 1431 de
1051 1394 1159 1441 sede,
1178 1404 1213 1431 et
1234 1396 1400 1432 exaltare

392 1452 553 1489 humiles
580 1466 659 1489 non
687 1452 856 1490 habetis?
879 1457 1000 1491 Porro
1026 1463 1214 1504 potestate
1245 1464 1401 1506 accepta

392 1513 504 1548 malle
532 1512 571 1548 in
603 1513 721 1559 malo,
748 1527 862 1562 quam
894 1515 932 1550 in
960 1514 1065 1551 bono
1099 1515 1175 1560 uti,
1203 1514 1307 1552 abuti
1330 1524 1397 1552 est.

391 1576 577 1609 Praeterea
610 1574 762 1622 angitur
784 1573 921 1611 debitis
954 1575 1099 1621 multis,
1122 1588 1206 1612 cum
1234 1575 1281 1612 sit
1304 1589 1400 1625 pau—

391 1647 461 1683 per
480 1641 517 1669 et
536 1633 649 1683 inops
671 1633 826 1682 :jubeat
847 1635 1052 1672 auctoritas
1072 1643 1197 1671 vestra
1218 1635 1264 1672 de
1286 1634 1400 1673 rebus

391 1693 671 1743 episcopalibus
696 1707 740 1730 ea
769 1695 878 1731 solvi.
901 1698 1050 1731 Durum
1081 1703 1137 1732 est
1162 1696 1262 1732 enim
1285 1697 1399 1733 simul

391 1761 428 1789 et
445 1753 590 1789 honore
608 1754 773 1803 privari,
788 1762 824 1791 et
844 1768 961 1791 onere
981 1755 1103 1805 premi
1121 1754 1350 1792 debitorum.

392 1901 1398 1915 ====================================================================

501 2011 877 2067 EPISTOLA
925 2013 1283 2072 CCXLVII?

455 2174 500 2195 AD
530 2173 687 2195 EUMDEM
719 2173 789 2196 PRO
819 2174 985 2198 REMENSI
1014 2177 1321 2202 ARCHIEPISCOPO.

389 2289 539 2332 Displicet
554 2289 581 2321 ei
595 2300 731 2332 praeceps
747 2297 777 2323 et
790 2291 927 2323 severior
944 2293 977 2323 in
993 2296 1174 2326 Samsonem
1194 2294 1413 2339 archiepisco-.

458 2355 535 2386 pum
553 2347 740 2376 Remensem
758 2346 928 2384 sententia,
951 2346 989 2377 de
1010 2347 1098 2379 Pallii
1114 2359 1171 2379 usu
1191 2348 1324 2381 sublato.

392 2466 658 2503 Amantissimo
687 2468 787 2517 patri
821 2477 858 2505 et
894 2469 1052 2508 domino
1089 2475 1286 2519 Eucmm,
1325 2474 1395 2510 Dei

441 2525 560 2574 gratia
591 2539 741 2563 summo
774 2529 972 2576 Pontifici,
1011 2534 1233 2568 Bnnmnnus
1264 2533 1398 2570 Clarae-

1468 1100 1617 1138 vestro,
1638 1105 1715 1129 non
1735 1092 1782 1129 de
1801 1093 1910 1129 vultu
1929 1093 2172 1130 inimicorum
2194 1093 2274 1143 ejus
2287 1093 2470 1143 judicium

1467 1152 1684 1202 prodiisset.
1712 1152 1857 1190 Deinde
1882 1153 1973 1203 quid
1990 1153 2029 1190 in
2048 1162 2153 1190 arcto
2171 1154 2238 1190 illo
2256 1155 2337 1191 lieri
2358 1168 2470 1205 opor·
2500 1179 2502 1184 ·

1468 1212 1596 1249 tebat?
1621 1214 1712 1250 Dies
1742 1213 1923 1260 celebris,
1957 1214 2137 1251 solemnis
2165 1215 2291 1261 (furia,
2321 1214 2471 1264 juvenis

1468 1286 1553 1320 rex;
1576 1282 1639 1320 et,
1656 1274 1759 1323 quod
1781 1274 1838 1310 his
1860 1273 1982 1323 majus
2003 1283 2077 1321 est,
2101 1274 2172 1312 Dei
2191 1276 2406 1325 negotium,
2425 1276 2470 1314 de

1466 1335 1790 1383 Jerosolymitana
1827 1335 1971 1371 scilicet
2004 1335 2276 1385 expeditione,
2315 1345 2471 1386 propter

1467 1394 1571 1443 quod
1592 1408 1727 1431 omnes
1755 1403 2028 1431 convenerant.
2054 1398 2216 1432 Prorsus
2242 1395 2323 1432 haec
2346 1397 2470 1435 omnia

1466 1455 1688 1501 Missarum,
1716 1464 1752 1491 et
1773 1468 1925 1492 coronae
1949 1455 2060 1504 regiae
2079 1455 2259 1492 solemnis
2281 1454 2470 1506 debitique

1467 1514 1627 1552 honoris
1655 1515 1942 1552 frustrationem
1970 1515 2189 1552 nullatenus
2209 1515 2470 1554 admittebant.
2498 1537 2499 1540 ¹

1466 1574 1538 1612 Sed
1566 1588 1635 1612 nec
1659 1575 1731 1624 ipsi
1754 1574 1981 1611 Bituricensi
2007 1574 2294 1625 archiepiscopo
2315 1577 2471 1614 omnino
2496 1625 2499 1630 Α

1465 1634 1716 1686 expediebat,
1737 1644 1780 1672 ut
1807 1635 1933 1671 honor
1954 1635 2068 1684 Regis
2093 1647 2163 1685 per
2195 1647 2282 1671 eum
2309 1635 2471 1686 impedi-

1468 1705 1583 1733 retur.
2496 1690 2499 1694 Ι

1520 1757 1554 1793 2.
1577 1760 1670 1805 Quae
1705 1770 1792 1793 cum
1824 1757 1875 1793 ita
1909 1769 1948 1793 se
1977 1755 2206 1801 habuerint,
2243 1757 2470 1795 aestimamus
2495 1774 2503 1799 z„

1420 1815 1446 1850 C
1465 1817 1591 1853 locum
1621 1817 1892 1853 misericordiae
1917 1830 1994 1853 non
2018 1816 2166 1862 deesse,
2188 1815 2253 1853 ubi
2275 1825 2378 1854 tanta
2406 1830 2470 1854 ne-
2495 1811 2501 1855 vs

1466 1878 1616 1914 cessitas
1634 1877 1794 1926 typhum
1805 1875 1822 1899 b
1836 1885 1991 1913 excusat
2007 1877 2470 1928 contumaciae.Nu1nquid
2495 1905 2498 1910 .

1464 1946 1692 1987 potestatem
1710 1937 1857 1974 habetis
1873 1946 2020 1974 tantum
2038 1945 2240 1987 percutere
2252 1966 2262 1983 ‚
2281 1946 2318 1974 et
2335 1951 2470 1988 nequa·

1464 2010 1578 2046 quam
1600 1998 1756 2033 sanare?
1775 1997 1900 2034 'Nostis
1920 1996 1985 2045 qui
2008 1995 2168 2033 dixerit:
2188 1997 2417 2041 Percutiam,
2437 2006 2472 2034 et

1465 2071 1531 2106 ego
1551 2057 1695 2093 sanabo
1711 2057 1737 2094 3.
1759 2056 1869 2094 Absit
1889 2064 1931 2093 ut
1951 2054 2061 2105 cujus
2079 2056 2213 2093 tenetis
2232 2056 2376 2103 vicem,
2393 2069 2467 2094 non
2494 2071 2495 2077 ¹

1465 2117 1658 2167 usurpetis
1684 2125 1722 2154 et
1751 2130 1906 2163 vocem,
1926 2129 2063 2153 vocem
2093 2116 2287 2166 praecipue
2308 2116 2466 2166 pietatis.

1464 2180 1565 2226 Ergo
1592 2177 1672 2214 sola
1699 2177 1769 2214 hac
1796 2177 1879 2214 vice
1906 2176 2037 2213 redeat
2063 2176 2196 2226 sagitta
2215 2176 2388 2214 Jonathae
2408 2189 2467 2214 re-

1465 2244 1654 2282 trorsum,
1684 2245 1743 2281 et,
1778 2236 1808 2273 si
1842 2249 1995 2273 necesse
2031 2236 2166 2282 fuerit,
2192 2236 2232 2272 in
2263 2249 2323 2272 me
2355 2235 2469 2286 magis
2492 2244 2502 2257 ’-

1463 2297 1647 2333 mittatur.
1680 2296 1953 2343 Tolerabilius,
1979 2297 2118 2342 fateor,
2150 2295 2387 2342 habuissem,
2408 2297 2466 2334 in-

1465 2358 1595 2394 terdici
1614 2357 1705 2393 mihi
1721 2358 1921 2394 Missarum
1943 2356 2238 2394 celebrationem
2250 2385 2259 2403 ,
2276 2370 2390 2406 quam
2409 2369 2467 2394 ar-
2491 2382 2494 2392 .

1464 2417 1707 2467 chiepiscopo
1735 2417 1841 2454 Pallii
1873 2430 1996 2454 usum.
2029 2420 2095 2454 Est
2117 2418 2229 2454 etiam
2261 2417 2366 2467 quod
2393 2429 2467 2455 non

1465 2477 1708 2514 mediocriter
1721 2486 1848 2514 vestro
1864 2478 1929 2528 pio
1947 2478 2063 2527 rigori
2083 2478 2213 2515 obviat
2232 2479 2271 2515 in
2298 2478 2368 2515 hac
2386 2491 2467 2530 pat·b

1465 2546 1520 2583 te,
1544 2537 1648 2587 quod
1672 2538 1749 2573 filio
1772 2546 1899 2574 vestro
1919 2539 1999 2587 regi
2022 2537 2221 2575 Ludovico
2242 2538 2362 2588 possit
2383 2538 2466 2575 hine
2490 2548 2493 2573 c

440 2585 626 2623 Vallensis
655 2596 813 2624 vocatus
843 2588 981 2637 abbas,
1003 2591 1197 2628 modicum
1226 2592 1264 2628 id
1290 2594 1394 2642 quod
1411 2602 1445 2636 D
1462 2611 1539 2634 non
1561 2611 1688 2647 parvae
1709 2598 1932 2635 offensionis
1953 2607 1989 2635 et
2007 2599 2231 2636 irritationis
2246 2599 2393 2636 occasio
2405 2598 2467 2636 da-

442 2653 508 2682 est.

448 2766 478 2799 l.
503 2768 636 2801 Pareat
657 2766 767 2803 vobis
792 2771 894 2805 Deus
916 2783 923 2804 :
946 2769 1037 2818 quid
1060 2770 1227 2808 fecistis?
1243 2773 1392 2810 Faciem

389 2823 553 2860 hominis
587 2825 899 2863 verecundissimi
936 2829 1180 2876 confudisti53
1213 2840 1250 2867 et
1285 2832 1393 2882 cujus

388 2883 469 2919 laus
503 2892 557 2919 est
589 2884 627 2919 in
658 2886 849 2932 Ecclesia,
875 2887 1000 2937 ipsum
1031 2889 1068 2924 in
1094 2890 1188 2926 facie
1220 2893 1394 2930 Ecclesiae

388 2943 625 2980 humiliastis.
661 2946 894 2983 Laetilicastis
927 2961 1060 2985 omnes
1088 2950 1261 2989 inimicos
1283 2952 1391 3002 ejus:

387 3001 452 3038 sed
475 3011 639 3051 quantos
665 3017 734 3040 vos
765 3007 1007 3044 contristasse
1036 3011 1201 3058 putatis?
1229 3016 1312 3050 Non
1334 3023 1390 3051 est

387 3061 523 3098 modus
543 3063 793 3112 condolendi,
815 3067 904 3115 quia
923 3069 1133 3106 amicorum
1156 3085 1230 3109 non
1249 3083 1303 3111 est
1323 3089 1390 3112 nu-

387 3135 524 3159 merus.
557 3123 723 3161 Dilectus
749 3139 767 3160 a
795 3130 876 3163 Deo
906 3136 943 3164 et
966 3128 1205 3176 hominibus,
1237 3135 1390 3180 grandis

434 3263 444 3278 ¹
461 3260 508 3288 111
525 3260 601 3299 neg.
617 3269 675 3288 xxi
691 3283 698 3296 ,
727 3262 842 3291 27-129.
858 3279 900 3283 —
919 3267 931 3282 ²
946 3263 1061 3293 Mam».
1088 3275 1190 3300 xxm.
1218 3270 1268 3298 12.
1287 3289 1330 3292 —
1350 3268 1362 3291 3
1382 3273 1474 3303 Dent.
1497 3283 1591 3303 xxxii
1606 3297 1613 3307 ,
1638 3276 1694 3304 39.

1462 2657 1513 2702 ri,
1533 2671 1620 2694 cum
1650 2658 1730 2707 ipse
1758 2657 1829 2694 sibi
1850 2667 1927 2695 tota
1948 2659 2036 2695 mali
2062 2658 2176 2708 hujus
2196 2658 2371 2696 videatur
2389 2669 2465 2695 esse
2490 2683 2491 2686 =

1461 2717 1621 2753 occasio.
1640 2717 1752 2765 Quod
1774 2719 1885 2768 plane
1903 2727 2078 2770 ternpore
2094 2719 2169 2756 isto
2186 2732 2265 2755 non
2286 2717 2461 2769 expedit:

1461 2791 1508 2814 ne
1530 2776 1700 2823 bonum,
1725 2778 1828 2828 quod
1855 2788 1983 2817 vestro
2011 2780 2165 2817 hortatu
2197 2778 2302 2816 bono
2330 2787 2368 2817 et
2385 2791 2464 2816 ma-

1459 2850 1534 2885 gno
1570 2838 1697 2875 animo
1729 2840 1867 2889 coepit,
1902 2840 2057 2890 dignum
2087 2839 2211 2890 (quod
2243 2838 2363 2890 absit)
2388 2850 2463 2877 nou

1461 2897 1596 2934 habeat
1616 2898 1780 2944 exitum,
1801 2899 1829 2936 si
1856 2900 1894 2936 in
1915 2899 2093 2937 scandalo
2113 2908 2151 2936 et
2174 2900 2290 2937 animi
2313 2907 2463 2950 pertur-
2487 2931 2489 2935 .

1460 2956 1614 2995 batione
1646 2958 1719 2995 hoc
1751 2959 1881 3008 egerit.
1916 2963 1973 2998 De
2004 2967 2143 2997 caetero
2173 2959 2396 3004 mandastis,
2426 2965 2463 2996 et

1456 3017 1632 3064 obedivi,
1656 3028 1693 3056 et
1714 3020 1933 3057 fecundavit
1956 3019 2214 3057 obedientiam
2241 3018 2462 3070 praecipien*

1459 3079 1503 3115 tis
1529 3080 1745 3117 auctoritas.
1776 3081 1971 3130 Siquidem
2004 3080 2227 3118 annuntiavi
2254 3088 2292 3117 et
2316 3080 2461 3116 locutus

1457 3152 1561 3185 sum,
1596 3141 1836 3190 multiplicati
1871 3150 1960 3178 sunt
1991 3154 2106 3191 super
2141 3153 2356 3196 numerum.
2391 3141 2460 3176 Va-

1959 3277 1972 3291 ·
1992 3274 2113 3317 Scripta
2131 3285 2214 3307 anno
2231 3273 2342 3307 Christi
2361 3273 2456 3305 lilio.

430 3304 445 3326 ι’
459 3314 495 3342 111
511 3311 631 3355 scriptis
648 3337 654 3347 ‚
679 3319 798 3351 rJ-Jtsztaes.
815 3317 847 3345 121
866 3326 991 3356 proi-siis
1012 3319 1052 3347 ila
1080 3320 1254 3351 <vrilwbaut
1272 3329 1388 3353 imeres
1408 3324 1448 3354 illi
1467 3336 1522 3365 pru
1537 3351 1543 3358 ,
1565 3325 1664 3369 liflw
1681 3349 1688 3361 ,
1709 3326 1735 3356 id
1756 3333 1798 3357 cst
1820 3326 1975 3369 superbia.
