2517 3936
89 247 187 286 1297

85 390 198 425 Pater
216 393 255 422 et
274 384 438 435 Spiritus
465 391 618 420 sanctus
646 385 833 422 veraciter
854 387 1001 424 Veritas
1025 401 1096 438 ap·
1118 395 1146 428 A
1167 389 1319 427 demum
1351 391 1568 428 cubiculum
1584 421 1593 438 ‚
1616 393 1722 442 cujus
1751 410 1879 435 amore
1906 400 2077 451 languet,
2100 404 2165 440 ad-

85 447 298 498 pellantur3
315 452 464 482 constat
479 443 584 494 quod
600 457 677 481 una
697 445 908 495 eademque
928 448 1074 485 Veritas
1088 477 1097 494 ,

87 514 237 543 servata
270 504 507 556 proprietate
538 516 816 553 personarum,
844 506 915 542 tria
947 506 1027 543 liaec
1061 507 1100 543 in

85 565 210 603 tribus
244 564 426 615 gradibus
466 572 662 614 operatur.
695 564 824 601 Primo
864 566 1007 603 scilicet
1035 567 1101 603 in-

89 626 226 673 struit,
259 634 303 663 ut
336 624 516 675 magister
547 639 554 661 :
585 623 753 661 secundo
791 626 1035 672 consolatur,
1062 635 1104 663 ut

88 687 235 725 amicus
278 686 339 723 vel
376 686 493 723 frater
523 700 531 722 :
558 685 671 722 tertio
706 685 908 735 astringit,
932 694 974 722 ut
1007 687 1103 724 filios

90 756 213 798 pater.

103 845 106 848 ,
143 807 207 844 21.
229 806 300 844 Dei
333 806 477 856 quippe
505 805 644 852 Filius,
676 804 846 842 Verbum
883 806 1026 843 scilicet
1047 818 1103 843 ac

89 867 274 918 sapientia
294 866 436 913 Patris,
463 866 633 916 primum
656 865 811 915 quidem
841 866 941 902 illam
969 867 1103 904 animae

89 936 230 966 nostrae
253 926 491 978 potentiam,
511 939 598 976 quae
623 926 721 963 ratio
749 925 900 973 dicitur,
927 940 1012 963 cum
1042 941 1104 964 re-

91 988 194 1038 perit
228 1000 345 1024 carne
384 986 605 1037 depressam
629 1015 638 1032 ,
680 995 839 1037 peccato
879 987 1069 1037 captivam
1093 1018 1102 1033 ‚

90 1047 307 1098 ignorantia
333 1059 495 1093 caecam,
523 1046 780 1083 exterioribus
809 1045 1002 1094 deditam;
1030 1049 1106 1085 cle-—

610 247 898 285 TRACTATUS
931 250 998 285 DE
1026 251 1276 290 GRADIBUS
1307 255 1638 294 HUMILITATIS.

86 326 226 365 exaltat
241 324 352 362 filios.
367 323 465 372 Quia
478 336 572 360 vero
587 337 666 361 non
687 325 811 361 solum
827 326 963 373 Filius,
978 327 1044 365 sed
1060 337 1097 364 et
1110 326 1158 346 ³⁰⁷
1169 330 1307 368 scilicet
1336 331 1505 369 moribus
1524 341 1561 369 et
1580 336 1782 374 virtutibus
1806 341 1940 377 sanctis
1955 371 1964 387 ‚
1983 343 2029 379 ad
2055 348 2118 381 RQ«

2064 266 2164 304 1298

2111 347 2165 394 gis

1166 452 1393 488 mitteretur.
1415 451 1471 489 Ibi
1494 453 1710 501 modicum,
1741 456 1832 493 hora
1862 460 2033 499 videlicet
2061 466 2166 513 quasi

1168 511 1351 556 dimidia,
1376 512 1528 549 silentio
1551 514 1648 549 facto
1662 514 1699 550 in
1717 516 1813 551 coelo
1832 546 1840 562 ,
1861 518 1957 555 inter
1979 521 2167 560 desidera-

1170 580 1228 607 tos
1257 573 1454 622 amplexus
1484 574 1650 610 suaviter
1675 575 1873 624 quiescens
1889 607 1898 623 ,
1919 579 1997 628 ipsa
2016 583 2166 630 quidem

1171 631 1314 668 dormit
1326 660 1335 677 ,
1357 632 1422 668 sed
1439 646 1505 669 cor
1521 633 1603 683 ejus
1620 634 1760 683 vigilat,
1779 650 1855 686 quo
1874 638 2002 687 utique
2020 640 2168 678 interim

1173 691 1341 727 veritatis
1368 705 1505 729 arcana
1531 693 1689 730 rimatur
1712 710 1719 731 ι
1743 708 1905 744 quorum
1929 699 2168 747 postmodum

1171 752 1354 788 memoria
1385 753 1509 789 statim
1546 753 1593 789 ad
1625 766 1663 790 se
1697 755 1862 792 reditura
1896 766 2083 806 pascatur.
2116 758 2171 795 lbi

1169 810 1275 847 videt
1304 811 1512 849 invisibilia
1532 841 1542 858 ,
1574 813 1680 850 audit
1714 814 1919 852 ineffabilia
1941 845 1950 863 ‚
1978 831 2061 866 quae
2095 832 2171 855 non

1170 871 1259 906 licet
1288 871 1434 908 homini
1464 872 1581 922 loqui.
1617 874 1814 911 Excedunt
1844 876 1986 926 quippe
2020 891 2170 916 omnem

1171 930 1273 966 illam
1291 959 1300 977 ,
1317 944 1428 980 quam
1451 946 1526 969 nox
1548 934 1649 970 nocti
1670 934 1832 980 indicat,
1853 936 2044 973 scientiam
2066 953 2073 974 :
2094 938 2172 975 dies

1173 998 1297 1027 tamen
1324 991 1397 1027 diei
1425 1001 1571 1029 eructat
1599 993 1758 1031 verbum
1773 1023 1782 1040 ,
1805 1004 1845 1032 et
1864 996 1962 1033 intcr
1984 997 2172 1047 sapientes

1173 1051 1394 1100 sapientiam
1426 1052 1530 1102 loqui
1550 1052 1574 1097 ,⁰
1593 1061 1630 1090 et
1663 1054 1922 1104 spiritualibus
1964 1057 2171 1106 spiritualia

91 1117 243 1146 menter
264 1121 484 1155 assumens,
507 1116 688 1159 potenter
710 1107 877 1157 erigens,
895 1107 1108 1158 prudenter
1126 1109 1152 1142 B
1174 1110 1261 1147 licet
1284 1112 1461 1149 conferri.

92 1171 311 1216 instruens,
344 1169 555 1206 introrsum
591 1168 769 1213 trahens,
803 1181 846 1205 ac
883 1167 1107 1206 mirabiliter

90 1240 205 1269 utens
231 1240 411 1282 tanquam
439 1244 512 1282 pro
533 1243 573 1268 se
592 1230 746 1276 vicaria,
767 1230 889 1280 ipsam
913 1228 984 1266 sibi
1004 1229 1106 1279 judi—

91 1305 175 1329 cem
195 1292 344 1338 statuit,
361 1291 414 1328 ita
429 1299 473 1328 ut
491 1304 565 1341 pro
580 1289 796 1328 reverentia
809 1289 926 1327 Verbi
940 1290 1001 1326 cui
1016 1303 1106 1327 con-

87 1351 278 1403 jungitur,
301 1352 384 1402 ipsa
406 1351 466 1389 sui
485 1351 697 1389 accusatrix
714 1379 723 1397 ,
751 1350 878 1397 testis,
901 1359 939 1387 et
956 1349 1079 1400 judex
1093 1380 1102 1398 ,

92 1421 227 1451 contra
245 1426 285 1450 se
297 1412 476 1451 Veritatis
495 1413 677 1463 fungatur
694 1412 835 1450 officio.
854 1415 913 1449 Ex
929 1425 1005 1461 qua
1024 1413 1105 1462 pri-

91 1487 162 1512 ma·
187 1472 462 1524 conjunctione
493 1473 610 1512 Verbi
636 1482 675 1510 et
702 1473 886 1520 rationis,
912 1472 1105 1509 humilitas

91 1535 274 1572 nascitur.
313 1534 438 1572 Aliam
471 1533 610 1571 deinde
641 1542 813 1584 partem,
845 1546 931 1583 quae
965 1533 1106 1570 dicitur

90 1596 289 1642 voluntas,
309 1607 460 1632 veneno
487 1594 645 1644 quidem
667 1594 793 1632 carnis
817 1594 995 1631 infectam
1008 1623 1018 1641 ‚
1039 1594 1106 1631 sed

88 1654 170 1706 jam
184 1655 334 1692 ratione
347 1653 554 1691 discussam
565 1682 575 1700 ,
598 1654 760 1705 Spiritus
779 1663 932 1692 sanctus
949 1654 1108 1704 dignan—

93 1725 153 1753 ter
183 1716 365 1763 visitans,
391 1715 560 1752 suaviter
583 1728 754 1765 purgans
770 1744 779 1762 ‚
808 1715 989 1752 ardenter
1018 1716 1103 1752 affi-

94 1776 219 1822 ciens,
240 1774 527 1813 misericordem
555 1775 644 1812 facit
669 1790 677 1813 :
700 1775 751 1812 ita
774 1784 816 1813 ut
845 1789 953 1812 more
974 1776 1104 1826 pellis,

93 1850 179 1887 quae
205 1844 321 1873 uncta
353 1835 593 1883 extenditur;
623 1836 706 1887 ipsa
737 1849 893 1886 quoque
922 1836 1105 1873 unctione

1508 1232 1684 1272 CAPUT
1713 1233 1832 1273 VIII.

1266 1347 1389 1379 Gradus
1402 1347 1496 1379 iidem
1511 1348 1543 1379 in
1556 1355 1646 1391 raptu
1660 1350 1758 1381 sancti
1771 1350 1859 1381 Pauli
1871 1350 2078 1384 declarantur.

1225 1475 1286 1513 22.
1300 1479 1412 1513 Putas
1425 1506 1434 1524 ,
1455 1477 1524 1514 hos
1546 1476 1683 1526 gradus
1703 1478 1840 1514 Paulus
1858 1491 1934 1516 non
1957 1481 2172 1528 transierat,

1172 1537 1236 1586 qui
1270 1550 1389 1587 usque
1410 1537 1456 1574 ad
1478 1538 1630 1574 tertium
1652 1539 1788 1574 coelum
1817 1551 1856 1575 se
1883 1548 2032 1589 raptum
2062 1542 2172 1579 fuisse

1174 1599 1392 1634 testatur2?
1423 1597 1495 1636 Sed
1527 1611 1643 1648 quare
1679 1606 1852 1648 raptum,
1879 1607 1915 1635 et
1941 1613 2017 1636 non
2047 1601 2173 1650 potius

1173 1656 1329 1694 ductum
1343 1659 1357 1694 ‚³
1369 1662 1420 1696 [t
1433 1658 1607 1695 videlicet
1622 1659 1651 1695 si
1667 1666 1791 1695 tantus
1805 1661 2010 1709 Apostolus
2026 1670 2174 1711 raptum

1173 1730 1211 1754 se
1230 1717 1320 1755 dicit
1340 1719 1464 1765 fuisse,
1480 1733 1556 1769 quo
1574 1732 1644 1755 nec
1664 1718 1798 1756 doctus
1817 1720 1937 1767 scivit,
1956 1734 2023 1757 nec
2039 1721 2176 1759 ductus

1172 1780 1299 1828 potuit
1329 1780 1405 1826 ire;
1438 1793 1516 1826 me,
1534 1780 1598 1829 qui
1617 1780 1751 1829 procul
1779 1778 1895 1816 dubio
1934 1781 2058 1818 minor
2092 1795 2173 1819 sum

1172 1840 1312 1887 Paulo,
1335 1840 1381 1876 ad
1414 1841 1564 1877 tertium
1595 1841 1731 1876 coelum
1763 1840 1867 1876 nulla
1895 1853 1979 1876 mea
2008 1841 2172 1886 virtute,

90 1897 246 1948 perfusa
267 1897 431 1943 coelesti,
446 1909 568 1947 usque
583 1896 631 1933 ad
645 1894 820 1934 inimicos
842 1910 912 1947 per
926 1897 1106 1934 affectum
1131 1899 1158 1936 C
1178 1900 1286 1936 nullo
1310 1913 1396 1936 meo
1417 1899 1546 1937 labore
1569 1900 1771 1949 pervenire
1787 1911 1898 1949 posse
1918 1912 2142 1949 praesumam
2167 1915 2174 1936 :

93 1957 286 1994 dilatetur.
313 1960 362 1994 Et
389 1957 442 1995 sic
471 1970 520 1994 ex
544 1957 613 1994 hac
639 1958 808 1995 secunda
836 1956 1109 2007 conjunctione

92 2018 256 2069 Spiritus
270 2019 342 2056 Dei
355 2027 394 2056 et
408 2018 618 2056 voluntatis
636 2018 826 2066 humanae,
845 2019 1009 2056 charitas
1031 2019 1110 2056 effi-

94 2079 205 2116 citur.
223 2082 437 2130 Utramque
450 2092 543 2116 vero
570 2087 718 2129 partem
731 2108 740 2125 ,
758 2079 947 2116 rationem
969 2079 1111 2116 scilicet

94 2145 134 2177 et
151 2140 391 2178 voluntatem
402 2169 413 2187 ‚
429 2140 587 2177 alteram
604 2139 727 2177 verbo
743 2141 914 2178 veritatis
940 2141 1110 2178 instruc-

95 2208 186 2246 tam,
197 2200 355 2237 alteram
367 2199 502 2250 spiritu
513 2199 684 2237 veritatis
701 2200 884 2247 afflatam3
902 2201 1004 2238 illam
1020 2201 1112 2251 hys—

95 2274 191 2312 sopo
214 2261 440 2298 humilitatis
466 2274 659 2311 aspersam
675 2290 684 2308 ,
706 2261 804 2298 hanc
829 2263 916 2312 igne
945 2262 1111 2299 charita-

95 2321 144 2359 tis
163 2334 403 2369 succensam3
426 2321 579 2359 tandem
596 2321 676 2372 jam
699 2322 907 2373 perfectam
927 2324 1111 2370 animam,

97 2390 260 2432 propter
277 2382 535 2420 humilitatem
553 2383 634 2420 sine
658 2383 818 2427 macula,
842 2392 1007 2434 propter
1025 2383 1113 2420 cha-

98 2443 250 2479 ritatem
279 2443 359 2480 sine
391 2456 505 2493 ruga3
535 2456 622 2480 cum
654 2456 724 2480 nec
757 2444 937 2480 voluntas
973 2443 1113 2481 rationi

99 2511 311 2553 repugnat,
331 2516 402 2540 nec
424 2504 523 2541 ratio
545 2504 746 2542 veritatem
769 2504 1009 2551 dissimulat,
1031 2504 1114 2554 glo-

99 2563 240 2600 riosam
269 2562 342 2600 sibi
366 2577 548 2614 sponsam
577 2568 688 2602 Pater
714 2564 978 2614 conglutinat:
1000 2564 1053 2601 ita
1071 2573 1114 2601 ut

99 2637 170 2661 nec
190 2624 287 2661 ratio
309 2624 357 2662 de
377 2637 416 2662 se
429 2654 440 2672 ,
461 2638 533 2662 nec
562 2626 741 2663 voluntas
772 2625 818 2662 de
846 2625 1026 2677 proximo
1046 2639 1113 2662 co-

1176 1973 1225 1997 ne
1244 1961 1304 1996 vel
1326 1960 1372 1997 de
1396 1960 1536 1997 virtute
1554 1959 1765 2005 confidam,
1788 1960 1845 1995 vel
1869 1972 1939 2009 pro
1959 1959 2087 1996 labore
2108 1960 2179 1997 dif-

1178 2021 1304 2059 fidam.
1316 2022 1390 2070 Qui
1406 2022 1506 2058 enim
1523 2021 1682 2059 docetur
1693 2029 1758 2057 aut
1775 2020 1938 2066 ducitur,
1953 2034 1997 2057 ex
2014 2021 2086 2057 hoc
2099 2022 2181 2071 ipso

1177 2082 1282 2132 quod
1301 2082 1502 2119 docentem
1519 2082 1579 2118 vel
1598 2081 1797 2118 ducentem
1813 2081 1995 2130 sequitur,
2010 2080 2180 2118 laborare

1178 2143 1435 2189 convincitur,
1454 2151 1491 2179 et
1507 2141 1652 2192 aliquid
1671 2155 1717 2178 ex
1736 2154 1774 2178 se
1795 2141 1887 2190 agit,
1904 2150 1945 2177 ut
1959 2141 2005 2178 ad
2020 2141 2178 2178 destina-

1180 2213 1258 2241 tum
1274 2205 1402 2241 locum
1416 2201 1478 2240 vel
1493 2216 1643 2240 sensum
1659 2202 1912 2252 pertrahatur,
1925 2202 1977 2238 ita
1995 2211 2035 2238 ut
2052 2202 2176 2239 dicere

1178 2266 1299 2316 possit
1319 2280 1326 2302 :
1349 2268 1435 2302 Non
1450 2273 1574 2301 autem
1591 2277 1670 2313 ege),
1687 2265 1756 2298 sed
1770 2267 1893 2312 gratI‘a
1909 2265 1982 2298 Dei
1998 2276 2136 2298 mecum
2150 2261 2175 2297 3.

1179 2326 1254 2374 Qui
1272 2339 1365 2362 vero
1395 2325 1556 2375 rapitur,
1571 2338 1649 2361 non
1672 2324 1747 2361 suis
1774 2322 1936 2369 viribus,
1959 2322 2023 2359 sed
2048 2323 2177 2359 alienis

1179 2387 1334 2423 innixus
1348 2416 1357 2432 ,
1376 2395 1552 2435 tanquam
1570 2384 1718 2421 nescius
1732 2396 1973 2433 quocumque
1990 2391 2174 2432 portatur,

1180 2460 1251 2484 nec.
1272 2446 1318 2483 de
1339 2455 1420 2483 toto
1451 2447 1490 2482 in
1517 2459 1575 2491 se,
1598 2458 1667 2481 nec
1693 2444 1739 2480 de
1761 2452 1868 2493 parte
1896 2443 2089 2492 gloriatur,
2112 2441 2176 2478 ubi

1180 2521 1250 2545 nec
1270 2520 1340 2558 per
1363 2520 1402 2544 se
1417 2536 1426 2553 ,
1447 2520 1517 2543 nec
1545 2518 1629 2542 cum
1651 2504 1726 2541 alio
1747 2503 1887 2552 aliquid
1904 2511 2095 2553 operatur.
2117 2502 2175 2539 Ad

1179 2569 1347 2619 primum
1368 2568 1495 2617 itaque
1525 2567 1602 2603 sive
1624 2565 1670 2602 ad
1696 2564 1860 2601 medium
1885 2563 2020 2599 coelum
2041 2562 2176 2598 ductus

1179 2629 1239 2665 vel
1257 2627 1409 2677 adjutus
1429 2626 1631 2677 Apostolus
1649 2623 1849 2661 ascendere
1869 2623 1993 2673 potuit
2012 2637 2019 2658 :
2037 2622 2083 2658 ad
2105 2631 2176 2658 ter-

99 2685 219 2735 gitare
249 2685 410 2733 sinatur,
434 2686 501 2723 sed
529 2687 602 2724 hoc
628 2688 751 2724 solum
773 2686 883 2724 beata
903 2688 966 2724 illa
986 2687 1113 2724 anima
1129 2692 1162 2726 D
1182 2691 1274 2726 tium
1295 2696 1420 2725 autem
1442 2695 1482 2724 ut
1503 2685 1744 2736 perveniret,
1768 2684 1848 2733 rapi
1873 2683 2054 2732 oportuit.
2082 2686 2175 2719 Nam

100 2745 227 2783 dicere
259 2745 486 2794 delectetur,
504 2750 727 2784 Introcluaeit
747 2761 806 2783 me
828 2750 914 2783 Rex
940 2753 979 2784 in
1005 2747 1112 2783 cubi—

101 2809 223 2843 culum
237 2821 358 2844 suum.
378 2807 504 2857 Digna
519 2816 622 2844 certe
635 2836 645 2853 ,
665 2822 752 2858 quae
768 2808 815 2845 de
836 2809 965 2846 schola
983 2808 1112 2845 humi-

101 2866 241 2913 litatis,
267 2867 307 2904 in
334 2881 411 2917 qua
439 2868 607 2918 primum
640 2868 712 2905 sub
744 2869 925 2919 magistro
951 2869 1046 2907 Filio
1066 2867 1113 2905 ad

103 2939 142 2964 se
159 2927 281 2977 ipsam
306 2927 448 2965 intrare
470 2928 622 2970 didicit,
642 2928 755 2977 juxta
774 2929 1113 2966 comminationem

104 2986 152 3023 ad
177 3000 217 3024 se
238 2987 375 3025 fact-am
392 3016 402 3034 ,
428 2990 469 3025 Si
489 2993 642 3038 ignoras
668 2998 725 3035 te,
749 2991 925 3038 egredere
947 2999 984 3025 et
998 3003 1115 3038 pasce

104 3047 234 3083 laoedos
262 3054 367 3084 tuo-5¹
388 3063 397 3086 :
420 3048 534 3098 digna
561 3062 674 3099 ergo,
706 3062 791 3099 quae
818 3048 865 3086 de
898 3049 1025 3087 schola
1053 3049 1117 3085 illa

105 3106 330 3145 humilitatis
351 3107 447 3144 duce
477 3108 622 3158 Spiritu
643 3117 775 3145 sancto
799 3108 839 3145 in
860 3108 1012 3145 cellaria
1028 3107 1118 3144 cha-

107 3165 229 3202 ritatis
245 3165 352 3217 (quae
375 3167 558 3205 nimirum
583 3168 853 3218 proximorum
880 3177 1036 3218 pectora
1056 3168 1116 3203 in-

109 3225 312 3276 telligenda
327 3226 432 3278 sunt)
446 3241 515 3278 per
530 3228 774 3265 affectionem
788 3227 1117 3273 introduceretur;

109 3286 211 3323 unde
240 3287 395 3325 suffulta
422 3287 582 3325 floribus
597 3318 607 3336 ‚
626 3302 669 3326 ac
696 3289 835 3339 stipata
860 3289 987 3333 malis,
1008 3287 1119 3324 bonis

1179 2750 1226 2787 ad
1247 2750 1319 2786 hoc
1340 2757 1378 2785 et
1398 2748 1511 2786 Filius
1533 2745 1669 2795 legitur
1689 2743 1941 2789 descendisse,
1957 2751 1998 2779 ut
2027 2750 2178 2778 vocaret

1179 2820 1216 2848 et
1237 2810 1389 2860 juvaret
1418 2819 1637 2845 ascensuros
1665 2805 1711 2841 ad
1737 2804 1901 2854 primum
1923 2819 1931 2839 :
1955 2812 1991 2839 et
2016 2803 2177 2853 Spiritus

1180 2878 1331 2907 sanctus
1352 2869 1486 2905 missus
1504 2867 1614 2902 fuisse
1629 2894 1637 2911 ,
1661 2864 1726 2914 qui
1743 2863 1968 2913 perduceret
1983 2862 2029 2899 ad
2047 2875 2177 2899 secun-

1181 2929 1284 2965 dum.
1307 2932 1417 2965 Pater
1432 2938 1547 2970 vero,
1574 2924 1661 2960 licet
1682 2923 1775 2961 Filio
1803 2930 1840 2958 et
1869 2921 2025 2971 Spiritui
2050 2929 2178 2958 sancto

1182 3001 1332 3037 semper
1362 2992 1614 3036 cooperetur,
1648 2995 1844 3031 nunquam
1881 2989 2006 3018 tamen
2040 2990 2104 3018 aut
2135 2980 2181 3016 de

1184 3048 1279 3083 coelo
1306 3044 1542 3082 descendisse
1557 3072 1566 3088 ,
1587 3051 1652 3079 aut
1681 3042 1727 3078 ad
1754 3050 1872 3078 terras
1893 3042 2029 3091 legitur
2048 3042 2180 3078 missus

1183 3107 1307 3143 fuisse.
1329 3110 1433 3154 Lego
1461 3112 1584 3149 certe,
1605 3102 1710 3152 quod
1741 3104 1997 3138 miseric-ordia
2027 3104 2180 3136 Domini

1178 3169 1296 3216 plena
1326 3174 1379 3200 est
1407 3164 1555 3209 terr-(143
1577 3171 1633 3208 et,
1654 3163 1759 3200 Pleni
1791 3170 1878 3199 sunt
1906 3162 1989 3197 coeli
2015 3169 2050 3196 et
2081 3168 2178 3195 terra

1184 3226 1303 3276 gloria
1335 3234 1417 3270 tua,
1450 3233 1486 3261 et
1515 3223 1633 3259 multa
1672 3221 1900 3271 hujusmodi.
1935 3223 2034 3268 Lego
2064 3226 2099 3254 et
2132 3217 2179 3253 de

1186 3286 1303 3331 Filio,
1322 3287 1525 3334 Postquam
1546 3287 1651 3320 venit
1663 3283 1859 3331 plenitudo
1874 3282 2060 3327 temporis,
2079 3281 2178 3312 misit

161 3420 170 3435 ¹
186 3415 306 3446 Cantic.
324 3427 333 3445 1
349 3439 356 3453 ‚
375 3419 392 3446 3
408 3440 416 3453 ,
436 3418 466 3447 7.
483 3435 523 3439 -
544 3422 556 3437 ²
575 3420 605 3447 II
619 3418 690 3448 Cor.
709 3428 759 3446 ΧΠ
774 3440 781 3453 ,
800 3421 831 3447 2.
848 3435 888 3438 -—
909 3413 949 3445 ἶΙ
965 3418 1037 3446 (lor.
1056 3426 1108 3449 xv,
1131 3418 1179 3445 ln.
1197 3432 1238 3435 ψ-
1255 3413 1268 3438 4
1285 3414 1365 3444 Psal.
1384 3423 1479 3442 xxxxi
1495 3436 1501 3448 ‚
1526 3416 1554 3440 5.
