<?xml version="1.0" encoding="UTF-8"?>
<!DOCTYPE html PUBLIC "-//W3C//DTD XHTML 1.0 Transitional//EN"
    "http://www.w3.org/TR/xhtml1/DTD/xhtml1-transitional.dtd">
<html xmlns="http://www.w3.org/1999/xhtml" xml:lang="en" lang="en">
 <head>
  <title>
</title>
<meta http-equiv="Content-Type" content="text/html;charset=utf-8" />
  <meta name='ocr-system' content='tesseract 3.04.00' />
  <meta name='ocr-capabilities' content='ocr_page ocr_carea ocr_par ocr_line ocrx_word'/>
</head>
<body>
  <div class='ocr_page' id='page_1' title='image "./operaomniapostho01bernuoft/operaomniapostho01bernuoft_0173.png"; bbox 0 0 2565 3952; ppageno 0'>
   <div class='ocr_carea' id='block_1_1' title="bbox 83 162 151 199">
    <p class='ocr_par' dir='ltr' id='par_1_1' title="bbox 83 162 151 199">
     <span class='ocr_line' id='line_1_1' title="bbox 83 162 151 199; baseline -0.015 0"><span class='ocrx_word' id='word_1_1' title='bbox 83 162 151 199; x_wconf 77' lang='lat'>321</span> 
     </span>
    </p>
   </div>
   <div class='ocr_carea' id='block_1_2' title="bbox 1003 164 1266 199">
    <p class='ocr_par' dir='ltr' id='par_1_2' title="bbox 1003 164 1266 199">
     <span class='ocr_line' id='line_1_2' title="bbox 1003 164 1266 199; baseline 0.008 -2"><span class='ocrx_word' id='word_1_2' title='bbox 1003 164 1028 197; x_wconf 73' lang='lat' dir='ltr'>E</span> <span class='ocrx_word' id='word_1_3' title='bbox 1036 164 1077 197; x_wconf 86' lang='lat' dir='ltr'>Pl</span> <span class='ocrx_word' id='word_1_4' title='bbox 1085 164 1266 199; x_wconf 52' lang='lat' dir='ltr'>Sintai.</span> 
     </span>
    </p>
   </div>
   <div class='ocr_carea' id='block_1_3' title="bbox 74 236 1152 289">
    <p class='ocr_par' dir='ltr' id='par_1_3' title="bbox 74 236 1152 289">
     <span class='ocr_line' id='line_1_3' title="bbox 74 236 1152 289; baseline -0.005 -11"><span class='ocrx_word' id='word_1_5' title='bbox 74 251 152 278; x_wconf 89' lang='lat' dir='ltr'>esse</span> <span class='ocrx_word' id='word_1_6' title='bbox 178 238 339 282; x_wconf 76' lang='lat' dir='ltr'>vellem,</span> <span class='ocrx_word' id='word_1_7' title='bbox 362 244 400 273; x_wconf 87' lang='lat' dir='ltr'>et</span> <span class='ocrx_word' id='word_1_8' title='bbox 419 236 525 286; x_wconf 89' lang='lat' dir='ltr'>quod</span> <span class='ocrx_word' id='word_1_9' title='bbox 553 249 631 273; x_wconf 90' lang='lat' dir='ltr'>non</span> <span class='ocrx_word' id='word_1_10' title='bbox 658 250 739 274; x_wconf 84' lang='lat' dir='ltr'>esse</span> <span class='ocrx_word' id='word_1_11' title='bbox 769 239 901 289; x_wconf 84' lang='lat' dir='ltr'>pudet.</span> <span class='ocrx_word' id='word_1_12' title='bbox 929 238 1152 277; x_wconf 68' lang='lat' dir='ltr'>Verum-&#39;‘²‘&#39;</span> 
     </span>
    </p>
   </div>
   <div class='ocr_carea' id='block_1_4' title="bbox 2103 182 2178 218">
    <p class='ocr_par' dir='ltr' id='par_1_4' title="bbox 2103 182 2178 218">
     <span class='ocr_line' id='line_1_4' title="bbox 2103 182 2178 218; baseline 0.067 -4"><span class='ocrx_word' id='word_1_13' title='bbox 2103 182 2178 218; x_wconf 75' lang='lat'>:322</span> 
     </span>
    </p>
   </div>
   <div class='ocr_carea' id='block_1_5' title="bbox 1218 241 2181 297">
    <p class='ocr_par' dir='ltr' id='par_1_5' title="bbox 1218 241 2181 297">
     <span class='ocr_line' id='line_1_5' title="bbox 1218 241 2181 297; baseline 0.02 -20"><span class='ocrx_word' id='word_1_14' title='bbox 1218 241 1251 277; x_wconf 83' lang='grc'>2.</span> <span class='ocrx_word' id='word_1_15' title='bbox 1280 245 1357 279; x_wconf 63' lang='lat' dir='ltr'>Nec</span> <span class='ocrx_word' id='word_1_16' title='bbox 1385 257 1474 280; x_wconf 84' lang='lat' dir='ltr'>saue</span> <span class='ocrx_word' id='word_1_17' title='bbox 1495 246 1615 282; x_wconf 82' lang='lat' dir='ltr'>otiosa</span> <span class='ocrx_word' id='word_1_18' title='bbox 1646 248 1732 297; x_wconf 73' lang='lat' dir='ltr'>suga</span> <span class='ocrx_word' id='word_1_19' title='bbox 1757 252 1984 290; x_wconf 85' lang='lat' dir='ltr'>Innocentii.</span> <span class='ocrx_word' id='word_1_20' title='bbox 2014 256 2181 296; x_wconf 71' lang='lat' dir='ltr'>Laborat</span> 
     </span>
    </p>
   </div>
   <div class='ocr_carea' id='block_1_6' title="bbox 74 296 2178 356">
    <p class='ocr_par' dir='ltr' id='par_1_6' title="bbox 74 296 2178 356">
     <span class='ocr_line' id='line_1_6' title="bbox 74 296 2178 356; baseline 0.009 -20"><span class='ocrx_word' id='word_1_21' title='bbox 74 309 195 338; x_wconf 88' lang='lat' dir='ltr'>tamen</span> <span class='ocrx_word' id='word_1_22' title='bbox 222 296 327 348; x_wconf 91' lang='lat' dir='ltr'>quod</span> <span class='ocrx_word' id='word_1_23' title='bbox 346 309 428 333; x_wconf 90' lang='lat' dir='ltr'>sum</span> <span class='ocrx_word' id='word_1_24' title='bbox 441 325 450 342; x_wconf 87' lang='lat'>‚</span> <span class='ocrx_word' id='word_1_25' title='bbox 480 305 586 334; x_wconf 90' lang='lat' dir='ltr'>tuum</span> <span class='ocrx_word' id='word_1_26' title='bbox 609 306 667 335; x_wconf 86' lang='lat' dir='ltr'>cst</span> <span class='ocrx_word' id='word_1_27' title='bbox 688 313 695 335; x_wconf 94' lang='lat'>:</span> <span class='ocrx_word' id='word_1_28' title='bbox 718 307 755 335; x_wconf 89' lang='lat' dir='ltr'>et</span> <span class='ocrx_word' id='word_1_29' title='bbox 775 299 805 336; x_wconf 92' lang='lat' dir='ltr'>si</span> <span class='ocrx_word' id='word_1_30' title='bbox 826 299 919 350; x_wconf 92' lang='lat' dir='ltr'>quid</span> <span class='ocrx_word' id='word_1_31' title='bbox 948 302 1083 339; x_wconf 88' lang='lat' dir='ltr'>melius</span> <span class='ocrx_word' id='word_1_32' title='bbox 1102 300 1132 333; x_wconf 90' lang='lat' dir='ltr'><strong>A</strong></span> <span class='ocrx_word' id='word_1_33' title='bbox 1154 302 1309 351; x_wconf 88' lang='lat' dir='ltr'>quidem</span> <span class='ocrx_word' id='word_1_34' title='bbox 1323 332 1332 349; x_wconf 88' lang='lat'>,</span> <span class='ocrx_word' id='word_1_35' title='bbox 1347 305 1411 341; x_wconf 88' lang='lat' dir='ltr'>sed</span> <span class='ocrx_word' id='word_1_36' title='bbox 1430 305 1657 343; x_wconf 81' lang='lat' dir='ltr'>honestatur</span> <span class='ocrx_word' id='word_1_37' title='bbox 1670 308 1709 344; x_wconf 91' lang='lat' dir='ltr'>in</span> <span class='ocrx_word' id='word_1_38' title='bbox 1728 308 1925 348; x_wconf 75' lang='lat' dir='ltr'><strong>laboribus</strong></span> <span class='ocrx_word' id='word_1_39' title='bbox 1939 314 2025 351; x_wconf 90' lang='lat' dir='ltr'>suis.</span> <span class='ocrx_word' id='word_1_40' title='bbox 2043 318 2178 356; x_wconf 86' lang='lat' dir='ltr'>Pulsus</span> 
     </span>
    </p>
   </div>
   <div class='ocr_carea' id='block_1_7' title="bbox 71 358 1085 472">
    <p class='ocr_par' dir='ltr' id='par_1_7' title="bbox 71 358 1085 472">
     <span class='ocr_line' id='line_1_7' title="bbox 72 358 1085 407; baseline 0.001 -9"><span class='ocrx_word' id='word_1_41' title='bbox 72 359 141 398; x_wconf 91' lang='lat' dir='ltr'>Dei</span> <span class='ocrx_word' id='word_1_42' title='bbox 158 371 324 407; x_wconf 86' lang='lat' dir='ltr'>unquam</span> <span class='ocrx_word' id='word_1_43' title='bbox 346 370 505 394; x_wconf 85' lang='lat' dir='ltr'>munere</span> <span class='ocrx_word' id='word_1_44' title='bbox 528 358 636 395; x_wconf 85' lang='lat' dir='ltr'>suero</span> <span class='ocrx_word' id='word_1_45' title='bbox 650 388 660 406; x_wconf 84' lang='lat'>,</span> <span class='ocrx_word' id='word_1_46' title='bbox 678 367 785 396; x_wconf 89' lang='lat' dir='ltr'>tuum</span> <span class='ocrx_word' id='word_1_47' title='bbox 811 361 891 398; x_wconf 88' lang='lat' dir='ltr'>fore</span> <span class='ocrx_word' id='word_1_48' title='bbox 920 362 1085 400; x_wconf 87' lang='lat' dir='ltr'>conlidi·</span> 
     </span>
     <span class='ocr_line' id='line_1_8' title="bbox 71 417 1029 472; baseline 0.001 -14"><span class='ocrx_word' id='word_1_49' title='bbox 71 428 131 466; x_wconf 85' lang='lat' dir='ltr'>to,</span> <span class='ocrx_word' id='word_1_50' title='bbox 154 417 467 456; x_wconf 75' lang='lat' dir='ltr'>reverendissime</span> <span class='ocrx_word' id='word_1_51' title='bbox 488 426 604 468; x_wconf 89' lang='lat' dir='ltr'>atque</span> <span class='ocrx_word' id='word_1_52' title='bbox 628 421 887 458; x_wconf 79' lang='lat' dir='ltr'>amantissime</span> <span class='ocrx_word' id='word_1_53' title='bbox 907 431 1029 472; x_wconf 79' lang='lat' dir='ltr'>pater.</span> 
     </span>
    </p>
   </div>
   <div class='ocr_carea' id='block_1_8' title="bbox 74 553 1086 569">
    <p class='ocr_par' dir='ltr' id='par_1_8' title="bbox 74 553 1086 569">
     <span class='ocr_line' id='line_1_9' title="bbox 74 553 1086 569; baseline 0.004 -4"><span class='ocrx_word' id='word_1_54' title='bbox 74 555 97 565; x_wconf 68' lang='lat' dir='ltr'>n</span> <span class='ocrx_word' id='word_1_55' title='bbox 100 553 1086 569; x_wconf 54' lang='lat'>===================================================================</span> 
     </span>
    </p>
   </div>
   <div class='ocr_carea' id='block_1_9' title="bbox 207 665 917 729">
    <p class='ocr_par' dir='ltr' id='par_1_9' title="bbox 207 665 917 729">
     <span class='ocr_line' id='line_1_10' title="bbox 207 665 917 729; baseline 0.011 -10"><span class='ocrx_word' id='word_1_56' title='bbox 207 665 590 723; x_wconf 87' lang='lat' dir='ltr'><strong>EPISTOLA</strong></span> <span class='ocrx_word' id='word_1_57' title='bbox 626 668 917 729; x_wconf 56' lang='lat' dir='ltr'>CXXIV?</span> 
     </span>
    </p>
   </div>
   <div class='ocr_carea' id='block_1_10' title="bbox 67 823 1078 917">
    <p class='ocr_par' dir='ltr' id='par_1_10' title="bbox 67 823 1078 917">
     <span class='ocr_line' id='line_1_11' title="bbox 67 823 1078 859; baseline 0.009 -12"><span class='ocrx_word' id='word_1_58' title='bbox 67 824 114 847; x_wconf 73' lang='lat' dir='ltr'>AD</span> <span class='ocrx_word' id='word_1_59' title='bbox 145 823 304 846; x_wconf 74' lang='lat' dir='ltr'><strong>EUMDEM</strong></span> <span class='ocrx_word' id='word_1_60' title='bbox 334 825 634 859; x_wconf 72' lang='lat' dir='ltr'>HlLDEBERTt&#39;M,</span> <span class='ocrx_word' id='word_1_61' title='bbox 661 828 729 858; x_wconf 71' lang='lat' dir='ltr'>Qm</span> <span class='ocrx_word' id='word_1_62' title='bbox 763 829 927 853; x_wconf 70' lang='lat' dir='ltr'>NONnrM</span> <span class='ocrx_word' id='word_1_63' title='bbox 960 833 1078 856; x_wconf 67' lang='lat' dir='ltr'>RECE-</span> 
     </span>
     <span class='ocr_line' id='line_1_12' title="bbox 187 884 958 917; baseline 0.014 -12"><span class='ocrx_word' id='word_1_64' title='bbox 187 884 300 906; x_wconf 71' lang='lat' dir='ltr'>PERAT</span> <span class='ocrx_word' id='word_1_65' title='bbox 328 885 510 909; x_wconf 66' lang='lat' dir='ltr'><strong>DOMINL‘M</strong></span> <span class='ocrx_word' id='word_1_66' title='bbox 541 887 804 913; x_wconf 71' lang='lat' dir='ltr'><strong>INNOCENTIL‘M</strong></span> <span class='ocrx_word' id='word_1_67' title='bbox 833 892 958 917; x_wconf 64' lang='lat' dir='ltr'>PAPAM.</span> 
     </span>
    </p>
   </div>
   <div class='ocr_carea' id='block_1_11' title="bbox 64 1005 1084 1111">
    <p class='ocr_par' dir='ltr' id='par_1_11' title="bbox 64 1005 1084 1111">
     <span class='ocr_line' id='line_1_13' title="bbox 64 1005 1084 1049; baseline 0.014 -14"><span class='ocrx_word' id='word_1_68' title='bbox 64 1005 214 1035; x_wconf 81' lang='lat' dir='ltr'><strong>Hortatur</strong></span> <span class='ocrx_word' id='word_1_69' title='bbox 241 1008 277 1035; x_wconf 88' lang='lat' dir='ltr'>ut</span> <span class='ocrx_word' id='word_1_70' title='bbox 301 1006 542 1047; x_wconf 75' lang='lat' dir='ltr'>Innocentium,</span> <span class='ocrx_word' id='word_1_71' title='bbox 572 1008 604 1039; x_wconf 90' lang='lat' dir='ltr'>in</span> <span class='ocrx_word' id='word_1_72' title='bbox 631 1009 734 1041; x_wconf 85' lang='lat' dir='ltr'>Gallia</span> <span class='ocrx_word' id='word_1_73' title='bbox 768 1011 810 1043; x_wconf 91' lang='lat' dir='ltr'>ob</span> <span class='ocrx_word' id='word_1_74' title='bbox 838 1012 973 1047; x_wconf 82' lang='lat' dir='ltr'>schisma</span> <span class='ocrx_word' id='word_1_75' title='bbox 999 1018 1084 1049; x_wconf 85' lang='lat' dir='ltr'>Petri</span> 
     </span>
     <span class='ocr_line' id='line_1_14' title="bbox 107 1057 1028 1111; baseline 0.016 -23"><span class='ocrx_word' id='word_1_76' title='bbox 107 1057 218 1090; x_wconf 87' lang='lat' dir='ltr'>Leonis</span> <span class='ocrx_word' id='word_1_77' title='bbox 237 1059 396 1099; x_wconf 80' lang='lat' dir='ltr'>exsulem,</span> <span class='ocrx_word' id='word_1_78' title='bbox 414 1061 459 1093; x_wconf 89' lang='lat' dir='ltr'>uti</span> <span class='ocrx_word' id='word_1_79' title='bbox 477 1062 650 1105; x_wconf 81' lang='lat' dir='ltr'>legitimum</span> <span class='ocrx_word' id='word_1_80' title='bbox 668 1066 853 1098; x_wconf 86' lang='lat' dir='ltr'>Pontificem</span> <span class='ocrx_word' id='word_1_81' title='bbox 869 1074 1028 1111; x_wconf 74' lang='lat' dir='ltr'>agnoscat.</span> 
     </span>
    </p>
   </div>
   <div class='ocr_carea' id='block_1_12' title="bbox 62 1191 1083 1474">
    <p class='ocr_par' dir='ltr' id='par_1_12' title="bbox 62 1191 1083 1474">
     <span class='ocr_line' id='line_1_15' title="bbox 62 1191 1083 1253; baseline 0.014 -25"><span class='ocrx_word' id='word_1_82' title='bbox 62 1192 198 1240; x_wconf 83' lang='lat' dir='ltr'>Magno</span> <span class='ocrx_word' id='word_1_83' title='bbox 238 1191 452 1240; x_wconf 86' lang='lat' dir='ltr'>sacerdoti,</span> <span class='ocrx_word' id='word_1_84' title='bbox 480 1202 519 1231; x_wconf 89' lang='lat' dir='ltr'>et</span> <span class='ocrx_word' id='word_1_85' title='bbox 546 1196 698 1234; x_wconf 77' lang='lat' dir='ltr'>excelso</span> <span class='ocrx_word' id='word_1_86' title='bbox 730 1198 768 1234; x_wconf 90' lang='lat' dir='ltr'>in</span> <span class='ocrx_word' id='word_1_87' title='bbox 800 1200 921 1238; x_wconf 81' lang='lat' dir='ltr'>verbo</span> <span class='ocrx_word' id='word_1_88' title='bbox 951 1203 1083 1253; x_wconf 61' lang='lat' dir='ltr'>gloriae</span> 
     </span>
     <span class='ocr_line' id='line_1_16' title="bbox 112 1254 1079 1306; baseline 0.014 -17"><span class='ocrx_word' id='word_1_89' title='bbox 112 1254 365 1291; x_wconf 57' lang='lat' dir='ltr'>fiunem-:nro</span> <span class='ocrx_word' id='word_1_90' title='bbox 376 1284 387 1301; x_wconf 89' lang='lat'>,</span> <span class='ocrx_word' id='word_1_91' title='bbox 406 1255 479 1292; x_wconf 89' lang='lat' dir='ltr'>Dei</span> <span class='ocrx_word' id='word_1_92' title='bbox 499 1257 620 1306; x_wconf 80' lang='lat' dir='ltr'>gratia</span> <span class='ocrx_word' id='word_1_93' title='bbox 634 1261 918 1299; x_wconf 87' lang='lat' dir='ltr'>Turonensium</span> <span class='ocrx_word' id='word_1_94' title='bbox 934 1266 1079 1303; x_wconf 87' lang='lat' dir='ltr'>archie-</span> 
     </span>
     <span class='ocr_line' id='line_1_17' title="bbox 111 1312 1080 1363; baseline 0.017 -15"><span class='ocrx_word' id='word_1_95' title='bbox 111 1312 294 1363; x_wconf 87' lang='lat' dir='ltr'>piscopo,</span> <span class='ocrx_word' id='word_1_96' title='bbox 318 1316 544 1354; x_wconf 49' lang='lat' dir='ltr'>Bne-manus</span> <span class='ocrx_word' id='word_1_97' title='bbox 579 1319 837 1358; x_wconf 67' lang='lat' dir='ltr'>Clarae-Vallis</span> <span class='ocrx_word' id='word_1_98' title='bbox 869 1322 987 1362; x_wconf 86' lang='lat' dir='ltr'>abbas</span> <span class='ocrx_word' id='word_1_99' title='bbox 1017 1327 1080 1363; x_wconf 90' lang='lat' dir='ltr'>di-</span> 
     </span>
     <span class='ocr_line' id='line_1_18' title="bbox 112 1374 1081 1432; baseline 0.015 -23"><span class='ocrx_word' id='word_1_100' title='bbox 112 1381 217 1420; x_wconf 89' lang='lat' dir='ltr'>ctus,</span> <span class='ocrx_word' id='word_1_101' title='bbox 254 1374 295 1410; x_wconf 92' lang='lat' dir='ltr'>in</span> <span class='ocrx_word' id='word_1_102' title='bbox 331 1375 468 1425; x_wconf 90' lang='lat' dir='ltr'>spiritu</span> <span class='ocrx_word' id='word_1_103' title='bbox 502 1377 720 1426; x_wconf 88' lang='lat' dir='ltr'>ambulare,</span> <span class='ocrx_word' id='word_1_104' title='bbox 760 1390 797 1417; x_wconf 91' lang='lat' dir='ltr'>et</span> <span class='ocrx_word' id='word_1_105' title='bbox 829 1383 1081 1432; x_wconf 78' lang='lat' dir='ltr'>spiritualiter</span> 
     </span>
     <span class='ocr_line' id='line_1_19' title="bbox 111 1434 491 1474; baseline 0.011 -4"><span class='ocrx_word' id='word_1_106' title='bbox 111 1434 241 1471; x_wconf 90' lang='lat' dir='ltr'>omnia</span> <span class='ocrx_word' id='word_1_107' title='bbox 258 1436 491 1474; x_wconf 85' lang='lat' dir='ltr'>examinare.</span> 
     </span>
    </p>
   </div>
   <div class='ocr_carea' id='block_1_13' title="bbox 61 1567 1082 1870">
    <p class='ocr_par' dir='ltr' id='par_1_13' title="bbox 61 1567 1082 1870">
     <span class='ocr_line' id='line_1_20' title="bbox 116 1567 1079 1626; baseline 0.011 -22"><span class='ocrx_word' id='word_1_108' title='bbox 116 1567 147 1604; x_wconf 93' lang='lat' dir='ltr'>l.</span> <span class='ocrx_word' id='word_1_109' title='bbox 165 1570 218 1606; x_wconf 83' lang='lat' dir='ltr'>Ut</span> <span class='ocrx_word' id='word_1_110' title='bbox 239 1567 371 1606; x_wconf 89' lang='lat' dir='ltr'>verbis</span> <span class='ocrx_word' id='word_1_111' title='bbox 399 1582 469 1606; x_wconf 85' lang='lat' dir='ltr'>vos</span> <span class='ocrx_word' id='word_1_112' title='bbox 499 1571 738 1622; x_wconf 84' lang='lat' dir='ltr'>propheticis</span> <span class='ocrx_word' id='word_1_113' title='bbox 766 1574 955 1626; x_wconf 86' lang='lat' dir='ltr'>alloquar,</span> <span class='ocrx_word' id='word_1_114' title='bbox 980 1579 1079 1615; x_wconf 80' lang='lat' dir='ltr'>Con-</span> 
     </span>
     <span class='ocr_line' id='line_1_21' title="bbox 61 1629 1082 1684; baseline 0.012 -20"><span class='ocrx_word' id='word_1_115' title='bbox 61 1629 190 1664; x_wconf 83' lang='lat' dir='ltr'>solatio</span> <span class='ocrx_word' id='word_1_116' title='bbox 205 1629 424 1667; x_wconf 78' lang='lat' dir='ltr'>abscondila</span> <span class='ocrx_word' id='word_1_117' title='bbox 441 1640 500 1668; x_wconf 81' lang='lat' dir='ltr'>est</span> <span class='ocrx_word' id='word_1_118' title='bbox 516 1633 554 1668; x_wconf 83' lang='lat' dir='ltr'>in</span> <span class='ocrx_word' id='word_1_119' title='bbox 572 1636 690 1670; x_wconf 77' lang='lat' dir='ltr'>oczclt&#39;s</span> <span class='ocrx_word' id='word_1_120' title='bbox 701 1663 710 1679; x_wconf 93' lang='lat'>‚</span> <span class='ocrx_word' id='word_1_121' title='bbox 726 1640 818 1684; x_wconf 80' lang='lat' dir='ltr'>quia</span> <span class='ocrx_word' id='word_1_122' title='bbox 834 1651 932 1674; x_wconf 77' lang='lat' dir='ltr'>mors</span> <span class='ocrx_word' id='word_1_123' title='bbox 948 1641 1082 1677; x_wconf 68' lang='lat' dir='ltr'>dividit</span> 
     </span>
     <span class='ocr_line' id='line_1_22' title="bbox 61 1687 1081 1744; baseline 0.014 -20"><span class='ocrx_word' id='word_1_124' title='bbox 61 1693 157 1725; x_wconf 81' lang='lat' dir='ltr'>inter</span> <span class='ocrx_word' id='word_1_125' title='bbox 164 1687 307 1738; x_wconf 84' lang='lat' dir='ltr'>fratres</span> <span class='ocrx_word' id='word_1_126' title='bbox 319 1698 344 1729; x_wconf 83' lang='lat'>¹.</span> <span class='ocrx_word' id='word_1_127' title='bbox 363 1691 529 1740; x_wconf 87' lang='lat' dir='ltr'>Quidam</span> <span class='ocrx_word' id='word_1_128' title='bbox 549 1694 652 1731; x_wconf 89' lang='lat' dir='ltr'>enim</span> <span class='ocrx_word' id='word_1_129' title='bbox 663 1694 778 1744; x_wconf 77' lang='lat' dir='ltr'>juxta</span> <span class='ocrx_word' id='word_1_130' title='bbox 794 1698 930 1736; x_wconf 88' lang='lat' dir='ltr'>Isaiam</span> <span class='ocrx_word' id='word_1_131' title='bbox 949 1700 1081 1738; x_wconf 76' lang='lat' dir='ltr'>viden·</span> 
     </span>
     <span class='ocr_line' id='line_1_23' title="bbox 62 1749 1079 1805; baseline 0.013 -19"><span class='ocrx_word' id='word_1_132' title='bbox 62 1756 122 1787; x_wconf 87' lang='lat' dir='ltr'>tur</span> <span class='ocrx_word' id='word_1_133' title='bbox 142 1749 265 1788; x_wconf 85' lang='lat' dir='ltr'>foedus</span> <span class='ocrx_word' id='word_1_134' title='bbox 293 1754 527 1802; x_wconf 84' lang='lat' dir='ltr'>percussisse</span> <span class='ocrx_word' id='word_1_135' title='bbox 559 1769 645 1792; x_wconf 91' lang='lat' dir='ltr'>cum</span> <span class='ocrx_word' id='word_1_136' title='bbox 668 1766 814 1805; x_wconf 90' lang='lat' dir='ltr'>morte,</span> <span class='ocrx_word' id='word_1_137' title='bbox 838 1768 876 1796; x_wconf 89' lang='lat' dir='ltr'>et</span> <span class='ocrx_word' id='word_1_138' title='bbox 896 1774 984 1798; x_wconf 88' lang='lat' dir='ltr'>cum</span> <span class='ocrx_word' id='word_1_139' title='bbox 1016 1762 1079 1799; x_wconf 89' lang='lat' dir='ltr'>in—</span> 
     </span>
     <span class='ocr_line' id='line_1_24' title="bbox 62 1810 1078 1870; baseline 0.014 -23"><span class='ocrx_word' id='word_1_140' title='bbox 62 1810 166 1848; x_wconf 86' lang='lat' dir='ltr'>ferno</span> <span class='ocrx_word' id='word_1_141' title='bbox 197 1812 328 1850; x_wconf 89' lang='lat' dir='ltr'>fecisse</span> <span class='ocrx_word' id='word_1_142' title='bbox 356 1823 514 1864; x_wconf 90' lang='lat' dir='ltr'>pactum</span> <span class='ocrx_word' id='word_1_143' title='bbox 530 1821 557 1853; x_wconf 87' lang='lat'>².</span> <span class='ocrx_word' id='word_1_144' title='bbox 590 1819 689 1854; x_wconf 90' lang='lat' dir='ltr'>Ecce</span> <span class='ocrx_word' id='word_1_145' title='bbox 721 1832 889 1870; x_wconf 87' lang='lat' dir='ltr'>namque</span> <span class='ocrx_word' id='word_1_146' title='bbox 915 1823 1078 1861; x_wconf 86' lang='lat' dir='ltr'>christus</span> 
     </span>
    </p>
   </div>
   <div class='ocr_carea' id='block_1_14' title="bbox 61 1871 1124 1928">
    <p class='ocr_par' dir='ltr' id='par_1_14' title="bbox 61 1871 1124 1928">
     <span class='ocr_line' id='line_1_25' title="bbox 61 1871 1124 1928; baseline 0.014 -20"><span class='ocrx_word' id='word_1_147' title='bbox 61 1871 213 1910; x_wconf 89' lang='lat' dir='ltr'>Domini</span> <span class='ocrx_word' id='word_1_148' title='bbox 230 1873 301 1911; x_wconf 90' lang='lat' dir='ltr'>iste</span> <span class='ocrx_word' id='word_1_149' title='bbox 326 1876 579 1914; x_wconf 86' lang='lat' dir='ltr'>Innocentius</span> <span class='ocrx_word' id='word_1_150' title='bbox 607 1879 756 1928; x_wconf 89' lang='lat' dir='ltr'>positus</span> <span class='ocrx_word' id='word_1_151' title='bbox 779 1890 837 1918; x_wconf 89' lang='lat' dir='ltr'>est</span> <span class='ocrx_word' id='word_1_152' title='bbox 857 1882 893 1919; x_wconf 91' lang='lat' dir='ltr'>in</span> <span class='ocrx_word' id='word_1_153' title='bbox 923 1884 1074 1922; x_wconf 84' lang='lat' dir='ltr'>ruinam</span> <span class='ocrx_word' id='word_1_154' title='bbox 1097 1890 1124 1926; x_wconf 92' lang='lat' dir='ltr'>C</span> 
     </span>
    </p>
   </div>
   <div class='ocr_carea' id='block_1_15' title="bbox 48 1932 1074 2669">
    <p class='ocr_par' dir='ltr' id='par_1_15' title="bbox 48 1932 1074 2669">
     <span class='ocr_line' id='line_1_26' title="bbox 59 1932 1073 1994; baseline 0.014 -25"><span class='ocrx_word' id='word_1_155' title='bbox 59 1939 97 1969; x_wconf 89' lang='lat' dir='ltr'>et</span> <span class='ocrx_word' id='word_1_156' title='bbox 124 1932 163 1970; x_wconf 90' lang='lat' dir='ltr'>in</span> <span class='ocrx_word' id='word_1_157' title='bbox 188 1936 508 1974; x_wconf 73' lang='lat' dir='ltr'>resurrectionem</span> <span class='ocrx_word' id='word_1_158' title='bbox 538 1939 761 1977; x_wconf 90' lang='lat' dir='ltr'>multorum.</span> <span class='ocrx_word' id='word_1_159' title='bbox 784 1945 878 1980; x_wconf 83' lang='lat' dir='ltr'>Nam</span> <span class='ocrx_word' id='word_1_160' title='bbox 908 1945 975 1994; x_wconf 88' lang='lat' dir='ltr'>qui</span> <span class='ocrx_word' id='word_1_161' title='bbox 1001 1947 1073 1983; x_wconf 90' lang='lat' dir='ltr'>Dei</span> 
     </span>
     <span class='ocr_line' id='line_1_27' title="bbox 61 1992 1074 2051; baseline 0.015 -22"><span class='ocrx_word' id='word_1_162' title='bbox 61 2000 163 2040; x_wconf 80' lang='lat' dir='ltr'>sunt,</span> <span class='ocrx_word' id='word_1_163' title='bbox 188 1992 351 2032; x_wconf 85' lang='lat' dir='ltr'>libenter</span> <span class='ocrx_word' id='word_1_164' title='bbox 365 1995 588 2047; x_wconf 83' lang='lat' dir='ltr'>junguntur</span> <span class='ocrx_word' id='word_1_165' title='bbox 610 2000 646 2036; x_wconf 90' lang='lat' dir='ltr'>ei</span> <span class='ocrx_word' id='word_1_166' title='bbox 669 2015 677 2038; x_wconf 90' lang='lat'>:</span> <span class='ocrx_word' id='word_1_167' title='bbox 699 2001 766 2051; x_wconf 89' lang='lat' dir='ltr'>qui</span> <span class='ocrx_word' id='word_1_168' title='bbox 787 2012 914 2041; x_wconf 88' lang='lat' dir='ltr'>autem</span> <span class='ocrx_word' id='word_1_169' title='bbox 937 2018 982 2042; x_wconf 72' lang='lat' dir='ltr'>ex</span> <span class='ocrx_word' id='word_1_170' title='bbox 1005 2006 1074 2043; x_wconf 88' lang='lat' dir='ltr'>ad-</span> 
     </span>
     <span class='ocr_line' id='line_1_28' title="bbox 59 2060 1071 2110; baseline 0.016 -20"><span class='ocrx_word' id='word_1_171' title='bbox 59 2065 166 2091; x_wconf 84' lang='lat' dir='ltr'>verso</span> <span class='ocrx_word' id='word_1_172' title='bbox 183 2063 275 2103; x_wconf 85' lang='lat' dir='ltr'>stat,</span> <span class='ocrx_word' id='word_1_173' title='bbox 291 2066 358 2095; x_wconf 84' lang='lat' dir='ltr'>aut</span> <span class='ocrx_word' id='word_1_174' title='bbox 375 2060 602 2097; x_wconf 81' lang='lat' dir='ltr'>Anticliristi</span> <span class='ocrx_word' id='word_1_175' title='bbox 618 2071 696 2110; x_wconf 89' lang='lat' dir='ltr'>est,</span> <span class='ocrx_word' id='word_1_176' title='bbox 716 2073 780 2101; x_wconf 86' lang='lat' dir='ltr'>aut</span> <span class='ocrx_word' id='word_1_177' title='bbox 799 2067 1071 2106; x_wconf 83' lang='lat' dir='ltr'>Antichristus.</span> 
     </span>
     <span class='ocr_line' id='line_1_29' title="bbox 62 2115 1071 2179; baseline 0.016 -28"><span class='ocrx_word' id='word_1_178' title='bbox 62 2115 234 2154; x_wconf 85' lang='lat' dir='ltr'>Cernitur</span> <span class='ocrx_word' id='word_1_179' title='bbox 252 2117 487 2159; x_wconf 85' lang='lat' dir='ltr'>abominatio</span> <span class='ocrx_word' id='word_1_180' title='bbox 504 2131 604 2160; x_wconf 85' lang='lat' dir='ltr'>stare</span> <span class='ocrx_word' id='word_1_181' title='bbox 624 2124 662 2160; x_wconf 88' lang='lat' dir='ltr'>in</span> <span class='ocrx_word' id='word_1_182' title='bbox 682 2125 768 2162; x_wconf 91' lang='lat' dir='ltr'>loco</span> <span class='ocrx_word' id='word_1_183' title='bbox 786 2137 937 2175; x_wconf 89' lang='lat' dir='ltr'>sancto,</span> <span class='ocrx_word' id='word_1_184' title='bbox 955 2143 1071 2179; x_wconf 84' lang='lat' dir='ltr'>queln</span> 
     </span>
     <span class='ocr_line' id='line_1_30' title="bbox 62 2175 1070 2235; baseline 0.017 -23"><span class='ocrx_word' id='word_1_185' title='bbox 62 2175 104 2212; x_wconf 87' lang='lat' dir='ltr'>u&#39;t</span> <span class='ocrx_word' id='word_1_186' title='bbox 131 2176 343 2228; x_wconf 89' lang='lat' dir='ltr'>obtineret,</span> <span class='ocrx_word' id='word_1_187' title='bbox 363 2181 538 2220; x_wconf 87' lang='lat' dir='ltr'>incendit</span> <span class='ocrx_word' id='word_1_188' title='bbox 567 2185 666 2235; x_wconf 83' lang='lat' dir='ltr'>ignis</span> <span class='ocrx_word' id='word_1_189' title='bbox 694 2190 955 2227; x_wconf 89' lang='lat' dir='ltr'>sanctuarium</span> <span class='ocrx_word' id='word_1_190' title='bbox 986 2192 1070 2229; x_wconf 90' lang='lat' dir='ltr'>Dei.</span> 
     </span>
     <span class='ocr_line' id='line_1_31' title="bbox 62 2239 1072 2294; baseline 0.016 -19"><span class='ocrx_word' id='word_1_191' title='bbox 62 2239 300 2290; x_wconf 85' lang='lat' dir='ltr'>Persequitur</span> <span class='ocrx_word' id='word_1_192' title='bbox 327 2246 619 2294; x_wconf 88' lang='lat' dir='ltr'>Innocentium,</span> <span class='ocrx_word' id='word_1_193' title='bbox 655 2257 693 2286; x_wconf 92' lang='lat' dir='ltr'>et</span> <span class='ocrx_word' id='word_1_194' title='bbox 721 2264 807 2287; x_wconf 90' lang='lat' dir='ltr'>cum</span> <span class='ocrx_word' id='word_1_195' title='bbox 839 2264 885 2288; x_wconf 90' lang='lat' dir='ltr'>eo</span> <span class='ocrx_word' id='word_1_196' title='bbox 917 2266 1072 2290; x_wconf 89' lang='lat' dir='ltr'>omnem</span> 
     </span>
     <span class='ocr_line' id='line_1_32' title="bbox 60 2297 1072 2363; baseline 0.016 -27"><span class='ocrx_word' id='word_1_197' title='bbox 60 2297 324 2342; x_wconf 84' lang='lat' dir='ltr'>innocentiam.</span> <span class='ocrx_word' id='word_1_198' title='bbox 345 2307 456 2356; x_wconf 85' lang='lat' dir='ltr'>Fugit</span> <span class='ocrx_word' id='word_1_199' title='bbox 474 2307 537 2345; x_wconf 89' lang='lat' dir='ltr'>ille</span> <span class='ocrx_word' id='word_1_200' title='bbox 558 2309 741 2347; x_wconf 84' lang='lat' dir='ltr'>nimirum</span> <span class='ocrx_word' id='word_1_201' title='bbox 759 2325 778 2348; x_wconf 91' lang='lat' dir='ltr'>a</span> <span class='ocrx_word' id='word_1_202' title='bbox 798 2312 891 2350; x_wconf 85' lang='lat' dir='ltr'>facie</span> <span class='ocrx_word' id='word_1_203' title='bbox 912 2315 1072 2363; x_wconf 77' lang='lat' dir='ltr'>Leonis,</span> 
     </span>
     <span class='ocr_line' id='line_1_33' title="bbox 48 2360 1074 2422; baseline 0.015 -25"><span class='ocrx_word' id='word_1_204' title='bbox 48 2360 155 2402; x_wconf 55' lang='lat' dir='ltr'>1sicut</span> <span class='ocrx_word' id='word_1_205' title='bbox 172 2362 262 2401; x_wconf 91' lang='lat' dir='ltr'>dicit</span> <span class='ocrx_word' id='word_1_206' title='bbox 277 2366 468 2417; x_wconf 86' lang='lat' dir='ltr'>propheta</span> <span class='ocrx_word' id='word_1_207' title='bbox 486 2383 494 2406; x_wconf 91' lang='lat'>:</span> <span class='ocrx_word' id='word_1_208' title='bbox 515 2372 591 2406; x_wconf 81' lang='lat' dir='ltr'>Leo</span> <span class='ocrx_word' id='word_1_209' title='bbox 610 2376 753 2421; x_wconf 78' lang='lat' dir='ltr'>rugiet,</span> <span class='ocrx_word' id='word_1_210' title='bbox 772 2379 856 2422; x_wconf 79' lang='lat' dir='ltr'>quis</span> <span class='ocrx_word' id='word_1_211' title='bbox 876 2389 950 2411; x_wconf 76' lang='lat' dir='ltr'>mm</span> <span class='ocrx_word' id='word_1_212' title='bbox 969 2381 1074 2412; x_wconf 81' lang='lat' dir='ltr'>time-</span> 
     </span>
     <span class='ocr_line' id='line_1_34' title="bbox 62 2419 1074 2483; baseline 0.017 -25"><span class='ocrx_word' id='word_1_213' title='bbox 62 2419 162 2460; x_wconf 76' lang='lat' dir='ltr'>bit³?</span> <span class='ocrx_word' id='word_1_214' title='bbox 188 2426 297 2475; x_wconf 83' lang='lat' dir='ltr'>Fugit</span> <span class='ocrx_word' id='word_1_215' title='bbox 323 2429 535 2467; x_wconf 90' lang='lat' dir='ltr'>secundum</span> <span class='ocrx_word' id='word_1_216' title='bbox 558 2442 797 2483; x_wconf 82' lang='lat' dir='ltr'>praeceptum</span> <span class='ocrx_word' id='word_1_217' title='bbox 830 2437 988 2474; x_wconf 88' lang='lat' dir='ltr'>Domini</span> <span class='ocrx_word' id='word_1_218' title='bbox 1014 2437 1074 2474; x_wconf 85' lang='lat' dir='ltr'>di—</span> 
     </span>
     <span class='ocr_line' id='line_1_35' title="bbox 62 2484 1070 2543; baseline 0.013 -23"><span class='ocrx_word' id='word_1_219' title='bbox 62 2484 175 2522; x_wconf 87' lang='lat' dir='ltr'>centis</span> <span class='ocrx_word' id='word_1_220' title='bbox 196 2488 262 2523; x_wconf 83' lang='lat' dir='ltr'>:Si</span> <span class='ocrx_word' id='word_1_221' title='bbox 285 2501 354 2525; x_wconf 82' lang='lat' dir='ltr'>vos</span> <span class='ocrx_word' id='word_1_222' title='bbox 369 2496 558 2538; x_wconf 77' lang='lat' dir='ltr'>persecuti</span> <span class='ocrx_word' id='word_1_223' title='bbox 571 2490 723 2540; x_wconf 73' lang='lat' dir='ltr'>suerint</span> <span class='ocrx_word' id='word_1_224' title='bbox 742 2500 781 2531; x_wconf 78' lang='lat' dir='ltr'>in</span> <span class='ocrx_word' id='word_1_225' title='bbox 809 2510 883 2532; x_wconf 76' lang='lat' dir='ltr'>mm</span> <span class='ocrx_word' id='word_1_226' title='bbox 905 2502 1070 2543; x_wconf 72' lang='lat' dir='ltr'>civitate,</span> 
     </span>
     <span class='ocr_line' id='line_1_36' title="bbox 56 2542 1069 2603; baseline 0.018 -24"><span class='ocrx_word' id='word_1_227' title='bbox 56 2542 177 2595; x_wconf 75' lang='lat' dir='ltr'>sugite</span> <span class='ocrx_word' id='word_1_228' title='bbox 201 2551 240 2583; x_wconf 81' lang='lat' dir='ltr'>in</span> <span class='ocrx_word' id='word_1_229' title='bbox 266 2551 384 2587; x_wconf 80' lang='lat' dir='ltr'>aliam</span> <span class='ocrx_word' id='word_1_230' title='bbox 395 2551 424 2588; x_wconf 66' lang='lat'>4.</span> <span class='ocrx_word' id='word_1_231' title='bbox 447 2553 579 2603; x_wconf 78' lang='lat' dir='ltr'>Fugit,</span> <span class='ocrx_word' id='word_1_232' title='bbox 606 2563 645 2591; x_wconf 90' lang='lat' dir='ltr'>et</span> <span class='ocrx_word' id='word_1_233' title='bbox 668 2555 708 2592; x_wconf 90' lang='lat' dir='ltr'>in</span> <span class='ocrx_word' id='word_1_234' title='bbox 737 2556 811 2594; x_wconf 91' lang='lat' dir='ltr'>hoc</span> <span class='ocrx_word' id='word_1_235' title='bbox 834 2572 923 2596; x_wconf 83' lang='lat' dir='ltr'>vere</span> <span class='ocrx_word' id='word_1_236' title='bbox 944 2560 1069 2597; x_wconf 79' lang='lat' dir='ltr'>virum</span> 
     </span>
     <span class='ocr_line' id='line_1_37' title="bbox 63 2609 1071 2669; baseline 0.017 -27"><span class='ocrx_word' id='word_1_237' title='bbox 63 2616 101 2642; x_wconf 87' lang='lat' dir='ltr'>se</span> <span class='ocrx_word' id='word_1_238' title='bbox 124 2609 374 2658; x_wconf 86' lang='lat' dir='ltr'>apostolicum</span> <span class='ocrx_word' id='word_1_239' title='bbox 395 2612 586 2663; x_wconf 86' lang='lat' dir='ltr'>probans,</span> <span class='ocrx_word' id='word_1_240' title='bbox 612 2617 718 2666; x_wconf 86' lang='lat' dir='ltr'>quod</span> <span class='ocrx_word' id='word_1_241' title='bbox 749 2621 962 2669; x_wconf 86' lang='lat' dir='ltr'>apostolica</span> <span class='ocrx_word' id='word_1_242' title='bbox 989 2634 1071 2658; x_wconf 89' lang='lat' dir='ltr'>sese</span> 
     </span>
    </p>
   </div>
   <div class='ocr_carea' id='block_1_16' title="bbox 1148 362 2180 1097">
    <p class='ocr_par' dir='ltr' id='par_1_16' title="bbox 1148 362 2180 1097">
     <span class='ocr_line' id='line_1_38' title="bbox 1155 362 2180 418; baseline 0.017 -19"><span class='ocrx_word' id='word_1_243' title='bbox 1155 362 1275 409; x_wconf 85' lang='lat' dir='ltr'>Urbe,</span> <span class='ocrx_word' id='word_1_244' title='bbox 1295 364 1342 401; x_wconf 87' lang='lat' dir='ltr'>ab</span> <span class='ocrx_word' id='word_1_245' title='bbox 1364 365 1458 403; x_wconf 84' lang='lat' dir='ltr'>orbe</span> <span class='ocrx_word' id='word_1_246' title='bbox 1477 368 1694 418; x_wconf 87' lang='lat' dir='ltr'>suscipitur.</span> <span class='ocrx_word' id='word_1_247' title='bbox 1714 375 1746 406; x_wconf 71' lang='lat' dir='ltr'>A</span> <span class='ocrx_word' id='word_1_248' title='bbox 1764 370 1904 408; x_wconf 82' lang='lat' dir='ltr'>linibus</span> <span class='ocrx_word' id='word_1_249' title='bbox 1925 382 2033 412; x_wconf 74' lang='lat' dir='ltr'>tcrrae</span> <span class='ocrx_word' id='word_1_250' title='bbox 2049 390 2180 417; x_wconf 88' lang='lat' dir='ltr'>occur-</span> 
     </span>
     <span class='ocr_line' id='line_1_39' title="bbox 1155 423 2178 483; baseline 0.016 -24"><span class='ocrx_word' id='word_1_251' title='bbox 1155 423 1251 460; x_wconf 87' lang='lat' dir='ltr'>ritur</span> <span class='ocrx_word' id='word_1_252' title='bbox 1277 439 1364 462; x_wconf 91' lang='lat' dir='ltr'>cum</span> <span class='ocrx_word' id='word_1_253' title='bbox 1392 427 1556 476; x_wconf 87' lang='lat' dir='ltr'>panibus</span> <span class='ocrx_word' id='word_1_254' title='bbox 1587 429 1768 478; x_wconf 73' lang='lat' dir='ltr'>fugienti,</span> <span class='ocrx_word' id='word_1_255' title='bbox 1796 432 1866 468; x_wconf 82' lang='lat' dir='ltr'>etsi</span> <span class='ocrx_word' id='word_1_256' title='bbox 1897 434 2004 471; x_wconf 81' lang='lat' dir='ltr'>furor</span> <span class='ocrx_word' id='word_1_257' title='bbox 2032 440 2178 483; x_wconf 84' lang='lat' dir='ltr'>Semci,</span> 
     </span>
     <span class='ocr_line' id='line_1_40' title="bbox 1153 485 2180 548; baseline 0.016 -28"><span class='ocrx_word' id='word_1_258' title='bbox 1153 485 1317 522; x_wconf 87' lang='lat' dir='ltr'>Gerardi</span> <span class='ocrx_word' id='word_1_259' title='bbox 1337 488 1660 537; x_wconf 74' lang='lat' dir='ltr'>Engolismensis,</span> <span class='ocrx_word' id='word_1_260' title='bbox 1686 491 1858 528; x_wconf 89' lang='lat' dir='ltr'>nondum</span> <span class='ocrx_word' id='word_1_261' title='bbox 1886 507 1933 530; x_wconf 74' lang='lat' dir='ltr'>ex</span> <span class='ocrx_word' id='word_1_262' title='bbox 1964 504 2044 533; x_wconf 85' lang='lat' dir='ltr'>toto</span> <span class='ocrx_word' id='word_1_263' title='bbox 2072 500 2180 548; x_wconf 79' lang='lat' dir='ltr'>quic-</span> 
     </span>
     <span class='ocr_line' id='line_1_41' title="bbox 1152 547 2180 610; baseline 0.017 -30"><span class='ocrx_word' id='word_1_264' title='bbox 1152 553 1231 581; x_wconf 87' lang='lat' dir='ltr'>scat</span> <span class='ocrx_word' id='word_1_265' title='bbox 1252 547 1481 586; x_wconf 77' lang='lat' dir='ltr'>maledicere</span> <span class='ocrx_word' id='word_1_266' title='bbox 1498 550 1634 587; x_wconf 76' lang='lat' dir='ltr'>David.</span> <span class='ocrx_word' id='word_1_267' title='bbox 1657 552 1778 598; x_wconf 69' lang='lat' dir='ltr'>Velit,</span> <span class='ocrx_word' id='word_1_268' title='bbox 1802 554 1897 590; x_wconf 89' lang='lat' dir='ltr'>nolit</span> <span class='ocrx_word' id='word_1_269' title='bbox 1919 566 2098 605; x_wconf 80' lang='lat' dir='ltr'>peccator</span> <span class='ocrx_word' id='word_1_270' title='bbox 2115 563 2180 610; x_wconf 89' lang='lat' dir='ltr'>qui</span> 
     </span>
     <span class='ocr_line' id='line_1_42' title="bbox 1153 605 2180 668; baseline 0.017 -28"><span class='ocrx_word' id='word_1_271' title='bbox 1153 605 1258 642; x_wconf 64' lang='lat' dir='ltr'>videt</span> <span class='ocrx_word' id='word_1_272' title='bbox 1289 615 1327 643; x_wconf 89' lang='lat' dir='ltr'>et</span> <span class='ocrx_word' id='word_1_273' title='bbox 1356 608 1558 657; x_wconf 75' lang='lat' dir='ltr'>irascitur,</span> <span class='ocrx_word' id='word_1_274' title='bbox 1589 612 1857 661; x_wconf 77' lang='lat' dir='ltr'>magnificatur</span> <span class='ocrx_word' id='word_1_275' title='bbox 1886 614 1926 651; x_wconf 89' lang='lat' dir='ltr'>in</span> <span class='ocrx_word' id='word_1_276' title='bbox 1968 630 2180 668; x_wconf 86' lang='lat' dir='ltr'>conspectu</span> 
     </span>
     <span class='ocr_line' id='line_1_43' title="bbox 1152 674 2179 728; baseline 0.016 -26"><span class='ocrx_word' id='word_1_277' title='bbox 1152 679 1306 716; x_wconf 75' lang='lat' dir='ltr'>regum,</span> <span class='ocrx_word' id='word_1_278' title='bbox 1327 678 1487 718; x_wconf 84' lang='lat' dir='ltr'>portans</span> <span class='ocrx_word' id='word_1_279' title='bbox 1508 685 1690 709; x_wconf 78' lang='lat' dir='ltr'>coronam</span> <span class='ocrx_word' id='word_1_280' title='bbox 1716 674 1859 722; x_wconf 71' lang='lat' dir='ltr'>gloriae.</span> <span class='ocrx_word' id='word_1_281' title='bbox 1882 679 2079 728; x_wconf 68' lang='lat' dir='ltr'>Numquid</span> <span class='ocrx_word' id='word_1_282' title='bbox 2100 695 2179 719; x_wconf 83' lang='lat' dir='ltr'>non</span> 
     </span>
     <span class='ocr_line' id='line_1_44' title="bbox 1151 731 2176 789; baseline 0.015 -25"><span class='ocrx_word' id='word_1_283' title='bbox 1151 741 1285 766; x_wconf 89' lang='lat' dir='ltr'>omnes</span> <span class='ocrx_word' id='word_1_284' title='bbox 1316 731 1508 782; x_wconf 81' lang='lat' dir='ltr'>principes</span> <span class='ocrx_word' id='word_1_285' title='bbox 1534 744 1804 783; x_wconf 72' lang='lat' dir='ltr'>cognoverunt</span> <span class='ocrx_word' id='word_1_286' title='bbox 1830 736 1921 786; x_wconf 86' lang='lat' dir='ltr'>quia</span> <span class='ocrx_word' id='word_1_287' title='bbox 1938 738 2019 789; x_wconf 87' lang='lat' dir='ltr'>ipse</span> <span class='ocrx_word' id='word_1_288' title='bbox 2038 749 2094 777; x_wconf 86' lang='lat' dir='ltr'>est</span> <span class='ocrx_word' id='word_1_289' title='bbox 2116 756 2176 779; x_wconf 67' lang='lat' dir='ltr'>ve-</span> 
     </span>
     <span class='ocr_line' id='line_1_45' title="bbox 1151 792 2178 853; baseline 0.014 -27"><span class='ocrx_word' id='word_1_290' title='bbox 1151 803 1191 826; x_wconf 83' lang='lat' dir='ltr'>re</span> <span class='ocrx_word' id='word_1_291' title='bbox 1218 792 1288 828; x_wconf 88' lang='lat' dir='ltr'>Dei</span> <span class='ocrx_word' id='word_1_292' title='bbox 1311 793 1477 831; x_wconf 77' lang='lat' dir='ltr'>electus?</span> <span class='ocrx_word' id='word_1_293' title='bbox 1498 798 1755 843; x_wconf 83' lang='lat' dir='ltr'>Francorum,</span> <span class='ocrx_word' id='word_1_294' title='bbox 1774 798 2010 847; x_wconf 69' lang='lat' dir='ltr'>Anglmum,</span> <span class='ocrx_word' id='word_1_295' title='bbox 2035 802 2178 853; x_wconf 81' lang='lat' dir='ltr'>Hispa-</span> 
     </span>
     <span class='ocr_line' id='line_1_46' title="bbox 1151 861 2177 909; baseline 0.014 -21"><span class='ocrx_word' id='word_1_296' title='bbox 1151 864 1316 899; x_wconf 90' lang='lat' dir='ltr'>norum,</span> <span class='ocrx_word' id='word_1_297' title='bbox 1348 863 1386 891; x_wconf 88' lang='lat' dir='ltr'>ct</span> <span class='ocrx_word' id='word_1_298' title='bbox 1421 864 1619 906; x_wconf 84' lang='lat' dir='ltr'>postremo</span> <span class='ocrx_word' id='word_1_299' title='bbox 1645 861 1911 896; x_wconf 79' lang='lat' dir='ltr'>Romanorum</span> <span class='ocrx_word' id='word_1_300' title='bbox 1946 874 2034 909; x_wconf 72' lang='lat' dir='ltr'>rex,</span> <span class='ocrx_word' id='word_1_301' title='bbox 2056 866 2177 901; x_wconf 77' lang='lat' dir='ltr'>Inno—</span> 
     </span>
     <span class='ocr_line' id='line_1_47' title="bbox 1150 914 2176 973; baseline 0.014 -24"><span class='ocrx_word' id='word_1_302' title='bbox 1150 914 1316 951; x_wconf 87' lang='lat' dir='ltr'>centium</span> <span class='ocrx_word' id='word_1_303' title='bbox 1343 916 1380 952; x_wconf 91' lang='lat' dir='ltr'>in</span> <span class='ocrx_word' id='word_1_304' title='bbox 1406 921 1549 967; x_wconf 83' lang='lat' dir='ltr'>Papam</span> <span class='ocrx_word' id='word_1_305' title='bbox 1573 919 1807 969; x_wconf 86' lang='lat' dir='ltr'>suscipiunt,</span> <span class='ocrx_word' id='word_1_306' title='bbox 1831 929 1868 957; x_wconf 89' lang='lat' dir='ltr'>ct</span> <span class='ocrx_word' id='word_1_307' title='bbox 1892 935 2176 973; x_wconf 81' lang='lat' dir='ltr'>recognoscunt</span> 
     </span>
     <span class='ocr_line' id='line_1_48' title="bbox 1148 974 2176 1029; baseline 0.015 -19"><span class='ocrx_word' id='word_1_308' title='bbox 1148 974 1382 1025; x_wconf 78' lang='lat' dir='ltr'>singularem</span> <span class='ocrx_word' id='word_1_309' title='bbox 1411 978 1638 1029; x_wconf 86' lang='lat' dir='ltr'>episcopum</span> <span class='ocrx_word' id='word_1_310' title='bbox 1669 980 1885 1018; x_wconf 85' lang='lat' dir='ltr'>animarum</span> <span class='ocrx_word' id='word_1_311' title='bbox 1911 996 2081 1023; x_wconf 87' lang='lat' dir='ltr'>suarum.</span> <span class='ocrx_word' id='word_1_312' title='bbox 2105 990 2176 1025; x_wconf 90' lang='lat' dir='ltr'>So-</span> 
     </span>
     <span class='ocr_line' id='line_1_49' title="bbox 1152 1034 2175 1097; baseline 0.015 -26"><span class='ocrx_word' id='word_1_313' title='bbox 1152 1034 1211 1072; x_wconf 89' lang='lat' dir='ltr'>lus</span> <span class='ocrx_word' id='word_1_314' title='bbox 1231 1035 1355 1074; x_wconf 88' lang='lat' dir='ltr'>adhuc</span> <span class='ocrx_word' id='word_1_315' title='bbox 1384 1038 1535 1088; x_wconf 76' lang='lat' dir='ltr'>ignorat</span> <span class='ocrx_word' id='word_1_316' title='bbox 1556 1040 1757 1091; x_wconf 84' lang='lat' dir='ltr'>Achitopel</span> <span class='ocrx_word' id='word_1_317' title='bbox 1784 1056 1897 1079; x_wconf 87' lang='lat' dir='ltr'>suum</span> <span class='ocrx_word' id='word_1_318' title='bbox 1923 1043 2002 1094; x_wconf 83' lang='lat' dir='ltr'>jam</span> <span class='ocrx_word' id='word_1_319' title='bbox 2025 1050 2175 1097; x_wconf 73' lang='lat' dir='ltr'>patefa-</span> 
     </span>
    </p>
   </div>
   <div class='ocr_carea' id='block_1_17' title="bbox 1095 1093 2170 1149">
    <p class='ocr_par' dir='ltr' id='par_1_17' title="bbox 1095 1093 2170 1149">
     <span class='ocr_line' id='line_1_50' title="bbox 1095 1093 2170 1149; baseline 0.016 -19"><span class='ocrx_word' id='word_1_320' title='bbox 1095 1093 1122 1128; x_wconf 89' lang='lat' dir='ltr'>B</span> <span class='ocrx_word' id='word_1_321' title='bbox 1145 1103 1246 1132; x_wconf 91' lang='lat' dir='ltr'>ctum</span> <span class='ocrx_word' id='word_1_322' title='bbox 1267 1110 1309 1134; x_wconf 88' lang='lat' dir='ltr'>ac</span> <span class='ocrx_word' id='word_1_323' title='bbox 1326 1098 1552 1149; x_wconf 88' lang='lat' dir='ltr'>dissipatum</span> <span class='ocrx_word' id='word_1_324' title='bbox 1569 1101 1808 1139; x_wconf 66' lang='lat' dir='ltr'>consiliumfi.</span> <span class='ocrx_word' id='word_1_325' title='bbox 1834 1108 1990 1143; x_wconf 86' lang='lat' dir='ltr'>Frustra</span> <span class='ocrx_word' id='word_1_326' title='bbox 2011 1110 2170 1147; x_wconf 88' lang='lat' dir='ltr'>molitur</span> 
     </span>
    </p>
   </div>
   <div class='ocr_carea' id='block_1_18' title="bbox 1139 1157 2172 2674">
    <p class='ocr_par' dir='ltr' id='par_1_18' title="bbox 1145 1157 2172 1868">
     <span class='ocr_line' id='line_1_51' title="bbox 1152 1157 2169 1219; baseline 0.015 -26"><span class='ocrx_word' id='word_1_327' title='bbox 1152 1157 1267 1194; x_wconf 84' lang='lat' dir='ltr'>miser</span> <span class='ocrx_word' id='word_1_328' title='bbox 1286 1172 1403 1209; x_wconf 88' lang='lat' dir='ltr'>super</span> <span class='ocrx_word' id='word_1_329' title='bbox 1423 1161 1612 1211; x_wconf 88' lang='lat' dir='ltr'>populum</span> <span class='ocrx_word' id='word_1_330' title='bbox 1632 1163 1702 1199; x_wconf 85' lang='lat' dir='ltr'>Dei</span> <span class='ocrx_word' id='word_1_331' title='bbox 1724 1165 1932 1213; x_wconf 75' lang='lat' dir='ltr'>malignare</span> <span class='ocrx_word' id='word_1_332' title='bbox 1952 1170 2169 1219; x_wconf 87' lang='lat' dir='ltr'>consilium,</span> 
     </span>
     <span class='ocr_line' id='line_1_52' title="bbox 1150 1220 2170 1269; baseline 0.015 -15"><span class='ocrx_word' id='word_1_333' title='bbox 1150 1226 1188 1254; x_wconf 86' lang='lat' dir='ltr'>et</span> <span class='ocrx_word' id='word_1_334' title='bbox 1213 1220 1380 1269; x_wconf 74' lang='lat' dir='ltr'>cogitare</span> <span class='ocrx_word' id='word_1_335' title='bbox 1408 1221 1591 1259; x_wconf 82' lang='lat' dir='ltr'>adversus</span> <span class='ocrx_word' id='word_1_336' title='bbox 1621 1232 1772 1261; x_wconf 88' lang='lat' dir='ltr'>sanctos</span> <span class='ocrx_word' id='word_1_337' title='bbox 1799 1235 1930 1263; x_wconf 85' lang='lat' dir='ltr'>sancto</span> <span class='ocrx_word' id='word_1_338' title='bbox 1954 1230 2170 1269; x_wconf 85' lang='lat' dir='ltr'>firmissime</span> 
     </span>
     <span class='ocr_line' id='line_1_53' title="bbox 1149 1278 2170 1341; baseline 0.015 -26"><span class='ocrx_word' id='word_1_339' title='bbox 1149 1278 1406 1327; x_wconf 65' lang='lat' dir='ltr'>adhaerentes,</span> <span class='ocrx_word' id='word_1_340' title='bbox 1443 1290 1481 1318; x_wconf 87' lang='lat' dir='ltr'>et</span> <span class='ocrx_word' id='word_1_341' title='bbox 1517 1291 1810 1322; x_wconf 78' lang='lat' dir='ltr'>contemnentes</span> <span class='ocrx_word' id='word_1_342' title='bbox 1848 1301 2010 1326; x_wconf 75' lang='lat' dir='ltr'>curvare</span> <span class='ocrx_word' id='word_1_343' title='bbox 2047 1306 2170 1341; x_wconf 69' lang='lat' dir='ltr'>genua</span> 
     </span>
     <span class='ocr_line' id='line_1_54' title="bbox 1148 1341 2171 1399; baseline 0.015 -24"><span class='ocrx_word' id='word_1_344' title='bbox 1148 1347 1235 1376; x_wconf 88' lang='lat' dir='ltr'>ante</span> <span class='ocrx_word' id='word_1_345' title='bbox 1269 1341 1370 1377; x_wconf 89' lang='lat' dir='ltr'>Baal.</span> <span class='ocrx_word' id='word_1_346' title='bbox 1404 1341 1516 1378; x_wconf 63' lang='lat' dir='ltr'>Nulla</span> <span class='ocrx_word' id='word_1_347' title='bbox 1548 1342 1682 1379; x_wconf 85' lang='lat' dir='ltr'>fraude</span> <span class='ocrx_word' id='word_1_348' title='bbox 1715 1346 1941 1393; x_wconf 72' lang='lat' dir='ltr'>praevalebit</span> <span class='ocrx_word' id='word_1_349' title='bbox 1969 1352 2171 1399; x_wconf 76' lang='lat' dir='ltr'>parricidae</span> 
     </span>
     <span class='ocr_line' id='line_1_55' title="bbox 1147 1400 2172 1462; baseline 0.014 -25"><span class='ocrx_word' id='word_1_350' title='bbox 1147 1413 1217 1437; x_wconf 88' lang='lat' dir='ltr'>suo</span> <span class='ocrx_word' id='word_1_351' title='bbox 1247 1400 1423 1439; x_wconf 89' lang='lat' dir='ltr'>obtinere</span> <span class='ocrx_word' id='word_1_352' title='bbox 1448 1417 1609 1453; x_wconf 79' lang='lat' dir='ltr'>regnum</span> <span class='ocrx_word' id='word_1_353' title='bbox 1637 1418 1754 1455; x_wconf 89' lang='lat' dir='ltr'>super</span> <span class='ocrx_word' id='word_1_354' title='bbox 1776 1408 1891 1444; x_wconf 87' lang='lat' dir='ltr'>Israel</span> <span class='ocrx_word' id='word_1_355' title='bbox 1912 1418 1949 1446; x_wconf 87' lang='lat' dir='ltr'>et</span> <span class='ocrx_word' id='word_1_356' title='bbox 1975 1424 2092 1462; x_wconf 88' lang='lat' dir='ltr'>super</span> <span class='ocrx_word' id='word_1_357' title='bbox 2118 1415 2172 1451; x_wconf 88' lang='lat' dir='ltr'>ci-</span> 
     </span>
     <span class='ocr_line' id='line_1_56' title="bbox 1149 1462 2171 1514; baseline 0.013 -16"><span class='ocrx_word' id='word_1_358' title='bbox 1149 1462 1304 1500; x_wconf 72' lang='lat' dir='ltr'>vitatem</span> <span class='ocrx_word' id='word_1_359' title='bbox 1334 1472 1526 1510; x_wconf 86' lang='lat' dir='ltr'>sanctam,</span> <span class='ocrx_word' id='word_1_360' title='bbox 1553 1478 1639 1514; x_wconf 86' lang='lat' dir='ltr'>quae</span> <span class='ocrx_word' id='word_1_361' title='bbox 1668 1474 1725 1501; x_wconf 88' lang='lat' dir='ltr'>est</span> <span class='ocrx_word' id='word_1_362' title='bbox 1753 1468 1918 1505; x_wconf 83' lang='lat' dir='ltr'>Ecclesia</span> <span class='ocrx_word' id='word_1_363' title='bbox 1942 1472 2012 1508; x_wconf 88' lang='lat' dir='ltr'>Dei</span> <span class='ocrx_word' id='word_1_364' title='bbox 2034 1473 2171 1511; x_wconf 69' lang='lat' dir='ltr'>viven-</span> 
     </span>
     <span class='ocr_line' id='line_1_57' title="bbox 1147 1523 2165 1573; baseline 0.014 -14"><span class='ocrx_word' id='word_1_365' title='bbox 1147 1523 1216 1569; x_wconf 88' lang='lat' dir='ltr'>tis,</span> <span class='ocrx_word' id='word_1_366' title='bbox 1249 1524 1430 1561; x_wconf 88' lang='lat' dir='ltr'>columna</span> <span class='ocrx_word' id='word_1_367' title='bbox 1460 1525 1570 1571; x_wconf 86' lang='lat' dir='ltr'>fidei,</span> <span class='ocrx_word' id='word_1_368' title='bbox 1594 1535 1631 1563; x_wconf 89' lang='lat' dir='ltr'>et</span> <span class='ocrx_word' id='word_1_369' title='bbox 1661 1528 1947 1567; x_wconf 84' lang='lat' dir='ltr'>firmamentum</span> <span class='ocrx_word' id='word_1_370' title='bbox 1982 1534 2165 1573; x_wconf 68' lang='lat' dir='ltr'>veritatis.</span> 
     </span>
     <span class='ocr_line' id='line_1_58' title="bbox 1147 1584 2167 1640; baseline 0.011 -18"><span class='ocrx_word' id='word_1_371' title='bbox 1147 1584 1357 1622; x_wconf 88' lang='lat' dir='ltr'>Funiculus</span> <span class='ocrx_word' id='word_1_372' title='bbox 1390 1586 1532 1636; x_wconf 76' lang='lat' dir='ltr'>triplex</span> <span class='ocrx_word' id='word_1_373' title='bbox 1569 1586 1723 1624; x_wconf 81' lang='lat' dir='ltr'>difficile</span> <span class='ocrx_word' id='word_1_374' title='bbox 1757 1591 1986 1640; x_wconf 74' lang='lat' dir='ltr'>rumpiturT.</span> <span class='ocrx_word' id='word_1_375' title='bbox 2022 1595 2167 1633; x_wconf 86' lang='lat' dir='ltr'>Electio</span> 
     </span>
     <span class='ocr_line' id='line_1_59' title="bbox 1146 1645 2167 1704; baseline 0.013 -23"><span class='ocrx_word' id='word_1_376' title='bbox 1146 1646 1370 1694; x_wconf 88' lang='lat' dir='ltr'>meliorum,</span> <span class='ocrx_word' id='word_1_377' title='bbox 1402 1645 1632 1697; x_wconf 84' lang='lat' dir='ltr'>approbatio</span> <span class='ocrx_word' id='word_1_378' title='bbox 1664 1649 1855 1700; x_wconf 86' lang='lat' dir='ltr'>plurium,</span> <span class='ocrx_word' id='word_1_379' title='bbox 1887 1661 1945 1697; x_wconf 90' lang='lat' dir='ltr'>et,</span> <span class='ocrx_word' id='word_1_380' title='bbox 1972 1655 2078 1704; x_wconf 87' lang='lat' dir='ltr'>quod</span> <span class='ocrx_word' id='word_1_381' title='bbox 2111 1657 2167 1695; x_wconf 89' lang='lat' dir='ltr'>his</span> 
     </span>
     <span class='ocr_line' id='line_1_60' title="bbox 1145 1706 2167 1759; baseline 0.013 -18"><span class='ocrx_word' id='word_1_382' title='bbox 1145 1706 1336 1743; x_wconf 86' lang='lat' dir='ltr'>efficacius</span> <span class='ocrx_word' id='word_1_383' title='bbox 1370 1715 1445 1753; x_wconf 86' lang='lat' dir='ltr'>est,</span> <span class='ocrx_word' id='word_1_384' title='bbox 1474 1721 1625 1745; x_wconf 90' lang='lat' dir='ltr'>morum</span> <span class='ocrx_word' id='word_1_385' title='bbox 1654 1711 1864 1759; x_wconf 87' lang='lat' dir='ltr'>attestatiO,</span> <span class='ocrx_word' id='word_1_386' title='bbox 1897 1716 2167 1755; x_wconf 88' lang='lat' dir='ltr'>Innocentium</span> 
     </span>
     <span class='ocr_line' id='line_1_61' title="bbox 1145 1767 2168 1817; baseline 0.013 -14"><span class='ocrx_word' id='word_1_387' title='bbox 1145 1767 1249 1817; x_wconf 91' lang='lat' dir='ltr'>apud</span> <span class='ocrx_word' id='word_1_388' title='bbox 1286 1782 1421 1805; x_wconf 86' lang='lat' dir='ltr'>omnes</span> <span class='ocrx_word' id='word_1_389' title='bbox 1455 1770 1751 1817; x_wconf 88' lang='lat' dir='ltr'>commendant,</span> <span class='ocrx_word' id='word_1_390' title='bbox 1788 1786 1981 1811; x_wconf 87' lang='lat' dir='ltr'>summum</span> <span class='ocrx_word' id='word_1_391' title='bbox 2023 1780 2168 1816; x_wconf 76' lang='lat' dir='ltr'>coufir-</span> 
     </span>
     <span class='ocr_line' id='line_1_62' title="bbox 1147 1830 1511 1868; baseline 0.008 -4"><span class='ocrx_word' id='word_1_392' title='bbox 1147 1837 1252 1865; x_wconf 88' lang='lat' dir='ltr'>mant</span> <span class='ocrx_word' id='word_1_393' title='bbox 1273 1830 1511 1868; x_wconf 83' lang='lat' dir='ltr'>Pontificem.</span> 
     </span>
    </p>

    <p class='ocr_par' dir='ltr' id='par_1_19' title="bbox 1139 1891 2165 2674">
     <span class='ocr_line' id='line_1_63' title="bbox 1199 1891 2165 1950; baseline 0.013 -24"><span class='ocrx_word' id='word_1_394' title='bbox 1199 1891 1234 1927; x_wconf 88' lang='lat'>3.</span> <span class='ocrx_word' id='word_1_395' title='bbox 1256 1891 1315 1928; x_wconf 91' lang='lat' dir='ltr'>Ad</span> <span class='ocrx_word' id='word_1_396' title='bbox 1343 1892 1449 1942; x_wconf 85' lang='lat' dir='ltr'>quod</span> <span class='ocrx_word' id='word_1_397' title='bbox 1475 1906 1565 1929; x_wconf 89' lang='lat' dir='ltr'>sane</span> <span class='ocrx_word' id='word_1_398' title='bbox 1587 1901 1624 1930; x_wconf 87' lang='lat' dir='ltr'>et</span> <span class='ocrx_word' id='word_1_399' title='bbox 1640 1902 1789 1942; x_wconf 66' lang='lat' dir='ltr'>vestra,</span> <span class='ocrx_word' id='word_1_400' title='bbox 1815 1905 1947 1946; x_wconf 87' lang='lat' dir='ltr'>pater,</span> <span class='ocrx_word' id='word_1_401' title='bbox 1968 1910 2165 1950; x_wconf 72' lang='lat' dir='ltr'>exspecta-</span> 
     </span>
     <span class='ocr_line' id='line_1_64' title="bbox 1143 1953 2164 2003; baseline 0.012 -15"><span class='ocrx_word' id='word_1_402' title='bbox 1143 1959 1226 1998; x_wconf 88' lang='lat' dir='ltr'>tur,</span> <span class='ocrx_word' id='word_1_403' title='bbox 1251 1953 1348 1990; x_wconf 91' lang='lat' dir='ltr'>sicut</span> <span class='ocrx_word' id='word_1_404' title='bbox 1367 1954 1500 2003; x_wconf 80' lang='lat' dir='ltr'>pluvia</span> <span class='ocrx_word' id='word_1_405' title='bbox 1531 1953 1570 1991; x_wconf 92' lang='lat' dir='ltr'>in</span> <span class='ocrx_word' id='word_1_406' title='bbox 1600 1956 1740 2001; x_wconf 77' lang='lat' dir='ltr'>vellus,</span> <span class='ocrx_word' id='word_1_407' title='bbox 1767 1958 1827 1994; x_wconf 69' lang='lat' dir='ltr'>vel</span> <span class='ocrx_word' id='word_1_408' title='bbox 1854 1972 1937 1996; x_wconf 88' lang='lat' dir='ltr'>sera</span> <span class='ocrx_word' id='word_1_409' title='bbox 1964 1963 2164 2000; x_wconf 83' lang='lat' dir='ltr'>sententia.</span> 
     </span>
     <span class='ocr_line' id='line_1_65' title="bbox 1139 2014 2164 2071; baseline 0.013 -22"><span class='ocrx_word' id='word_1_410' title='bbox 1139 2016 1226 2050; x_wconf 72' lang='lat' dir='ltr'>Non</span> <span class='ocrx_word' id='word_1_411' title='bbox 1260 2014 1529 2065; x_wconf 89' lang='lat' dir='ltr'>improbamus</span> <span class='ocrx_word' id='word_1_412' title='bbox 1554 2016 1796 2063; x_wconf 80' lang='lat' dir='ltr'>tarditatem,</span> <span class='ocrx_word' id='word_1_413' title='bbox 1828 2033 1912 2069; x_wconf 84' lang='lat' dir='ltr'>quae</span> <span class='ocrx_word' id='word_1_414' title='bbox 1937 2023 2164 2071; x_wconf 69' lang='lat' dir='ltr'>gravitatem</span> 
     </span>
     <span class='ocr_line' id='line_1_66' title="bbox 1140 2074 2163 2123; baseline 0.012 -12"><span class='ocrx_word' id='word_1_415' title='bbox 1140 2074 1307 2120; x_wconf 83' lang='lat' dir='ltr'>redolet,</span> <span class='ocrx_word' id='word_1_416' title='bbox 1334 2076 1497 2114; x_wconf 76' lang='lat' dir='ltr'>levitatis</span> <span class='ocrx_word' id='word_1_417' title='bbox 1525 2077 1655 2115; x_wconf 85' lang='lat' dir='ltr'>abolet</span> <span class='ocrx_word' id='word_1_418' title='bbox 1678 2087 1822 2118; x_wconf 90' lang='lat' dir='ltr'>notam.</span> <span class='ocrx_word' id='word_1_419' title='bbox 1850 2084 1944 2118; x_wconf 70' lang='lat' dir='ltr'>Nam</span> <span class='ocrx_word' id='word_1_420' title='bbox 1976 2092 2014 2120; x_wconf 91' lang='lat' dir='ltr'>et</span> <span class='ocrx_word' id='word_1_421' title='bbox 2044 2087 2163 2123; x_wconf 78' lang='lat' dir='ltr'>Maria</span> 
     </span>
     <span class='ocr_line' id='line_1_67' title="bbox 1140 2138 2163 2196; baseline 0.012 -24"><span class='ocrx_word' id='word_1_422' title='bbox 1140 2150 1220 2173; x_wconf 88' lang='lat' dir='ltr'>non</span> <span class='ocrx_word' id='word_1_423' title='bbox 1258 2138 1385 2174; x_wconf 88' lang='lat' dir='ltr'>statim</span> <span class='ocrx_word' id='word_1_424' title='bbox 1424 2139 1624 2190; x_wconf 85' lang='lat' dir='ltr'>respondit</span> <span class='ocrx_word' id='word_1_425' title='bbox 1665 2141 1801 2190; x_wconf 77' lang='lat' dir='ltr'>angelo</span> <span class='ocrx_word' id='word_1_426' title='bbox 1839 2143 2163 2196; x_wconf 82' lang='lat' dir='ltr'>salutanti,prius</span> 
     </span>
     <span class='ocr_line' id='line_1_68' title="bbox 1141 2198 2164 2249; baseline 0.01 -15"><span class='ocrx_word' id='word_1_427' title='bbox 1141 2198 1312 2247; x_wconf 72' lang='lat' dir='ltr'>cogitans</span> <span class='ocrx_word' id='word_1_428' title='bbox 1342 2200 1464 2249; x_wconf 89' lang='lat' dir='ltr'>qualis</span> <span class='ocrx_word' id='word_1_429' title='bbox 1497 2208 1595 2237; x_wconf 89' lang='lat' dir='ltr'>esset</span> <span class='ocrx_word' id='word_1_430' title='bbox 1621 2201 1683 2237; x_wconf 87' lang='lat' dir='ltr'>illa</span> <span class='ocrx_word' id='word_1_431' title='bbox 1711 2201 1916 2239; x_wconf 85' lang='lat' dir='ltr'>salutatio8</span> <span class='ocrx_word' id='word_1_432' title='bbox 1940 2219 1948 2240; x_wconf 94' lang='lat'><strong>:</strong></span> <span class='ocrx_word' id='word_1_433' title='bbox 1971 2213 2008 2242; x_wconf 89' lang='lat' dir='ltr'>et</span> <span class='ocrx_word' id='word_1_434' title='bbox 2035 2207 2164 2244; x_wconf 87' lang='lat' dir='ltr'>Timo-</span> 
     </span>
     <span class='ocr_line' id='line_1_69' title="bbox 1141 2258 2161 2315; baseline 0.011 -21"><span class='ocrx_word' id='word_1_435' title='bbox 1141 2258 1230 2295; x_wconf 86' lang='lat' dir='ltr'>theo</span> <span class='ocrx_word' id='word_1_436' title='bbox 1248 2260 1473 2310; x_wconf 77' lang='lat' dir='ltr'>praecipitur</span> <span class='ocrx_word' id='word_1_437' title='bbox 1489 2261 1635 2297; x_wconf 87' lang='lat' dir='ltr'>nemini</span> <span class='ocrx_word' id='word_1_438' title='bbox 1653 2262 1728 2298; x_wconf 91' lang='lat' dir='ltr'>cito</span> <span class='ocrx_word' id='word_1_439' title='bbox 1745 2276 1902 2300; x_wconf 90' lang='lat' dir='ltr'>manum</span> <span class='ocrx_word' id='word_1_440' title='bbox 1921 2265 2121 2315; x_wconf 81' lang='lat' dir='ltr'>imponere</span> <span class='ocrx_word' id='word_1_441' title='bbox 2133 2275 2161 2305; x_wconf 69' lang='lat'>9.</span> 
     </span>
     <span class='ocr_line' id='line_1_70' title="bbox 1141 2320 2162 2376; baseline 0.011 -21"><span class='ocrx_word' id='word_1_442' title='bbox 1141 2320 1236 2356; x_wconf 84' lang='lat' dir='ltr'>Dico</span> <span class='ocrx_word' id='word_1_443' title='bbox 1264 2329 1391 2357; x_wconf 90' lang='lat' dir='ltr'>tamen</span> <span class='ocrx_word' id='word_1_444' title='bbox 1418 2335 1488 2371; x_wconf 78' lang='lat' dir='ltr'>ego</span> <span class='ocrx_word' id='word_1_445' title='bbox 1521 2331 1636 2359; x_wconf 88' lang='lat' dir='ltr'>notus</span> <span class='ocrx_word' id='word_1_446' title='bbox 1665 2324 1863 2370; x_wconf 71' lang='lat' dir='ltr'>Pontifici,</span> <span class='ocrx_word' id='word_1_447' title='bbox 1892 2329 1946 2363; x_wconf 71' lang='lat' dir='ltr'>Ne</span> <span class='ocrx_word' id='word_1_448' title='bbox 1976 2328 2070 2376; x_wconf 86' lang='lat' dir='ltr'>quid</span> <span class='ocrx_word' id='word_1_449' title='bbox 2101 2329 2162 2366; x_wconf 85' lang='lat' dir='ltr'>ni—</span> 
     </span>
     <span class='ocr_line' id='line_1_71' title="bbox 1143 2381 2163 2438; baseline 0.01 -22"><span class='ocrx_word' id='word_1_450' title='bbox 1143 2381 1213 2417; x_wconf 89' lang='lat' dir='ltr'>mis</span> <span class='ocrx_word' id='word_1_451' title='bbox 1250 2396 1257 2418; x_wconf 90' lang='lat'><strong>:</strong></span> <span class='ocrx_word' id='word_1_452' title='bbox 1292 2381 1378 2418; x_wconf 88' lang='lat' dir='ltr'>dico</span> <span class='ocrx_word' id='word_1_453' title='bbox 1412 2391 1454 2419; x_wconf 93' lang='lat' dir='ltr'>ut</span> <span class='ocrx_word' id='word_1_454' title='bbox 1487 2383 1681 2421; x_wconf 86' lang='lat' dir='ltr'>familiaris</span> <span class='ocrx_word' id='word_1_455' title='bbox 1715 2393 1753 2421; x_wconf 90' lang='lat' dir='ltr'>et</span> <span class='ocrx_word' id='word_1_456' title='bbox 1784 2393 1922 2432; x_wconf 86' lang='lat' dir='ltr'>notus,</span> <span class='ocrx_word' id='word_1_457' title='bbox 1956 2390 2044 2424; x_wconf 74' lang='lat' dir='ltr'>Non</span> <span class='ocrx_word' id='word_1_458' title='bbox 2070 2393 2163 2438; x_wconf 76' lang='lat' dir='ltr'>plus</span> 
     </span>
     <span class='ocr_line' id='line_1_72' title="bbox 1139 2448 2162 2498; baseline 0.012 -22"><span class='ocrx_word' id='word_1_459' title='bbox 1139 2455 1274 2491; x_wconf 69' lang='lat' dir='ltr'>sapere</span> <span class='ocrx_word' id='word_1_460' title='bbox 1312 2457 1427 2491; x_wconf 76' lang='lat' dir='ltr'>(suam</span> <span class='ocrx_word' id='word_1_461' title='bbox 1464 2453 1606 2492; x_wconf 76' lang='lat' dir='ltr'>oportet</span> <span class='ocrx_word' id='word_1_462' title='bbox 1634 2451 1826 2493; x_wconf 59' lang='lat' dir='ltr'>saperem.</span> <span class='ocrx_word' id='word_1_463' title='bbox 1849 2448 1994 2496; x_wconf 82' lang='lat' dir='ltr'>Pudet,</span> <span class='ocrx_word' id='word_1_464' title='bbox 2026 2450 2162 2498; x_wconf 82' lang='lat' dir='ltr'>fateor,</span> 
     </span>
     <span class='ocr_line' id='line_1_73' title="bbox 1141 2503 2162 2556; baseline 0.01 -18"><span class='ocrx_word' id='word_1_465' title='bbox 1141 2503 1246 2552; x_wconf 86' lang='lat' dir='ltr'>quod</span> <span class='ocrx_word' id='word_1_466' title='bbox 1267 2517 1425 2554; x_wconf 88' lang='lat' dir='ltr'>serpens</span> <span class='ocrx_word' id='word_1_467' title='bbox 1448 2505 1729 2542; x_wconf 71' lang='lat' dir='ltr'>vetustissimus</span> <span class='ocrx_word' id='word_1_468' title='bbox 1760 2520 1860 2543; x_wconf 76' lang='lat' dir='ltr'>nova</span> <span class='ocrx_word' id='word_1_469' title='bbox 1888 2508 2066 2556; x_wconf 89' lang='lat' dir='ltr'>audacia,</span> <span class='ocrx_word' id='word_1_470' title='bbox 2100 2524 2162 2548; x_wconf 82' lang='lat' dir='ltr'>re—</span> 
     </span>
     <span class='ocr_line' id='line_1_74' title="bbox 1140 2563 2161 2614; baseline 0.009 -15"><span class='ocrx_word' id='word_1_471' title='bbox 1140 2563 1240 2600; x_wconf 89' lang='lat' dir='ltr'>lictis</span> <span class='ocrx_word' id='word_1_472' title='bbox 1280 2563 1551 2614; x_wconf 85' lang='lat' dir='ltr'>insipientibus</span> <span class='ocrx_word' id='word_1_473' title='bbox 1591 2565 1842 2613; x_wconf 86' lang='lat' dir='ltr'>mulieribus,</span> <span class='ocrx_word' id='word_1_474' title='bbox 1882 2568 1995 2606; x_wconf 85' lang='lat' dir='ltr'>etiam</span> <span class='ocrx_word' id='word_1_475' title='bbox 2039 2570 2161 2608; x_wconf 86' lang='lat' dir='ltr'>robur</span> 
     </span>
     <span class='ocr_line' id='line_1_75' title="bbox 1139 2623 2160 2674; baseline 0.01 -16"><span class='ocrx_word' id='word_1_476' title='bbox 1139 2623 1306 2673; x_wconf 86' lang='lat' dir='ltr'>pectoris</span> <span class='ocrx_word' id='word_1_477' title='bbox 1334 2624 1452 2660; x_wconf 70' lang='lat' dir='ltr'>vestri</span> <span class='ocrx_word' id='word_1_478' title='bbox 1482 2624 1586 2661; x_wconf 65' lang='lat' dir='ltr'>visus</span> <span class='ocrx_word' id='word_1_479' title='bbox 1619 2633 1676 2662; x_wconf 88' lang='lat' dir='ltr'>est</span> <span class='ocrx_word' id='word_1_480' title='bbox 1709 2634 1915 2674; x_wconf 84' lang='lat' dir='ltr'>attentare,</span> <span class='ocrx_word' id='word_1_481' title='bbox 1946 2637 1984 2665; x_wconf 92' lang='lat' dir='ltr'>et</span> <span class='ocrx_word' id='word_1_482' title='bbox 2017 2638 2160 2667; x_wconf 88' lang='lat' dir='ltr'>tantam</span> 
     </span>
    </p>
   </div>
   <div class='ocr_carea' id='block_1_19' title="bbox 62 2666 2162 2728">
    <p class='ocr_par' dir='ltr' id='par_1_20' title="bbox 62 2666 2162 2728">
     <span class='ocr_line' id='line_1_76' title="bbox 62 2666 2162 2728; baseline 0.011 -24"><span class='ocrx_word' id='word_1_483' title='bbox 62 2666 178 2706; x_wconf 78' lang='lat' dir='ltr'>forma</span> <span class='ocrx_word' id='word_1_484' title='bbox 209 2670 433 2722; x_wconf 86' lang='lat' dir='ltr'>insignierit.</span> <span class='ocrx_word' id='word_1_485' title='bbox 474 2678 552 2713; x_wconf 85' lang='lat' dir='ltr'>Nec</span> <span class='ocrx_word' id='word_1_486' title='bbox 588 2677 692 2715; x_wconf 90' lang='lat' dir='ltr'>enim</span> <span class='ocrx_word' id='word_1_487' title='bbox 730 2681 871 2718; x_wconf 88' lang='lat' dir='ltr'>Paulus</span> <span class='ocrx_word' id='word_1_488' title='bbox 913 2681 1070 2719; x_wconf 86' lang='lat' dir='ltr'>erubuit</span> <span class='ocrx_word' id='word_1_489' title='bbox 1089 2683 1315 2720; x_wconf 87' lang='lat' dir='ltr'>DEcclesiae</span> <span class='ocrx_word' id='word_1_490' title='bbox 1345 2684 1565 2721; x_wconf 88' lang='lat' dir='ltr'>columnam</span> <span class='ocrx_word' id='word_1_491' title='bbox 1597 2698 1709 2722; x_wconf 87' lang='lat' dir='ltr'>ausus</span> <span class='ocrx_word' id='word_1_492' title='bbox 1738 2696 1957 2725; x_wconf 84' lang='lat' dir='ltr'>concutere.</span> <span class='ocrx_word' id='word_1_493' title='bbox 1988 2691 2162 2728; x_wconf 79' lang='lat' dir='ltr'>Confidi-</span> 
     </span>
    </p>
   </div>
   <div class='ocr_carea' id='block_1_20' title="bbox 52 2727 1075 3026">
    <p class='ocr_par' dir='ltr' id='par_1_21' title="bbox 52 2727 1075 3026">
     <span class='ocr_line' id='line_1_77' title="bbox 63 2727 1075 2788; baseline 0.014 -22"><span class='ocrx_word' id='word_1_494' title='bbox 63 2727 101 2766; x_wconf 86' lang='lat' dir='ltr'>in</span> <span class='ocrx_word' id='word_1_495' title='bbox 137 2739 265 2782; x_wconf 86' lang='lat' dir='ltr'>sporta</span> <span class='ocrx_word' id='word_1_496' title='bbox 303 2733 453 2772; x_wconf 88' lang='lat' dir='ltr'>demitti</span> <span class='ocrx_word' id='word_1_497' title='bbox 482 2750 552 2787; x_wconf 89' lang='lat' dir='ltr'>per</span> <span class='ocrx_word' id='word_1_498' title='bbox 586 2752 764 2788; x_wconf 90' lang='lat' dir='ltr'>murum,</span> <span class='ocrx_word' id='word_1_499' title='bbox 802 2750 841 2778; x_wconf 92' lang='lat' dir='ltr'>et</span> <span class='ocrx_word' id='word_1_500' title='bbox 878 2742 932 2780; x_wconf 88' lang='lat' dir='ltr'>sic</span> <span class='ocrx_word' id='word_1_501' title='bbox 975 2743 1075 2781; x_wconf 84' lang='lat' dir='ltr'>effu-</span> 
     </span>
     <span class='ocr_line' id='line_1_78' title="bbox 64 2799 1075 2845; baseline 0.016 -19"><span class='ocrx_word' id='word_1_502' title='bbox 64 2801 147 2838; x_wconf 85' lang='lat' dir='ltr'>gere</span> <span class='ocrx_word' id='word_1_503' title='bbox 163 2803 297 2831; x_wconf 87' lang='lat' dir='ltr'>manus</span> <span class='ocrx_word' id='word_1_504' title='bbox 324 2799 582 2845; x_wconf 68' lang='lat' dir='ltr'>quaerentium</span> <span class='ocrx_word' id='word_1_505' title='bbox 609 2800 774 2838; x_wconf 87' lang='lat' dir='ltr'>animam</span> <span class='ocrx_word' id='word_1_506' title='bbox 811 2816 917 2840; x_wconf 89' lang='lat' dir='ltr'>suam</span> <span class='ocrx_word' id='word_1_507' title='bbox 932 2802 959 2840; x_wconf 81' lang='lat'>⁵.</span> <span class='ocrx_word' id='word_1_508' title='bbox 980 2805 1075 2842; x_wconf 88' lang='lat' dir='ltr'>Suf-</span> 
     </span>
     <span class='ocr_line' id='line_1_79' title="bbox 52 2847 1074 2910; baseline 0.017 -24"><span class='ocrx_word' id='word_1_509' title='bbox 52 2847 154 2899; x_wconf 80' lang='lat' dir='ltr'>=fugit</span> <span class='ocrx_word' id='word_1_510' title='bbox 179 2860 305 2891; x_wconf 83' lang='lat' dir='ltr'>autem</span> <span class='ocrx_word' id='word_1_511' title='bbox 334 2869 413 2893; x_wconf 90' lang='lat' dir='ltr'>non</span> <span class='ocrx_word' id='word_1_512' title='bbox 444 2871 607 2908; x_wconf 90' lang='lat' dir='ltr'>parcens</span> <span class='ocrx_word' id='word_1_513' title='bbox 638 2861 728 2899; x_wconf 81' lang='lat' dir='ltr'>vitae</span> <span class='ocrx_word' id='word_1_514' title='bbox 761 2876 862 2910; x_wconf 87' lang='lat' dir='ltr'>suae,</span> <span class='ocrx_word' id='word_1_515' title='bbox 886 2864 953 2901; x_wconf 86' lang='lat' dir='ltr'>sed</span> <span class='ocrx_word' id='word_1_516' title='bbox 980 2865 1074 2903; x_wconf 89' lang='lat' dir='ltr'>dans</span> 
     </span>
     <span class='ocr_line' id='line_1_80' title="bbox 53 2908 1075 2972; baseline 0.018 -26"><span class='ocrx_word' id='word_1_517' title='bbox 53 2908 185 2950; x_wconf 84' lang='lat' dir='ltr'>=locum</span> <span class='ocrx_word' id='word_1_518' title='bbox 206 2913 280 2953; x_wconf 79' lang='lat' dir='ltr'>jrae</span> <span class='ocrx_word' id='word_1_519' title='bbox 299 2930 405 2955; x_wconf 90' lang='lat' dir='ltr'>:non</span> <span class='ocrx_word' id='word_1_520' title='bbox 433 2928 477 2956; x_wconf 88' lang='lat' dir='ltr'>ut</span> <span class='ocrx_word' id='word_1_521' title='bbox 508 2929 673 2959; x_wconf 88' lang='lat' dir='ltr'>mortem</span> <span class='ocrx_word' id='word_1_522' title='bbox 705 2924 904 2972; x_wconf 77' lang='lat' dir='ltr'>evaderet,</span> <span class='ocrx_word' id='word_1_523' title='bbox 931 2926 997 2963; x_wconf 86' lang='lat' dir='ltr'>sed</span> <span class='ocrx_word' id='word_1_524' title='bbox 1032 2936 1075 2964; x_wconf 90' lang='lat' dir='ltr'>ut</span> 
     </span>
     <span class='ocr_line' id='line_1_81' title="bbox 53 2967 1075 3026; baseline 0.018 -20"><span class='ocrx_word' id='word_1_525' title='bbox 53 2967 173 3009; x_wconf 76' lang='lat' dir='ltr'>¹vitam</span> <span class='ocrx_word' id='word_1_526' title='bbox 210 2977 435 3026; x_wconf 87' lang='lat' dir='ltr'>acquireret.</span> <span class='ocrx_word' id='word_1_527' title='bbox 465 2981 604 3018; x_wconf 85' lang='lat' dir='ltr'>Merito</span> <span class='ocrx_word' id='word_1_528' title='bbox 643 2983 813 3021; x_wconf 85' lang='lat' dir='ltr'>Ecclesia</span> <span class='ocrx_word' id='word_1_529' title='bbox 843 2988 1075 3024; x_wconf 88' lang='lat' dir='ltr'>Innocentio</span> 
     </span>
    </p>
   </div>
   <div class='ocr_carea' id='block_1_21' title="bbox 65 3033 1076 3144">
    <p class='ocr_par' dir='ltr' id='par_1_22' title="bbox 65 3033 1076 3144">
     <span class='ocr_line' id='line_1_82' title="bbox 65 3033 1076 3095; baseline 0.019 -28"><span class='ocrx_word' id='word_1_530' title='bbox 65 3033 233 3072; x_wconf 86' lang='lat' dir='ltr'>concedit</span> <span class='ocrx_word' id='word_1_531' title='bbox 250 3036 370 3088; x_wconf 90' lang='lat' dir='ltr'>ipsius</span> <span class='ocrx_word' id='word_1_532' title='bbox 397 3040 541 3090; x_wconf 85' lang='lat' dir='ltr'>vicem,</span> <span class='ocrx_word' id='word_1_533' title='bbox 560 3057 677 3093; x_wconf 90' lang='lat' dir='ltr'>quem</span> <span class='ocrx_word' id='word_1_534' title='bbox 705 3058 776 3095; x_wconf 90' lang='lat' dir='ltr'>per</span> <span class='ocrx_word' id='word_1_535' title='bbox 799 3046 933 3084; x_wconf 86' lang='lat' dir='ltr'>eadem</span> <span class='ocrx_word' id='word_1_536' title='bbox 959 3049 1076 3086; x_wconf 80' lang='lat' dir='ltr'>vesti-</span> 
     </span>
     <span class='ocr_line' id='line_1_83' title="bbox 66 3089 554 3144; baseline 0.023 -15"><span class='ocrx_word' id='word_1_537' title='bbox 66 3089 121 3140; x_wconf 85' lang='lat' dir='ltr'>gia</span> <span class='ocrx_word' id='word_1_538' title='bbox 149 3095 382 3144; x_wconf 87' lang='lat' dir='ltr'>gradientem</span> <span class='ocrx_word' id='word_1_539' title='bbox 420 3103 554 3140; x_wconf 88' lang='lat' dir='ltr'>cernit.</span> 
     </span>
    </p>
   </div>
   <div class='ocr_carea' id='block_1_22' title="bbox 1141 2746 2161 2979">
    <p class='ocr_par' dir='ltr' id='par_1_23' title="bbox 1141 2746 2161 2979">
     <span class='ocr_line' id='line_1_84' title="bbox 1143 2746 2161 2802; baseline 0.009 -21"><span class='ocrx_word' id='word_1_540' title='bbox 1143 2758 1228 2781; x_wconf 88' lang='lat' dir='ltr'>mus</span> <span class='ocrx_word' id='word_1_541' title='bbox 1245 2753 1373 2782; x_wconf 89' lang='lat' dir='ltr'>autem</span> <span class='ocrx_word' id='word_1_542' title='bbox 1392 2746 1480 2796; x_wconf 88' lang='lat' dir='ltr'>quia</span> <span class='ocrx_word' id='word_1_543' title='bbox 1494 2746 1564 2783; x_wconf 84' lang='lat' dir='ltr'>etsi</span> <span class='ocrx_word' id='word_1_544' title='bbox 1580 2748 1768 2795; x_wconf 89' lang='lat' dir='ltr'>concutit,</span> <span class='ocrx_word' id='word_1_545' title='bbox 1786 2762 1863 2785; x_wconf 90' lang='lat' dir='ltr'>non</span> <span class='ocrx_word' id='word_1_546' title='bbox 1885 2749 2013 2800; x_wconf 88' lang='lat' dir='ltr'>dejicit</span> <span class='ocrx_word' id='word_1_547' title='bbox 2032 2767 2040 2789; x_wconf 72' lang='grc' dir='ltr'><em>ι</em></span> <span class='ocrx_word' id='word_1_548' title='bbox 2061 2767 2161 2802; x_wconf 84' lang='lat' dir='ltr'>quo—</span> 
     </span>
     <span class='ocr_line' id='line_1_85' title="bbox 1142 2805 2159 2859; baseline 0.008 -17"><span class='ocrx_word' id='word_1_549' title='bbox 1142 2805 1244 2842; x_wconf 91' lang='lat' dir='ltr'>niam</span> <span class='ocrx_word' id='word_1_550' title='bbox 1274 2807 1419 2844; x_wconf 91' lang='lat' dir='ltr'>amicus</span> <span class='ocrx_word' id='word_1_551' title='bbox 1449 2808 1581 2858; x_wconf 91' lang='lat' dir='ltr'>sponsi</span> <span class='ocrx_word' id='word_1_552' title='bbox 1611 2817 1707 2854; x_wconf 88' lang='lat' dir='ltr'>stat,</span> <span class='ocrx_word' id='word_1_553' title='bbox 1733 2817 1770 2846; x_wconf 89' lang='lat' dir='ltr'>et</span> <span class='ocrx_word' id='word_1_554' title='bbox 1800 2810 1939 2859; x_wconf 76' lang='lat' dir='ltr'>gaudet</span> <span class='ocrx_word' id='word_1_555' title='bbox 1958 2812 2005 2849; x_wconf 90' lang='lat' dir='ltr'>ad</span> <span class='ocrx_word' id='word_1_556' title='bbox 2027 2827 2159 2850; x_wconf 83' lang='lat' dir='ltr'>vocem</span> 
     </span>
     <span class='ocr_line' id='line_1_86' title="bbox 1141 2867 2161 2920; baseline 0.008 -17"><span class='ocrx_word' id='word_1_557' title='bbox 1141 2867 1333 2917; x_wconf 82' lang='lat' dir='ltr'>sponsi¹1‚</span> <span class='ocrx_word' id='word_1_558' title='bbox 1351 2881 1485 2905; x_wconf 80' lang='lat' dir='ltr'>vocem</span> <span class='ocrx_word' id='word_1_559' title='bbox 1508 2869 1775 2907; x_wconf 80' lang='lat' dir='ltr'>exsultationis</span> <span class='ocrx_word' id='word_1_560' title='bbox 1797 2879 1834 2907; x_wconf 89' lang='lat' dir='ltr'>et</span> <span class='ocrx_word' id='word_1_561' title='bbox 1855 2871 2004 2920; x_wconf 85' lang='lat' dir='ltr'>salutis,</span> <span class='ocrx_word' id='word_1_562' title='bbox 2027 2887 2161 2911; x_wconf 78' lang='lat' dir='ltr'>vocem</span> 
     </span>
     <span class='ocr_line' id='line_1_87' title="bbox 1142 2928 1514 2979; baseline 0.005 -15"><span class='ocrx_word' id='word_1_563' title='bbox 1142 2928 1297 2966; x_wconf 88' lang='lat' dir='ltr'>unitatis</span> <span class='ocrx_word' id='word_1_564' title='bbox 1326 2937 1363 2966; x_wconf 90' lang='lat' dir='ltr'>et</span> <span class='ocrx_word' id='word_1_565' title='bbox 1399 2929 1514 2979; x_wconf 90' lang='lat' dir='ltr'>pacis.</span> 
     </span>
    </p>
   </div>
   <div class='ocr_carea' id='block_1_23' title="bbox 67 3224 2157 3336">
    <p class='ocr_par' dir='ltr' id='par_1_24' title="bbox 67 3224 2157 3336">
     <span class='ocr_line' id='line_1_88' title="bbox 112 3224 2157 3284; baseline 0.015 -30"><span class='ocrx_word' id='word_1_566' title='bbox 112 3226 124 3242; x_wconf 87' lang='lat'><em>¹</em></span> <span class='ocrx_word' id='word_1_567' title='bbox 140 3224 220 3256; x_wconf 76' lang='lat' dir='ltr'>osee</span> <span class='ocrx_word' id='word_1_568' title='bbox 242 3237 325 3267; x_wconf 83' lang='lat' dir='ltr'>xm,</span> <span class='ocrx_word' id='word_1_569' title='bbox 357 3232 411 3262; x_wconf 85' lang='lat'>14.</span> <span class='ocrx_word' id='word_1_570' title='bbox 429 3250 476 3256; x_wconf 86' lang='lat'>-—</span> <span class='ocrx_word' id='word_1_571' title='bbox 493 3237 507 3253; x_wconf 90' lang='lat'><em>²</em></span> <span class='ocrx_word' id='word_1_572' title='bbox 528 3234 602 3266; x_wconf 87' lang='lat' dir='ltr'>Isai.</span> <span class='ocrx_word' id='word_1_573' title='bbox 623 3247 754 3275; x_wconf 80' lang='lat' dir='ltr'>xxvnt,</span> <span class='ocrx_word' id='word_1_574' title='bbox 785 3240 838 3269; x_wconf 85' lang='lat'>15.</span> <span class='ocrx_word' id='word_1_575' title='bbox 856 3256 901 3260; x_wconf 94' lang='grc'>-</span> <span class='ocrx_word' id='word_1_576' title='bbox 924 3236 938 3260; x_wconf 81' lang='lat'>3</span> <span class='ocrx_word' id='word_1_577' title='bbox 963 3241 1063 3273; x_wconf 82' lang='lat' dir='ltr'>Amos</span> <span class='ocrx_word' id='word_1_578' title='bbox 1084 3253 1144 3281; x_wconf 80' lang='lat'>1¹1,</span> <span class='ocrx_word' id='word_1_579' title='bbox 1166 3246 1199 3274; x_wconf 87' lang='grc'>8.</span> <span class='ocrx_word' id='word_1_580' title='bbox 1217 3243 1293 3270; x_wconf 67' lang='grc'>-4</span> <span class='ocrx_word' id='word_1_581' title='bbox 1309 3243 1428 3275; x_wconf 75' lang='lat' dir='ltr'>Matth.</span> <span class='ocrx_word' id='word_1_582' title='bbox 1448 3255 1488 3282; x_wconf 83' lang='lat' dir='ltr'>x,</span> <span class='ocrx_word' id='word_1_583' title='bbox 1511 3246 1567 3275; x_wconf 86' lang='lat'>23.</span> <span class='ocrx_word' id='word_1_584' title='bbox 1591 3262 1635 3266; x_wconf 88' lang='lat'>-—</span> <span class='ocrx_word' id='word_1_585' title='bbox 1657 3242 1670 3266; x_wconf 85' lang='lat'>⁵</span> <span class='ocrx_word' id='word_1_586' title='bbox 1689 3246 1833 3282; x_wconf 87' lang='lat' dir='ltr'>Act.1x,</span> <span class='ocrx_word' id='word_1_587' title='bbox 1856 3248 1911 3276; x_wconf 86' lang='lat'>25.</span> <span class='ocrx_word' id='word_1_588' title='bbox 1934 3262 1977 3266; x_wconf 83' lang='lat'>—</span> <span class='ocrx_word' id='word_1_589' title='bbox 2000 3241 2016 3265; x_wconf 83' lang='lat'><strong>⁶</strong></span> <span class='ocrx_word' id='word_1_590' title='bbox 2032 3247 2061 3275; x_wconf 82' lang='grc' dir='ltr'><em>Π</em></span> <span class='ocrx_word' id='word_1_591' title='bbox 2081 3247 2157 3284; x_wconf 59' lang='lat' dir='ltr'>Reg-</span> 
     </span>
     <span class='ocr_line' id='line_1_89' title="bbox 67 3283 1976 3336; baseline 0.012 -29"><span class='ocrx_word' id='word_1_592' title='bbox 67 3284 202 3307; x_wconf 86' lang='lat' dir='ltr'>1v11.·—</span> <span class='ocrx_word' id='word_1_593' title='bbox 218 3286 233 3310; x_wconf 96' lang='lat'><em>7</em></span> <span class='ocrx_word' id='word_1_594' title='bbox 250 3283 353 3315; x_wconf 86' lang='lat' dir='ltr'>Eccle.</span> <span class='ocrx_word' id='word_1_595' title='bbox 377 3288 562 3324; x_wconf 69' lang='lat' dir='ltr'>n·,12.—‘—-</span> <span class='ocrx_word' id='word_1_596' title='bbox 589 3288 604 3312; x_wconf 84' lang='grc'>8</span> <span class='ocrx_word' id='word_1_597' title='bbox 623 3292 701 3322; x_wconf 83' lang='lat' dir='ltr'>Luc.</span> <span class='ocrx_word' id='word_1_598' title='bbox 723 3302 752 3329; x_wconf 84' lang='lat'>1,</span> <span class='ocrx_word' id='word_1_599' title='bbox 774 3295 830 3323; x_wconf 78' lang='lat'>29.</span> <span class='ocrx_word' id='word_1_600' title='bbox 848 3299 922 3323; x_wconf 80' lang='lat'>-9</span> <span class='ocrx_word' id='word_1_601' title='bbox 949 3296 963 3324; x_wconf 94' lang='lat' dir='ltr'>I</span> <span class='ocrx_word' id='word_1_602' title='bbox 982 3294 1066 3327; x_wconf 87' lang='lat' dir='ltr'>Tim.</span> <span class='ocrx_word' id='word_1_603' title='bbox 1095 3308 1128 3336; x_wconf 86' lang='lat' dir='ltr'>v,</span> <span class='ocrx_word' id='word_1_604' title='bbox 1151 3300 1205 3329; x_wconf 83' lang='lat'>22.</span> <span class='ocrx_word' id='word_1_605' title='bbox 1222 3315 1265 3319; x_wconf 91' lang='lat'><em>-</em></span> <span class='ocrx_word' id='word_1_606' title='bbox 1286 3302 1318 3318; x_wconf 88' lang='lat'>¹0</span> <span class='ocrx_word' id='word_1_607' title='bbox 1335 3300 1430 3328; x_wconf 86' lang='lat' dir='ltr'>Rom.</span> <span class='ocrx_word' id='word_1_608' title='bbox 1459 3310 1530 3336; x_wconf 74' lang='lat' dir='ltr'>xii,</span> <span class='ocrx_word' id='word_1_609' title='bbox 1556 3300 1588 3328; x_wconf 89' lang='grc'>3.</span> <span class='ocrx_word' id='word_1_610' title='bbox 1606 3316 1651 3320; x_wconf 87' lang='lat'>-—</span> <span class='ocrx_word' id='word_1_611' title='bbox 1678 3304 1702 3319; x_wconf 89' lang='lat'>¹¹</span> <span class='ocrx_word' id='word_1_612' title='bbox 1724 3301 1898 3336; x_wconf 78' lang='lat' dir='ltr'>Joan.111,</span> <span class='ocrx_word' id='word_1_613' title='bbox 1922 3300 1976 3329; x_wconf 86' lang='grc'>29.</span> 
     </span>
    </p>
   </div>
   <div class='ocr_carea' id='block_1_24' title="bbox 111 3337 614 3442">
    <p class='ocr_par' dir='ltr' id='par_1_25' title="bbox 111 3337 614 3442">
     <span class='ocr_line' id='line_1_90' title="bbox 111 3337 614 3383; baseline 0.03 -16"><span class='ocrx_word' id='word_1_614' title='bbox 111 3337 125 3352; x_wconf 81' lang='lat'>⁸</span> <span class='ocrx_word' id='word_1_615' title='bbox 141 3337 260 3383; x_wconf 82' lang='lat' dir='ltr'>Scripta</span> <span class='ocrx_word' id='word_1_616' title='bbox 274 3343 357 3376; x_wconf 84' lang='lat' dir='ltr'>circa</span> <span class='ocrx_word' id='word_1_617' title='bbox 372 3355 491 3379; x_wconf 87' lang='lat' dir='ltr'>annum</span> <span class='ocrx_word' id='word_1_618' title='bbox 512 3350 524 3379; x_wconf 90' lang='grc'>1</span> <span class='ocrx_word' id='word_1_619' title='bbox 538 3351 594 3381; x_wconf 86' lang='grc'>131</span> <span class='ocrx_word' id='word_1_620' title='bbox 607 3375 614 3381; x_wconf 90' lang='grc'><em>.</em></span> 
     </span>
     <span class='ocr_line' id='line_1_91' title="bbox 223 3414 374 3442; baseline 0.04 -6"><span class='ocrx_word' id='word_1_621' title='bbox 223 3414 313 3439; x_wconf 66' lang='lat' dir='ltr'>Tou.</span> <span class='ocrx_word' id='word_1_622' title='bbox 348 3418 374 3442; x_wconf 90' lang='lat'>1.</span> 
     </span>
    </p>
   </div>
   <div class='ocr_carea' id='block_1_25' title="bbox 1905 3415 1943 3451">
    <p class='ocr_par' dir='ltr' id='par_1_26' title="bbox 1905 3415 1943 3451">
     <span class='ocr_line' id='line_1_92' title="bbox 1905 3415 1943 3451; baseline -0.026 0"><span class='ocrx_word' id='word_1_623' title='bbox 1905 3415 1943 3451; x_wconf 90' lang='lat'>11</span> 
     </span>
    </p>
   </div>
  </div>
 </body>
</html>
