2565 3952
80 181 155 220 617

78 255 379 295 commonitione
405 266 472 291 seu
496 253 744 303 correptione
772 251 916 289 malum
940 252 1014 289 hoc
1041 260 1097 289 at-

998 175 1264 212 EPISTOLAE.

1104 250 1155 269 30³

2109 180 2184 214 612⁴.

77 316 302 355 tentandum
332 323 415 361 est,
450 313 557 365 quod
584 314 669 364 ipso
695 327 735 351 se
761 312 952 364 prodente
969 341 979 359 ,
1014 321 1092 349 tam
1112 314 1142 348 A
1158 334 2186 346 nnumu-mmm·»mmmmmmumnumum-mu·-nn

75 377 272 430 publicum
297 376 440 413 factum
466 383 534 412 est.
564 376 662 412 Sunt
688 383 817 411 autem
834 403 844 421 ,
873 383 916 411 ut
947 373 1063 411 audio
1086 403 1096 421 ,

76 439 198 478 adhuc
215 437 289 474 alia
303 435 386 486 ejus
404 436 604 486 opuscula,
622 449 791 486 quorum
811 435 972 472 nomina
988 443 1095 481 sunt,

76 500 135 547 Sic
147 507 184 536 et
199 512 278 535 non
294 513 304 544 3
322 498 424 535 Scito
446 506 482 534 te
499 497 650 547 ipsum3
670 505 707 533 et
728 497 801 534 alia
823 496 1001 547 quaedam
1018 526 1027 544 ,
1049 495 1097 533 de

76 559 214 612 quibus
236 559 351 596 timeo
368 589 378 606 ,
398 572 446 596 ne
467 558 564 596 sicut
585 558 823 595 monstruosi
845 567 936 595 sunt
964 557 1095 595 nomi—

75 621 132 660 nis
146 650 157 669 ,
177 621 230 657 sic
259 620 373 658 etiam
394 620 468 657 sint
493 619 728 657 monstruosi
759 619 949 670 dogmatis
970 635 978 657 :
1001 619 1067 657 sed
1084 648 1094 666 ‚

73 682 170 720 sicut
187 680 332 728 dicunt,
355 680 524 718 oderunt
541 680 680 728 lucem,
699 694 770 718 nec
790 681 906 718 etiam
932 682 1095 732 quaesita

75 742 337 781 inveniuntur.
360 741 433 781 Sed
450 740 531 792 jam
551 742 750 780 veniamus
771 743 819 780 ad
839 756 942 790 rem,
967 751 1038 780 etc.

73 879 1095 892 um==m====n==x===v=v=======u==us==2==v=msnnswzszsxvstsmnuuu

144 993 522 1051 EPISTOLA
594 991 1017 1053 CCCXXVII.a

75 1151 308 1176 RESCRIPTUM
338 1153 531 1176 BERNARDI
559 1154 607 1176 AD
633 1153 882 1178 GL'ILLELMUM
911 1155 1091 1179 ABBATEM.

73 1268 227 1301 Libellum
254 1276 365 1301 contra
390 1273 518 1302 Petrum
541 1269 759 1302 Abaelardum
786 1271 1001 1314 conscriptum
1024 1273 1094 1304 lau-

117 1323 192 1363 dat,
207 1330 415 1368 mutuumque
437 1324 631 1368 colloquium
647 1331 719 1368 post
738 1325 857 1358 Pascha
877 1327 1045 1369 promittit.

73 1453 297 1490 GUILLELMO
327 1450 551 1487 charissimo
580 1463 672 1498 suo,
705 1451 823 1488 frater
851 1455 1090 1491 Bssnxannvs.

123 1584 272 1618 Motum
292 1588 464 1618 vestrum
484 1588 522 1618 et
538 1579 687 1631 justum
707 1579 843 1631 judico
860 1611 869 1629 ,
892 1589 931 1619 et
959 1595 1092 1620 neces-

74 1640 226 1678 sarium.
263 1639 338 1678 Sed
370 1649 409 1678 et
442 1640 610 1678 otiosum
644 1654 725 1678 non
760 1655 870 1689 esse,
901 1651 1091 1680 monstrat

73 1699 220 1739 libellus
255 1700 422 1738 tundens
453 1709 492 1738 et
525 1701 734 1740 obstruens
766 1716 808 1740 os
843 1703 1090 1754 loquentium

73 1762 212 1813 iniqua.
248 1766 336 1801 Non
364 1762 471 1814 quod
502 1763 613 1800 illum
644 1763 769 1801 adhuc
805 1765 988 1802 attentius
1007 1795 1017 1813 ,
1048 1774 1091 1803 ut

1227 453 1616 512 EPISTOLA
1677 455 2125 514 CCCXXVIII.c

1391 617 1437 639 An
1468 616 1653 640 ROMANUM
1684 615 1918 639 PONTlFlCEM
1935 601 1966 639 d.

1420 735 1540 766 Contra
1556 733 1692 766 electum
1705 736 1931 766 Rutenensem.

1217 857 1415 892 Hactenus
1439 854 1654 892 amicorum
1675 853 1857 906 precibus
1878 867 2029 891 morem
2052 866 2186 905 geren-

1164 923 1239 962 tes,
1262 915 1485 966 scripsimus
1514 924 1761 967 opportune,
1787 916 2013 967 importune
2044 930 2052 953 :
2082 928 2187 952 nunc

1160 986 1303 1026 autem,
1318 978 1465 1016 etiamsi
1487 979 1666 1025 velimus,
1686 986 1813 1016 tacere
1830 986 1959 1015 tamen
1979 977 2186 1015 christiana

1114 1041 1142 1077 B
1163 1040 1350 1090 religione
1374 1039 1641 1092 prohibemur.
1664 1041 1894 1077 [Maledictus
1907 1068 1917 1085 ‚
1939 1039 2066 1090 inquit
2090 1051 2186 1090 pro-

1161 1099 1297 1150 pheta,
1319 1105 1382 1154 qui
1397 1100 1574 1150 proleret
1587 1103 1760 1151 gladium
1782 1114 1890 1137 suam
1913 1115 1937 1137 a
1954 1104 2144 1150 sanguine
2158 1105 2184 1136 ¹.

1161 1161 1343 1209 Quotidie
1372 1162 1545 1212 nequitia
1568 1162 1745 1213 prolicit,
1772 1162 1964 1199 malorum
1995 1161 2185 1199 desideria

1159 1231 1441 1273 prosperantur
1456 1238 1465 1269 3
1483 1231 1521 1259 et
1537 1236 1614 1260 non
1633 1231 1690 1259 est
1704 1223 1770 1272 qui
1785 1223 1967 1260 ascendat
1981 1236 2026 1259 ex
2044 1222 2183 1259 adver-

1162 1295 1219 1328 so,
1236 1283 1295 1319 vel
1315 1283 1382 1332 qui
1399 1291 1574 1333 opponat
1591 1296 1630 1320 se
1649 1296 1804 1320 murum
1820 1296 1895 1334 pro
1914 1283 2031 1320 domo
2049 1283 2182 1320 Israel.

1161 1344 1259 1379 Ecce
1280 1342 1406 1379 adhuc
1426 1343 1464 1379 in
1484 1342 1620 1380 diebus
1637 1343 1733 1389 tuis,
1756 1351 1794 1380 et
1816 1342 1995 1380 manibus
2012 1352 2050 1380 et
2071 1343 2184 1393 pedi-

1160 1401 1233 1440 bus
1259 1403 1438 1440 nituntur
1459 1403 1609 1453 ingredi
1633 1403 1682 1441 ad
1709 1411 1839 1441 sancta
1865 1412 2088 1441 sanctorum
2113 1405 2185 1442 ho—

1160 1463 1284 1501 mines
1321 1464 1636 1515 corruptissimi,
1668 1464 1734 1515 qui
1763 1465 1997 1515 pepigerunt
2029 1474 2183 1515 pactum

1161 1537 1248 1561 cum
1285 1533 1411 1562 morte
1428 1554 1437 1571 ,
1479 1533 1516 1562 et
1555 1525 1679 1563 foedus
1716 1539 1804 1562 cum
1838 1525 2003 1563 inferno.
2039 1526 2187 1576 L‘tquid

1160 1585 1346 1636 patientia
1376 1585 1495 1622 haec?
1529 1586 1749 1624 Rutilenses
1768 1587 1787 1605 *
1824 1587 1951 1624 clerici
1986 1587 2187 1638 clegerunt

1158 1645 1261 1683 vitiis
1289 1646 1367 1683 suis
1385 1647 1689 1685 consentientem
1709 1660 1938 1699 personam,
1959 1662 2030 1686 nec
2050 1649 2190 1700 puduit

1158 1717 1247 1752 eos,
1275 1705 1391 1742 etiam
1422 1706 1463 1743 in
1498 1707 1620 1744 oculis
1656 1707 1730 1744 tuis
1750 1737 1760 1755 ,
1795 1707 1996 1745 veritatem
2030 1710 2183 1760 operire

1159 1766 1385 1814 mendacio,
1415 1776 1457 1804 ut
1484 1767 1638 1816 dicitur,
1663 1777 1701 1806 et
1726 1769 1827 1806 circa
1860 1769 2021 1806 electam
2043 1784 2182 1820 perso-

71 1823 212 1875 jubetis
237 1853 246 1871 ,
277 1826 539 1877 percurrerim
563 1841 575 1872 3
607 1825 675 1863 sed
707 1827 797 1877 quia
829 1840 876 1864 ex
906 1841 952 1865 eo
986 1828 1092 1878 quod
1114 1827 1141 1863 C
1159 1841 1271 1875 nam,
1289 1838 1327 1865 et
1353 1829 1454 1867 circa
1473 1831 1673 1880 negotium
1701 1831 1913 1868 electionis.
1941 1835 2068 1869 Homo
2086 1832 2150 1870 ille
2170 1863 2179 1880 ,

74 1886 213 1924 cursim
231 1887 344 1938 potui
373 1887 578 1938 pervidere
595 1917 605 1935 ,
634 1888 762 1939 placet
786 1889 923 1937 fateor,
950 1898 988 1926 et
1014 1903 1089 1940 po-

75 1955 215 1985 tentem
224 1948 402 1986 existimo
412 1949 589 1999 iniquum
605 1948 744 2000 dogma
759 1949 1090 1987 obruere.Verun1

74 2009 254 2060 quoniam
276 2023 363 2047 meo
380 2008 528 2060 judicio
550 2023 629 2048 non
649 2011 739 2049 satis
753 2039 763 2057 ,
780 2019 823 2048 ut
845 2011 992 2061 optime
1017 2024 1091 2048 no-

74 2070 159 2117 stis,
182 2071 301 2109 fidere
321 2071 525 2117 consuevi,
548 2072 765 2122 praesertim
785 2072 826 2109 in
845 2081 921 2109 tam
944 2072 1091 2122 magnis

73 2131 185 2170 rebus
198 2148 209 2181 3
229 2146 358 2184 operae
381 2132 550 2183 pretium
576 2140 694 2183 puto,
715 2132 932 2183 praesertim
960 2132 1090 2170 consi-

75 2193 203 2232 derata
240 2194 535 2245 opportunitate
556 2223 566 2240 ,
598 2207 659 2230 me
692 2202 807 2243 atque
840 2207 910 2230 vos
946 2193 1092 2244 pariter

26 2266 30 2269 ·
74 2254 209 2293 alicubi
234 2255 443 2292 convenire
467 2262 506 2291 et
531 2254 709 2291 conferre
739 2254 786 2291 de
810 2253 1003 2292 omnibus.
1025 2254 1091 2292 Id-

74 2316 196 2368 ipsum
218 2325 345 2354 tamen
371 2324 458 2353 ante
478 2316 622 2354 Pascha
643 2316 727 2354 fieri
748 2329 861 2367 posse
884 2329 963 2353 non
984 2315 1090 2353 arbi-

75 2386 166 2426 tror,
183 2392 246 2425 ne,
264 2378 371 2429 quod
386 2391 557 2429 praesens
578 2386 732 2429 tempus
748 2378 897 2424 indicit,
918 2377 1090 2415 studium

74 2440 255 2477 orationis
274 2439 519 2490 impediatur.
538 2443 661 2477 Porro
678 2440 818 2477 silentii
835 2454 877 2477 ac
896 2440 1092 2490 patientiae

75 2514 190 2552 super
208 2500 267 2537 his
284 2513 378 2538 meae
400 2501 626 2552 patientiam
648 2499 785 2538 habete
807 2515 815 2539 :
838 2515 926 2538 cum
948 2501 1090 2538 horum

75 2562 240 2613 plurima
255 2590 266 2608 ,
289 2570 328 2599 et
349 2575 450 2612 pene
472 2562 603 2599 onmia
622 2562 824 2612 hucusque
849 2562 1049 2600 nescierim
1064 2561 1095 2600 b.

1158 1903 1238 1926 non
1261 1903 1282 1926 a
1303 1893 1410 1938 Deo,
1433 1890 1499 1928 sed
1526 1890 1574 1928 ab
1596 1891 1819 1929 hominibus
1846 1892 2012 1939 electus,
2041 1895 2184 1932 multos

1157 1950 1273 1988 habet
1290 1959 1404 1989 testes
1428 1952 1595 1990 infamiae
1617 1967 1717 1999 suae,
1740 1953 1890 1990 nullum
1915 1954 2183 2005 purgationi53

1159 2020 1214 2058 et,
1238 2020 1281 2049 ut
1307 2011 1509 2050 vobiscum
1530 2014 1705 2051 involute
1729 2015 1886 2064 loquar,
1903 2014 2104 2053 honestius
2126 2026 2183 2054 est

1159 2072 1205 2110 de
1226 2074 1292 2111 illo
1314 2074 1445 2122 silere,
1467 2089 1582 2125 quam
1613 2075 1733 2126 loqui.
1756 2074 1868 2113 Absit
1897 2084 1940 2113 ut
1972 2077 2011 2114 in
2043 2077 2180 2116 diebus

1160 2135 1234 2172 tuis
1262 2135 1352 2172 talia
1372 2144 1545 2173 monstra
1572 2145 1893 2187 promoveantur,
1916 2145 1959 2174 ut
1978 2137 2041 2175 ille
2061 2152 2182 2189 pona-

1159 2203 1221 2233 tur
1241 2205 1368 2233 custos
1398 2197 1637 2244 animarum,
1658 2198 1724 2248 qui
1751 2211 1824 2248 pro
1848 2198 1968 2235 nihilo
1998 2198 2103 2236 ducit
2122 2201 2180 2237 ef—

1157 2257 1349 2294 fusionem
1370 2258 1565 2308 sanguinis
1585 2259 1748 2304 Christi,
1772 2268 1809 2296 et
1835 2260 2002 2310 pretium
2027 2260 2181 2298 redem—

1157 2319 1300 2370 ptionis
1313 2320 1451 2357 animae
1462 2333 1551 2358 suae.
1564 2321 1665 2370 Quid
1682 2330 1809 2359 autem
1827 2322 1882 2358 illi
1899 2322 2181 2372 aliquantulum

1157 2389 1281 2418 astute
1301 2380 1464 2418 verbum
1489 2380 1536 2418 de
1556 2381 1697 2431 injuria
1711 2391 1749 2419 et
1767 2383 2021 2432 oppressione
2039 2385 2178 2434 appel-

1158 2442 1323 2488 lationis,
1339 2451 1381 2479 ut
1397 2442 1444 2479 ad
1464 2456 1502 2479 se
1521 2456 1589 2493 per
1607 2443 1686 2479 haec
1705 2442 1752 2479 ad
1771 2443 1917 2479 curiam
1933 2443 2178 2492 inclinarent,

1158 2516 1282 2540 causae
1302 2504 1611 2540 interseruerunt
1628 2506 1732 2541 suae?
1752 2504 1878 2542 Nolite
1901 2505 2075 2555 accipere
2097 2518 2181 2542 ver-

1165 2563 1260 2603 bum
1284 2564 1474 2602 mendacii
1495 2579 1502 2601 z
1525 2564 1612 2615 quia
1628 2594 1636 2610 ,
1660 2565 1756 2601 sicut
1781 2564 1955 2602 virorum
1985 2566 2181 2603 veracium

75 2625 155 2661 Jam
171 2636 265 2660 vero
281 2623 329 2661 ad
345 2622 454 2673 quod
473 2623 682 2660 hortamini
698 2632 838 2674 potens
855 2632 912 2661 est
932 2632 971 2661 et
986 2628 1092 2661 Deus
1109 2628 1143 2662 D
1158 2625 1346 2662 relatione
1368 2624 1540 2672 discitur,
1558 2625 1665 2661 nulla
1685 2633 1816 2661 secuta
1835 2634 1891 2662 est
1908 2626 2180 2676 appellationis

76 2683 164 2722 dare
184 2684 275 2723 mihi
304 2684 481 2736 spiritum
505 2683 653 2722 bonum
675 2684 813 2723 vestris
837 2684 1090 2723 orationibus.

77 2747 215 2786 Valete.

126 2883 137 2898 ¹
158 2881 274 2912 Jerem.
293 2890 425 2918 xnvnt,
456 2883 508 2911 10.

1161 2686 1363 2737 oppressio
1378 2716 1388 2733 ,
1410 2684 1477 2723 ubi
1501 2686 1607 2723 nulla
1627 2686 1820 2737 praecessit
1841 2687 2062 2737 appellatio.
2085 2691 2182 2725 Pro-

1160 2748 1250 2786 inde
1273 2756 1429 2799 oportet
1448 2756 1490 2786 ut
1514 2747 1619 2799 quod
1643 2747 1913 2799 religiosorum
1934 2748 2094 2786 consilio
2113 2762 2183 2800 per

123 2943 138 2960 ³
151 2938 238 2971 Alias
251 2939 384 2983 epistola
398 2942 465 2972 392
484 2951 491 2972 ε
509 2950 579 2983 quae
596 2951 673 2972 vero
694 2946 787 2972 antea
805 2943 872 2974 327
891 2946 980 2980 erat,
996 2951 1082 2973 nunc
1101 2943 1182 2974 339.
1201 2941 1323 2984 Scripta
1338 2940 1420 2973 circa
1440 2951 1559 2972 annum
1581 2942 1681 2973 1139.

123 2984 141 3008 b
159 2993 242 3025 Hinc
256 2999 362 3037 patet,
381 2994 587 3026 Guillelmum
603 3005 703 3026 unum
721 3005 760 3025 ex
776 2995 885 3037 primis
904 2995 1101 3027 incentorem
1121 2995 1215 3027 fuisse
1233 2995 1402 3027 adversum
1422 2994 1640 3026 Abaelardum
1653 3019 1660 3033 ,
1686 2992 1772 3037 quod
1796 2993 1889 3026 etiam
1913 2993 2101 3027 Guillelmus
2119 2993 2186 3038 ipse

79 3046 112 3078 in
127 3048 281 3089 superiori
297 3047 431 3090 epistola
447 3047 563 3080 diserte
580 3047 717 3080 affirmat
729 3073 736 3087 ,
756 3048 981 3091 conquerendo
999 3048 1038 3080 de
1056 3049 1203 3082 Gaufridi
1220 3056 1250 3082 et
1267 3049 1422 3081 Bernardi
1445 3049 1584 3081 silentio.

125 3106 139 3122 ⁰
155 3102 295 3145 Epistola
310 3112 392 3134 nova
412 3113 420 3134 :
435 3113 505 3145 quae
522 3114 600 3134 vero
615 3110 706 3135 antea
723 3106 788 3136 328
809 3110 875 3135 erat
889 3128 895 3139 .
909 3114 995 3135 nune
1011 3106 1091 3136 414.
1115 3103 1238 3147 Scripta
1254 3103 1337 3135 circa
1352 3114 1470 3134 annum
1491 3106 1502 3135 1
1516 3105 1593 3135 140.

126 3155 228 3188 “Haec
251 3156 385 3200 epistola
401 3157 653 3200 subsequebatur
670 3158 763 3190 aliam
790 3157 953 3201 cujusdam
978 3161 1020 3190 A.
1055 3157 1100 3189 ad
1120 3156 1265 3189 abbatem
1288 3157 1488 3188 Reatinensis
1505 3155 1710 3193 monasteri23
1727 3162 1821 3199 atque
1846 3155 1997 3198 inscripta
2016 3161 2100 3193 erat,
2127 3154 2185 3186 Ad

82 3208 232 3242 eumdem.
257 3213 302 3242 At
323 3210 510 3243 Innocentio
533 3211 584 3242 vel
604 3212 764 3254 Eugenio,
785 3218 816 3244 et
833 3212 961 3254 quidem
979 3224 997 3244 a
1015 3213 1197 3251 Bernardo,
1222 3213 1375 3244 directam
1398 3211 1512 3251 fuisse,
1535 3218 1622 3255 patet
1640 3222 1679 3242 ex
1701 3211 1834 3254 epistola
1855 3215 2022 3252 sequente,
2051 3219 2119 3250 quae
2138 3215 2185 3240 est

81 3262 219 3305 ejusdem
234 3264 429 3307 argumenti,
448 3264 482 3296 id
495 3271 541 3297 est
554 3272 664 3298 contra
684 3269 900 3298 Rutenensem
917 3268 1050 3299 electum
1063 3293 1070 3306 ,
1093 3267 1245 3300 Ademari
1262 3276 1474 3298 successorem
1486 3291 1493 3305 ‚
1514 3266 1602 3308 cujus
1618 3276 1735 3297 nomen
1760 3264 1934 3307 ignoratur.
1959 3262 2137 3295 Bernardus
2154 3262 2186 3293 iu

83 3315 212 3358 epistola
240 3319 320 3356 240,
348 3329 381 3350 n.
406 3321 437 3357 1,
462 3319 605 3361 Eugenio
623 3321 797 3362 gratulatur
814 3346 821 3359 ,
843 3321 884 3352 oh
905 3321 1025 3353 finitam
1045 3333 1171 3354 causam
1191 3320 1383 3354 Rutenensis
1399 3319 1565 3358 Ecclesiae,
1587 3330 1702 3363 nempe
1717 3318 1758 3350 ob
1778 3318 1956 3361 depositum
1969 3341 1976 3355 ,
1999 3322 2031 3348 ut
2049 3315 2184 3353 otietur,

85 3372 296 3403 Rutenensem
313 3371 497 3415 episcopum
514 3373 678 3416 indignum
690 3399 698 3414 ‚
718 3373 757 3406 de
774 3385 838 3417 quo
854 3374 913 3407 hac
931 3376 963 3408 in
981 3376 1113 3420 epistola
1134 3383 1164 3409 et
1178 3375 1211 3408 in
1228 3380 1390 3418 sequente.
