2517 3920
363 203 459 240 1207

359 413 452 436 num
474 408 511 436 et
532 399 663 436 utilem
685 401 859 437 suasione
878 401 996 445 allici,
1021 400 1256 450 professione
1276 399 1369 448 liga-

359 459 401 495 ri.
426 458 636 508 «Denique
667 458 891 504 suadeatur,
916 478 929 491 υ
954 458 1098 507 inquit,
1129 475 1143 489 «
1160 465 1201 493 ut
1218 465 1290 493 stet
1306 463 1328 491 ¹.
1354 473 1368 488 »

359 522 406 555 Et
433 531 481 555 ne
504 518 600 555 forte
627 518 765 568 prioris
791 519 848 555 sui
875 517 1094 554 monasterii
1115 529 1287 563 memor,
1305 529 1367 552 re—

359 578 583 624 mordente,
604 586 647 615 ut
669 579 826 625 assolet,
850 577 1102 621 conscicntia,
1124 576 1281 626 incipiat
1301 575 1368 612 de-

359 651 438 675 nuo
468 638 515 675 de
554 647 665 688 rupta
696 638 899 675 stabilitate
932 637 1126 683 causari*;
1151 637 1365 686 generalem

359 712 476 749 super
497 698 718 748 hujusmodi
738 699 920 748 scrupulo
951 697 1246 734 consolatoriam
1277 710 1370 747 pro-

361 759 432 795 fert
461 759 685 795 seutentiam
701 787 710 803 ,
735 758 864 795 dicens
885 773 892 794 :
920 757 1063 806 Ubique
1083 761 1181 792 euim
1204 761 1269 792 {mi
1292 759 1369 792 Deo

359 820 530 863 servitur,
564 824 628 854 mli
660 821 754 867 Regi
786 822 983 855 militatur.
1015 821 1136 855 Porro
1166 817 1212 854 de
1243 816 1370 854 vicino

359 878 560 927 prohibet,
583 878 688 927 quod
711 877 824 926 jubet
843 878 889 914 de
922 877 1126 927 peregrino
1160 891 1168 913 ε
1199 890 1246 913 ne
1272 876 1370 912 vici-

360 939 459 975 nitas
495 938 595 974 inter
628 937 858 974 monasteria
895 937 1015 973 fomes
1053 935 1246 980 scandali,
1281 935 1371 971 rixae

360 996 519 1034 materia
547 997 615 1041 sit,
648 997 677 1033 si
702 997 927 1033 alterutrum
961 996 1131 1046 recipere
1164 995 1372 1031 monachos

361 1056 622 1106 acquieverint
657 1055 801 1106 absque
825 1064 960 1092 mutuo
987 1055 1170 1092 duntaxat
1203 1067 1369 1091 assensu.

1127 205 1162 241 S.
1193 206 1447 241 BERNARDI
1478 207 1678 242 ABBATIS

358 293 405 316 ex
425 278 545 316 nostri
562 279 787 316 auctoritate
806 280 972 330 magistri
988 309 996 326 ,
1015 281 1079 331 qui
1098 281 1208 317 talem
1227 289 1264 316 et
1281 280 1400 317 sus-⁵¹

359 340 433 390 cipi
461 338 592 388 jtll)et,
626 348 663 376 et
695 341 869 387 retineri3
902 341 1100 378 inventum
1123 353 1277 389 quoque
1297 339 1364 376 bo-
1384 340 1414 371 A

2343 209 2439 247 1208

1774 338 1950 377 CAPUT
1980 340 2113 380 XVII.

1480 460 1532 492 Ad
1548 459 1644 491 dubia
1662 459 1803 501 quiedam
1818 471 1855 491 ex
1876 460 2019 492 Patribus
2035 461 2196 504 proposita
2214 463 2394 506 respondet.

1487 573 1550 610 52.
1586 576 1682 609 Item
1717 572 1918 622 postulatis
1947 572 2096 610 absolvi
2128 574 2256 623 vobis,
2286 589 2354 613 cur
2384 577 2443 614 vel

1434 632 1568 669 beatus
1589 633 1798 682 Gregorius
1822 633 1950 669 nescio
1971 647 2084 683 quem
2107 635 2358 680 Venanfium,
2377 637 2445 673 ha-

1436 692 1557 729 bitum
1588 693 1872 740 monachalem,
1895 707 2008 743 quem
2030 694 2092 743 pie
2112 704 2353 745 susceperat,
2374 696 2446 733 im-

1437 753 1576 802 pieque
1610 752 1821 802 rejecerat,
1859 767 1936 790 non
1974 755 2096 791 solum
2136 768 2329 793 resumere
2367 769 2445 793 non

1437 813 1588 862 coegit,
1630 813 1695 849 sed
1734 813 1846 850 etiam
1887 826 2041 850 omnem
2075 814 2213 863 legitur
2246 815 2447 853 indulsisse

1438 873 1751 910 communionem.
1771 881 1955 922 apostatae
1975 873 2199 923 perduranti
2212 874 2225 898 ³
2246 890 2254 912 ε
2276 876 2337 913 vel
2358 889 2446 913 san-

1437 940 1520 969 ctus
1548 932 1783 981 Augustinus
1804 932 1974 983 conjugii
1998 934 2070 984 legi
2098 943 2230 971 votum
2255 936 2446 985 quodam-

1438 991 1555 1028 modo
1584 990 1761 1040 subjiciat
1793 993 2060 1041 continentiae3
2089 994 2142 1031 ita
2162 1003 2204 1031 ut
2222 995 2261 1031 in
2282 995 2381 1033 libro
2401 996 2448 1033 de

1439 1051 1662 1100 Virginitate
1688 1065 1856 1089 asserere
1885 1052 2073 1100 videatur,
2096 1067 2167 1091 nec
2192 1054 2336 1092 coelibis
2361 1056 2448 1105 qui-

359 1116 471 1164 Quod
499 1116 608 1152 toties
630 1116 807 1165 equidem
830 1115 1095 1166 experimur*,
1118 1115 1269 1164 quoties
1293 1115 1373 1151 talis
1396 1112 1421 1146 Β
1440 1111 1525 1148 dem
1551 1111 1640 1148 vitae
1675 1113 1918 1162 propositum
1957 1114 2105 1163 copulae
2135 1128 2246 1164 posse
2274 1115 2450 1165 praescri-

360 1176 508 1225 uspiam
530 1175 807 1212 monachorum
837 1176 1028 1225 susceptio
1055 1175 1167 1225 plane
1199 1188 1275 1211 non
1301 1175 1372 1211 nisi

359 1244 493 1272 contra
515 1235 709 1272 decretum
732 1237 903 1286 regulare
925 1236 1181 1286 przesumitur.

413 1296 476 1332 50.
498 1295 611 1343 Quod
631 1296 662 1331 si
680 1297 792 1333 etiam
821 1304 908 1346 post
933 1296 1012 1332 haee
1039 1296 1164 1332 fratris
1191 1296 1243 1332 ita
1265 1309 1372 1344 regu-

359 1355 488 1391 lariter
504 1356 669 1405 suscepti
687 1356 959 1405 inquietiorem
978 1357 1074 1392 forte
1091 1356 1259 1392 animum
1284 1356 1371 1406 pul-

361 1416 500 1452 saverit
519 1416 731 1453 recordatio
750 1417 940 1463 scandali,
963 1416 1067 1466 quod
1083 1415 1281 1452 discedens
1297 1415 1372 1452 fra-

363 1475 508 1521 tribus,
534 1490 630 1526 quos
653 1477 841 1523 deseruit,
871 1477 979 1524 fecit3
1010 1485 1047 1513 et
1079 1477 1167 1526 quia
1193 1483 1372 1526 oporteat

359 1536 554 1573 emendari
576 1550 645 1573 suo
668 1537 793 1573 reditu
813 1537 918 1587 quod
939 1550 985 1573 ex
1008 1536 1175 1573 discessu
1197 1536 1371 1584 delique-

360 1596 410 1632 rit
430 1611 437 1633 :
460 1596 672 1646 prudenter
695 1597 869 1633 advertat
897 1597 962 1646 qui
984 1596 1056 1632 hoc
1081 1596 1241 1645 cogitat,
1261 1608 1372 1631 scan-

362 1654 488 1692 dalum
511 1656 690 1693 scandalo
713 1670 790 1693 non
812 1656 910 1693 bene
932 1655 1140 1693 emendari.
1157 1655 1288 1703 Qualis
1306 1654 1373 1691 de—

360 1716 476 1766 nique
510 1717 726 1754 emendatio
760 1718 859 1762 erit,
896 1717 926 1753 si
956 1725 996 1753 ut
1030 1716 1111 1752 aliis
1149 1714 1369 1751 scandalum

362 1776 492 1823 tollas,
527 1776 620 1813 alios
649 1777 907 1823 scandalizas?
938 1779 1164 1824 Quanquam
1195 1775 1369 1824 profecto

360 1844 398 1872 et
416 1836 649 1873 tolerabilius
665 1837 884 1874 scandalum
903 1835 997 1873 illud
1018 1836 1083 1881 sit,
1105 1844 1143 1871 et
1157 1834 1343 1871 venialius
1359 1863 1369 1881 ‚

1439 1170 1529 1208 bere
1549 1170 1761 1221 conjugali,
1777 1172 1983 1222 quominus
1999 1173 2262 1211 indissolubile
2278 1183 2448 1221 maneat,

1439 1231 1552 1268 etiam
1574 1230 1679 1280 quod
1701 1244 1721 1268 a
1742 1231 2054 1279 continentibus,
2087 1233 2244 1269 fallente
2274 1233 2448 1279 diabolo,

1440 1292 1559 1328 fracto
1587 1291 1797 1328 sanctitatis
1817 1300 1930 1337 voto,
1960 1292 2100 1329 initum
2122 1293 2236 1329 fuerit
2255 1294 2450 1330 matrimo-

1439 1352 1545 1388 nium
1558 1351 1586 1388 *.
1603 1355 1649 1388 Et
1670 1351 1717 1388 ad
1731 1351 1812 1388 haec
1833 1351 1927 1388 nihil
1946 1351 1993 1388 ad
2015 1365 2182 1402 praesens
2202 1354 2340 1390 certius
2362 1353 2450 1390 bre—

1437 1413 1599 1463 viusque
1628 1412 1942 1462 respondendum
1970 1414 2157 1458 occurrit,
2183 1414 2254 1451 nisi
2274 1414 2377 1464 quod
2398 1415 2450 1452 ita

1438 1474 1558 1510 sancti
1579 1473 1766 1510 antistites
1786 1482 1998 1524 sapuerunt
2021 1488 2029 1511 :
2053 1477 2233 1511 rectene?
2253 1475 2325 1525 ipsi
2341 1475 2449 1512 vide-

1438 1533 1526 1570 rint.
1549 1537 1643 1570 Nam
1662 1546 1732 1583 ego
1753 1533 1791 1570 in
1809 1533 1983 1571 sensibus
2004 1533 2228 1584 actibusque
2246 1535 2448 1573 illustrium

1438 1597 1594 1631 Patrum
1612 1602 1745 1630 cautus
1766 1595 1941 1644 profecto
1958 1607 2039 1631 sum
2062 1596 2221 1631 omnino
2248 1609 2326 1632 non
2349 1596 2450 1633 aliud

1440 1653 1627 1690 aestimare
1647 1681 1656 1699 ,
1693 1667 1808 1703 quam
1847 1654 1950 1704 quod
1986 1653 2098 1691 beato
2136 1656 2324 1705 Apostolo
2358 1664 2450 1694 teste

1440 1714 1625 1764 quaeritur
1639 1712 1718 1763 jam
1740 1714 1842 1751 inter
1866 1714 2170 1765 dispensatores,
2197 1725 2240 1753 ut
2274 1716 2451 1754 videlicet

1438 1774 1559 1811 fidelis
1580 1775 1664 1824 quis
1682 1774 1902 1812 inveniatur
1917 1775 1945 1812 4.
1965 1778 2101 1813 Certus
2121 1789 2203 1813 sum
2226 1776 2327 1813 enim
2341 1806 2351 1824 ‚
2373 1777 2450 1814 sive

1439 1834 1477 1871 in
1497 1847 1567 1871 suo
1588 1834 1871 1872 abundaverint
1884 1849 2019 1882 sensu,
2041 1836 2120 1873 sive
2141 1837 2179 1873 in
2203 1837 2273 1873 Dei
2287 1837 2447 1887 spiritu;

360 1896 466 1945 quod
488 1898 626 1933 factum
657 1905 713 1934 est
740 1897 955 1933 intentione
979 1895 1205 1946 proficiendi
1231 1895 1269 1930 in
1292 1907 1372 1930 me-
1394 1897 1421 1933 C
1439 1894 1536 1931 sicut
1552 1903 1590 1931 et
1608 1895 1647 1931 in
1665 1895 1830 1941 caeteris,
1847 1895 1899 1932 ita
1919 1904 1955 1932 et
1975 1896 2012 1932 in
2035 1896 2092 1933 his
2112 1896 2245 1934 ambos
2265 1897 2450 1934 exstitisse

364 1957 436 1993 lius
450 1986 459 2003 ‚
481 1971 594 2006 quam
617 1957 722 2008 quod
742 1959 863 1994 facere
879 1957 1020 2006 cogitas
1036 1956 1081 1993 ad
1099 1956 1265 1992 deterius
1283 1969 1371 2005 apo-

362 2015 549 2053 statando,
575 2017 646 2054 Sed
679 2025 716 2053 et
744 2025 831 2053 ante
859 2029 1035 2066 quoque,
1069 2016 1158 2052 licet
1188 2028 1265 2051 non
1290 2015 1371 2051 sine

364 2076 565 2123 scandalo,
602 2077 718 2113 tutius
753 2085 854 2113 tuam
883 2077 963 2113 sine
989 2075 1107 2112 dubio
1133 2075 1180 2111 ad
1206 2075 1246 2111 id
1267 2075 1371 2125 quod

362 2136 503 2184 putasti
525 2137 678 2183 melius,
699 2145 850 2173 secutus
881 2149 919 2172 es
940 2135 1232 2180 conscientiam,
1257 2148 1371 2184 quam

360 2196 390 2231 si
416 2195 456 2231 in
486 2196 605 2245 priori
631 2195 734 2233 bono
760 2204 797 2232 et
822 2197 906 2233 loco
934 2204 1068 2232 contra
1098 2196 1370 2231 conscientiam

362 2269 629 2305 permaneres,
664 2271 881 2307 quanquam
920 2269 1051 2293 secure
1079 2255 1117 2292 id
1148 2269 1279 2305 posses
1308 2270 1315 2291 ε
1344 2256 1374 2292 si

359 2329 448 2353 sane
477 2317 563 2354 hinc
597 2318 768 2354 eamdem
805 2326 905 2354 tuam
944 2317 1063 2367 ipsius
1100 2316 1372 2353 conscientiam

359 2376 520 2414 reddere
540 2391 711 2414 securam
736 2391 879 2428 posses·

414 2440 477 2476 51.
517 2442 763 2489 Quapropter
799 2438 905 2488 quod
945 2438 992 2475 de
1020 2437 1303 2483 manducante,
1337 2445 1375 2473 et

361 2512 439 2535 non
468 2499 722 2536 manducante
748 2500 919 2537 decernit
937 2499 1183 2549 Apostolus2,
1206 2510 1372 2547 usurpe—

360 2572 444 2596 mus
471 2569 508 2597 et
544 2574 613 2597 nos
650 2561 687 2597 in
718 2569 858 2598 nostrae
892 2559 1006 2610 hujus
1036 2558 1370 2609 disputatiunculae

361 2619 607 2656 conclusione
621 2648 630 2665 ,
653 2628 694 2656 ut
714 2629 750 2657 et
770 2621 835 2669 qui
856 2620 1015 2670 propria
1036 2619 1256 2668 impellente
1279 2631 1372 2654 eon-

361 2678 516 2715 scientia
542 2692 653 2715 suum
687 2680 828 2716 deserit
863 2680 1010 2724 locum,
1033 2692 1081 2714 ne
1104 2691 1215 2714 suum
1238 2676 1369 2727 (quod
1392 2680 1422 2713 D

360 2737 496 2788 putat)
532 2739 682 2776 deserat
720 2749 876 2786 votum3
912 2753 991 2776 non
1024 2739 1261 2775 deserentem
1293 2750 1370 2773 non

361 2807 514 2846 spernat
537 2808 603 2836 :et
631 2800 697 2849 qui
730 2814 863 2837 secura
895 2798 1128 2836 conscIentia
1161 2799 1371 2834 fraternum

361 2857 580 2894 scandalum
609 2859 764 2906 timens,
798 2860 930 2896 fratres
961 2872 1038 2895 non
1071 2857 1235 2902 deserit;
1264 2856 1373 2893 dese-

363 2924 509 2951 rentem
528 2930 603 2953 non
623 2917 779 2965 judicet.
802 2923 849 2955 Et
871 2919 917 2955 de
936 2919 994 2955 his
1015 2932 1075 2955 me
1097 2917 1256 2967 accipite
1285 2929 1372 2952 sane

359 2975 464 3023 quod
486 2976 607 3012 sentio
625 2979 881 3027 respondisse,
899 2979 978 3015 sine
1000 2977 1225 3029 praejudicio
1245 2976 1374 3012 sanius

363 3042 569 3071 sentientis.

410 3308 416 3322 ¹
452 3304 528 3342 Reg.
551 3304 583 3332 S.
613 3299 789 3338 Benedicti,
815 3312 882 3342 cap.
915 3306 969 3332 ut.
996 3321 1005 3323 >

356 3355 399 3385 41
421 3357 491 3387 Cor.
508 3367 552 3393 n,
571 3358 600 3385 2.

1439 1954 1587 2000 fideles,
1619 1954 1726 1991 illum
1748 1955 1786 1991 in
1808 1955 2070 2005 dispensando
2090 1957 2196 2007 quod
2225 1970 2305 2007 prae
2332 1957 2449 1994 mani-

1438 2012 1509 2050 bus
1525 2022 1627 2060 erat,
1644 2014 1759 2051 istum
1785 2014 1823 2051 in
1854 2014 2058 2052 scribendo
2083 2016 2188 2065 quod
2208 2025 2388 2053 senserat.

1492 2075 1556 2111 53.
1596 2075 1709 2123 Quod
1746 2075 1913 2125 denique
1945 2076 2115 2126 quaeritis
2145 2077 2192 2113 de
2221 2076 2448 2127 quibusdam

1439 2133 1648 2185 episeopis,
1682 2148 1779 2184 quos
1807 2144 1959 2172 sanctus
1991 2136 2090 2173 idem
2117 2150 2217 2187 papa
2243 2137 2449 2187 Gregorius

1439 2193 1486 2230 ad
1504 2202 1656 2244 tempus
1679 2194 1717 2230 in
1733 2195 1973 2231 monasteriis
1990 2208 2062 2245 pro
2079 2209 2212 2233 eorum
2234 2196 2450 2233 excessibus

1439 2254 1577 2303 legitur
1594 2255 1812 2301 reclusisse,
1830 2264 2049 2292 utrumnam
2065 2256 2104 2292 in
2123 2269 2212 2303 suo,
2234 2269 2282 2293 an
2303 2257 2341 2293 in
2362 2270 2449 2294 mo-

1441 2315 1585 2351 nastico
1610 2315 1762 2351 interim
1792 2314 1924 2352 habitu
1953 2314 2162 2352 habitarint
2191 2329 2279 2353 cum
2315 2329 2447 2354 mona-

1442 2374 1520 2411 chis
1542 2389 1550 2411 :
1573 2387 1643 2424 ego
1662 2375 1790 2411 nescio
1803 2404 1813 2421 ,
1831 2375 1904 2412 nisi
1924 2375 2029 2425 quod
2048 2375 2269 2413 credibilius
2284 2376 2446 2423 videtur,

1441 2448 1683 2485 nequaquam
1715 2435 1801 2472 illos
1827 2435 2014 2485 insignem
2050 2435 2244 2485 religionis
2274 2436 2448 2473 habitum

1440 2496 1650 2545 suscepisse
1663 2525 1672 2542 ‚
1693 2509 1806 2545 quem
1828 2509 1906 2532 non
1927 2504 2239 2546 erantperpetuo
2259 2495 2446 2542 habituri;

1438 2555 1504 2592 sed
1528 2564 1674 2592 tantum
1693 2555 1872 2605 quaesisse
1893 2556 2060 2605 quietem
2085 2556 2125 2592 in
2142 2556 2295 2594 secretis
2317 2569 2448 2593 mona-

1438 2615 1642 2651 steriorum
1657 2644 1666 2661 ‚
1685 2623 1722 2651 et
1739 2616 2067 2666 opportunitatem
2082 2616 2331 2666 poenitentiae.

1493 2674 1556 2711 54.
1576 2674 1720 2712 Audire
1749 2683 1786 2711 et
1816 2674 1889 2711 hoc
1923 2675 2039 2712 vultis
2067 2688 2089 2712 a
2115 2688 2193 2721 me,
2224 2675 2327 2712 unde
2349 2675 2448 2711 inter

1441 2742 1577 2770 caetera
1596 2734 1832 2783 poenitentiae
1851 2734 2024 2772 instituta
2041 2734 2317 2771 monasterialis
2337 2733 2448 2770 disci—

1439 2794 1543 2843 plina
1568 2794 1750 2830 meruerit
1774 2794 1872 2830 hanc
1903 2794 2213 2844 praerogativam‚
2241 2803 2284 2831 ut
2310 2807 2444 2831 secun-

1440 2853 1530 2889 dum
1551 2853 1743 2903 Baptisma
1765 2862 2010 2903 nuncupetur
2024 2854 2052 2890 *.
2077 2853 2256 2891 Arbitror
2279 2853 2330 2890 ob
2357 2866 2446 2903 per-

1442 2914 1577 2950 fectam
1593 2913 1727 2950 mundi
1742 2913 2118 2950 abrenuntiationem
2129 2942 2138 2959 ,
2156 2926 2199 2950 ac
2217 2913 2443 2963 singularem

1442 2974 1705 3010 excellentiam
1726 2974 1814 3010 vitae
1835 2974 2060 3023 spiritualis,
2093 2986 2168 3022 qua
2197 2973 2446 3023 praeeminens

1442 3034 1628 3071 universis
1650 3034 1737 3070 vitre
1758 3034 1934 3070 humanae
1957 3033 2160 3083 generibus
2182 3031 2444 3082 hujuscemodi

1439 3094 1697 3140 conversatio,
1720 3095 1955 3144 professores
1981 3102 2019 3130 et
2047 3101 2236 3130 amatores
2256 3106 2344 3130 suos
2364 3096 2443 3129 An·

1437 3155 1528 3204 gclis
1562 3154 1722 3200 similes,
1756 3153 1955 3190 dissimiles
1986 3151 2206 3189 hominibus
2232 3152 2339 3198 facit3
2368 3150 2443 3186 imo

1068 3308 1078 3321 —'
1111 3303 1204 3331 Rom.
1238 3310 1306 3335 xiv,
1333 3304 1362 3331 3.
1398 3320 1434 3323 -er
1471 3298 1483 3322 3
1517 3299 1583 3330 Lib.
1628 3302 1655 3339 κ,
1687 3298 1776 3341 epist.
1814 3301 1870 3332 315.
1902 3303 1930 3328 et
1958 3297 2013 3329 lib.
2041 3300 2074 3331 9,
2095 3296 2186 3339 epist.
2217 3299 2258 3327 25
2281 3300 2311 3326 cl.
2332 3296 2442 3325 Sh—
