2517 3936
37 129 91 166 301

731 121 1078 157 EPISTOLARUM
1108 121 1372 155 APPENDIX.

37 202 204 245 uendendi
235 200 302 250 qni
330 199 470 236 idcirco
502 199 678 234 festinant
702 198 827 234 locum
853 193 1058 233 mutare.⁵”

2015 126 2091 162 802

1062 194 1333 246 ‘'persever-are
1365 195 1564 241 voluisset,
1589 198 1903 247 impedimentum
1925 215 1990 242 aut
2010 221 2094 245 mo-

38 271 145 314 {eque
165 261 263 298 enim
286 262 385 295 Deus
405 272 450 294 cx
468 259 551 294 loco
569 286 578 300 ‚
597 257 662 293 sed
679 258 784 294 loeus
800 257 951 305 eligitur
971 268 1018 291 ex
1038 261 1066 293 Α
1087 256 1232 292 lestiam
1267 256 1432 305 aliquam
1464 264 1670 305 pateretur.
1707 262 1807 295 Luce
1837 275 1930 299 vero
1958 267 2094 305 elarius

40 333 111 364 Jeo.
132 327 264 360 Beatus
285 333 439 369 quoque
468 318 696 355 Benedictus
721 317 864 367 liquido
886 325 1022 353 conte-

45 394 156 427 tatur,
174 379 277 430 quod
295 380 331 415 in
347 378 451 415 omni
474 378 558 414 loco
579 378 644 414 uni
665 378 830 415 Domino
847 381 928 414 Deo
946 389 1023 412 ser-

41 446 134 489 itur,
154 441 219 478 uni
240 440 330 488 Regi
353 439 534 475 militatur
554 445 579 474 ¹.
598 441 640 475 In
657 437 931 475 Collationibus
953 440 1024 474 Pa-

45 517 121 544 rum
137 501 275 551 Joscpli
293 500 447 536 eremita
463 499 695 535 sufficienter
708 498 900 543 edisserit,
917 497 1024 548 quod

43 566 86 604 lle
103 563 211 601 fidem
226 574 302 597 succ
320 559 567 609 prolessionis
589 559 727 595 rectius
747 567 886 603 servat,
905 559 970 608 qui
988 571 1026 594 se

42 625 73 664 id
94 636 177 661 eum
205 622 327 657 locum
349 620 576 664 contulerit,
605 633 682 668 quo
715 619 908 655 dominica
939 618 1026 654 lidei

43 691 209 733 Jraecepta
231 681 380 731 plenius
405 679 615 729 adimplere
643 680 810 729 potuerit
827 686 851 716 ².
875 683 921 716 Et
941 679 1027 728 qui—

44 746 110 783 lam
127 757 135 779 :
155 760 169 774 α
189 745 303 779 Juvat
324 748 392 777 nos
415 749 582 776 sanctam
604 739 933 789 opportunitatem
955 752 1026 788 ap-

44 828 48 835 ·
64 812 200 856 petere,
220 800 283 851 qui
299 799 453 849 adjutor
471 808 527 835 est
543 799 578 835 in
599 797 973 849 importunitatilms‚
989 800 1027 833 in

67 862 315 902 tribulatione.
349 879 362 892 υ
392 860 451 897 11Ιί
478 873 594 905 vero,
624 859 663 895 ni
692 859 818 904 fallor,
852 858 1030 895 Pharisaei

48 925 89 964 *el
117 922 278 961 haeretici
304 920 503 971 judicandi
529 929 640 964 suut,
675 920 740 969 qui
771 934 841 956 nec
870 920 1028 963 timent,

47 999 98 1024 iec
123 985 213 1022 alios
235 983 367 1019 timere
391 982 521 1019 sinunt
544 981 649 1031 quod
675 981 821 1017 Veritas
843 981 894 1017 ait
915 995 922 1016 :
948 982 1074 1016 Nil-[13

46 1046 427 1089 ebumlavc·1·itju„5tilia
444 1052 567 1078 vestra
576 1045 665 1090 plns
681 1056 794 1090 quam
816 1040 1028 1077 δ’(τίίπινιιηι

47 1115 97 1143 uu
114 1105 402 1146 Pluma-‹eorunss
426 1116 500 1138 non
517 1102 705 1138 intrabitis
725 1107 764 1138 in
785 1116 936 1150 regnum
956 1113 1032 1135 αε-

47 1171 158 1204 ὐνκηι,
179 1164 215 1203 Si
232 1163 334 1201 enim
357 1164 512 1213 angelus
534 1162 580 1199 de
601 1163 697 1199 coelo
719 1161 1033 1211 evangelizaverit

48 1227 139 1265 diter
165 1238 277 1276 quam
306 1224 607 1273 evangelizatum
640 1231 715 1269 est,
739 1223 940 1260 anatliema
974 1221 1033 1258 sit.

49 1287 150 1326 &liter
165 1286 264 1323 enim
284 1285 519 1333 evangelizat
539 1297 652 1333 quam
676 1283 847 1320 Christus
872 1295 1036 1331 cvange-

54 1346 179 1392 invit,
199 1345 263 1395 qui
295 1344 505 1394 angelicam
535 1357 669 1394 pacem
697 1352 735 1380 et
762 1344 931 1392 regulam
961 1356 1037 1379 suae

51 1405 272 1446 ›rofessionis
303 1403 508 1441 observare
536 1404 735 1454 cupientes
764 1403 951 1454 impedire
980 1403 1037 1439 se-

49 1468 156 1506 itinat.
169 1466 408 1516 Quicumque
427 1478 518 1501 vero
535 1464 597 1501 illc
615 1465 674 1510 sit,
695 1464 925 1501 refellendus
940 1476 1040 1500 sum-

52 1540 186 1580 nopere
204 1535 281 1573 est,
303 1539 389 1563 cum
409 1525 556 1562 Veritas
585 1525 685 1562 dicat
708 1540 715 1561 :
741 1528 782 1561 Si
804 1528 930 1561 oculus
954 1535 1039 1561 tuus

51 1591 166 1627 ieaeter
189 1589 424 1624 scamlalc’zczt
445 1596 494 1631 te,
517 1600 604 1622 erue
625 1600 724 1630 eum,
749 1595 784 1622 et
807 1591 954 1634 projice
974 1585 1041 1621 abs

51 1646 113 1687 '1:3.
138 1648 195 1687 Nil
228 1648 372 1698 quippe
400 1647 596 1684 molestius
618 1646 790 1690 laeditur,
811 1647 871 1683 vel
893 1646 1042 1683 cautius

52 1710 256 1748 ›boen-vatur
274 1710 313 1746 in
334 1722 497 1760 corpore
513 1738 523 1754 ,
539 1722 653 1758 quam
673 1709 807 1745 oculus
839 1723 846 1745 :
875 1717 1042 1745 attamen

1087 326 1143 353 est
1159 347 1168 363 ,
1188 324 1374 365 quantum
1397 315 1433 351 in
1455 329 1587 352 eorum
1603 318 1918 359 excellentissima
1937 338 2095 365 convcr-

1089 377 1234 413 satione
1251 375 1366 411 totius
1381 375 1575 423 Evangelii
1593 377 1731 413 veritas
1742 379 1932 419 elucescit.
1945 387 2097 423 I'rolixo

1090 445 1126 473 et
1143 449 1240 486 pene
1258 435 1452 472 fastidioso
1474 448 1651 472 sermone
1668 437 1724 473 usi
1742 452 1873 476 sumus
1895 456 1902 477 ε
1925 445 2012 492 quia
2027 456 2099 484 sta-

1093 504 1151 533 tus
1172 495 1448 532 monachorum
1470 503 1708 542 caeterorum,
1730 499 1795 546 qui
1814 500 1981 539 fortassis
2000 505 2101 543 liaud

1093 555 1282 606 placebit,
1299 554 1446 604 judicio
1467 568 1557 591 sane
1578 555 1833 606 designandus
1847 573 1927 597 esse
1946 563 2102 602 videba—

1095 626 1177 663 tur,
1200 630 1266 663 ne,
1297 629 1405 652 secus
1435 629 1549 665 quam
1584 618 1764 666 contigit,
1792 621 2014 660 aemulorum
2046 625 2103 662 di—

1093 678 1316 726 vulgaretur
1336 675 1495 725 judicio.
1522 677 1653 713 Valeat
1676 677 1713 714 in
1744 679 1892 717 Christo
1920 685 2105 723 Sanctitas

1093 746 1230 774 vestra.

1096 887 2109 906 =====================================================================

1172 1016 1543 1073 EPISTOLA
1586 1018 2030 1100 CDLXXVHI,

1102 1166 1282 1190 FXSTREDI
1320 1167 1473 1190 ABBATIS
1508 1168 1866 1195 CLAn,³‹:—v.x1,Li-:NSIS
1901 1176 2029 1199 TERTII
2065 1180 2111 1201 An

1272 1226 1456 1255 QUEMDAM
1486 1227 1642 1252 ORleS
1667 1230 1725 1252 St‘l
1755 1233 1940 1257 ABBATEM.

1104 1345 1319 1380 FASTREDUS
1343 1341 1523 1391 indignus
1549 1356 1681 1380 servus
1703 1354 1740 1382 et
1765 1346 1882 1385 abbas
1907 1353 2119 1390 monacho—

1159 1416 1244 1439 rum
1267 1403 1644 1441 Clarae-Vallensium
1658 1434 1666 1450 ,
1686 1409 1730 1442 N.
1753 1406 1882 1446 abbati
1902 1411 2061 1449 salutem
2080 1414 2119 1450 in

1158 1466 1248 1500 Jesu
1273 1463 1443 1510 Christo,
1469 1472 1506 1500 et
1522 1465 1699 1514 spiritum
1718 1467 1873 1517 majoris
1892 1474 2120 1522 evangelicae

1160 1523 1407 1574 paupertatis.

1167 1648 1199 1685 1.
1231 1649 1367 1686 Relatu
1388 1647 1495 1698 ejus,
1515 1650 1584 1699 qui
1607 1659 1680 1687 tam
1703 1653 1839 1691 animae
1859 1665 1994 1694 vestrae
2016 1673 2124 1697 eom-

1109 1709 1274 1759 patitur‚
1294 1723 1409 1759 quam
1430 1723 1498 1746 vos
1519 1712 1692 1762 corporis
1712 1715 1945 1764 appetitibus
1959 1748 1968 1764 ,
1987 1729 2121 1757 notum

53 1785 123 1810 :um
150 1770 327 1822 impedit,
359 1770 610 1821 spiritualiter
636 1779 692 1806 est
721 1769 926 1806 eruendus.
958 1773 1042 1806 Hoc
1063 1768 1090 1804 C
1112 1770 1222 1808 nobis
1246 1779 1323 1817 est,
1345 1771 1450 1821 quod
1474 1785 1541 1808 vos
1563 1781 1637 1809 tam
1655 1775 1810 1824 Regulae
1833 1786 1989 1827 vestrae,
2007 1795 2122 1831 quam

53 1840 98 1872 est
113 1832 209 1870 enim
234 1831 466 1882 prudentem
495 1844 575 1868 esse
597 1831 695 1868 sicut
719 1839 936 1881 serpentem
950 1860 959 1876 ‚
978 1844 1043 1867 ca—

53 1900 112 1943 ¹aut
127 1901 267 1939 totum,
289 1892 328 1929 id
350 1901 407 1929 est
427 1900 593 1928 mentem
606 1920 615 1937 ‚
634 1890 849 1928 subducere
870 1890 917 1928 ab
939 1890 1045 1928 omni

45 1952 198 1999 fallacia,
218 1965 302 2002 quae
320 1952 423 1997 laedit
435 1952 614 1989 animam.

46 2050 48 2054 ,
95 2014 154 2053 13.
183 2017 454 2052 Verumtamen
488 2021 650 2064 propter
687 2012 909 2049 scandalum
938 2012 1048 2049 infir—

55 2087 210 2120 morum,
228 2074 294 2124 qui
314 2074 440 2111 minus
458 2075 613 2124 sapiunt
629 2073 826 2110 veritatem
841 2102 850 2119 ,
869 2085 1048 2123 rogamus

47 2133 278 2173 sanct-itatem
292 2143 470 2181 vestram,
482 2143 520 2171 et
536 2148 671 2171 omnes
687 2134 751 2184 qui
765 2134 898 2170 audire
914 2134 1050 2171 volue-

56 2194 123 2232 rint
150 2195 247 2232 hanc
273 2195 497 2246 petitionem
520 2204 709 2241 nostram,
733 2204 920 2245 quatenus
950 2196 1050 2232 inter

35 2264 39 2267 '
56 2253 216 2293 abbatem
230 2255 509 2294 Eboracensem
527 2265 564 2293 et
579 2269 680 2305 saepe
692 2255 812 2292 dictos
824 2255 956 2292 fratres
973 2263 1049 2291 stu-

57 2313 161 2354 dentis
190 2316 387 2353 restituere
420 2330 567 2367 pacem.
602 2320 801 2354 Postremo
832 2316 1049 2353 meminisse

57 2374 238 2423 debemus,
253 2377 357 2427 quod
374 2377 676 2414 Molismensium
696 2376 973 2414 monachorum
997 2377 1050 2413 si·-

58 2435 144 2474 milis
161 2450 330 2487 egressus
350 2438 608 2475 Cisterciensis
628 2437 715 2474 vitae
737 2438 1050 2488 perfectissimam

59 2509 217 2535 normam
231 2528 241 2545 ,
261 2512 374 2548 quam
401 2507 480 2536 tota
501 2513 599 2550 pene
625 2499 785 2536 miratur
805 2500 970 2536 Ecclesia
983 2528 992 2545 ,
1012 2499 1050 2535 in

1109 1832 1275 1882 exempli
1304 1832 1343 1868 in
1370 1832 1648 1869 monachorum
1674 1844 1890 1874 vestrorum
1917 1841 2035 1877 oculis
2055 1856 2123 1878 ex-

1110 1891 1267 1928 hibendi
1293 1891 1421 1938 obliti,
1449 1892 1487 1928 in
1512 1893 1705 1943 hospitum
1733 1895 1849 1933 domo
1870 1912 2038 1937 mensam
2063 1903 2123 1939 in—

1112 1953 1256 1990 struitis
1271 1983 1280 1999 ,
1300 1953 1497 1990 desideriis
1523 1955 1660 1992 vestris
1678 1955 1921 2007 indulgentes
1934 1989 1943 2006 ,
1960 1961 2123 2012 hospiti-

1112 2014 1184 2051 bus
1207 2013 1474 2051 deficientibus
1499 2029 1506 2051 ε
1535 2023 1573 2051 et
1594 2016 1632 2051 in
1655 2017 1794 2054 vestitu
1821 2028 1858 2055 et
1885 2021 1990 2058 lectis
2009 2024 2127 2073 magis

1115 2075 1270 2112 divitem
1307 2076 1511 2126 epulonem
1528 2104 1537 2122 ‚
1562 2090 1676 2126 quam
1704 2092 1913 2129 pauperem
1935 2085 2121 2121 Lazarum

1116 2136 1331 2181 imitamini,
1350 2149 1428 2173 non
1449 2137 1694 2175 recordantes
1715 2153 2005 2193 poenam,quam
2023 2149 2126 2182 Deus

1115 2195 1230 2245 liujus
1253 2197 1341 2234 vitae
1366 2197 1609 2235 felicitatibus
1631 2199 1771 2237 innixis
1793 2202 1971 2241 minatur.
1994 2207 2126 2243 Profe—

1116 2266 1198 2304 cto,
1215 2258 1266 2294 fili
1291 2267 1329 2295 et
1347 2259 1484 2304 frater,
1503 2273 1638 2309 parum
1665 2261 1780 2298 refert
1802 2262 1875 2300 hoc
1897 2264 2027 2302 habitu
2058 2281 2127 2303 ve-

1116 2318 1217 2363 stiri,
1248 2327 1289 2354 ut
1319 2319 1470 2355 inferno
1505 2320 1590 2369 quis
1625 2320 1880 2372 demergatur.
1913 2326 1999 2362 Alio
2026 2328 2126 2364 enim

1116 2392 1361 2428 quocumque
1398 2379 1555 2416 liberior
1586 2389 1691 2431 patet
1721 2381 1802 2427 via,
1829 2392 1865 2420 et
1897 2385 2030 2433 latior,
2052 2401 2128 2437 qua

1118 2438 1313 2476 ambulare
1343 2448 1463 2489 potes.
1493 2441 1815 2492 Quandoquidem
1838 2458 1929 2482 vero
1952 2451 2055 2485 Deus
2080 2449 2128 2485 ad

1118 2499 1221 2535 hunc
1244 2507 1279 2535 te
1305 2500 1476 2546 vocavit,
1497 2501 1536 2536 in
1558 2501 1631 2537 lioc
1655 2502 1857 2550 incumbe,
1882 2519 1929 2543 ne
1951 2510 2128 2547 meritum

59 2557 178 2607 primis
206 2559 370 2596 instituit
397 2574 441 2597 ac
467 2560 659 2607 fundavit,
684 2574 849 2610 quorum
874 2560 1050 2610 puritatis
1072 2562 1101 2596 D
1118 2559 1267 2610 perdas.
1284 2563 1487 2610 Nunquam
1508 2561 1608 2598 enim
1626 2562 1725 2599 intra
1741 2565 1946 2604 claustrum
1964 2577 2030 2605 aut
2049 2584 2132 2607 mo-

60 2616 240 2668 ingenium
267 2620 497 2657 venerabilis
526 2623 720 2658 memoriae
740 2621 920 2657 dominus
943 2624 1055 2670 Hugo

61 2678 315 2728 Lugdunensis
347 2681 656 2732 archiepiscopus
683 2682 887 2719 christiana
917 2682 1058 2731 pietate

62 2737 236 2786 laudavit,
260 2749 400 2778 sanctae
420 2742 575 2792 Regulae
596 2743 885 2779 renovationem
906 2751 944 2778 et
964 2755 1058 2792 pro—

63 2797 281 2838 batissimam
298 2802 551 2851 integritatem
568 2803 730 2840 fideliter
756 2802 965 2852 adoptavit.
992 2808 1058 2840 At-

63 2871 133 2908 que
146 2859 296 2898 demum
313 2876 397 2899 cum
417 2862 464 2899 ad
479 2864 729 2913 apostolicam
749 2863 922 2899 notitiam
939 2877 1059 2900 aemu-

65 2916 183 2958 lorum
201 2923 439 2972 querimonia
458 2924 691 2974 perveniret,
722 2923 880 2960 domino
904 2924 1060 2962 Urbano

56 2991 159 3030 'papa
176 2983 340 3020 secundo
361 2983 608 3033 praa-sidente,
632 2984 854 3021 mandatum
877 2984 1064 3021 decretale

58 3041 284 3098 porrigitur,
304 3053 491 3094 quatenus
521 3046 604 3082 solo
624 3044 761 3082 abbate
785 3054 983 3095 reportato
1017 3045 1064 3081 ad

70 3100 227 3151 regimen
237 3103 397 3142 abbatiae
420 3119 498 3143 suae
523 3107 589 3156 qui
605 3107 750 3157 pariter
765 3107 928 3152 exierat,
950 3119 1064 3143 nemo

71 3170 281 3201 caeterorum
296 3194 306 3212 ,
327 3166 392 3216 qui
418 3166 458 3203 in
486 3167 600 3218 plena
620 3166 889 3204 observatione
910 3167 1065 3216 chulae

1123 2622 1329 2657 nasterium
1359 2620 1488 2658 decuit
1513 2623 1544 2659 is
1570 2622 1740 2671 lial)itus;
1764 2639 1938 2677 quosque
1963 2631 2061 2667 soles
2085 2645 2132 2668 eo

1126 2681 1262 2718 vestire
1278 2711 1287 2728 ,
1309 2695 1352 2718 ea
1371 2696 1448 2719 non
1465 2692 1552 2719 sunt
1575 2685 1756 2733 qualitate
1770 2715 1778 2731 ‚
1799 2701 1911 2736 quam
1931 2689 2042 2728 nobis
2062 2701 2135 2729 sta-

1126 2750 1207 2779 tuta
1239 2751 1370 2779 nostra
1403 2744 1669 2793 praescribunt.
1703 2748 1794 2783 Cum
1829 2749 1928 2785 enim
1961 2754 2135 2791 monachi

1126 2811 1283 2852 etymon
1303 2805 1350 2840 sit
1369 2805 1535 2841 solitudo
1556 2814 1593 2842 et
1611 2807 1772 2854 tristitia,
1791 2811 1988 2858 quomodo
2006 2815 2137 2852 solita-

1127 2864 1184 2900 rio
1212 2865 1417 2902 convenire
1448 2876 1611 2916 possunt
1638 2869 1863 2908 vestimenta
1888 2884 2136 2924 sumptuosa,

1131 2933 1168 2960 et
1201 2925 1335 2962 mundi
1367 2940 1548 2977 pompam
1586 2928 1825 2968 redolentia?
1860 2937 1906 2970 Et
1939 2938 2137 2984 quomodo

1133 2985 1230 3022 tristi
1251 2986 1441 3035 quadrant
1462 2988 1599 3026 laetitiae
1620 2998 1658 3026 et
1679 2993 1943 3032 exsultationis
1960 2998 2140 3047 vestigia?

1132 3047 1298 3093 Sufficit,
1328 3048 1379 3084 fili
1408 3049 1479 3096 mi,
1514 3051 1727 3098 monacho,
1755 3054 1860 3102 quod
1884 3065 2015 3093 sancto
2045 3072 2141 3108 apo-

1132 3107 1232 3144 stolo
1260 3108 1380 3145 Paulo
1406 3120 1628 3160 supererat,
1650 3112 1793 3150 scilicet
1813 3116 2015 3154 comedere
2035 3118 2140 3167 quod

1134 3176 1306 3205 naturam
1334 3178 1372 3207 et
1396 3171 1514 3208 vitam
1542 3181 1755 3211 sustentare
1777 3184 1945 3225 poterat,
1967 3186 2003 3214 et
2023 3180 2139 3215 vesti-

118 3295 127 3311 ¹
144 3292 221 3333 Reg.
240 3303 306 3335 cap.
325 3297 380 3325 61.
401 3313 445 3317 —
467 3300 480 3316 ²
498 3296 664 3328 Cassianus
678 3319 684 3335 ,
698 3296 802 3327 collat.
825 3298 875 3327 17.
894 3315 932 3317 -—
954 3292 966 3315 3
980 3295 1096 3326 Manli.
1120 3307 1150 3331 v,
1174 3299 1235 3333 20,
1258 3299 1312 3328 29.

224 3364 313 3388 Tou.
347 3367 372 3389 1.

1938 3364 1986 3399 26
