2533 3920
355 193 430 229 383

359 273 650 320 improperans,
690 266 755 303 sed
795 258 1019 316 provocans
1048 271 1084 299 et
1125 257 1422 310 el'tlagitans','‘³²

1122 187 1156 220 S.
1188 181 1442 219 BERNARDI
1472 178 1673 215 ABBATIS

2360 172 2430 209 38¹1

359 344 519 368 monens
547 337 585 366 et
614 340 818 378 reposcens
848 324 1018 361 debitum
1046 331 1181 360 vesti-ae
1211 322 1366 358 misera·
1383 323 1412 356 Α
1435 340 2436 360 .....................................................................

361 391 473 428 tionis
500 390 690 427 affectum.
711 391 832 436 Urget
859 385 1059 422 necessitas
1089 383 1205 420 modo
1233 395 1365 418 omnes

361 460 534 503 repetere
555 449 760 487 debitores.
778 451 857 497 Ego
873 460 966 483 vero
984 446 1013 482 si
1035 446 1102 482 feci
1123 444 1226 494 quod
1244 444 1365 479 facere

362 514 498 559 debui,
519 511 620 548 haud
638 509 739 547 aliud
763 522 823 545 me
843 522 888 545 ex
912 521 958 544 eo
979 520 1091 557 qnam
1114 518 1265 542 servum
1283 504 1367 540 inu-

363 575 465 611 tilem
494 579 651 622 reputo,
679 569 790 619 juxta
817 580 1034 605 sermonem
1062 566 1217 604 Domini
1238 571 1262 600 ¹.
1291 568 1368 601 Ve-

364 643 578 672 rumtamen
607 632 636 668 si
664 630 733 667 feci
754 628 856 679 quod
878 627 1077 678 oportuit,
1101 634 1165 663 aut
1188 624 1292 675 quod
1315 624 1369 660 sa-

363 694 541 731 ciendum
581 692 669 738 fuit,
706 689 891 739 numquid
925 688 1046 725 merui
1078 687 1286 736 vapulare?
1324 688 1370 721 Et

361 768 446 792 ecce
478 753 627 791 rediens
657 766 677 788 a
709 750 840 795 vobis,
872 748 1158 786 tribulationem
1189 755 1226 783 et
1258 745 1370 782 dolo-

365 829 442 852 rem
471 814 620 859 inveni,
648 822 684 849 et
716 824 857 849 nomen
888 809 1044 846 Domini
1070 807 1271 853 invocavi,
1303 806 1368 843 sed

362 889 439 912 non
471 874 633 924 profuit,
663 871 837 908 invocavi
860 879 896 906 et
916 878 1084 906 vestrum
1101 898 1110 915 ,
1132 876 1170 904 et
1195 881 1272 904 non
1299 879 1368 903 va-

362 936 432 972 luit
451 950 458 971 :
481 933 665 982 siquidem
689 931 741 967 dii
759 931 874 967 fortes
896 938 1005 966 terrae
1021 928 1270 964 vehementer
1289 926 1368 962 ele-

362 996 437 1033 vati
459 1002 571 1037 sunt,
590 990 862 1041 Lugdunensis
882 989 1023 1026 scilicet
1042 987 1366 1037 archiepiscopus,

362 1065 399 1093 et
419 1053 678 1093 Cluniacensis
700 1051 828 1088 abbas.
844 1050 893 1087 Hi
913 1048 1148 1086 confidentes
1167 1048 1207 1083 in
1227 1047 1370 1083 virtute

1581 465 1962 526 EPISTOLA
2007 459 2292 522 CLXIX.a

1584 649 1628 670 AD
1663 646 1843 669 DOMINUM
1882 645 1996 667 PAPAM
2031 644 2308 667 INNOCENTIUM.

1847 775 1868 799 L⁴
1874 776 1927 800 nde
1947 782 2042 807 supra.

1436 910 1500 939 Cur
1516 908 1643 938 clericos
1660 905 1804 937 Ecclesiae
1828 903 2032 946 Lingonensis
2055 909 2182 934 vocatos
2203 901 2370 934 detinuerit
2387 914 2394 941 ;
2414 909 2442 934 et
2494 941 2496 947 Ι

1602 961 1716 1003 quihus
1730 970 1844 990 munus
1863 958 1994 1000 eligendi
2012 957 2280 989 committendum.

362 1130 446 1160 sua,
468 1123 504 1151 et
532 1114 570 1150 in
599 1111 843 1149 multitudine
871 1110 1089 1147 divitiarum
1111 1121 1265 1144 suarum
1286 1107 1370 1156 glo·
1388 1110 1416 1144 B
1488 1102 1666 1153 Dignatio
1685 1109 1814 1137 vestra
1834 1099 1921 1136 fecit
1942 1112 2001 1136 me
2020 1098 2242 1135 familiarem
2256 1125 2267 1144 ,
2287 1097 2445 1134 familia-

363 1176 520 1220 riantes,
556 1172 758 1209 adversum
790 1183 851 1207 me
888 1168 1300 1220 appropinquaverunt
1333 1174 1371 1203 et

362 1242 560 1273 steterunt.
578 1237 625 1270 Et
638 1245 716 1269 non
731 1231 936 1268 adversum
953 1243 1013 1267 me
1030 1237 1196 1273 tantum,
1215 1227 1282 1265 sed
1303 1227 1371 1264 ad—

363 1308 516 1332 versum
545 1306 721 1343 magnam
748 1289 1034 1328 multitudinem
1055 1302 1255 1326 servorum
1277 1287 1370 1334 Dei,

362 1355 565 1393 adversum
583 1366 653 1390 vos
670 1364 839 1402 quoque,
863 1350 1067 1387 adversum
1084 1362 1122 1385 se
1141 1348 1258 1398 ipsos,
1278 1361 1372 1384 con—

362 1425 419 1453 tra
444 1419 591 1459 Deum,
611 1420 744 1449 contra
770 1423 925 1448 omnem
950 1409 1167 1459 aequitatem
1188 1417 1225 1445 et
1249 1408 1371 1445 hone-

364 1483 513 1512 statem.

419 1535 454 1572 2.
493 1532 670 1582 Denique
715 1531 983 1582 imposuerunt
1022 1529 1217 1566 hominem
1257 1542 1373 1578 super

364 1596 487 1646 capita
525 1602 677 1639 nostra,
712 1605 849 1642 quem,
882 1591 982 1642 proh
1022 1590 1172 1641 pudor!
1209 1597 1246 1626 ct
1278 1587 1373 1625 boni

366 1656 544 1700 horrent,
565 1663 603 1691 et
623 1653 711 1690 mali
733 1652 869 1689 rident.
888 1655 974 1700 Quo
995 1652 1150 1698 ordine,
1168 1651 1244 1687 imo
1260 1663 1372 1700 quam

366 1714 691 1760 extraordinarie,
717 1713 845 1750 videat
870 1717 974 1750 Deus
997 1720 1033 1749 et
1054 1711 1224 1761 judicet,
1248 1710 1375 1747 videat

364 1785 402 1813 et
421 1780 596 1813 Romana
617 1774 722 1810 curia
743 1788 750 1809 ε
775 1771 904 1808 videat
927 1781 964 1809 et
984 1771 1130 1817 doleat,
1150 1769 1375 1807 misereatur

367 1844 403 1872 et
424 1835 642 1883 accingatur
662 1832 709 1869 ad
728 1832 935 1868 vindictam
957 1832 1267 1875 malefactorum,
1290 1830 1373 1865 lau-

1438 1164 1527 1201 ritas
1559 1169 1891 1213 praesumptorem.
1921 1158 2030 1197 Adsit
2054 1157 2165 1195 solita
2192 1156 2300 1194 cordi
2319 1165 2445 1194 vestro

1437 1224 1678 1274 benignitas,
1710 1236 1758 1259 ne
1788 1222 1886 1258 forte
1916 1219 2168 1271 praesumptio
2196 1218 2319 1269 pariat
2348 1217 2446 1254 indi-

1437 1285 1672 1336 gnationem.
1688 1282 1829 1320 Audite
1850 1289 1977 1318 tamen
1998 1279 2208 1330 patienter,
2226 1291 2305 1316 non
2323 1278 2445 1316 solum

1438 1345 1531 1396 quid
1551 1344 1712 1395 egerim,
1734 1342 1801 1380 sed
1820 1350 1858 1379 et
1877 1355 1946 1378 cur
1966 1340 2109 1390 egerim
2133 1355 2141 1377 :
2165 1339 2197 1377 si
2218 1339 2317 1376 forte
2337 1351 2447 1376 causa

1440 1406 1579 1443 factum
1608 1404 1729 1455 possit
1750 1403 1810 1440 vel
1836 1402 2078 1452 aliquatenus
2097 1412 2292 1436 excusare.
2324 1403 2448 1436 Ausus

1439 1480 1520 1504 sum
1554 1466 1720 1503 retinere
1751 1463 1910 1500 clericos
1944 1462 2207 1511 Lingonenses
2235 1459 2302 1509 qui
2326 1459 2448 1497 vocati
2490 1506 2492 1510 λ

1440 1535 1570 1574 erant,
1592 1525 1807 1577 composita
1833 1533 1962 1561 tamen
1989 1536 2082 1574 pace
2101 1522 2203 1559 inter
2219 1534 2286 1559 eos
2307 1534 2315 1557 :
2335 1520 2448 1571 ipsis-

1440 1603 1514 1640 que
1549 1587 1739 1639 persuasis
1768 1595 1867 1623 stare
1898 1584 2079 1634 deinceps
2105 1583 2152 1620 de
2181 1581 2354 1619 facienda
2378 1581 2449 1618 ele·
2488 1570 2492 1575 ‚

1442 1650 1569 1687 ctione
1596 1649 1635 1685 in
1664 1646 1906 1697 beneplacito
1931 1658 1969 1680 v(
1981 1653 2060 1681 stro
2085 1651 2123 1680 et
2144 1642 2306 1680 consilio
2324 1641 2445 1678 bono·
2491 1661 2496 1680 :

1441 1724 1525 1747 rum
1545 1739 1554 1756 ,
1578 1710 1674 1746 sicut
1705 1708 1743 1744 in
1773 1707 1907 1744 litteris
1935 1718 2071 1742 eorum
2097 1703 2330 1741 continetur.
2363 1706 2451 1740 Erat
2490 1692 2494 1708 ³

1442 1781 1569 1809 autem
1599 1768 1930 1821 pernecessarium
1953 1780 2019 1804 eos
2038 1766 2110 1803 hac
2128 1765 2211 1802 vice
2231 1777 2449 1811 remanere,

1443 1840 1602 1882 propter
1635 1839 1753 1866 terras
1784 1836 1821 1872 et
1850 1827 2109 1878 possessiones
2138 1825 2337 1869 Ecclesiae‚
2368 1836 2450 1874 quae

369 1895 456 1932 dem
488 1908 581 1931 vero
612 1893 817 1929 bonorum.
847 1892 947 1940 Quid
975 1892 1102 1929 enim?
1128 1891 1254 1940 placet
1283 1888 1350 1926 tibi
1364 1918 1373 1935 ,
1395 1894 1421 1930 C
1443 1893 1539 1930 datae
1557 1899 1646 1928 sunt
1661 1890 1799 1941 praedae
1816 1897 1854 1926 et
1869 1887 2091 1938 direptioni,
2108 1886 2200 1924 dum
2216 1899 2294 1922 non
2314 1893 2371 1922 est
2386 1883 2450 1934 qui

366 1954 523 1991 domina
552 1952 706 1999 mnndi,
742 1951 979 1988 universitati
1004 1951 1210 1988 constituta
1235 1948 1375 1986 vindex

368 2016 406 2051 in
433 2015 547 2061 iram,
573 2013 693 2063 judex
719 2014 757 2049 in
789 2012 1113 2058 1nisericordiam3
1138 2011 1286 2061 placet,
1316 2010 1377 2045 in-

368 2089 504 2126 quam,
540 2074 633 2121 tibi,
668 2074 772 2123 quod
800 2073 891 2110 dum
923 2072 1096 2123 superbit
1124 2071 1286 2122 impius,
1315 2070 1376 2106 in-

366 2136 541 2173 cenditur
576 2147 745 2184 pauper,
776 2143 813 2170 et
839 2134 901 2170 ille
933 2146 1098 2183 pauper,
1123 2133 1187 2182 qui
1209 2144 1281 2182 pro
1311 2139 1377 2167 tuo

369 2197 544 2241 servitio,
568 2208 653 2231 cum
675 2208 752 2230 non
773 2193 931 2230 haberet
949 2207 1102 2230 censum
1122 2206 1235 2242 quem
1258 2192 1380 2228 effun-

367 2257 492 2302 deret,
523 2255 698 2305 sanguini
729 2268 807 2291 non
835 2254 1035 2305 pepercit?
1062 2254 1280 2303 Dignumne
1309 2251 1377 2287 tibi

371 2317 523 2353 videtur
556 2324 619 2352 tua
646 2315 789 2365 perfrui
817 2328 931 2364 pace,
951 2323 988 2350 et
1010 2322 1180 2350 nostram
1206 2326 1284 2349 non
1313 2325 1379 2348 ‹eu-

370 2391 477 2422 rare,
517 2390 586 2412 nec
623 2375 791 2425 recipere
826 2375 863 2411 in
903 2383 1043 2411 sortem
1081 2373 1376 2417 consolationis,

372 2451 469 2488 quos
490 2436 654 2473 habuisti
676 2445 872 2473 consortes
896 2435 1063 2472 laboris?
1084 2435 1121 2472 Si
1141 2434 1272 2470 inveni
1295 2446 1381 2482 gra-

370 2500 458 2534 tiam
487 2498 524 2534 in
555 2497 674 2533 oculis
695 2497 848 2542 vestris,
869 2496 1004 2546 eripite
1025 2496 1178 2545 inopem
1202 2494 1248 2530 de
1265 2506 1381 2530 manu

370 2558 572 2594 fortiorum
601 2556 683 2606 ejus
700 2586 709 2603 ,
735 2570 897 2606 egenum
929 2566 966 2594 et
994 2569 1206 2607 pauperem
1234 2570 1254 2591 a
1287 2553 1381 2590 ‹liri-

371 2617 563 2668 pientibus
595 2631 695 2654 eum.
729 2617 911 2666 Alioquin
939 2629 1010 2665 ego
1037 2615 1214 2665 quidem,
1240 2622 1282 2650 ut
1308 2626 1382 2663 po—

1443 1952 1633 1991 custodiat
1668 1958 1732 1987 aut
1774 1948 1965 1986 defendat.
2000 1951 2134 1997 Itaque
2162 1945 2336 1996 personis
2368 1956 2450 1994 quae

1444 2026 1522 2049 non
1552 2012 1626 2048 sint
1654 2017 1860 2060 suspectae,
1879 2022 1964 2058 quae
1987 2021 2064 2044 non
2089 2014 2264 2057 quaerant
2285 2018 2370 2055 quae
2386 2016 2451 2041 sua
2503 2016 2507 2018 ’

1445 2082 1552 2119 sunt,
1573 2071 1639 2109 sed
1660 2084 1745 2121 quae
1765 2074 1856 2107 Jesu
1877 2069 2038 2114 Christi,
2060 2067 2304 2118 injungatur,
2327 2066 2357 2103 si
2376 2065 2452 2116 pla·
2484 2081 2486 2100 ;

1445 2143 1527 2180 cet,
1558 2146 1650 2170 cura
1678 2130 1842 2181 eligendi
1869 2130 1935 2180 qui
1964 2133 2047 2167 Deo
2081 2129 2254 2179 placeat,
2279 2135 2317 2164 et
2340 2127 2451 2163 linem
2484 2125 2493 2139 ’”

1447 2195 1600 2233 tandem
1629 2193 1788 2243 accipiat
1815 2191 1992 2229 Ecclesiae
2021 2199 2097 2228 tam
2123 2190 2305 2226 diuturna
2328 2196 2366 2225 et
2388 2186 2453 2224 mi-

1445 2255 1606 2294 seranda
1623 2254 1788 2290 vexatio.
1809 2252 1973 2302 Reliqua
2001 2264 2093 2288 vero
2114 2248 2276 2286 dicenda
2300 2246 2453 2285 commi·
2502 2273 2511 2282 .

1447 2318 1564 2355 simus
1581 2315 1740 2352 domino
1760 2312 1950 2350 Herberto
1971 2311 2099 2348 abbati
2120 2306 2452 2359 Sancti-Stephani

1446 2375 1690 2415 Divionensis
1708 2372 1726 2396 b
1742 2402 1751 2419 ,
1775 2381 1813 2410 et
1832 2372 2102 2409 archidiacono
2121 2369 2354 2420 Lingonensi
2368 2397 2378 2415 ,
2397 2380 2453 2404 so·

1448 2437 1589 2485 ciisque
1622 2447 1768 2472 eorum.
1800 2431 2014 2482 Adjicimus
2043 2431 2179 2475 etiam,
2204 2438 2246 2467 ut
2270 2428 2453 2466 archidia-
2482 2430 2483 2434 ’

1448 2510 1589 2533 conum
1608 2495 1891 2544 Lingonensem
1907 2522 1916 2539 ,
1934 2501 1971 2529 et
1987 2491 2333 2529 Bonum-Amicum
2354 2487 2453 2538 ejus·
2480 2526 2482 2533 ,

1449 2557 1534 2594 dem
1570 2555 1737 2593 ecclesiae
1775 2553 2063 2604 presbyterum,
2106 2550 2288 2602 quoniam
2328 2549 2453 2586 fideles

1448 2619 1486 2655 in
1515 2631 1626 2655 causa
1648 2617 1718 2654 Dei
1743 2617 1994 2660 exstiterunt,
2016 2628 2083 2651 eos
2106 2622 2143 2651 ct
2169 2626 2230 2650 res
2251 2624 2384 2649 eorum
2414 2609 2451 2647 in

372 2688 479 2723 tem,
502 2677 687 2714 laborabo
718 2677 754 2713 in
785 2677 927 2726 gemitu
956 2688 1063 2720 meo,
1087 2683 1124 2711 et
1150 2682 1263 2710 erunt
1289 2672 1381 2709 mihi
1401 2678 1670 2715 Ddefensione
1702 2685 1829 2713 vestra
1867 2675 2070 2726 recipiatis,
2100 2673 2245 2724 Dignus
2273 2679 2329 2709 est
2356 2669 2452 2707 enim

374 2740 551 2788 lacrymae
573 2751 666 2774 meze
685 2750 802 2786 panes
823 2736 883 2772 die
905 2749 946 2772 ac
969 2743 1080 2772 nocte
1096 2749 1103 2771 ε
1122 2733 1235 2770 vobis
1255 2741 1380 2769 autem

374 2801 492 2847 legam
525 2798 632 2834 illum
664 2797 894 2833 versiculum
908 2825 917 2842 ‚
954 2798 1026 2843 Qui
1054 2797 1153 2831 tollit
1186 2793 1234 2829 ab
1261 2798 1382 2828 amico

373 2861 668 2895 misericordiam
681 2887 691 2903 ,
715 2861 882 2893 timorem
910 2859 1064 2893 Domini
1083 2858 1326 2903 tle1·elir.⁷quil;
1347 2863 1384 2890 et

372 2919 464 2956 illud
480 2948 489 2962 ,
517 2922 654 2955 Omnes
675 2921 876 2953 necessarii
899 2921 973 2953 mei
992 2924 1218 2951 recesserim!
1235 2929 1257 2950 a
1275 2928 1334 2950 me
1348 2919 1381 2956 ’ς

374 2979 469 3016 illud
486 2991 659 3028 quoque,
681 2978 881 3024 Quijuoeta
903 2990 962 3012 me
981 2985 1105 3020 erant,
1126 2977 1172 3011 de
1190 2978 1296 3023 longa·
1313 2983 1385 3010 stc-

375 3049 517 3084 eernnt,
536 3049 571 3075 ct
590 3037 875 3087 vimfacicbant
893 3043 959 3087 qui
976 3036 1201 3087 quoerebmzt
1216 3040 1383 3072 (mimam

379 3114 500 3136 meam
519 3098 543 3136 3.

425 3240 433 3255 ¹
456 3237 531 3265 Luc.
557 3245 644 3271 xva,
682 3236 791 3264 10.-
815 3233 904 3264 ²Job
929 3236 1189 3271 v1,14‚13.—
1206 3230 1219 3254 3
1236 3230 1317 3262 Psal.
1339 3239 1478 3265 xxxvu,
1504 3231 1562 3262 12.
1587 3230 1639 3258 13.
1662 3246 1703 3249 --—
1721 3226 1733 3252 ⁵
1754 3230 1828 3258 Luc.
1846 3238 1885 3264 x,
1908 3243 1936 3257 t.

1449 2738 1648 2790 operarius
1673 2736 1848 2774 mercede
1878 2749 1945 2773 sua
1960 2736 1986 2772 ⁵.

1905 3230 1921 3239 -,

424 3298 436 3312 ³
454 3294 573 3338 Scripta
588 3304 670 3324 anno
691 3292 805 3325 Christi
829 3296 928 3325 1138.
950 3313 988 3316 -
1011 3295 1025 3314 Ι·
1042 3296 1087 3324 Dc
1101 3304 1163 3335 quo
1182 3292 1219 3322 ad
1236 3290 1397 3333 epistolam
1418 3291 1472 3319 ³9.
