2517 3920
344 200 434 237 139!

343 287 475 315 sinate.
493 280 667 330 Exempli
685 293 810 325 causa,
831 280 959 317 veniat
977 280 1015 316 in
1035 279 1201 316 medium
1222 276 1389 315 Ρ6ῐιίι561

1112 204 1147 238 S.
1178 202 1375 237 BERNAR
1383 201 1432 235 DI
1461 198 1662 235 ABBATIS

1398 276 1501 314 urior
1521 275 1679 313 assertio
1703 274 1749 311 de
1774 273 1947 311 libertate
1966 273 2194 319 voluntatis,
2215 273 2305 323 quia
2320 273 2430 310 nimi-

2330 194 2427 232 1392

346 340 542 388 apostolus
564 355 571 377 ε
593 342 674 391 ipse
705 341 849 391 quippe
875 342 977 378 visus
1008 348 1064 377 est
1086 352 1224 389 negare
1245 338 1355 374 Veri·
1374 337 1402 369 A
1423 350 1505 373 rum
1540 337 1697 372 inventa
1734 344 1790 372 est
1821 335 1905 384 cogi
1934 334 2105 384 potuisse
2131 334 2337 371 voluntas?
2365 337 2432 370 Est

349 406 462 435 tatem
496 409 631 437 contra
656 401 852 451 propriam
888 402 1144 445 voluntatem,
1167 398 1354 447 siquidem

348 467 410 494 aut
433 472 592 509 negare,
616 469 682 497 aut
703 461 799 497 mori
821 474 973 498 necesse
990 467 1081 496 erat.
1104 458 1202 495 Mori
1219 458 1356 494 timens

350 520 514 568 negavit.
551 524 696 570 Negare
734 520 907 564 nolebat,
947 519 1011 556 sed
1052 518 1170 567 magis
1202 515 1358 553 nolebat

350 580 460 616 mori.
488 584 622 631 Itaque
654 582 797 618 invitus
824 581 978 630 quidem
1002 594 1009 615 :
1032 578 1098 615 sed
1127 577 1277 627 negavit
1302 585 1357 612 ta-

352 653 462 687 men,
486 655 534 678 ne
571 651 798 679 moreretur.
830 641 942 689 Quod
976 640 1006 677 si
1033 640 1180 689 lingua,
1210 646 1247 675 et
1279 650 1357 674 non

350 701 548 739 voluntate
569 703 673 751 loqui
696 702 810 738 homo
835 700 1057 751 compulsus
1085 707 1141 735 cst
1161 697 1266 747 quod
1285 710 1359 733 no-

351 760 474 807 lebat3
502 775 579 798 non
613 770 737 798 tamen
773 762 869 798 velle
907 759 1009 797 aliud
1045 772 1158 808 quam
1192 756 1357 794 volebat.

352 821 499 869 Lingua
522 830 624 857 mota
645 830 701 857 est
721 830 854 858 contra
867 822 1104 858 voluntatem
1129 834 1137 855 ι
1160 818 1226 855 sed
1247 831 1361 854 num-

351 879 498 927 quidet
519 889 662 916 mutata
684 881 886 916 voluntas?
915 879 1015 927 Quid
1047 878 1149 914 enim
1178 876 1360 913 volebat?

351 942 511 975 Prorsus
525 940 627 988 quod
644 948 742 986 erat,
761 940 898 977 Christi
916 952 996 975 esse
1019 938 1240 987 discipulus.
1259 935 1360 985 Quid

351 998 605 1047 loquebatur?
623 1002 707 1035 Non
729 1004 812 1035 novi
831 1001 1018 1035 hominem
1033 1006 1056 1035 ¹.
1075 1001 1151 1035 Cur
1168 998 1244 1034 ita?
1259 1000 1360 1034 Mor-

1422 397 1535 446 plane
1552 411 1559 432 :
1581 395 1648 432 sed
1666 396 1695 432 si
1714 395 1799 445 cogi
1817 393 1864 431 ab
1882 394 1956 430 alio
1973 394 2099 443 potuit
2113 407 2228 443 quam
2247 407 2268 430 a
2281 406 2320 430 se
2335 394 2429 444 ipsa.

1422 456 1535 504 Quod
1553 456 1582 492 si
1600 469 1681 492 sese
1698 456 1779 505 ipsa
1795 454 1938 503 coegit,
1963 454 2183 504 compulsa,
2203 462 2242 491 et
2263 454 2442 504 compel«

1425 518 1527 563 lens;
1545 516 1612 553 ubi
1632 516 1825 560 amittere,
1853 514 1906 551 ibi
1933 523 1971 551 et
2003 515 2173 565 recipere
2195 515 2277 551 visa
2302 522 2359 551 est
2383 514 2433 551 li-

1424 577 1623 613 bertatem.
1644 577 1729 614 Vim
1746 576 1910 625 quippe,
1937 588 2051 625 quam
2072 576 2153 625 ipsa
2182 574 2254 612 sibi
2278 574 2408 611 intulit
2422 602 2432 620 ,

1426 652 1447 675 a
1467 652 1505 675 se
1526 638 1695 688 pertulit.
1721 641 1842 674 Porro
1859 636 1963 686 quod
1982 649 2003 672 a
2032 649 2070 672 se
2092 636 2271 673 voluntas
2298 643 2434 685 pertu-

1426 700 1467 736 lit
1483 728 1492 744 ,
1516 713 1562 736 ex
1578 699 1778 735 voluntate
1801 698 1882 734 fuit.
1910 696 2022 744 Quod
2044 710 2092 733 ex
2120 697 2317 732 voluntate
2337 696 2434 740 fuit,

1424 759 1501 809 jam
1531 773 1609 796 non
1637 773 1684 795 ex
1712 758 1956 803 necessitate,
1980 757 2046 794 sed
2067 757 2330 794 voluntarium
2353 755 2434 792 suit.

1428 820 1465 857 Si
1485 828 1610 856 autem
1640 818 1923 864 voluntarium,
1957 825 1994 853 et
2022 816 2200 853 liberum.
2229 819 2351 864 Quem
2371 828 2438 851 sua

1427 880 1592 928 denique
1609 879 1655 915 ad
1673 878 1890 927 negandum
1906 878 2086 914 voluntas
2103 876 2313 927 compulit,
2331 888 2437 912 com-

1427 941 1560 990 pulsus
1591 948 1647 976 est
1678 939 1768 988 quia
1801 938 1925 975 voluit
1958 953 1966 974 2
1993 939 2071 974 imo
2102 951 2181 974 non
2217 937 2439 987 compulsus

1427 1009 1504 1047 est,
1523 1000 1589 1037 sed
1603 999 1816 1044 consensit,
1835 1007 1873 1035 et
1899 1012 1978 1035 non
1999 998 2132 1035 alienae
2147 997 2350 1048 potentiae,
2373 997 2439 1034 sed

351 1065 424 1093 tem
447 1058 608 1095 evadere
637 1059 803 1095 volebat.
828 1059 901 1097 Sed
935 1058 1028 1108 quid
1055 1057 1157 1094 istud
1188 1056 1360 1094 criminis
1378 1062 1406 1095 Β
1428 1061 1597 1111 propriae
1614 1059 1825 1104 voluntati,
1848 1059 1902 1095 illi
1917 1059 2070 1108 utique,
2089 1072 2165 1108 qua
2178 1067 2343 1095 mortem
2360 1072 2440 1095 om-

351 1117 445 1153 fuit?
464 1122 567 1155 Duas
585 1120 749 1169 apostoli
773 1128 944 1156 tenemus
962 1119 1182 1155 voluntates
1200 1133 1208 1154 :
1225 1130 1338 1153 unam
1351 1146 1360 1162 ,

349 1192 424 1227 qua
462 1180 583 1216 voluit
613 1194 688 1216 nou
725 1181 844 1226 mori,
876 1180 1029 1230 penitus
1061 1177 1361 1228 inculpabilem3

350 1240 506 1276 alteram
521 1270 530 1287 ,
552 1250 588 1277 et
611 1242 771 1277 multum
794 1240 1047 1286 laudabilem,
1067 1254 1142 1289 qua
1163 1239 1233 1276 sibi
1255 1252 1362 1275 com—

349 1300 524 1349 placebat
560 1302 664 1351 quod
696 1310 793 1338 esset
825 1302 1063 1338 christianus.
1086 1305 1129 1338 In
1163 1314 1240 1350 quo
1269 1313 1360 1349 ergo

350 1361 568 1411 culpabitur
586 1364 600 1398 Ξ)
634 1367 692 1398 An
728 1364 767 1399 in
802 1377 848 1400 eo
887 1362 991 1412 quod
1027 1361 1179 1398 mentiri
1198 1389 1207 1406 ,
1245 1374 1360 1409 quam

349 1421 448 1457 mori
466 1423 624 1459 maluit?
645 1426 734 1460 Haec
754 1424 868 1473 plane
891 1424 1069 1459 voluntas
1093 1420 1362 1471 reprehensio-

350 1496 398 1520 ne
415 1484 529 1533 digna
547 1484 637 1529 suit,
658 1485 771 1534 quiaa
795 1484 967 1534 corporis
984 1483 1122 1532 magis,
1143 1496 1256 1531 quam
1280 1481 1361 1518 ani-

350 1557 421 1580 mae
441 1545 562 1580 voluit
579 1558 731 1581 servare
754 1545 881 1581 vitam.
905 1548 956 1582 Os
977 1557 1115 1594 nempe
1133 1543 1237 1592 quod
1254 1556 1363 1579 men—

351 1604 466 1649 titur,
496 1605 635 1641 occidit
666 1605 870 1642 animam².
895 1608 942 1641 Et
973 1604 1147 1654 peccavit
1183 1616 1298 1652 ergo,
1326 1611 1363 1639 et

348 1677 427 1700 non
445 1663 588 1714 absque
606 1678 796 1702 consensu
817 1665 985 1715 propriae
1002 1664 1230 1709 voluntatis,
1254 1663 1362 1699 infir-

349 1737 420 1761 11]ae
440 1725 594 1774 quidem
615 1735 653 1762 et
674 1726 839 1772 miserae,
869 1725 936 1763 sed
964 1726 1076 1775 plane
1098 1723 1238 1761 liberae.
1265 1727 1361 1760 Pec-

349 1785 449 1821 cavit
475 1794 622 1832 autem,
642 1799 721 1822 non
743 1786 961 1836 spernendo
978 1794 1043 1822 aut
1064 1784 1231 1821 odiendo
1255 1784 1360 1821 Chri-

1430 1120 1595 1158 nimodis
1621 1119 1783 1157 evadere
1818 1119 1954 1156 voluit.
1983 1119 2163 1169 Alioquin
2185 1118 2341 1168 quando
2364 1132 2439 1155 vox

1430 1181 1664 1218 mulierculae
1696 1180 1864 1230 linguam
1900 1192 2044 1216 sacram
2066 1179 2105 1215 in
2126 1177 2243 1215 verba
2274 1178 2439 1215 formare

1430 1241 1594 1278 nefanda
1614 1240 1814 1284 valuisset,
1847 1239 1878 1276 si
1909 1252 1986 1275 non
2015 1238 2153 1288 linguae
2182 1237 2338 1274 domina
2372 1251 2441 1274 vo-

1429 1303 1556 1339 luntas
1579 1301 1798 1338 annuisset?
1828 1300 2004 1349 Denique
2025 1312 2111 1335 cum
2132 1310 2172 1335 se
2203 1312 2224 1335 a
2247 1297 2305 1335 sui
2330 1305 2441 1348 post-

1430 1362 1588 1399 modum
1615 1361 1734 1398 nimio
1755 1361 1821 1397 illo
1844 1359 2071 1410 temperavit
2094 1372 2224 1396 amore
2239 1388 2250 1406 ,
2274 1366 2312 1395 et
2331 1359 2442 1397 Chri-

1429 1432 1527 1459 stum
1550 1422 1685 1473 coepit,
1704 1430 1747 1458 ut
1767 1420 1921 1467 debuit,
1940 1429 2022 1458 toto
2049 1420 2178 1466 corde,
2193 1428 2275 1457 toto
2290 1421 2416 1456 anima
2431 1449 2441 1466 ,

1430 1492 1508 1521 tota
1528 1484 1670 1520 virtute
1688 1482 1844 1532 diligere
1860 1498 1868 1526 ;
1882 1481 1962 1531 jam
1983 1482 2097 1519 nullis
2114 1481 2234 1518 valuit
2250 1481 2361 1517 minis
2381 1482 2441 1518 vel

1429 1545 1553 1596 poenis
1576 1543 1797 1593 extorqueri
1834 1544 2076 1593 aliquatenus
2106 1540 2320 1579 voluntatib
2351 1542 2441 1578 dare

1429 1607 1597 1656 linguam
1632 1619 1738 1642 arma
1767 1604 1977 1654 iniquitati,
2010 1603 2076 1640 sed
2107 1602 2235 1654 potius
2261 1602 2442 1639 audacter

1428 1665 1725 1704 accommodans
1742 1665 1915 1711 veritati,
1938 1663 2113 1708 Obeclt're,
2133 1662 2278 1712 inquit,
2300 1672 2445 1712 oportet

1428 1730 1508 1763 Deo
1534 1730 1655 1774 magis
1673 1738 1790 1773 (suam
1809 1723 2019 1760 leoniinibus
2038 1730 2066 1760 ¹.

1481 1787 1544 1823 40.
1577 1789 1642 1822 Est
1667 1798 1756 1822 sane
1779 1785 1929 1834 gemina
1967 1784 2198 1833 compulsio,
2229 1783 2440 1821 secundum

349 1853 449 1882 stum
466 1874 475 1889 ,
499 1846 565 1883 sed
587 1860 626 1883 se
650 1847 761 1883 nimis
781 1846 959 1883 amando.
980 1850 1056 1884 Nec
1080 1847 1118 1882 in
1145 1846 1247 1882 hunc
1270 1858 1361 1895 per-
1383 1850 1409 1886 C
1427 1846 1533 1897 quod
1563 1854 1628 1882 aut
1659 1845 1740 1895 pati
1771 1844 1937 1894 aliquid,
1968 1852 2033 1881 aut
2060 1857 2171 1894 agere
2192 1852 2326 1881 contra
2347 1858 2442 1895 pro—

351 1920 502 1943 versum
546 1921 715 1944 amorem
751 1908 831 1954 sui,
869 1909 1107 1944 voluntatem
1144 1916 1267 1943 metus
1298 1906 1360 1942 ille

351 1965 498 2003 subitus
519 1968 727 2017 eompulit3
758 1968 824 2004 sed
846 1982 926 2005 esse
956 1968 1134 2005 convicit.
1162 1971 1245 2005 Jam
1271 1975 1361 2002 tunc

352 2028 488 2077 procul
506 2027 624 2064 dubio
647 2028 729 2064 talis
750 2037 850 2074 erat,
877 2028 941 2065 sed
965 2027 1180 2071 nesciebat,
1202 2040 1285 2063 cum
1313 2025 1360 2062 ab

351 2088 417 2124 illo
441 2101 553 2137 quem
584 2089 700 2125 latere
730 2103 807 2125 non
841 2097 1012 2139 poterat,
1039 2088 1207 2125 audivit:
1228 2089 1361 2123 Prius-

351 2162 462 2196 quam
483 2151 605 2197 gallus
625 2158 771 2193 cantet,
797 2159 852 2185 ter
878 2164 936 2185 me
959 2148 1112 2198 negabis
1129 2146 1155 2184 3.
1184 2148 1253 2185 Illa
1287 2148 1359 2184 ita—

351 2221 425 2256 que
452 2208 660 2245 voluntatis
688 2209 887 2245 infirmitas
917 2223 986 2259 per
1018 2209 1211 2245 incussum
1244 2208 1360 2244 timo-

351 2281 431 2304 rem
453 2277 564 2314 nota,
596 2282 674 2305 non
693 2277 798 2315 orta,
818 2277 952 2306 notum
975 2269 1060 2305 feeit
1081 2277 1270 2318 quatenus
1291 2281 1329 2304 se
1347 2296 1356 2313 ,

350 2336 538 2377 quatenus
555 2328 745 2365 Christum
766 2329 960 2365 amaverit.
978 2332 1120 2365 Notum
1137 2337 1264 2365 autem
1281 2342 1360 2365 non

352 2388 520 2432 Christo,
545 2388 609 2425 sed
635 2393 760 2426 Petro.
788 2393 884 2426 Nam
905 2389 1075 2427 Christus
1097 2398 1134 2426 et
1153 2398 1240 2426 ante
1266 2390 1362 2426 scie-

351 2447 417 2484 bat
432 2449 524 2498 quid
552 2458 650 2486 esset
670 2450 707 2486 in
730 2450 898 2486 homine.
923 2453 1119 2498 Quatenus
1140 2463 1231 2499 ergo
1252 2450 1361 2487 Chri-

352 2516 450 2544 stum
470 2509 672 2559 diligebat,
696 2511 772 2547 vim
794 2524 953 2561 prorsus
981 2509 1114 2561 (quod
1143 2511 1360 2560 negandum

352 2583 431 2606 non
452 2570 528 2621 est)
546 2584 654 2621 passa
690 2580 747 2608 est
777 2572 841 2608 illa
869 2573 1069 2619 voluntas,
1092 2581 1134 2608 ut
1163 2581 1297 2609 contra
1323 2586 1361 2610 se

1427 1908 1550 1958 priam
1589 1907 1763 1954 cogimur
1797 1905 2048 1942 voluntatem.
2087 1908 2255 1953 Quarum
2292 1906 2441 1955 passiva

1428 1967 1582 2018 quidem
1612 1966 1686 2018 (sie
1713 1966 1813 2003 enim
1844 1966 1953 2016 prior
1977 1966 2040 2002 illa
2068 1974 2170 2002 recte
2198 1965 2442 2017 nominatur)

1429 2037 1555 2079 potest
1583 2041 1862 2077 nonnunquam
1889 2028 1971 2064 fieri
1998 2026 2141 2077 absque
2162 2039 2352 2064 consensu
2373 2040 2443 2063 vo-

1428 2089 1595 2126 luntario
1616 2089 1810 2139 patientis,
1829 2087 1894 2124 sed
1909 2088 2031 2124 activa
2046 2100 2254 2137 nunquam.
2275 2087 2442 2125 Proinde

1428 2151 1571 2186 malum
1600 2148 1704 2199 quod
1731 2149 1771 2184 fit
1791 2149 1830 2185 in
1853 2161 1942 2195 nos,
1965 2148 2043 2185 sive
2062 2148 2109 2185 de
2130 2146 2265 2193 nobis,
2287 2161 2365 2185 non
2386 2156 2443 2185 est

1428 2209 1694 2260 imputandum
1717 2208 1850 2256 nobis,
1876 2209 1905 2245 si
1933 2217 2058 2246 tamen
2091 2208 2233 2245 invitis.
2254 2211 2440 2246 Caeterum

1427 2270 1532 2321 quod
1554 2271 1595 2307 fit
1611 2284 1632 2307 a
1652 2269 1783 2315 nobis,
1803 2268 1883 2318 jam
1904 2283 1983 2306 non
2000 2269 2081 2306 sine
2096 2269 2209 2319 culpa
2227 2277 2284 2305 est
2302 2269 2442 2305 volun-

1429 2333 1525 2369 tatis.
1548 2332 1652 2368 Velle
1670 2331 1784 2381 plane
1802 2330 2082 2376 convincimur,
2101 2329 2205 2379 quod
2223 2342 2301 2366 non
2320 2330 2440 2373 fieret,

1429 2394 1460 2431 si
1477 2394 1681 2437 nollemus.
1701 2395 1767 2428 Est
1787 2404 1878 2441 ergo
1897 2391 2110 2441 compulsio
2136 2389 2309 2440 quaedam
2329 2389 2443 2426 etiam

1430 2454 1551 2491 activa
1578 2469 1586 2491 :
1617 2453 1683 2490 sed
1714 2465 1792 2489 non
1821 2451 1935 2489 habet
1957 2451 2261 2497 excusationem,
2287 2464 2374 2487 cum
2397 2451 2445 2488 sit

1430 2524 1468 2552 et
1509 2514 1738 2551 voluntaria.
1782 2512 1998 2563 Cogebatur
2039 2512 2266 2549 christianus
2305 2525 2444 2562 negare

1431 2576 1641 2621 Christum,
1669 2584 1707 2612 et
1733 2574 1889 2624 quidem
1919 2574 2073 2619 dolens,
2105 2586 2184 2610 non
2215 2581 2340 2610 tamen
2372 2572 2444 2609 nisi

352 2630 574 2680 loqueretur
595 2647 603 2668 :
625 2641 815 2681 quatenus
837 2646 929 2670 vero
956 2646 1014 2679 se,
1030 2633 1248 2669 voluntarie
1271 2646 1364 2683 pro·
1382 2640 1414 2674 D
1430 2637 1575 2673 volens.
1606 2635 1765 2674 Volebat
1794 2635 1931 2672 nimis⁰
1958 2634 2126 2684 gladium
2152 2635 2276 2671 vitare
2303 2633 2443 2670 ferien-

354 2691 413 2726 cul
447 2691 565 2728 dubio
592 2694 802 2740 consensit,
824 2702 866 2730 ut
897 2707 970 2743 pro
1001 2707 1039 2730 se
1065 2694 1302 2742 loqueretur.
1329 2694 1365 2730 Si

355 2750 546 2788 Christum
573 2766 650 2790 non
681 2762 862 2801 amasset,
896 2767 974 2790 non
1000 2762 1172 2803 negasset
1195 2754 1363 2790 invitus:

358 2824 490 2848 verum
511 2813 541 2849 si
566 2827 604 2850 se
621 2815 784 2864 amplius
806 2828 884 2851 non
908 2823 1091 2860 amasset,
1110 2827 1188 2850 non
1217 2814 1368 2863 aliqua-

359 2879 466 2908 tenus
482 2883 664 2922 negasset.
680 2875 889 2913 Fatendum
909 2876 1025 2924 igitur
1038 2874 1235 2911 hominem
1252 2875 1365 2912 fuisse

358 2932 597 2980 compulsum
614 2962 623 2979 ,
664 2936 902 2971 voluntatem
942 2935 1139 2985 propriam
1178 2935 1247 2971 etsi
1287 2948 1365 2971 non

360 2998 506 3026 mutare
521 3019 530 3036 ,
566 2993 756 3030 occultare
796 3003 921 3032 tamen
960 3010 968 3031 :
1000 2995 1265 3045 compulsum,
1303 2996 1366 3032 in-

359 3063 494 3099 quam,
517 3064 594 3087 non
625 3053 777 3101 quidem
810 3056 989 3092 recedere
1009 3055 1056 3092 ab
1086 3069 1218 3092 amore
1239 3057 1307 3093 Dei
1323 3056 1365 3103 *3

360 3111 494 3148 cedere
517 3120 641 3148 tamen
659 3113 936 3162 aliquantulum
957 3121 1088 3153 amore
1105 3117 1176 3153 sui.

414 3172 475 3208 39.
498 3172 598 3220 Quid
614 3174 728 3222 ergo?
758 3173 855 3209 forte
873 3174 1054 3212 dissoluta
1075 3185 1132 3212 est
1152 3185 1231 3213 tota
1247 3190 1364 3226 supe—

1434 2698 1500 2744 tis;
1523 2705 1636 2747 atque
1662 2697 1725 2733 illa
1746 2696 1827 2732 talis
1850 2696 2028 2732 voluntas
2051 2695 2154 2733 intus
2175 2693 2381 2745 praesidens
2401 2707 2444 2731 os

1434 2756 1654 2808 aperiebat,
1690 2770 1767 2793 non
1803 2756 1950 2807 gladius
1984 2756 2050 2806 qui
2090 2749 2182 2793 foris
2219 2753 2440 2805 apparebat.

1435 2821 1555 2854 Porro
1578 2818 1688 2854 talem
1712 2831 1792 2856 csse
1813 2818 1915 2855 illam
1935 2818 2173 2854 voluntatem
2190 2814 2445 2852 convincebat

1434 2876 1603 2926 gladius,
1622 2891 1700 2914 non
1721 2877 1893 2928 cogebat.
1911 2881 1999 2928 Ipsa
2014 2877 2130 2926 igitur
2149 2889 2188 2913 se
2207 2876 2246 2912 in
2268 2875 2417 2926 culpam
2430 2903 2440 2921 ,

1435 2950 1513 2974 non
1535 2937 1682 2987 gladius
1700 2938 1931 2989 impellebat.
1949 2938 2125 2987 Denique
2140 2937 2178 2973 in
2197 2936 2336 2986 quibus
2353 2949 2443 2973 sana

1432 3005 1514 3034 erat
1531 2998 1728 3043 voluntas,
1741 2998 1863 3036 occidi
1883 3006 2083 3049 poterant,
2101 2996 2201 3033 flecti
2218 2995 2440 3046 nequibant.

1433 3061 1516 3095 Hoc
1541 3067 1597 3095 est
1618 3059 1723 3109 quod
1744 3060 1797 3097 eis
1817 3059 2042 3110 praedictum
2066 3058 2207 3103 fuerat,
2228 3060 2390 3094 Facient
2405 3061 2442 3094 in

1433 3132 1501 3154 vos
1534 3133 1779 3169 quaecamque
1809 3117 2041 3165 voluerint⁵;
2075 3118 2141 3156 sed
2173 3118 2212 3155 in
2243 3117 2439 3164 membra,

1434 3192 1513 3215 non
1546 3179 1674 3216 corda.
1700 3184 1782 3217 Non
1817 3193 1886 3217 vos
1919 3179 2063 3216 facietis
2093 3192 2179 3229 quae
2213 3179 2406 3216 voluerint
2431 3193 2440 3216 z

409 3307 418 3321 ¹
435 3300 550 3332 Mauh.
566 3313 646 3332 xxvx
660 3326 668 3339 ,
687 3304 741 3333 72.
760 3320 799 3323 —
817 3308 829 3323 ²
848 3304 921 3344 Sap.
936 3314 946 3332 1
962 3326 969 3338 ,
996 3307 1045 3335 11.
1062 3323 1106 3325 ᾉ
1128 3303 1142 3326 3
1158 3305 1273 3336 Mauh.
1289 3318 1384 3345 xxvr,
1402 3310 1456 3339 34.
1473 3328 1513 3331 -—
1531 3308 1544 3335 4
1563 3311 1633 3341 Act.
1655 3321 1686 3343 v,
1706 3312 1759 3340 29.
1778 3327 1819 3331 -
1838 3306 1850 3329 5
1868 3311 1968 3341 Mare.
1990 3320 2024 3338 1x
2038 3333 2046 3345 ‚
2070 3312 2120 3339 12.

404 3367 416 3381 ἱ·
442 3361 525 3393 Alias
540 3387 546 3396 ,
560 3374 632 3407 qua.
651 3381 690 3384 ,w
709 3363 724 3383 1›
743 3362 827 3394 Alias
841 3388 848 3401 ,
873 3362 1031 3394 voluntas.
1057 3383 1097 3385 —
1119 3370 1132 3384 ⁰
1152 3366 1237 3396 Alias
1250 3387 1257 3401 ‚
1281 3366 1435 3397 nimirum.
