2517 3936
75 210 173 248 1053

709 211 776 246 DE
806 210 1236 247 CONSIDERATIONE
1265 213 1417 249 LIBER
1446 215 1513 249 111.

2061 223 2156 261 1054

70 296 148 335 cat,
173 285 406 336 dispensatio
433 284 635 322 laudabilis
657 287 754 323 est*.
776 287 951 332 Utilitas,
975 286 1166 332 dic0‚⁴⁵³»
1187 289 1331 325 neficiis
1379 290 1604 327 eorumdem
1655 295 1878 342 pontificum
1934 302 2157 338 auctoritate

69 347 284 386 communis
301 375 310 393 ,
342 360 420 383 non
452 346 610 396 propria
624 346 653 383 *.
674 350 768 384 Nam
806 361 892 384 cum
928 347 981 384 nil
1007 347 1079 383 ho—
1097 349 1127 382 A
1150 365 1164 380 »
1182 348 1395 397 priventur.
1423 350 1602 400 Episcopi
1632 365 1746 399 vero,
1780 358 1808 391 si
1829 359 2052 405 praefixamb
2079 375 2158 410 pog-

70 422 155 446 rum
187 416 262 454 est,
302 420 380 444 non
411 407 525 457 plane
551 406 673 443 fidelis
713 407 947 457 dispensatio
971 437 980 454 ,
1015 407 1080 444 sed

69 468 234 507 crudelis
264 467 460 517 dissipatio
488 475 556 503 est.
583 468 778 504 Nonnulla
800 476 925 506 tamen
947 481 1082 504 mona-

69 528 183 566 steria
200 556 210 573 ‚
241 527 310 564 sita
346 527 385 563 in
424 526 585 563 diversis
623 527 910 577 episcopatibus
932 558 941 574 ,
976 526 1081 577 quod

67 588 268 640 specialius
293 586 550 637 pertinuerint
570 585 617 623 ab
638 587 720 637 ipsa
759 588 817 623 sui
856 587 1082 624 fundatione

68 648 115 686 ad
133 647 269 686 Sedem
299 647 548 697 apostolicam
579 660 650 696 pro
671 647 871 683 voluntate
899 646 1082 683 fundato-

67 722 153 746 rum
173 738 183 755 ,
204 708 289 758 quis
309 706 476 745 nesciat?
497 707 569 745 Sed
593 707 695 744 aliud
717 716 774 744 est
793 707 899 756 quod
922 708 1080 757 largitur

67 770 220 807 devotio
234 798 244 816 ,
265 768 369 806 aliud
390 768 496 818 quod
517 768 674 804 molitur
695 768 854 805 ambitio
877 768 1081 819 impatiens

66 828 329 879 subjectionis.
354 832 400 866 Et
420 828 500 865 haec
521 828 621 865 dicta
645 828 691 865 de
711 829 782 866 his.

423 955 602 994 CAPUT
632 956 682 995 V.

64 1081 192 1111 Summo
205 1078 350 1110 Pontifici
368 1078 549 1109 incumbere
561 1090 669 1110 curam
682 1078 721 1110 de
735 1079 912 1121 apostolicis
932 1080 1075 1119 decretis,

134 1139 165 1165 et
175 1133 330 1175 majorum
346 1133 494 1164 institutis
515 1144 571 1175 per
587 1139 689 1164 totum
705 1133 814 1164 orbern
830 1134 1003 1166 servandis.

121 1248 180 1284 19.
203 1249 384 1297 Superest
404 1255 444 1283 ut
464 1247 693 1296 generaliter
719 1261 835 1297 super
855 1248 1076 1284 universum

63 1306 241 1343 Ecclesiae
269 1315 410 1343 statum
438 1306 612 1343 intendat
644 1306 901 1343 consideratio
929 1315 992 1343 tua
1017 1322 1024 1343 :
1048 1307 1077 1343 si

63 1365 194 1416 plebes
215 1366 379 1413 clericis,
401 1365 431 1403 si
449 1365 575 1402 clerici
594 1365 878 1411 sacerdotibus,
899 1366 929 1402 si
950 1373 1096 1403 sacer-‘

63 1426 172 1463 dotes
191 1429 274 1463 Deo
294 1426 334 1462 in
351 1439 396 1462 ea
412 1454 422 1471 ,
451 1439 527 1474 qua
553 1434 732 1474 oportet,
750 1426 965 1462 humilitate
986 1425 1077 1462 sub—

59 1485 152 1536 jecti
179 1486 280 1533 sint3
301 1486 331 1523 si
360 1486 400 1523 in
430 1486 673 1522 monasteriis
700 1494 737 1522 et
771 1486 957 1536 religiosis
983 1486 1077 1523 locis

62 1556 236 1585 servetur
255 1547 366 1594 ordo,
383 1547 515 1597 vigilet
535 1546 736 1597 disciplina
751 1562 760 1593 3
781 1547 810 1583 si
827 1560 943 1597 super
960 1561 1077 1598 prava

63 1622 182 1659 opera
203 1616 242 1645 et
260 1608 440 1658 dogmata
460 1621 622 1645 censura
650 1607 903 1645 ecclesiastica
929 1608 1075 1657 vigeat3

63 1669 93 1706 si
120 1669 283 1706 floreant
310 1668 433 1705 vineae
453 1668 652 1705 honestate
678 1675 716 1704 et
743 1667 996 1704 sanctimonia
1016 1681 1076 1704 sa-

62 1728 288 1775 cerdotum;
321 1729 351 1765 si
381 1728 496 1765 flores
530 1728 678 1764 fructus
706 1727 950 1777 parturiant,
985 1726 1076 1762 obe—

62 1789 244 1826 dientiam
258 1795 273 1811 3
291 1788 461 1826 fidelium
491 1788 752 1838 populorum3
777 1787 808 1824 si
833 1786 988 1823 demum
1007 1799 1076 1822 ve-

65 1857 141 1887 stra
158 1849 333 1899 ipsorum
351 1849 563 1899 apostolica
580 1847 759 1884 mandata
773 1856 809 1884 et
825 1848 999 1885 instituta
1018 1861 1074 1894 ea,

1129 425 1164 439 -»
1183 421 1270 444 nam
1303 408 1473 458 irrogare
1512 411 1780 460 neglexerint,
1820 417 1908 464 quia
1937 419 2159 458 inferiorum

1150 484 1163 499 υ
1185 467 1306 517 culpae
1333 468 1379 504 ad
1403 469 1527 506 nullos
1556 471 1676 520 magis
1697 473 1905 511 referendae
1929 487 2017 514 sunt
2045 494 2158 529 quam

1150 545 1163 560 υ
1186 527 1233 563 ad
1267 528 1417 566 desides
1449 530 1761 581 negligentesque
1795 543 1986 582 rectores;
2017 540 2160 576 tamdiu

1152 604 1166 619 »
1188 586 1235 623 ab
1263 588 1392 624 officio
1423 590 1632 638 pontificali
1663 590 1897 640 abstineant,
1935 595 2056 633 donec
2085 613 2161 647 poe-

1153 665 1166 679 »
1188 660 1275 684 nam
1293 661 1314 684 a
1329 648 1441 686 nobis
1461 651 1706 688 constitutam
1725 653 1870 690 clericis
1894 653 1964 690 sibi
1984 656 2163 705 subjectis

1152 724 1166 739 »
1183 707 1422 757 imponant1.
1457 709 1556 746 Illud
1595 710 1708 747 etiam
1747 712 1925 749 duximus
1958 724 2164 753 annecten-

1149 785 1162 799 υ
1184 767 1298 815 dum,
1320 777 1363 805 ut
1388 770 1517 807 nullus
1547 770 1586 806 in
1618 771 1927 809 archidiaconum
1958 775 2017 810 vel
2046 775 2159 813 deca-

1149 844 1163 860 »
1182 841 1275 865 num
1294 859 1303 876 ,
1328 830 1399 866 nisi
1428 829 1613 867 diaconus
1642 840 1679 867 et
1705 831 1908 881 presbyter
1943 834 2155 872 ordinetur.

1148 905 1161 919 »
1184 888 1455 926 Archidiaconi
1482 904 1594 937 vero,
1621 891 1755 928 decani
1785 900 1821 928 et
1844 895 2064 943 praepositi,
2096 896 2162 945 qui

1146 949 1275 986 »infra
1301 950 1465 987 Ordines
1491 951 1793 1001 praenominatos
1819 962 1929 1001 sunt,
1963 955 1993 991 si
2025 955 2160 992 inobe-

1147 1026 1160 1040 »
1183 1008 1330 1046 dientes
1344 1010 1516 1047 ordinari
1533 1015 1849 1062 contempserint,
1872 1013 2023 1051 honore
2040 1028 2163 1052 susce-

1146 1086 1160 1101 υ
1177 1078 1244 1119 pto
1279 1070 1496 1120 priventur.
1528 1071 1781 1109 Prohibemus
1810 1081 1937 1109 autem
1965 1087 2012 1110 nc
2033 1075 2160 1112 adole-

1096 1132 1123 1166 B
1147 1147 1161 1162 υ
1182 1130 1388 1173 scentibus‚
1408 1132 1467 1167 vel
1486 1132 1582 1168 infra
1604 1146 1731 1169 sacros
1748 1133 1912 1170 Ordines
1931 1135 2162 1184 constitutis,

1148 1206 1162 1221 »
1185 1189 1251 1225 sed
1275 1190 1340 1239 qui
1365 1190 1573 1240 prudentia
1593 1200 1630 1227 et
1654 1192 1742 1228 vitae
1763 1193 1899 1229 merito
1921 1194 2156 1242 clarescunt,

1148 1267 1162 1281 υ
1183 1249 1357 1299 praedicti
1388 1252 1651 1293 concedantur
1678 1252 1844 1289 honores
1857 1260 1883 1290 ².
1898 1271 1912 1286 »

1200 1309 1261 1346 20.
1279 1309 1406 1347 Verba
1427 1319 1489 1347 tna
1509 1311 1588 1347 haec
1609 1326 1616 1348 :
1638 1320 1678 1348 tu
1699 1313 1869 1350 sanxisti.
1891 1314 1991 1361 Quid
2008 1316 2160 1354 effectui

1145 1369 1432 1419 mancipatum?
1462 1370 1597 1408 Adhuc
1631 1371 1892 1409 adolescentes
1908 1402 1917 1418 ,
1951 1374 2074 1411 adhuc
2095 1377 2159 1425 qui

1144 1429 1242 1465 infra
1263 1443 1391 1466 sacros
1413 1430 1577 1467 Ordines
1599 1439 1706 1478 sunt,
1732 1432 1772 1467 in
1803 1433 1971 1469 Ecclesia
1998 1447 2158 1483 promo-

1144 1497 1296 1526 ventur.
1319 1489 1432 1538 Quod
1459 1490 1505 1526 ad
1534 1490 1703 1540 primum
1731 1492 1939 1541 capitulum
1970 1495 2162 1543 pertinet;

1144 1548 1258 1585 luxus
1278 1550 1441 1586 vestium
1462 1550 1688 1587 interdictus
1703 1553 1735 1597 *,
1754 1551 1819 1588 sed
1840 1555 1919 1588 non
1941 1554 2158 1601 restrictus;

1144 1621 1258 1657 poena
1294 1608 1462 1655 dictata,
1501 1609 1567 1646 sed
1603 1610 1757 1647 minime
1790 1620 1918 1648 secuta
1956 1621 2023 1650 est.
2071 1619 2155 1651 Jam

1143 1677 1301 1717 quartus
1335 1682 1457 1705 annus
1483 1678 1560 1716 est,
1584 1683 1630 1706 ex
1661 1684 1738 1720 quo
1770 1671 1899 1708 datum
1935 1673 2155 1711 mandatum

1143 1728 1359 1765 audivimus
1385 1744 1394 1774 ;
1432 1737 1469 1765 et
1514 1730 1706 1767 neminem
1753 1731 1875 1768 adhuc
1923 1733 2152 1771 clericorum

1143 1788 1336 1838 privatum
1377 1789 1564 1825 beneficio
1590 1819 1600 1835 ,
1640 1791 1833 1827 neminem
1883 1793 2155 1843 episcoporum

1144 1861 1373 1898 suspensum
1402 1848 1448 1885 ab
1480 1850 1607 1887 officio
1636 1851 1818 1887 luximus.
1847 1856 1897 1888 At
1925 1853 2028 1889 luctu
2059 1867 2158 1891 ama-

65 1922 140 1959 qua
162 1908 320 1959 dignum
342 1916 399 1946 est
422 1937 432 1956 ,
454 1907 710 1946 sollicitudine
738 1907 1007 1953 observentur,
1029 1922 1076 1945 ne
1095 1911 1121 1946 C
1140 1910 1290 1946 rissimo
1312 1909 1469 1959 dignum
1493 1910 1597 1960 quod
1630 1920 1801 1948 secutum
1824 1921 1890 1949 est.
1917 1914 2031 1961 Quod
2058 1915 2157 1951 hoc?

62 1968 156 2018 quid
172 1968 210 2006 in
232 1982 324 2019 agro
343 1968 500 2006 Domini
521 1968 577 2005 tui
596 1977 661 2005 aut
681 1969 857 2017 neglectu
873 1968 1075 2015 incultum,

63 2036 128 2066 aut
145 2028 278 2065 fraude
294 2027 522 2079 subreptum
538 2029 770 2065 inveniatur.
782 2032 896 2066 Posse
910 2028 1077 2066 inveniri

63 2101 111 2125 ne
134 2087 298 2126 dubites.
324 2089 419 2126 Mihi
447 2089 486 2125 in
514 2097 699 2139 promptu
723 2096 780 2125 est
802 2086 869 2138 (ut
893 2089 1013 2125 multa
1039 2097 1077 2125 et

62 2148 264 2186 innumera
287 2148 579 2199 praetermittam
594 2177 604 2195 ,
625 2161 711 2198 quae
737 2148 878 2198 passim
902 2149 1088 2200 neglecta-

26 2234 32 2241 ·
59 2207 211 2260 jacent)
231 2209 418 2246 nonnulla
448 2209 564 2246 etiam
589 2222 637 2246 ex
670 2209 728 2245 his
763 2222 849 2258 quae
885 2209 1074 2258 plantavit

63 2268 220 2307 dextera
255 2277 319 2306 tua
333 2298 344 2316 ,
381 2270 565 2306 convulsa
599 2277 826 2306 monstrare.
862 2272 998 2306 Nonne
1031 2282 1073 2306 os

63 2336 172 2366 tuum
204 2330 244 2366 in
277 2329 458 2367 Remensi
491 2329 655 2366 concilio
698 2328 876 2378 subjecta>
908 2329 1074 2379 capitula

63 2389 351 2439 promulgavit?
371 2389 463 2437 Quis
484 2402 529 2426 ea
549 2390 679 2426 tenet?
697 2389 782 2439 quis
792 2389 1074 2427 tenuitPFalle-

64 2448 114 2485 ris
134 2449 166 2486 si
186 2449 307 2486 teneri
326 2457 449 2500 putas.
472 2449 509 2488 Si
528 2463 606 2486 non
629 2458 762 2499 puta5‚
780 2441 862 2500 ipse
880 2450 1046 2500 peccasti
1062 2479 1072 2497 ,

62 2516 128 2544 aut
146 2517 316 2546 statuens
332 2522 418 2559 quae
433 2522 512 2546 non
532 2518 767 2555 tenerentur,
787 2519 851 2546 aut
869 2510 973 2560 quod
995 2524 1073 2547 non

64 2574 244 2606 tenentur
286 2568 542 2606 dissimulans.
577 2586 592 2601 «
619 2570 892 2620 Praecipimus,
924 2588 938 2604 »
968 2570 1072 2616 aisti,

63 2643 79 2661 «
99 2636 142 2665 ut
166 2637 244 2665 tam
265 2629 458 2679 episcopi,
479 2643 594 2679 quam
622 2630 751 2667 clerici
765 2659 775 2677 ,
800 2644 924 2680 neque
941 2630 980 2667 in
1008 2644 1073 2667 su·-

1144 1971 1358 2020 Impunitas
1385 1971 1543 2008 incuriae
1578 1971 1751 2019 soboles,
1778 1972 1991 2010 insolentiae
2021 1983 2154 2021 mater,

1144 2031 1253 2068 radix
1279 2031 1547 2081 impudentiae,
1571 2032 1915 2082 transgressionum
1944 2034 2084 2070 nutrix.
2108 2038 2151 2071 Et

1143 2091 1295 2138 beatus,
1313 2091 1344 2127 si
1366 2092 1473 2128 omni
1491 2100 1636 2141 satagas
1656 2106 1747 2129 cura
1768 2093 1957 2130 malorum
1980 2094 2151 2130 omnium

1140 2152 1304 2202 primam
1322 2160 1520 2201 parentem
1542 2165 1676 2188 cavere
1696 2152 1896 2189 incuriam.
1917 2153 1989 2190 Sed
2009 2153 2055 2189 ad
2078 2153 2150 2190 hoc

1143 2220 1182 2248 tu
1207 2224 1365 2262 operam
1385 2210 1504 2247 dabis.
1532 2214 1579 2248 Et
1609 2220 1700 2247 tunc
1727 2212 1812 2248 leva
1834 2212 1964 2249 oculos
1986 2220 2091 2259 tuos,
2113 2223 2151 2250 et

1140 2272 1226 2308 vide
1249 2272 1279 2307 si
1301 2284 1379 2307 non
1409 2284 1536 2320 aeque,
1562 2279 1603 2306 ut
1624 2271 1754 2320 prius,
1781 2272 1958 2321 pellicula
1984 2271 2150 2309 discolor

1141 2345 1291 2369 sacrum
1320 2331 1503 2368 Ordinem
1533 2330 1754 2377 decolorat,
1783 2332 1813 2368 si
1843 2345 1922 2368 non
1957 2345 2087 2383 aeque,
2109 2341 2152 2369 ut

1141 2393 1247 2443 prius
1266 2420 1275 2438 ,
1316 2393 1449 2428 fissura
1481 2391 1648 2428 enormis
1680 2404 1780 2440 pene
1809 2392 1963 2441 inguina
1993 2392 2149 2429 nudat*.

1142 2454 1271 2491 Solent
1294 2452 1420 2489 dicere
1437 2468 1444 2489 :
1462 2456 1560 2489 Num
1577 2452 1623 2488 de
1644 2451 1813 2488 vestibus
1830 2465 1921 2488 cura
1940 2460 1996 2488 est
2014 2456 2095 2489 Deo
2113 2462 2150 2489 et

1141 2528 1219 2551 non
1240 2514 1356 2562 magis
1373 2513 1418 2550 de
1440 2512 1637 2550 moribus?
1653 2517 1701 2549 At
1720 2512 1841 2548 fornia
1863 2512 1942 2549 haec
1963 2513 2121 2549 vestium
2140 2543 2148 2559 ,

1142 2573 1391 2610 deformitatis
1423 2573 1607 2609 mentium
1636 2580 1672 2608 ct
1697 2585 1847 2608 morum
1876 2571 2056 2608 indicium
2080 2582 2147 2609 est.

1141 2633 1240 2682 Quid
1273 2632 1344 2670 sibi
1378 2633 1460 2668 vult
1490 2632 1594 2681 quod
1628 2631 1752 2668 clerici
1784 2631 1887 2667 aliud
1918 2645 2019 2678 esse,
2042 2633 2146 2669 aliud

62 2704 78 2721 »
97 2688 315 2738 perfluitate
333 2718 344 2737 ‚
365 2703 432 2727 seu
451 2690 654 2727 inhonesta
673 2691 857 2728 varietate
878 2691 1050 2728 colorum
1066 2718 1075 2735 ‚
1097 2693 1128 2726 D
1142 2694 1265 2731 videri
1284 2694 1443 2730 volunt?
1471 2693 1515 2730 Id
1541 2692 1693 2742 quidem
1726 2692 1851 2728 minus
1885 2700 2028 2729 castum
2043 2721 2052 2738 ,
2077 2694 2148 2729 mi-

63 2756 162 2785 »aut
192 2749 328 2786 fissura
355 2750 544 2796 vestium,
583 2764 709 2801 neque
738 2751 776 2787 in
807 2760 988 2798 tonsura,
1019 2751 1075 2786 in-

63 2826 78 2842 υ
97 2809 284 2847 tuentium
315 2809 503 2861 (quorum
532 2811 656 2848 forma
684 2820 722 2849 et
753 2813 970 2862 exemplum
993 2824 1074 2848 csse

64 2885 80 2901 »
99 2868 266 2921 debent)
291 2870 491 2907 offendant
520 2880 740 2921 aspectum,
772 2872 838 2909 sed
869 2872 998 2922 potius
1024 2871 1074 2908 ita

63 2947 78 2964 »
97 2929 138 2967 in
155 2930 231 2967 suis
259 2930 406 2968 actibus
433 2940 559 2968 errata
586 2932 869 2978 condemnent,
899 2941 937 2969 et
963 2946 1073 2969 amo-

65 3006 80 3023 »
103 3003 184 3027 rem
203 2990 435 3028 innocentiae
461 2993 753 3030 conversatione
784 2993 1068 3039 demonstrent,

64 3067 80 3084 ι
97 3050 194 3087 sicut
209 3050 374 3101 dignitas
390 3051 508 3102 exigit
527 3052 673 3089 ordinis
693 3053 935 3090 clericorum.
959 3052 1072 3101 Quod

63 3125 79 3142 »
97 3109 128 3146 si
148 3111 284 3148 moniti
309 3110 358 3148 ab
377 3112 569 3162 episcopis
592 3113 669 3149 suis
696 3113 798 3149 intra
822 3112 1073 3162 quadraginta

64 3185 81 3202 »
99 3169 179 3208 dies
203 3184 284 3208 non
307 3171 682 3223 obtemperaverint,
712 3173 974 3210 ecclesiasticis
1004 3172 1072 3210 be-

113 3309 124 3324 ¹
140 3304 218 3336 Can.
238 3308 270 3336 2.
284 3323 330 3328 ——
349 3311 362 3327 ²
378 3306 457 3338 Can.
476 3309 507 3338 9.
523 3324 568 3330 -—-
587 3305 600 3329 3
614 3310 629 3338 Ι
645 3308 718 3339 Cor.
742 3317 798 3344 xv,
824 3308 879 3337 23.

110 3360 125 3375 ⁸
142 3359 248 3399 Alias,
266 3358 457 3392 obedientia.
477 3380 522 3385 —
538 3355 553 3378 b
569 3361 658 3393 Alias
670 3386 677 3400 ‚
695 3359 879 3406 prastaam.

1141 2766 1289 2802 nusque
1310 2753 1512 2789 sincerum.
1540 2755 1684 2802 Nempe
1705 2750 1835 2787 habitu
1862 2752 2019 2798 milites,
2041 2766 2148 2801 quae-

1142 2822 1201 2850 stu
1239 2813 1418 2859 clericos,
1456 2821 1543 2849 actu
1589 2820 1768 2848 neutrum
1815 2810 2006 2848 exhibent.
2052 2815 2147 2849 Nam

1142 2887 1266 2923 neque
1298 2880 1470 2922 pugnant
1500 2880 1543 2908 ut
1578 2872 1746 2918 milites,
1783 2884 1909 2920 neque
1944 2880 1988 2907 ut
2021 2871 2148 2908 clerici

1142 2933 1413 2982 evangelizant.
1440 2930 1555 2980 Cujus
1578 2931 1724 2968 ordinis
1755 2934 1867 2968 sunt?
1883 2934 1976 2969 Cum
2001 2932 2146 2969 utrius-

1140 3006 1214 3042 que
1235 3005 1314 3029 esse
1340 2991 1518 3041 cupiunt,
1539 3000 1745 3041 utrumque
1771 2991 1974 3039 deserunt,
1999 3000 2145 3028 utrum-

1139 3067 1213 3103 que
1241 3052 1494 3089 confundunt.
1528 3053 1811 3101 Umtsqm‘sqcce‚
1839 3053 1986 3102 inquit,
2013 3057 2050 3088 in
2080 3066 2144 3087 suo

1140 3115 1272 3149 ordine
1301 3121 1464 3160 resurget
1479 3110 1504 3148 3.
1538 3112 1604 3149 Isti
1629 3112 1668 3149 in
1694 3115 1798 3162 quo?
1819 3118 1879 3150 An
1900 3113 1966 3162 qui
1986 3112 2064 3148 sine
2082 3125 2145 3147 or-

1140 3173 1228 3210 dine
1259 3180 1539 3223 peccaverunt,
1566 3172 1647 3210 sine
1680 3172 1813 3210 ordine
1840 3171 2048 3222 peribunt?
2067 3174 2143 3208 Aut
