<?xml version="1.0" encoding="UTF-8"?>
<!DOCTYPE html PUBLIC "-//W3C//DTD XHTML 1.0 Transitional//EN"
    "http://www.w3.org/TR/xhtml1/DTD/xhtml1-transitional.dtd">
<html xmlns="http://www.w3.org/1999/xhtml" xml:lang="en" lang="en">
 <head>
  <title>
</title>
<meta http-equiv="Content-Type" content="text/html;charset=utf-8" />
  <meta name='ocr-system' content='tesseract 3.04.00' />
  <meta name='ocr-capabilities' content='ocr_page ocr_carea ocr_par ocr_line ocrx_word'/>
</head>
<body>
  <div class='ocr_page' id='page_1' title='image "./operaomniapostho01bernuoft_0154.png"; bbox 0 0 2533 3920; ppageno 0'>
   <div class='ocr_carea' id='block_1_1' title="bbox 343 201 1374 1055">
    <p class='ocr_par' dir='ltr' id='par_1_1' title="bbox 344 201 1355 1049">
     <span class='ocr_line' id='line_1_1' title="bbox 351 201 425 238; baseline -0.014 0"><span class='ocrx_word' id='word_1_1' title='bbox 351 201 425 238; x_wconf 80' lang='lat'>283</span> 
     </span>
     <span class='ocr_line' id='line_1_2' title="bbox 348 265 1374 330; baseline -0.01 -14"><span class='ocrx_word' id='word_1_2' title='bbox 348 280 474 330; x_wconf 89' lang='lat' dir='ltr'>ipsum</span> <span class='ocrx_word' id='word_1_3' title='bbox 491 276 539 314; x_wconf 89' lang='lat' dir='ltr'>ad</span> <span class='ocrx_word' id='word_1_4' title='bbox 564 276 710 313; x_wconf 72' lang='lat' dir='ltr'>vultum</span> <span class='ocrx_word' id='word_1_5' title='bbox 728 273 877 324; x_wconf 79' lang='lat' dir='ltr'>gloiiae,</span> <span class='ocrx_word' id='word_1_6' title='bbox 896 284 1091 322; x_wconf 87' lang='lat' dir='ltr'>capessere</span> <span class='ocrx_word' id='word_1_7' title='bbox 1120 284 1269 308; x_wconf 88' lang='lat' dir='ltr'>summa</span> <span class='ocrx_word' id='word_1_8' title='bbox 1294 265 1374 308; x_wconf 84' lang='lat' dir='ltr'>re-¹</span> 
     </span>
     <span class='ocr_line' id='line_1_3' title="bbox 350 331 1302 386; baseline -0.012 -10"><span class='ocrx_word' id='word_1_9' title='bbox 350 354 450 384; x_wconf 91' lang='lat' dir='ltr'>rum,</span> <span class='ocrx_word' id='word_1_10' title='bbox 474 337 657 386; x_wconf 77' lang='lat' dir='ltr'>attingere</span> <span class='ocrx_word' id='word_1_11' title='bbox 678 335 794 371; x_wconf 88' lang='lat' dir='ltr'>totius</span> <span class='ocrx_word' id='word_1_12' title='bbox 813 345 898 381; x_wconf 79' lang='lat' dir='ltr'>mag</span> <span class='ocrx_word' id='word_1_13' title='bbox 888 331 1102 368; x_wconf 78' lang='lat' dir='ltr'>niticentiae</span> <span class='ocrx_word' id='word_1_14' title='bbox 1124 331 1294 367; x_wconf 86' lang='lat' dir='ltr'>culmen.</span> <span class='ocrx_word' id='word_1_15' title='bbox 1288 332 1302 355; x_wconf 82' lang='grc'>3</span> 
     </span>
     <span class='ocr_line' id='line_1_4' title="bbox 406 361 1353 445; baseline -0.011 -10"><span class='ocrx_word' id='word_1_16' title='bbox 406 399 441 436; x_wconf 77' lang='lat'>2.</span> <span class='ocrx_word' id='word_1_17' title='bbox 463 402 561 435; x_wconf 70' lang='lat' dir='ltr'>Veru</span> <span class='ocrx_word' id='word_1_18' title='bbox 569 409 604 432; x_wconf 92' lang='lat' dir='ltr'>m</span> <span class='ocrx_word' id='word_1_19' title='bbox 619 393 794 445; x_wconf 80' lang='lat' dir='ltr'>qualibus</span> <span class='ocrx_word' id='word_1_20' title='bbox 808 361 896 429; x_wconf 68' lang='lat' dir='ltr'>ista0</span> <span class='ocrx_word' id='word_1_21' title='bbox 893 401 932 428; x_wconf 92' lang='lat' dir='ltr'>tu</span> <span class='ocrx_word' id='word_1_22' title='bbox 946 390 1013 427; x_wconf 90' lang='lat' dir='ltr'>tibi</span> <span class='ocrx_word' id='word_1_23' title='bbox 1028 390 1212 441; x_wconf 78' lang='lat' dir='ltr'>impedias</span> <span class='ocrx_word' id='word_1_24' title='bbox 1226 389 1353 436; x_wconf 85' lang='lat' dir='ltr'>rebus,</span> 
     </span>
     <span class='ocr_line' id='line_1_5' title="bbox 349 451 1352 497; baseline -0.011 -1"><span class='ocrx_word' id='word_1_25' title='bbox 349 460 495 497; x_wconf 80' lang='lat' dir='ltr'>&#39;utinam</span> <span class='ocrx_word' id='word_1_26' title='bbox 528 457 607 493; x_wconf 83' lang='lat' dir='ltr'>sine</span> <span class='ocrx_word' id='word_1_27' title='bbox 638 453 936 491; x_wconf 81' lang='lat' dir='ltr'>dissimulatione</span> <span class='ocrx_word' id='word_1_28' title='bbox 964 451 1147 488; x_wconf 90' lang='lat' dir='ltr'>attendas.</span> <span class='ocrx_word' id='word_1_29' title='bbox 1172 454 1254 487; x_wconf 69' lang='lat' dir='ltr'>Vre!</span> <span class='ocrx_word' id='word_1_30' title='bbox 1277 452 1352 487; x_wconf 72' lang='lat' dir='ltr'>vce!</span> 
     </span>
     <span class='ocr_line' id='line_1_6' title="bbox 349 511 1352 570; baseline -0.011 -12"><span class='ocrx_word' id='word_1_31' title='bbox 349 533 471 570; x_wconf 72' lang='lat' dir='ltr'>vapor</span> <span class='ocrx_word' id='word_1_32' title='bbox 503 526 560 555; x_wconf 90' lang='lat' dir='ltr'>est</span> <span class='ocrx_word' id='word_1_33' title='bbox 588 517 635 554; x_wconf 86' lang='lat' dir='ltr'>ad</span> <span class='ocrx_word' id='word_1_34' title='bbox 662 514 853 552; x_wconf 87' lang='lat' dir='ltr'>modicum</span> <span class='ocrx_word' id='word_1_35' title='bbox 884 526 1045 564; x_wconf 86' lang='lat' dir='ltr'>parens,</span> <span class='ocrx_word' id='word_1_36' title='bbox 1075 511 1181 562; x_wconf 88' lang='lat' dir='ltr'>quod</span> <span class='ocrx_word' id='word_1_37' title='bbox 1202 519 1352 548; x_wconf 80' lang='lat' dir='ltr'>aeternae</span> 
     </span>
     <span class='ocr_line' id='line_1_7' title="bbox 349 572 1353 623; baseline -0.011 -4"><span class='ocrx_word' id='word_1_38' title='bbox 349 580 534 619; x_wconf 77' lang='lat' dir='ltr'>felicitatis</span> <span class='ocrx_word' id='word_1_39' title='bbox 555 577 699 614; x_wconf 88' lang='lat' dir='ltr'>aditum</span> <span class='ocrx_word' id='word_1_40' title='bbox 715 574 957 620; x_wconf 88' lang='lat' dir='ltr'>intercludit,</span> <span class='ocrx_word' id='word_1_41' title='bbox 974 573 1079 623; x_wconf 91' lang='lat' dir='ltr'>quod</span> <span class='ocrx_word' id='word_1_42' title='bbox 1099 572 1277 623; x_wconf 89' lang='lat' dir='ltr'>perennis</span> <span class='ocrx_word' id='word_1_43' title='bbox 1295 572 1353 608; x_wconf 87' lang='lat' dir='ltr'>lu-</span> 
     </span>
     <span class='ocr_line' id='line_1_8' title="bbox 348 631 1350 685; baseline -0.014 -5"><span class='ocrx_word' id='word_1_44' title='bbox 348 642 460 680; x_wconf 86' lang='lat' dir='ltr'>minis</span> <span class='ocrx_word' id='word_1_45' title='bbox 492 635 858 685; x_wconf 81' lang='lat' dir='ltr'>incircumscriptam</span> <span class='ocrx_word' id='word_1_46' title='bbox 888 634 1096 670; x_wconf 79' lang='lat' dir='ltr'>claritatem</span> <span class='ocrx_word' id='word_1_47' title='bbox 1133 631 1350 677; x_wconf 83' lang='lat' dir='ltr'>abscondit,</span> 
     </span>
     <span class='ocr_line' id='line_1_9' title="bbox 347 691 1351 755; baseline -0.014 -15"><span class='ocrx_word' id='word_1_48' title='bbox 347 701 451 755; x_wconf 90' lang='lat' dir='ltr'>quod</span> <span class='ocrx_word' id='word_1_49' title='bbox 477 696 732 736; x_wconf 77' lang='lat' dir='ltr'>universitatis</span> <span class='ocrx_word' id='word_1_50' title='bbox 757 694 913 732; x_wconf 87' lang='lat' dir='ltr'>scientia</span> <span class='ocrx_word' id='word_1_51' title='bbox 936 692 1102 736; x_wconf 85' lang='lat' dir='ltr'>fraudat,</span> <span class='ocrx_word' id='word_1_52' title='bbox 1127 691 1232 741; x_wconf 92' lang='lat' dir='ltr'>quod</span> <span class='ocrx_word' id='word_1_53' title='bbox 1252 705 1351 727; x_wconf 90' lang='lat' dir='ltr'>sum-</span> 
     </span>
     <span class='ocr_line' id='line_1_10' title="bbox 346 755 1353 812; baseline -0.013 -13"><span class='ocrx_word' id='word_1_54' title='bbox 346 776 417 801; x_wconf 88' lang='lat' dir='ltr'>mae</span> <span class='ocrx_word' id='word_1_55' title='bbox 433 760 518 812; x_wconf 73' lang='lat' dir='ltr'>pliv</span> <span class='ocrx_word' id='word_1_56' title='bbox 521 767 559 796; x_wconf 90' lang='lat' dir='ltr'>at</span> <span class='ocrx_word' id='word_1_57' title='bbox 575 756 769 807; x_wconf 77' lang='lat' dir='ltr'>dignitatis</span> <span class='ocrx_word' id='word_1_58' title='bbox 782 755 941 791; x_wconf 80' lang='lat' dir='ltr'>honme.</span> <span class='ocrx_word' id='word_1_59' title='bbox 957 756 1165 801; x_wconf 81' lang='lat' dir='ltr'>Quousque</span> <span class='ocrx_word' id='word_1_60' title='bbox 1184 760 1222 788; x_wconf 90' lang='lat' dir='ltr'>tu</span> <span class='ocrx_word' id='word_1_61' title='bbox 1240 759 1353 788; x_wconf 87' lang='lat' dir='ltr'>tantae</span> 
     </span>
     <span class='ocr_line' id='line_1_11' title="bbox 347 812 1353 875; baseline -0.014 -13.986"><span class='ocrx_word' id='word_1_62' title='bbox 347 823 476 875; x_wconf 78' lang='lat' dir='ltr'>glotiae</span> <span class='ocrx_word' id='word_1_63' title='bbox 498 819 655 871; x_wconf 80' lang='lat' dir='ltr'>piaefels</span> <span class='ocrx_word' id='word_1_64' title='bbox 675 817 823 862; x_wconf 86' lang='lat' dir='ltr'>fenum,</span> <span class='ocrx_word' id='word_1_65' title='bbox 841 813 945 864; x_wconf 91' lang='lat' dir='ltr'>quod</span> <span class='ocrx_word' id='word_1_66' title='bbox 964 812 1078 850; x_wconf 90' lang='lat' dir='ltr'>hodie</span> <span class='ocrx_word' id='word_1_67' title='bbox 1108 820 1186 857; x_wconf 85' lang='lat' dir='ltr'>est,</span> <span class='ocrx_word' id='word_1_68' title='bbox 1215 820 1252 848; x_wconf 89' lang='lat' dir='ltr'>et</span> <span class='ocrx_word' id='word_1_69' title='bbox 1272 824 1353 848; x_wconf 87' lang='lat' dir='ltr'>cras</span> 
     </span>
     <span class='ocr_line' id='line_1_12' title="bbox 348 872 1353 922; baseline -0.015 0"><span class='ocrx_word' id='word_1_70' title='bbox 348 885 387 922; x_wconf 90' lang='lat' dir='ltr'>in</span> <span class='ocrx_word' id='word_1_71' title='bbox 415 882 606 920; x_wconf 81' lang='lat' dir='ltr'>clibanum</span> <span class='ocrx_word' id='word_1_72' title='bbox 635 877 992 922; x_wconf 78' lang='lat' dir='ltr'>mittitur3ca1nem</span> <span class='ocrx_word' id='word_1_73' title='bbox 1015 873 1101 909; x_wconf 90' lang='lat' dir='ltr'>dico</span> <span class='ocrx_word' id='word_1_74' title='bbox 1122 880 1158 909; x_wconf 93' lang='lat' dir='ltr'>et</span> <span class='ocrx_word' id='word_1_75' title='bbox 1173 885 1292 921; x_wconf 91' lang='lat' dir='ltr'>eJus</span> <span class='ocrx_word' id='word_1_76' title='bbox 1271 872 1353 908; x_wconf 73' lang='lat' dir='ltr'>‹rlo-</span> 
     </span>
     <span class='ocr_line' id='line_1_13' title="bbox 344 932 1354 990; baseline -0.015 -8"><span class='ocrx_word' id='word_1_77' title='bbox 344 945 468 983; x_wconf 78' lang='lat' dir='ltr'>riam?</span> <span class='ocrx_word' id='word_1_78' title='bbox 499 938 693 990; x_wconf 87' lang='lat' dir='ltr'>Siquidem</span> <span class='ocrx_word' id='word_1_79' title='bbox 723 935 847 973; x_wconf 91' lang='lat' dir='ltr'>omnis</span> <span class='ocrx_word' id='word_1_80' title='bbox 872 947 960 971; x_wconf 82' lang='lat' dir='ltr'>calo</span> <span class='ocrx_word' id='word_1_81' title='bbox 990 934 1143 978; x_wconf 85' lang='lat' dir='ltr'>fenum,</span> <span class='ocrx_word' id='word_1_82' title='bbox 1172 940 1209 968; x_wconf 88' lang='lat' dir='ltr'>et</span> <span class='ocrx_word' id='word_1_83' title='bbox 1230 932 1354 968; x_wconf 87' lang='lat' dir='ltr'>omnis</span> 
     </span>
     <span class='ocr_line' id='line_1_14' title="bbox 343 991 1351 1055; baseline -0.014 -14.972"><span class='ocrx_word' id='word_1_84' title='bbox 343 1004 464 1055; x_wconf 79' lang='lat' dir='ltr'>gloria</span> <span class='ocrx_word' id='word_1_85' title='bbox 485 999 566 1049; x_wconf 84' lang='lat' dir='ltr'>ejus</span> <span class='ocrx_word' id='word_1_86' title='bbox 588 1007 767 1047; x_wconf 84' lang='lat' dir='ltr'>tanquam</span> <span class='ocrx_word' id='word_1_87' title='bbox 790 995 860 1031; x_wconf 90' lang='lat' dir='ltr'>flos</span> <span class='ocrx_word' id='word_1_88' title='bbox 880 994 998 1030; x_wconf 89' lang='lat' dir='ltr'>feni.</span> <span class='ocrx_word' id='word_1_89' title='bbox 974 1000 983 1014; x_wconf 88' lang='lat'>¹</span> <span class='ocrx_word' id='word_1_90' title='bbox 1026 993 1062 1029; x_wconf 89' lang='lat' dir='ltr'>Si</span> <span class='ocrx_word' id='word_1_91' title='bbox 1083 992 1202 1042; x_wconf 90' lang='lat' dir='ltr'>sapis,</span> <span class='ocrx_word' id='word_1_92' title='bbox 1226 992 1255 1028; x_wconf 89' lang='lat' dir='ltr'>si</span> <span class='ocrx_word' id='word_1_93' title='bbox 1281 991 1351 1028; x_wconf 89' lang='lat' dir='ltr'>ha-</span> 
     </span>
    </p>
   </div>
   <div class='ocr_carea' id='block_1_2' title="bbox 1118 190 1668 230">
    <p class='ocr_par' dir='ltr' id='par_1_2' title="bbox 1118 190 1668 230">
     <span class='ocr_line' id='line_1_15' title="bbox 1118 190 1668 230; baseline -0.005 0"><span class='ocrx_word' id='word_1_94' title='bbox 1118 196 1152 230; x_wconf 98' lang='lat' dir='ltr'>S</span> <span class='ocrx_word' id='word_1_95' title='bbox 1184 190 1438 229; x_wconf 68' lang='lat' dir='ltr'>BFRNARDI</span> <span class='ocrx_word' id='word_1_96' title='bbox 1469 192 1668 227; x_wconf 76' lang='lat' dir='ltr'>ABBATIS</span> 
     </span>
    </p>
   </div>
   <div class='ocr_carea' id='block_1_3' title="bbox 2355 191 2431 228">
    <p class='ocr_par' dir='ltr' id='par_1_3' title="bbox 2355 191 2431 228">
     <span class='ocr_line' id='line_1_16' title="bbox 2355 191 2431 228; baseline 0 0"><span class='ocrx_word' id='word_1_97' title='bbox 2355 191 2431 228; x_wconf 69' lang='lat'>284</span> 
     </span>
    </p>
   </div>
   <div class='ocr_carea' id='block_1_4' title="bbox 1425 267 2428 319">
    <p class='ocr_par' dir='ltr' id='par_1_4' title="bbox 1425 267 2428 319">
     <span class='ocr_line' id='line_1_17' title="bbox 1425 267 2428 319; baseline 0 -13"><span class='ocrx_word' id='word_1_98' title='bbox 1425 269 1612 319; x_wconf 82' lang='lat' dir='ltr'>ingenuos</span> <span class='ocrx_word' id='word_1_99' title='bbox 1641 282 1756 319; x_wconf 85' lang='lat' dir='ltr'>quam</span> <span class='ocrx_word' id='word_1_100' title='bbox 1788 267 1967 305; x_wconf 89' lang='lat' dir='ltr'>inanibus</span> <span class='ocrx_word' id='word_1_101' title='bbox 1997 268 2129 306; x_wconf 87' lang='lat' dir='ltr'>studiis</span> <span class='ocrx_word' id='word_1_102' title='bbox 2156 277 2314 316; x_wconf 66' lang='lat' dir='ltr'>atter{,1s</span> <span class='ocrx_word' id='word_1_103' title='bbox 2337 268 2428 307; x_wconf 89' lang='lat' dir='ltr'>dum</span> 
     </span>
    </p>
   </div>
   <div class='ocr_carea' id='block_1_5' title="bbox 1371 298 2428 376">
    <p class='ocr_par' dir='ltr' id='par_1_5' title="bbox 1371 298 2428 376">
     <span class='ocr_line' id='line_1_18' title="bbox 1371 298 2428 376; baseline 0.003 -12"><span class='ocrx_word' id='word_1_104' title='bbox 1371 332 1401 365; x_wconf 88' lang='lat' dir='ltr'><strong>A</strong></span> <span class='ocrx_word' id='word_1_105' title='bbox 1422 298 1487 365; x_wconf 67' lang='lat' dir='ltr'>deD</span> <span class='ocrx_word' id='word_1_106' title='bbox 1494 330 1604 366; x_wconf 88' lang='lat' dir='ltr'>tantis</span> <span class='ocrx_word' id='word_1_107' title='bbox 1625 328 1873 374; x_wconf 87' lang='lat' dir='ltr'>muneribus,</span> <span class='ocrx_word' id='word_1_108' title='bbox 1893 342 1971 366; x_wconf 90' lang='lat' dir='ltr'>non</span> <span class='ocrx_word' id='word_1_109' title='bbox 1999 330 2147 366; x_wconf 88' lang='lat' dir='ltr'>auctori</span> <span class='ocrx_word' id='word_1_110' title='bbox 2173 330 2342 376; x_wconf 85' lang='lat' dir='ltr'>Christo,</span> <span class='ocrx_word' id='word_1_111' title='bbox 2361 330 2428 367; x_wconf 89' lang='lat' dir='ltr'>sed</span> 
     </span>
    </p>
   </div>
   <div class='ocr_carea' id='block_1_6' title="bbox 1419 388 2430 1038">
    <p class='ocr_par' dir='ltr' id='par_1_6' title="bbox 1419 388 2430 1029">
     <span class='ocr_line' id='line_1_19' title="bbox 1422 388 2430 441; baseline 0.002 -16"><span class='ocrx_word' id='word_1_112' title='bbox 1422 388 1536 426; x_wconf 80' lang='lat' dir='ltr'>lebus</span> <span class='ocrx_word' id='word_1_113' title='bbox 1557 389 1748 427; x_wconf 67' lang='lat' dir='ltr'>deserxias</span> <span class='ocrx_word' id='word_1_114' title='bbox 1770 389 2008 427; x_wconf 66' lang='lat' dir='ltr'>tr&#39;ausitoiiis.</span> <span class='ocrx_word' id='word_1_115' title='bbox 2031 393 2062 427; x_wconf 95' lang='lat' dir='ltr'>O</span> <span class='ocrx_word' id='word_1_116' title='bbox 2081 391 2109 426; x_wconf 84' lang='lat' dir='ltr'>si</span> <span class='ocrx_word' id='word_1_117' title='bbox 2130 389 2262 441; x_wconf 74' lang='lat' dir='ltr'>(quod</span> <span class='ocrx_word' id='word_1_118' title='bbox 2282 398 2430 427; x_wconf 85' lang='lat' dir='ltr'>avertat</span> 
     </span>
     <span class='ocr_line' id='line_1_20' title="bbox 1420 449 2428 500; baseline 0.001 -14"><span class='ocrx_word' id='word_1_119' title='bbox 1420 449 1549 499; x_wconf 62' lang='lat' dir='ltr'>Deus)</span> <span class='ocrx_word' id='word_1_120' title='bbox 1575 463 1678 486; x_wconf 91' lang='lat' dir='ltr'>mors</span> <span class='ocrx_word' id='word_1_121' title='bbox 1709 449 1906 500; x_wconf 88' lang='lat' dir='ltr'>inopinata</span> <span class='ocrx_word' id='word_1_122' title='bbox 1929 449 2146 500; x_wconf 84' lang='lat' dir='ltr'>subripiens</span> <span class='ocrx_word' id='word_1_123' title='bbox 2171 451 2241 486; x_wconf 87' lang='lat' dir='ltr'>ista</span> <span class='ocrx_word' id='word_1_124' title='bbox 2264 463 2428 487; x_wconf 90' lang='lat' dir='ltr'>concus-</span> 
     </span>
     <span class='ocr_line' id='line_1_21' title="bbox 1422 509 2428 560; baseline 0.001 -14"><span class='ocrx_word' id='word_1_125' title='bbox 1422 509 1531 546; x_wconf 87' lang='lat' dir='ltr'>serit!</span> <span class='ocrx_word' id='word_1_126' title='bbox 1563 510 1663 547; x_wconf 80' lang='lat' dir='ltr'>heu!</span> <span class='ocrx_word' id='word_1_127' title='bbox 1691 509 1818 547; x_wconf 89' lang='lat' dir='ltr'>subito</span> <span class='ocrx_word' id='word_1_128' title='bbox 1848 518 1987 547; x_wconf 88' lang='lat' dir='ltr'>cuncta</span> <span class='ocrx_word' id='word_1_129' title='bbox 2008 509 2117 546; x_wconf 69' lang='lat' dir='ltr'>velut</span> <span class='ocrx_word' id='word_1_130' title='bbox 2143 509 2190 546; x_wconf 87' lang='lat' dir='ltr'>ad</span> <span class='ocrx_word' id='word_1_131' title='bbox 2221 510 2428 560; x_wconf 86' lang='lat' dir='ltr'>impulsum</span> 
     </span>
     <span class='ocr_line' id='line_1_22' title="bbox 1421 569 2429 619; baseline 0.001 -14"><span class='ocrx_word' id='word_1_132' title='bbox 1421 570 1568 606; x_wconf 89' lang='lat' dir='ltr'>urentis</span> <span class='ocrx_word' id='word_1_133' title='bbox 1597 578 1634 606; x_wconf 90' lang='lat' dir='ltr'>et</span> <span class='ocrx_word' id='word_1_134' title='bbox 1662 569 1822 607; x_wconf 83' lang='lat' dir='ltr'>furentis</span> <span class='ocrx_word' id='word_1_135' title='bbox 1849 569 1975 615; x_wconf 72' lang='lat' dir='ltr'>venti,</span> <span class='ocrx_word' id='word_1_136' title='bbox 1999 577 2181 619; x_wconf 84' lang='lat' dir='ltr'>tanquam</span> <span class='ocrx_word' id='word_1_137' title='bbox 2205 570 2334 606; x_wconf 87' lang='lat' dir='ltr'>fenum</span> <span class='ocrx_word' id='word_1_138' title='bbox 2357 582 2429 606; x_wconf 86' lang='lat' dir='ltr'>ve-</span> 
     </span>
     <span class='ocr_line' id='line_1_23' title="bbox 1420 629 2426 681; baseline 0.001 -15"><span class='ocrx_word' id='word_1_139' title='bbox 1420 629 1553 666; x_wconf 91' lang='lat' dir='ltr'>lociter</span> <span class='ocrx_word' id='word_1_140' title='bbox 1587 639 1780 677; x_wconf 88' lang='lat' dir='ltr'>arescent,</span> <span class='ocrx_word' id='word_1_141' title='bbox 1804 639 1842 667; x_wconf 92' lang='lat' dir='ltr'>et</span> <span class='ocrx_word' id='word_1_142' title='bbox 1865 630 2192 681; x_wconf 89' lang='lat' dir='ltr'>quemadmodum</span> <span class='ocrx_word' id='word_1_143' title='bbox 2212 630 2317 667; x_wconf 85' lang='lat' dir='ltr'>olera</span> <span class='ocrx_word' id='word_1_144' title='bbox 2334 629 2426 667; x_wconf 89' lang='lat' dir='ltr'>her-</span> 
     </span>
     <span class='ocr_line' id='line_1_24' title="bbox 1419 688 2430 740; baseline 0.002 -15"><span class='ocrx_word' id='word_1_145' title='bbox 1419 688 1554 727; x_wconf 90' lang='lat' dir='ltr'>barum</span> <span class='ocrx_word' id='word_1_146' title='bbox 1576 691 1650 727; x_wconf 90' lang='lat' dir='ltr'>cito</span> <span class='ocrx_word' id='word_1_147' title='bbox 1671 690 1859 728; x_wconf 84' lang='lat' dir='ltr'>decident.</span> <span class='ocrx_word' id='word_1_148' title='bbox 1876 690 1976 739; x_wconf 88' lang='lat' dir='ltr'>Quid</span> <span class='ocrx_word' id='word_1_149' title='bbox 1991 703 2082 740; x_wconf 81' lang='lat' dir='ltr'>ergo</span> <span class='ocrx_word' id='word_1_150' title='bbox 2100 698 2226 727; x_wconf 89' lang='lat' dir='ltr'>tecum</span> <span class='ocrx_word' id='word_1_151' title='bbox 2252 689 2363 727; x_wconf 90' lang='lat' dir='ltr'>tolles</span> <span class='ocrx_word' id='word_1_152' title='bbox 2381 689 2430 727; x_wconf 86' lang='lat' dir='ltr'>de</span> 
     </span>
     <span class='ocr_line' id='line_1_25' title="bbox 1420 749 2429 801; baseline 0 -15"><span class='ocrx_word' id='word_1_153' title='bbox 1420 751 1523 786; x_wconf 91' lang='lat' dir='ltr'>omni</span> <span class='ocrx_word' id='word_1_154' title='bbox 1548 751 1679 788; x_wconf 89' lang='lat' dir='ltr'>labore</span> <span class='ocrx_word' id='word_1_155' title='bbox 1707 760 1793 798; x_wconf 90' lang='lat' dir='ltr'>tuo,</span> <span class='ocrx_word' id='word_1_156' title='bbox 1823 764 1936 801; x_wconf 90' lang='lat' dir='ltr'>quem</span> <span class='ocrx_word' id='word_1_157' title='bbox 1963 758 2144 801; x_wconf 87' lang='lat' dir='ltr'>operatus</span> <span class='ocrx_word' id='word_1_158' title='bbox 2169 749 2286 787; x_wconf 89' lang='lat' dir='ltr'>fueris</span> <span class='ocrx_word' id='word_1_159' title='bbox 2312 762 2429 800; x_wconf 82' lang='lat' dir='ltr'>super</span> 
     </span>
     <span class='ocr_line' id='line_1_26' title="bbox 1422 809 2428 862; baseline 0 -16"><span class='ocrx_word' id='word_1_160' title='bbox 1422 814 1585 848; x_wconf 79' lang='lat' dir='ltr'>terram?</span> <span class='ocrx_word' id='word_1_161' title='bbox 1616 812 1709 861; x_wconf 86' lang='lat' dir='ltr'>quid</span> <span class='ocrx_word' id='word_1_162' title='bbox 1740 811 1928 849; x_wconf 84' lang='lat' dir='ltr'>retribues</span> <span class='ocrx_word' id='word_1_163' title='bbox 1955 813 2124 849; x_wconf 90' lang='lat' dir='ltr'>Domino</span> <span class='ocrx_word' id='word_1_164' title='bbox 2152 824 2226 862; x_wconf 84' lang='lat' dir='ltr'>pro</span> <span class='ocrx_word' id='word_1_165' title='bbox 2248 809 2428 848; x_wconf 90' lang='lat' dir='ltr'>omnibus</span> 
     </span>
     <span class='ocr_line' id='line_1_27' title="bbox 1421 871 2429 922; baseline 0.001 -16"><span class='ocrx_word' id='word_1_166' title='bbox 1421 884 1506 920; x_wconf 81' lang='lat' dir='ltr'>quae</span> <span class='ocrx_word' id='word_1_167' title='bbox 1541 871 1672 908; x_wconf 88' lang='lat' dir='ltr'>tribuit</span> <span class='ocrx_word' id='word_1_168' title='bbox 1700 872 1789 909; x_wconf 78' lang='lat' dir='ltr'>tibi?</span> <span class='ocrx_word' id='word_1_169' title='bbox 1809 873 1923 922; x_wconf 87' lang='lat' dir='ltr'>quid,</span> <span class='ocrx_word' id='word_1_170' title='bbox 1951 873 2128 922; x_wconf 88' lang='lat' dir='ltr'>inquam,</span> <span class='ocrx_word' id='word_1_171' title='bbox 2152 872 2248 909; x_wconf 91' lang='lat' dir='ltr'>lucri</span> <span class='ocrx_word' id='word_1_172' title='bbox 2274 883 2346 921; x_wconf 90' lang='lat' dir='ltr'>pro</span> <span class='ocrx_word' id='word_1_173' title='bbox 2371 878 2429 907; x_wconf 90' lang='lat' dir='ltr'>tot</span> 
     </span>
     <span class='ocr_line' id='line_1_28' title="bbox 1423 929 2427 970; baseline 0.002 -4"><span class='ocrx_word' id='word_1_174' title='bbox 1423 929 1491 966; x_wconf 89' lang='lat' dir='ltr'>tibi</span> <span class='ocrx_word' id='word_1_175' title='bbox 1526 931 1681 968; x_wconf 86' lang='lat' dir='ltr'>creditis</span> <span class='ocrx_word' id='word_1_176' title='bbox 1718 933 1867 969; x_wconf 91' lang='lat' dir='ltr'>talentis</span> <span class='ocrx_word' id='word_1_177' title='bbox 1906 933 2045 970; x_wconf 83' lang='lat' dir='ltr'>referes</span> <span class='ocrx_word' id='word_1_178' title='bbox 2080 932 2284 970; x_wconf 82' lang='lat' dir='ltr'>creditori?</span> <span class='ocrx_word' id='word_1_179' title='bbox 2322 933 2354 969; x_wconf 93' lang='grc' dir='ltr'><strong>Ο</strong></span> <span class='ocrx_word' id='word_1_180' title='bbox 2392 931 2427 968; x_wconf 87' lang='lat' dir='ltr'>si</span> 
     </span>
     <span class='ocr_line' id='line_1_29' title="bbox 1419 991 2426 1038; baseline 0.002 -13"><span class='ocrx_word' id='word_1_181' title='bbox 1419 1002 1578 1026; x_wconf 74' lang='lat' dir='ltr'>vacuam</span> <span class='ocrx_word' id='word_1_182' title='bbox 1613 1004 1770 1027; x_wconf 88' lang='lat' dir='ltr'>manum</span> <span class='ocrx_word' id='word_1_183' title='bbox 1799 992 1863 1027; x_wconf 85' lang='lat' dir='ltr'>im</span> <span class='ocrx_word' id='word_1_184' title='bbox 1868 993 1991 1028; x_wconf 89' lang='lat' dir='ltr'>enerit</span> <span class='ocrx_word' id='word_1_185' title='bbox 2023 992 2105 1038; x_wconf 91' lang='lat' dir='ltr'>ille,</span> <span class='ocrx_word' id='word_1_186' title='bbox 2137 993 2202 1029; x_wconf 89' lang='lat' dir='ltr'>ille</span> <span class='ocrx_word' id='word_1_187' title='bbox 2234 991 2426 1028; x_wconf 91' lang='lat' dir='ltr'>donorum</span> 
     </span>
    </p>
   </div>
   <div class='ocr_carea' id='block_1_7' title="bbox 344 1049 2427 1118">
    <p class='ocr_par' dir='ltr' id='par_1_7' title="bbox 344 1049 2427 1118">
     <span class='ocr_line' id='line_1_30' title="bbox 344 1049 2427 1118; baseline -0.006 -18"><span class='ocrx_word' id='word_1_188' title='bbox 344 1064 410 1100; x_wconf 90' lang='lat' dir='ltr'>bes</span> <span class='ocrx_word' id='word_1_189' title='bbox 431 1073 518 1105; x_wconf 92' lang='lat' dir='ltr'>cor,</span> <span class='ocrx_word' id='word_1_190' title='bbox 536 1058 566 1095; x_wconf 92' lang='lat' dir='ltr'>si</span> <span class='ocrx_word' id='word_1_191' title='bbox 588 1066 711 1094; x_wconf 89' lang='lat' dir='ltr'>tecum</span> <span class='ocrx_word' id='word_1_192' title='bbox 728 1063 786 1091; x_wconf 82' lang='lat' dir='ltr'>est</span> <span class='ocrx_word' id='word_1_193' title='bbox 807 1055 937 1091; x_wconf 89' lang='lat' dir='ltr'>lumen</span> <span class='ocrx_word' id='word_1_194' title='bbox 955 1053 1156 1089; x_wconf 69' lang='lat' dir='ltr'>oculorum</span> <span class='ocrx_word' id='word_1_195' title='bbox 1175 1060 1344 1096; x_wconf 73' lang='lat' dir='ltr'>tumtun,</span> <span class='ocrx_word' id='word_1_196' title='bbox 1372 1049 1401 1084; x_wconf 92' lang='lat' dir='ltr'>B</span> <span class='ocrx_word' id='word_1_197' title='bbox 1418 1058 1621 1099; x_wconf 87' lang='lat' dir='ltr'>promptus</span> <span class='ocrx_word' id='word_1_198' title='bbox 1643 1050 1796 1118; x_wconf 79' lang='lat' dir='ltr'>quidem</span> <span class='ocrx_word' id='word_1_199' title='bbox 1817 1060 1972 1098; x_wconf 85' lang='lat' dir='ltr'>auctor,</span> <span class='ocrx_word' id='word_1_200' title='bbox 1993 1051 2060 1088; x_wconf 90' lang='lat' dir='ltr'>sed</span> <span class='ocrx_word' id='word_1_201' title='bbox 2075 1052 2320 1102; x_wconf 89' lang='lat' dir='ltr'>importunus</span> <span class='ocrx_word' id='word_1_202' title='bbox 2339 1064 2427 1087; x_wconf 81' lang='lat' dir='ltr'>exa-</span> 
     </span>
    </p>
   </div>
   <div class='ocr_carea' id='block_1_8' title="bbox 337 1111 1348 1821">
    <p class='ocr_par' dir='ltr' id='par_1_8' title="bbox 337 1111 1348 1821">
     <span class='ocr_line' id='line_1_31' title="bbox 343 1111 1348 1168; baseline -0.012 -9"><span class='ocrx_word' id='word_1_203' title='bbox 343 1122 473 1160; x_wconf 87' lang='lat' dir='ltr'>desine</span> <span class='ocrx_word' id='word_1_204' title='bbox 499 1118 578 1168; x_wconf 86' lang='lat' dir='ltr'>jam</span> <span class='ocrx_word' id='word_1_205' title='bbox 606 1129 649 1153; x_wconf 90' lang='lat' dir='ltr'>ea</span> <span class='ocrx_word' id='word_1_206' title='bbox 678 1114 809 1164; x_wconf 82' lang='lat' dir='ltr'>sequi,</span> <span class='ocrx_word' id='word_1_207' title='bbox 831 1126 916 1163; x_wconf 77' lang='lat' dir='ltr'>quae</span> <span class='ocrx_word' id='word_1_208' title='bbox 936 1121 973 1149; x_wconf 94' lang='lat' dir='ltr'>et</span> <span class='ocrx_word' id='word_1_209' title='bbox 995 1111 1144 1161; x_wconf 85' lang='lat' dir='ltr'>assequi</span> <span class='ocrx_word' id='word_1_210' title='bbox 1167 1111 1348 1148; x_wconf 90' lang='lat' dir='ltr'>miserum</span> 
     </span>
     <span class='ocr_line' id='line_1_32' title="bbox 339 1172 1348 1226; baseline -0.013 -6"><span class='ocrx_word' id='word_1_211' title='bbox 339 1191 407 1220; x_wconf 89' lang='lat' dir='ltr'>est.</span> <span class='ocrx_word' id='word_1_212' title='bbox 435 1185 572 1218; x_wconf 86' lang='lat' dir='ltr'>Beatus</span> <span class='ocrx_word' id='word_1_213' title='bbox 607 1176 673 1226; x_wconf 88' lang='lat' dir='ltr'>qui</span> <span class='ocrx_word' id='word_1_214' title='bbox 701 1183 789 1226; x_wconf 89' lang='lat' dir='ltr'>post</span> <span class='ocrx_word' id='word_1_215' title='bbox 808 1175 873 1210; x_wconf 87' lang='lat' dir='ltr'>illa</span> <span class='ocrx_word' id='word_1_216' title='bbox 898 1187 976 1210; x_wconf 89' lang='lat' dir='ltr'>non</span> <span class='ocrx_word' id='word_1_217' title='bbox 1004 1172 1120 1218; x_wconf 88' lang='lat' dir='ltr'>abiit,</span> <span class='ocrx_word' id='word_1_218' title='bbox 1140 1185 1224 1221; x_wconf 86' lang='lat' dir='ltr'>quae</span> <span class='ocrx_word' id='word_1_219' title='bbox 1256 1185 1348 1222; x_wconf 89' lang='lat' dir='ltr'>pos-</span> 
     </span>
     <span class='ocr_line' id='line_1_33' title="bbox 341 1231 1348 1283; baseline -0.013 -3"><span class='ocrx_word' id='word_1_220' title='bbox 341 1254 441 1280; x_wconf 88' lang='lat' dir='ltr'>sessa</span> <span class='ocrx_word' id='word_1_221' title='bbox 472 1245 652 1283; x_wconf 86' lang='lat' dir='ltr'>onerant,</span> <span class='ocrx_word' id='word_1_222' title='bbox 687 1243 811 1272; x_wconf 87' lang='lat' dir='ltr'>amata</span> <span class='ocrx_word' id='word_1_223' title='bbox 838 1234 1064 1283; x_wconf 86' lang='lat' dir='ltr'>inquinant,</span> <span class='ocrx_word' id='word_1_224' title='bbox 1098 1231 1231 1268; x_wconf 88' lang='lat' dir='ltr'>amissa</span> <span class='ocrx_word' id='word_1_225' title='bbox 1263 1244 1348 1268; x_wconf 90' lang='lat' dir='ltr'>cru-</span> 
     </span>
     <span class='ocr_line' id='line_1_34' title="bbox 339 1291 1346 1341; baseline -0.013 -2"><span class='ocrx_word' id='word_1_226' title='bbox 339 1303 451 1339; x_wconf 83' lang='lat' dir='ltr'>ciant.</span> <span class='ocrx_word' id='word_1_227' title='bbox 482 1302 543 1337; x_wconf 90' lang='lat' dir='ltr'>An</span> <span class='ocrx_word' id='word_1_228' title='bbox 566 1309 644 1333; x_wconf 88' lang='lat' dir='ltr'>non</span> <span class='ocrx_word' id='word_1_229' title='bbox 672 1308 716 1332; x_wconf 89' lang='lat' dir='ltr'>ea</span> <span class='ocrx_word' id='word_1_230' title='bbox 742 1294 859 1331; x_wconf 90' lang='lat' dir='ltr'>satius</span> <span class='ocrx_word' id='word_1_231' title='bbox 880 1307 966 1330; x_wconf 87' lang='lat' dir='ltr'>cum</span> <span class='ocrx_word' id='word_1_232' title='bbox 994 1293 1142 1328; x_wconf 88' lang='lat' dir='ltr'>honore</span> <span class='ocrx_word' id='word_1_233' title='bbox 1173 1291 1346 1341; x_wconf 86' lang='lat' dir='ltr'>spernis,</span> 
     </span>
     <span class='ocr_line' id='line_1_35' title="bbox 340 1352 1344 1418; baseline -0.011 -19"><span class='ocrx_word' id='word_1_234' title='bbox 340 1374 455 1413; x_wconf 87' lang='lat' dir='ltr'>quam</span> <span class='ocrx_word' id='word_1_235' title='bbox 485 1371 571 1396; x_wconf 90' lang='lat' dir='ltr'>cum</span> <span class='ocrx_word' id='word_1_236' title='bbox 596 1356 728 1392; x_wconf 88' lang='lat' dir='ltr'>dolore</span> <span class='ocrx_word' id='word_1_237' title='bbox 752 1354 901 1405; x_wconf 82' lang='lat' dir='ltr'>peldis.</span> <span class='ocrx_word' id='word_1_238' title='bbox 895 1356 909 1381; x_wconf 89' lang='grc'>3</span> <span class='ocrx_word' id='word_1_239' title='bbox 930 1367 977 1390; x_wconf 90' lang='lat' dir='ltr'>an</span> <span class='ocrx_word' id='word_1_240' title='bbox 1006 1366 1084 1389; x_wconf 91' lang='lat' dir='ltr'>non</span> <span class='ocrx_word' id='word_1_241' title='bbox 1105 1365 1148 1389; x_wconf 91' lang='lat' dir='ltr'>ea</span> <span class='ocrx_word' id='word_1_242' title='bbox 1170 1352 1344 1418; x_wconf 76' lang='lat' dir='ltr'>piuden—</span> 
     </span>
     <span class='ocr_line' id='line_1_36' title="bbox 339 1412 1346 1464; baseline -0.012 -4"><span class='ocrx_word' id='word_1_243' title='bbox 339 1424 412 1460; x_wconf 87' lang='lat' dir='ltr'>tius</span> <span class='ocrx_word' id='word_1_244' title='bbox 441 1418 579 1459; x_wconf 86' lang='lat' dir='ltr'>Christi</span> <span class='ocrx_word' id='word_1_245' title='bbox 608 1416 709 1453; x_wconf 90' lang='lat' dir='ltr'>cedis</span> <span class='ocrx_word' id='word_1_246' title='bbox 738 1415 884 1459; x_wconf 89' lang='lat' dir='ltr'>amori,</span> <span class='ocrx_word' id='word_1_247' title='bbox 908 1427 1022 1464; x_wconf 89' lang='lat' dir='ltr'>quam</span> <span class='ocrx_word' id='word_1_248' title='bbox 1048 1414 1184 1450; x_wconf 75' lang='lat' dir='ltr'>morti?</span> <span class='ocrx_word' id='word_1_249' title='bbox 1213 1416 1279 1450; x_wconf 87' lang='lat' dir='ltr'>Est</span> <span class='ocrx_word' id='word_1_250' title='bbox 1306 1412 1346 1448; x_wconf 91' lang='lat' dir='ltr'>in</span> 
     </span>
     <span class='ocr_line' id='line_1_37' title="bbox 338 1473 1347 1529; baseline -0.012 -9"><span class='ocrx_word' id='word_1_251' title='bbox 338 1481 484 1520; x_wconf 83' lang='lat' dir='ltr'>insidiis</span> <span class='ocrx_word' id='word_1_252' title='bbox 504 1477 660 1529; x_wconf 82' lang='lat' dir='ltr'>pr,aedo</span> <span class='ocrx_word' id='word_1_253' title='bbox 684 1474 793 1524; x_wconf 88' lang='lat' dir='ltr'>cujus</span> <span class='ocrx_word' id='word_1_254' title='bbox 821 1473 998 1511; x_wconf 90' lang='lat' dir='ltr'>manibus</span> <span class='ocrx_word' id='word_1_255' title='bbox 1018 1486 1088 1510; x_wconf 88' lang='lat' dir='ltr'>nec</span> <span class='ocrx_word' id='word_1_256' title='bbox 1111 1481 1169 1519; x_wconf 87' lang='lat' dir='ltr'>te,</span> <span class='ocrx_word' id='word_1_257' title='bbox 1191 1486 1262 1509; x_wconf 91' lang='lat' dir='ltr'>nec</span> <span class='ocrx_word' id='word_1_258' title='bbox 1282 1480 1347 1509; x_wconf 90' lang='lat' dir='ltr'>tua</span> 
     </span>
     <span class='ocr_line' id='line_1_38' title="bbox 338 1506 1348 1595; baseline -0.012 -15"><span class='ocrx_word' id='word_1_259' title='bbox 338 1551 448 1595; x_wconf 84' lang='lat' dir='ltr'>potes</span> <span class='ocrx_word' id='word_1_260' title='bbox 479 1506 705 1576; x_wconf 79' lang='lat' dir='ltr'>subduceie.</span> <span class='ocrx_word' id='word_1_261' title='bbox 732 1539 818 1573; x_wconf 72' lang='lat' dir='ltr'>Non</span> <span class='ocrx_word' id='word_1_262' title='bbox 850 1534 992 1584; x_wconf 88' lang='lat' dir='ltr'>poterit</span> <span class='ocrx_word' id='word_1_263' title='bbox 1012 1533 1237 1583; x_wconf 68' lang='lat' dir='ltr'>piaexideri,</span> <span class='ocrx_word' id='word_1_264' title='bbox 1259 1533 1348 1582; x_wconf 90' lang='lat' dir='ltr'>quia</span> 
     </span>
     <span class='ocr_line' id='line_1_39' title="bbox 339 1593 1347 1652; baseline -0.012 -11"><span class='ocrx_word' id='word_1_265' title='bbox 339 1613 519 1652; x_wconf 90' lang='lat' dir='ltr'>tanquam</span> <span class='ocrx_word' id='word_1_266' title='bbox 550 1599 610 1635; x_wconf 87' lang='lat' dir='ltr'>fur</span> <span class='ocrx_word' id='word_1_267' title='bbox 638 1597 677 1633; x_wconf 89' lang='lat' dir='ltr'>in</span> <span class='ocrx_word' id='word_1_268' title='bbox 702 1604 813 1633; x_wconf 88' lang='lat' dir='ltr'>nocte</span> <span class='ocrx_word' id='word_1_269' title='bbox 834 1595 885 1631; x_wconf 91' lang='lat' dir='ltr'>ita</span> <span class='ocrx_word' id='word_1_270' title='bbox 905 1594 1044 1631; x_wconf 77' lang='lat' dir='ltr'>veniet.</span> <span class='ocrx_word' id='word_1_271' title='bbox 1066 1594 1166 1631; x_wconf 62' lang='lat' dir='ltr'>Nihil</span> <span class='ocrx_word' id='word_1_272' title='bbox 1185 1593 1347 1630; x_wconf 90' lang='lat' dir='ltr'>intulisti</span> 
     </span>
     <span class='ocr_line' id='line_1_40' title="bbox 338 1654 1345 1704; baseline -0.011 -3"><span class='ocrx_word' id='word_1_273' title='bbox 338 1665 376 1701; x_wconf 91' lang='lat' dir='ltr'>in</span> <span class='ocrx_word' id='word_1_274' title='bbox 392 1664 495 1700; x_wconf 89' lang='lat' dir='ltr'>hunc</span> <span class='ocrx_word' id='word_1_275' title='bbox 511 1657 722 1703; x_wconf 90' lang='lat' dir='ltr'>mundum,</span> <span class='ocrx_word' id='word_1_276' title='bbox 738 1655 842 1693; x_wconf 88' lang='lat' dir='ltr'>haud</span> <span class='ocrx_word' id='word_1_277' title='bbox 863 1654 1023 1692; x_wconf 87' lang='lat' dir='ltr'>dubium</span> <span class='ocrx_word' id='word_1_278' title='bbox 1040 1655 1129 1704; x_wconf 91' lang='lat' dir='ltr'>quia</span> <span class='ocrx_word' id='word_1_279' title='bbox 1145 1667 1215 1691; x_wconf 90' lang='lat' dir='ltr'>nec</span> <span class='ocrx_word' id='word_1_280' title='bbox 1232 1654 1345 1704; x_wconf 89' lang='lat' dir='ltr'>quid-</span> 
     </span>
     <span class='ocr_line' id='line_1_41' title="bbox 338 1715 1346 1774; baseline -0.01 -14"><span class='ocrx_word' id='word_1_281' title='bbox 338 1736 453 1774; x_wconf 88' lang='lat' dir='ltr'>quam</span> <span class='ocrx_word' id='word_1_282' title='bbox 475 1720 622 1758; x_wconf 88' lang='lat' dir='ltr'>auferes</span> <span class='ocrx_word' id='word_1_283' title='bbox 640 1724 667 1754; x_wconf 90' lang='lat'>².</span> <span class='ocrx_word' id='word_1_284' title='bbox 692 1716 870 1755; x_wconf 89' lang='lat' dir='ltr'>Dormies</span> <span class='ocrx_word' id='word_1_285' title='bbox 887 1729 1064 1752; x_wconf 89' lang='lat' dir='ltr'>somnum</span> <span class='ocrx_word' id='word_1_286' title='bbox 1086 1723 1193 1751; x_wconf 90' lang='lat' dir='ltr'>tuum</span> <span class='ocrx_word' id='word_1_287' title='bbox 1208 1745 1217 1762; x_wconf 90' lang='lat'>,</span> <span class='ocrx_word' id='word_1_288' title='bbox 1233 1724 1269 1751; x_wconf 78' lang='lat' dir='ltr'>et</span> <span class='ocrx_word' id='word_1_289' title='bbox 1286 1715 1346 1751; x_wconf 89' lang='lat' dir='ltr'>ni-</span> 
     </span>
     <span class='ocr_line' id='line_1_42' title="bbox 337 1775 1340 1821; baseline -0.01 0"><span class='ocrx_word' id='word_1_290' title='bbox 337 1785 390 1821; x_wconf 75' lang='lat' dir='ltr'>hit</span> <span class='ocrx_word' id='word_1_291' title='bbox 421 1780 592 1820; x_wconf 73' lang='lat' dir='ltr'>invenies</span> <span class='ocrx_word' id='word_1_292' title='bbox 620 1778 659 1814; x_wconf 88' lang='lat' dir='ltr'>in</span> <span class='ocrx_word' id='word_1_293' title='bbox 691 1775 867 1813; x_wconf 89' lang='lat' dir='ltr'>manibus</span> <span class='ocrx_word' id='word_1_294' title='bbox 893 1775 978 1812; x_wconf 91' lang='lat' dir='ltr'>tuis.</span> <span class='ocrx_word' id='word_1_295' title='bbox 1001 1775 1074 1813; x_wconf 85' lang='lat' dir='ltr'>Sed</span> <span class='ocrx_word' id='word_1_296' title='bbox 1103 1775 1204 1812; x_wconf 88' lang='lat' dir='ltr'>nosti</span> <span class='ocrx_word' id='word_1_297' title='bbox 1233 1775 1340 1812; x_wconf 83' lang='lat' dir='ltr'>haec:</span> 
     </span>
    </p>
   </div>
   <div class='ocr_carea' id='block_1_9' title="bbox 1410 1109 2426 1825">
    <p class='ocr_par' dir='ltr' id='par_1_9' title="bbox 1412 1109 2426 1646">
     <span class='ocr_line' id='line_1_43' title="bbox 1417 1109 2425 1158; baseline 0.002 -13"><span class='ocrx_word' id='word_1_298' title='bbox 1417 1117 1518 1146; x_wconf 88' lang='lat' dir='ltr'>ct01.</span> <span class='ocrx_word' id='word_1_299' title='bbox 1512 1112 1518 1134; x_wconf 84' lang='lat'><em>¹</em></span> <span class='ocrx_word' id='word_1_300' title='bbox 1537 1114 1568 1147; x_wconf 98' lang='grc' dir='ltr'>Υ</span> <span class='ocrx_word' id='word_1_301' title='bbox 1571 1111 1673 1148; x_wconf 89' lang='lat' dir='ltr'>eniet</span> <span class='ocrx_word' id='word_1_302' title='bbox 1691 1111 1817 1158; x_wconf 89' lang='lat' dir='ltr'>enim,</span> <span class='ocrx_word' id='word_1_303' title='bbox 1839 1112 1990 1158; x_wconf 68' lang='grc' dir='ltr'>ιεῐιίρῑ,</span> <span class='ocrx_word' id='word_1_304' title='bbox 2007 1120 2046 1149; x_wconf 88' lang='lat' dir='ltr'>et</span> <span class='ocrx_word' id='word_1_305' title='bbox 2070 1125 2149 1148; x_wconf 89' lang='lat' dir='ltr'>non</span> <span class='ocrx_word' id='word_1_306' title='bbox 2171 1109 2358 1157; x_wconf 86' lang='lat' dir='ltr'>tardabit,</span> <span class='ocrx_word' id='word_1_307' title='bbox 2377 1110 2425 1147; x_wconf 83' lang='lat' dir='ltr'>ad</span> 
     </span>
     <span class='ocr_line' id='line_1_44' title="bbox 1415 1170 2425 1222; baseline 0.003 -17"><span class='ocrx_word' id='word_1_308' title='bbox 1415 1170 1689 1219; x_wconf 87' lang='lat' dir='ltr'>requirendum</span> <span class='ocrx_word' id='word_1_309' title='bbox 1712 1172 1843 1222; x_wconf 90' lang='lat' dir='ltr'>utique</span> <span class='ocrx_word' id='word_1_310' title='bbox 1867 1172 1971 1222; x_wconf 88' lang='lat' dir='ltr'>quod</span> <span class='ocrx_word' id='word_1_311' title='bbox 1991 1186 2100 1209; x_wconf 89' lang='lat' dir='ltr'>suum</span> <span class='ocrx_word' id='word_1_312' title='bbox 2120 1180 2175 1209; x_wconf 87' lang='lat' dir='ltr'>est</span> <span class='ocrx_word' id='word_1_313' title='bbox 2193 1185 2280 1209; x_wconf 90' lang='lat' dir='ltr'>cum</span> <span class='ocrx_word' id='word_1_314' title='bbox 2295 1184 2425 1208; x_wconf 90' lang='lat' dir='ltr'>usura.</span> 
     </span>
     <span class='ocr_line' id='line_1_45' title="bbox 1416 1232 2426 1284; baseline 0 -16"><span class='ocrx_word' id='word_1_315' title='bbox 1416 1234 1532 1268; x_wconf 90' lang='lat' dir='ltr'>Suum</span> <span class='ocrx_word' id='word_1_316' title='bbox 1558 1245 1697 1282; x_wconf 85' lang='lat' dir='ltr'>nempe</span> <span class='ocrx_word' id='word_1_317' title='bbox 1719 1233 1851 1270; x_wconf 90' lang='lat' dir='ltr'>asserit</span> <span class='ocrx_word' id='word_1_318' title='bbox 1874 1246 2008 1280; x_wconf 90' lang='lat' dir='ltr'>omne,</span> <span class='ocrx_word' id='word_1_319' title='bbox 2028 1233 2133 1284; x_wconf 91' lang='lat' dir='ltr'>quod</span> <span class='ocrx_word' id='word_1_320' title='bbox 2157 1241 2191 1270; x_wconf 89' lang='lat' dir='ltr'>te</span> <span class='ocrx_word' id='word_1_321' title='bbox 2212 1232 2252 1269; x_wconf 89' lang='lat' dir='ltr'>in</span> <span class='ocrx_word' id='word_1_322' title='bbox 2272 1240 2336 1268; x_wconf 91' lang='lat' dir='ltr'>tua</span> <span class='ocrx_word' id='word_1_323' title='bbox 2355 1244 2426 1281; x_wconf 90' lang='lat' dir='ltr'>pa-</span> 
     </span>
     <span class='ocr_line' id='line_1_46' title="bbox 1418 1290 2422 1343; baseline 0 -16"><span class='ocrx_word' id='word_1_324' title='bbox 1418 1291 1487 1327; x_wconf 88' lang='lat' dir='ltr'>tria</span> <span class='ocrx_word' id='word_1_325' title='bbox 1509 1293 1708 1343; x_wconf 88' lang='lat' dir='ltr'>pomposis</span> <span class='ocrx_word' id='word_1_326' title='bbox 1722 1323 1732 1340; x_wconf 87' lang='lat'>,</span> <span class='ocrx_word' id='word_1_327' title='bbox 1754 1293 1819 1330; x_wconf 87' lang='lat' dir='ltr'>sed</span> <span class='ocrx_word' id='word_1_328' title='bbox 1840 1293 2065 1343; x_wconf 89' lang='lat' dir='ltr'>periculosis</span> <span class='ocrx_word' id='word_1_329' title='bbox 2086 1292 2282 1330; x_wconf 85' lang='lat' dir='ltr'>favoribus</span> <span class='ocrx_word' id='word_1_330' title='bbox 2307 1290 2422 1328; x_wconf 89' lang='lat' dir='ltr'>nobi-</span> 
     </span>
     <span class='ocr_line' id='line_1_47' title="bbox 1415 1352 2422 1404; baseline -0.001 -16"><span class='ocrx_word' id='word_1_331' title='bbox 1415 1352 1524 1389; x_wconf 88' lang='lat' dir='ltr'>litare</span> <span class='ocrx_word' id='word_1_332' title='bbox 1556 1353 1723 1390; x_wconf 69' lang='lat' dir='ltr'>videtur.</span> <span class='ocrx_word' id='word_1_333' title='bbox 1749 1357 1878 1392; x_wconf 88' lang='lat' dir='ltr'>Genus</span> <span class='ocrx_word' id='word_1_334' title='bbox 1910 1355 2074 1402; x_wconf 87' lang='lat' dir='ltr'>clarum,</span> <span class='ocrx_word' id='word_1_335' title='bbox 2098 1366 2240 1404; x_wconf 86' lang='lat' dir='ltr'>corpus</span> <span class='ocrx_word' id='word_1_336' title='bbox 2267 1360 2422 1402; x_wconf 91' lang='lat' dir='ltr'>aptum,</span> 
     </span>
     <span class='ocr_line' id='line_1_48' title="bbox 1417 1411 2424 1464; baseline -0.002 -15"><span class='ocrx_word' id='word_1_337' title='bbox 1417 1413 1540 1449; x_wconf 88' lang='lat' dir='ltr'>forma</span> <span class='ocrx_word' id='word_1_338' title='bbox 1577 1414 1728 1464; x_wconf 77' lang='lat' dir='ltr'>elegans</span> <span class='ocrx_word' id='word_1_339' title='bbox 1742 1443 1751 1459; x_wconf 91' lang='lat'>‚</span> <span class='ocrx_word' id='word_1_340' title='bbox 1788 1415 1983 1464; x_wconf 80' lang='lat' dir='ltr'>ingenium</span> <span class='ocrx_word' id='word_1_341' title='bbox 2025 1414 2162 1460; x_wconf 77' lang='lat' dir='ltr'>velox,</span> <span class='ocrx_word' id='word_1_342' title='bbox 2196 1411 2424 1450; x_wconf 87' lang='lat' dir='ltr'>eruditionis</span> 
     </span>
     <span class='ocr_line' id='line_1_49' title="bbox 1412 1472 2421 1524; baseline -0.001 -15"><span class='ocrx_word' id='word_1_343' title='bbox 1412 1474 1554 1511; x_wconf 87' lang='lat' dir='ltr'>utilitas</span> <span class='ocrx_word' id='word_1_344' title='bbox 1571 1503 1580 1520; x_wconf 87' lang='lat'>,</span> <span class='ocrx_word' id='word_1_345' title='bbox 1605 1483 1642 1511; x_wconf 83' lang='lat' dir='ltr'>et</span> <span class='ocrx_word' id='word_1_346' title='bbox 1664 1474 1843 1511; x_wconf 88' lang='lat' dir='ltr'>honestas</span> <span class='ocrx_word' id='word_1_347' title='bbox 1868 1488 2019 1512; x_wconf 89' lang='lat' dir='ltr'>morum</span> <span class='ocrx_word' id='word_1_348' title='bbox 2034 1504 2044 1521; x_wconf 88' lang='lat'>,</span> <span class='ocrx_word' id='word_1_349' title='bbox 2073 1474 2239 1524; x_wconf 79' lang='lat' dir='ltr'>gloriosa</span> <span class='ocrx_word' id='word_1_350' title='bbox 2267 1472 2421 1523; x_wconf 89' lang='lat' dir='ltr'>quidem</span> 
     </span>
     <span class='ocr_line' id='line_1_50' title="bbox 1414 1531 2423 1585; baseline -0.002 -15"><span class='ocrx_word' id='word_1_351' title='bbox 1414 1542 1520 1580; x_wconf 89' lang='lat' dir='ltr'>sunt,</span> <span class='ocrx_word' id='word_1_352' title='bbox 1539 1534 1605 1571; x_wconf 88' lang='lat' dir='ltr'>sed</span> <span class='ocrx_word' id='word_1_353' title='bbox 1626 1535 1658 1571; x_wconf 89' lang='lat' dir='ltr'>ei</span> <span class='ocrx_word' id='word_1_354' title='bbox 1680 1549 1698 1571; x_wconf 89' lang='lat' dir='ltr'>a</span> <span class='ocrx_word' id='word_1_355' title='bbox 1720 1548 1797 1584; x_wconf 90' lang='lat' dir='ltr'>quo</span> <span class='ocrx_word' id='word_1_356' title='bbox 1817 1543 1917 1572; x_wconf 82' lang='lat' dir='ltr'>sunt.</span> <span class='ocrx_word' id='word_1_357' title='bbox 1935 1536 1972 1572; x_wconf 92' lang='lat' dir='ltr'>Si</span> <span class='ocrx_word' id='word_1_358' title='bbox 1989 1534 2057 1572; x_wconf 88' lang='lat' dir='ltr'>tibi</span> <span class='ocrx_word' id='word_1_359' title='bbox 2076 1547 2260 1585; x_wconf 85' lang='lat' dir='ltr'>usurpas,</span> <span class='ocrx_word' id='word_1_360' title='bbox 2279 1541 2336 1571; x_wconf 87' lang='lat' dir='ltr'>est</span> <span class='ocrx_word' id='word_1_361' title='bbox 2357 1531 2423 1582; x_wconf 92' lang='lat' dir='ltr'>qui</span> 
     </span>
     <span class='ocr_line' id='line_1_51' title="bbox 1413 1595 1790 1646; baseline 0.005 -15"><span class='ocrx_word' id='word_1_362' title='bbox 1413 1605 1560 1644; x_wconf 80' lang='lat' dir='ltr'>quaerat</span> <span class='ocrx_word' id='word_1_363' title='bbox 1581 1604 1619 1632; x_wconf 94' lang='lat' dir='ltr'>et</span> <span class='ocrx_word' id='word_1_364' title='bbox 1633 1595 1790 1646; x_wconf 88' lang='lat' dir='ltr'>judicet.</span> 
     </span>
    </p>

    <p class='ocr_par' dir='ltr' id='par_1_10' title="bbox 1410 1654 2422 1825">
     <span class='ocr_line' id='line_1_52' title="bbox 1468 1654 2422 1694; baseline -0.002 -1"><span class='ocrx_word' id='word_1_365' title='bbox 1468 1656 1502 1693; x_wconf 84' lang='lat'>2.</span> <span class='ocrx_word' id='word_1_366' title='bbox 1533 1659 1625 1693; x_wconf 86' lang='lat' dir='ltr'>Esto</span> <span class='ocrx_word' id='word_1_367' title='bbox 1656 1665 1781 1694; x_wconf 90' lang='lat' dir='ltr'>tamen</span> <span class='ocrx_word' id='word_1_368' title='bbox 1805 1670 1813 1693; x_wconf 74' lang='grc' dir='ltr'><strong><em>ε</em></strong></span> <span class='ocrx_word' id='word_1_369' title='bbox 1839 1656 1950 1694; x_wconf 86' lang='lat' dir='ltr'>liceat</span> <span class='ocrx_word' id='word_1_370' title='bbox 1974 1656 2043 1694; x_wconf 91' lang='lat' dir='ltr'>tibi</span> <span class='ocrx_word' id='word_1_371' title='bbox 2070 1656 2152 1694; x_wconf 83' lang='lat' dir='ltr'>haec</span> <span class='ocrx_word' id='word_1_372' title='bbox 2177 1655 2333 1693; x_wconf 87' lang='lat' dir='ltr'>interim</span> <span class='ocrx_word' id='word_1_373' title='bbox 2354 1654 2422 1691; x_wconf 90' lang='lat' dir='ltr'>ad-</span> 
     </span>
     <span class='ocr_line' id='line_1_53' title="bbox 1411 1716 2420 1767; baseline -0.002 -14"><span class='ocrx_word' id='word_1_374' title='bbox 1411 1716 1578 1754; x_wconf 88' lang='lat' dir='ltr'>scribere</span> <span class='ocrx_word' id='word_1_375' title='bbox 1609 1718 1756 1755; x_wconf 89' lang='lat' dir='ltr'>nomini</span> <span class='ocrx_word' id='word_1_376' title='bbox 1787 1726 1873 1764; x_wconf 82' lang='lat' dir='ltr'>tuo,</span> <span class='ocrx_word' id='word_1_377' title='bbox 1898 1726 1935 1755; x_wconf 92' lang='lat' dir='ltr'>et</span> <span class='ocrx_word' id='word_1_378' title='bbox 1961 1717 2113 1767; x_wconf 78' lang='lat' dir='ltr'>gloriari</span> <span class='ocrx_word' id='word_1_379' title='bbox 2142 1717 2179 1754; x_wconf 90' lang='lat' dir='ltr'>in</span> <span class='ocrx_word' id='word_1_380' title='bbox 2200 1716 2313 1754; x_wconf 87' lang='lat' dir='ltr'>laude</span> <span class='ocrx_word' id='word_1_381' title='bbox 2332 1723 2420 1761; x_wconf 87' lang='lat' dir='ltr'>tua,</span> 
     </span>
     <span class='ocr_line' id='line_1_54' title="bbox 1410 1774 2421 1825; baseline -0.002 -12"><span class='ocrx_word' id='word_1_382' title='bbox 1410 1785 1448 1813; x_wconf 91' lang='lat' dir='ltr'>et</span> <span class='ocrx_word' id='word_1_383' title='bbox 1478 1779 1608 1815; x_wconf 78' lang='lat' dir='ltr'>vocari</span> <span class='ocrx_word' id='word_1_384' title='bbox 1638 1778 1685 1815; x_wconf 80' lang='lat' dir='ltr'>ab</span> <span class='ocrx_word' id='word_1_385' title='bbox 1718 1778 1938 1815; x_wconf 89' lang='lat' dir='ltr'>hominibus</span> <span class='ocrx_word' id='word_1_386' title='bbox 1967 1777 2100 1825; x_wconf 87' lang='lat' dir='ltr'>rabbi,</span> <span class='ocrx_word' id='word_1_387' title='bbox 2128 1786 2166 1814; x_wconf 88' lang='lat' dir='ltr'>et</span> <span class='ocrx_word' id='word_1_388' title='bbox 2195 1778 2318 1814; x_wconf 89' lang='lat' dir='ltr'>facere</span> <span class='ocrx_word' id='word_1_389' title='bbox 2351 1774 2421 1812; x_wconf 89' lang='lat' dir='ltr'>tibi</span> 
     </span>
    </p>
   </div>
   <div class='ocr_carea' id='block_1_10' title="bbox 336 1834 2420 1889">
    <p class='ocr_par' dir='ltr' id='par_1_11' title="bbox 336 1834 2420 1889">
     <span class='ocr_line' id='line_1_55' title="bbox 336 1834 2420 1889; baseline -0.005 -8"><span class='ocrx_word' id='word_1_390' title='bbox 336 1857 414 1881; x_wconf 90' lang='lat' dir='ltr'>non</span> <span class='ocrx_word' id='word_1_391' title='bbox 446 1850 502 1879; x_wconf 91' lang='lat' dir='ltr'>est</span> <span class='ocrx_word' id='word_1_392' title='bbox 523 1841 562 1877; x_wconf 90' lang='lat' dir='ltr'>in</span> <span class='ocrx_word' id='word_1_393' title='bbox 592 1837 767 1876; x_wconf 89' lang='lat' dir='ltr'>docendo</span> <span class='ocrx_word' id='word_1_394' title='bbox 797 1845 834 1873; x_wconf 87' lang='lat' dir='ltr'>te</span> <span class='ocrx_word' id='word_1_395' title='bbox 863 1835 1055 1885; x_wconf 88' lang='lat' dir='ltr'>superflue</span> <span class='ocrx_word' id='word_1_396' title='bbox 1072 1834 1338 1872; x_wconf 89' lang='lat' dir='ltr'>laborandum.</span> <span class='ocrx_word' id='word_1_397' title='bbox 1361 1840 1389 1877; x_wconf 92' lang='lat' dir='ltr'>C</span> <span class='ocrx_word' id='word_1_398' title='bbox 1411 1850 1563 1874; x_wconf 87' lang='lat' dir='ltr'>nomem</span> <span class='ocrx_word' id='word_1_399' title='bbox 1594 1838 1736 1888; x_wconf 80' lang='lat' dir='ltr'>grande</span> <span class='ocrx_word' id='word_1_400' title='bbox 1763 1838 1949 1876; x_wconf 80' lang='lat' dir='ltr'>duntaxat</span> <span class='ocrx_word' id='word_1_401' title='bbox 1975 1852 2092 1889; x_wconf 90' lang='lat' dir='ltr'>super</span> <span class='ocrx_word' id='word_1_402' title='bbox 2118 1847 2258 1875; x_wconf 88' lang='lat' dir='ltr'>terram</span> <span class='ocrx_word' id='word_1_403' title='bbox 2286 1852 2295 1874; x_wconf 72' lang='grc' dir='ltr'>ε</span> <span class='ocrx_word' id='word_1_404' title='bbox 2325 1834 2420 1886; x_wconf 89' lang='lat' dir='ltr'>quid</span> 
     </span>
    </p>
   </div>
   <div class='ocr_carea' id='block_1_11' title="bbox 338 1895 1341 2013">
    <p class='ocr_par' dir='ltr' id='par_1_12' title="bbox 338 1895 1341 2013">
     <span class='ocr_line' id='line_1_56' title="bbox 338 1895 1341 1951; baseline -0.011 -8"><span class='ocrx_word' id='word_1_405' title='bbox 338 1904 536 1944; x_wconf 89' lang='lat' dir='ltr'>Orandum</span> <span class='ocrx_word' id='word_1_406' title='bbox 555 1900 706 1951; x_wconf 82' lang='lat' dir='ltr'>potius,</span> <span class='ocrx_word' id='word_1_407' title='bbox 723 1906 765 1934; x_wconf 90' lang='lat' dir='ltr'>ut</span> <span class='ocrx_word' id='word_1_408' title='bbox 782 1896 885 1947; x_wconf 89' lang='lat' dir='ltr'>quod</span> <span class='ocrx_word' id='word_1_409' title='bbox 906 1895 1062 1945; x_wconf 90' lang='lat' dir='ltr'>tibijam</span> <span class='ocrx_word' id='word_1_410' title='bbox 1081 1909 1192 1933; x_wconf 87' lang='lat' dir='ltr'>nosse</span> <span class='ocrx_word' id='word_1_411' title='bbox 1212 1896 1341 1933; x_wconf 87' lang='lat' dir='ltr'>datum</span> 
     </span>
     <span class='ocr_line' id='line_1_57' title="bbox 339 1959 1102 2013; baseline -0.014 -10"><span class='ocrx_word' id='word_1_412' title='bbox 339 1974 395 2003; x_wconf 87' lang='lat' dir='ltr'>est</span> <span class='ocrx_word' id='word_1_413' title='bbox 411 1995 421 2013; x_wconf 94' lang='lat'>,</span> <span class='ocrx_word' id='word_1_414' title='bbox 445 1964 555 2001; x_wconf 86' lang='lat' dir='ltr'>detur</span> <span class='ocrx_word' id='word_1_415' title='bbox 575 1969 614 1998; x_wconf 86' lang='lat' dir='ltr'>et</span> <span class='ocrx_word' id='word_1_416' title='bbox 632 1959 791 2010; x_wconf 90' lang='lat' dir='ltr'>implere</span> <span class='ocrx_word' id='word_1_417' title='bbox 806 1965 922 2008; x_wconf 88' lang='lat' dir='ltr'>prout</span> <span class='ocrx_word' id='word_1_418' title='bbox 937 1965 1102 2008; x_wconf 85' lang='lat' dir='ltr'>oportet.</span> 
     </span>
    </p>
   </div>
   <div class='ocr_carea' id='block_1_12' title="bbox 335 2103 1328 2123">
    <p class='ocr_par' dir='ltr' id='par_1_13' title="bbox 335 2103 1328 2123">
     <span class='ocr_line' id='line_1_58' title="bbox 335 2103 1328 2123; baseline -0.009 0"><span class='ocrx_word' id='word_1_419' title='bbox 335 2103 1127 2123; x_wconf 52' lang='lat' dir='ltr'>nsvswnmsnzmswwvsssnmvsu====v=0=======s==s===x2==sv===</span> <span class='ocrx_word' id='word_1_420' title='bbox 1145 2104 1229 2114; x_wconf 54' lang='lat' dir='ltr'>ussxxs</span> <span class='ocrx_word' id='word_1_421' title='bbox 1261 2105 1328 2115; x_wconf 67' lang='grc' dir='ltr'>ιιιιι</span> 
     </span>
    </p>
   </div>
   <div class='ocr_carea' id='block_1_13' title="bbox 545 2229 1134 2288">
    <p class='ocr_par' dir='ltr' id='par_1_14' title="bbox 545 2229 1134 2288">
     <span class='ocr_line' id='line_1_59' title="bbox 545 2229 1134 2288; baseline -0.007 0"><span class='ocrx_word' id='word_1_422' title='bbox 545 2229 920 2288; x_wconf 85' lang='lat' dir='ltr'>EPISTOLA</span> <span class='ocrx_word' id='word_1_423' title='bbox 965 2229 1134 2286; x_wconf 79' lang='lat' dir='ltr'>CIV.a</span> 
     </span>
    </p>
   </div>
   <div class='ocr_carea' id='block_1_14' title="bbox 379 2376 1305 2412">
    <p class='ocr_par' dir='ltr' id='par_1_15' title="bbox 379 2376 1305 2412">
     <span class='ocr_line' id='line_1_60' title="bbox 379 2376 1305 2412; baseline -0.01 0"><span class='ocrx_word' id='word_1_424' title='bbox 379 2391 424 2412; x_wconf 73' lang='lat' dir='ltr'>An</span> <span class='ocrx_word' id='word_1_425' title='bbox 445 2376 689 2411; x_wconf 64' lang='grc' dir='ltr'>,ἾΪᾹΟῙΒἸῚὶΓΖἸιΙξι</span> <span class='ocrx_word' id='word_1_426' title='bbox 720 2383 945 2407; x_wconf 62' lang='lat' dir='ltr'>Guxlfrsslutn</span> <span class='ocrx_word' id='word_1_427' title='bbox 968 2383 1016 2405; x_wconf 81' lang='lat' dir='ltr'>DE</span> <span class='ocrx_word' id='word_1_428' title='bbox 1033 2380 1305 2404; x_wconf 64' lang='lat' dir='ltr'>CALVO-MONTE.</span> 
     </span>
    </p>
   </div>
   <div class='ocr_carea' id='block_1_15' title="bbox 333 2497 1345 2594">
    <p class='ocr_par' dir='ltr' id='par_1_16' title="bbox 333 2497 1345 2594">
     <span class='ocr_line' id='line_1_61' title="bbox 333 2497 1345 2541; baseline -0.005 -4"><span class='ocrx_word' id='word_1_429' title='bbox 333 2509 486 2537; x_wconf 78' lang='lat' dir='ltr'>Hortatur</span> <span class='ocrx_word' id='word_1_430' title='bbox 506 2512 578 2533; x_wconf 87' lang='lat' dir='ltr'>eum</span> <span class='ocrx_word' id='word_1_431' title='bbox 604 2499 643 2531; x_wconf 85' lang='lat' dir='ltr'>ad</span> <span class='ocrx_word' id='word_1_432' title='bbox 668 2498 770 2541; x_wconf 82' lang='lat' dir='ltr'>sugam</span> <span class='ocrx_word' id='word_1_433' title='bbox 799 2497 922 2536; x_wconf 71' lang='lat' dir='ltr'>saeculi3</span> <span class='ocrx_word' id='word_1_434' title='bbox 944 2508 1076 2529; x_wconf 85' lang='lat' dir='ltr'>monens</span> <span class='ocrx_word' id='word_1_435' title='bbox 1100 2499 1254 2540; x_wconf 86' lang='lat' dir='ltr'>potiorem</span> <span class='ocrx_word' id='word_1_436' title='bbox 1278 2511 1345 2532; x_wconf 85' lang='lat' dir='ltr'>esse</span> 
     </span>
     <span class='ocr_line' id='line_1_62' title="bbox 428 2552 1246 2594; baseline -0.004 -6"><span class='ocrx_word' id='word_1_437' title='bbox 428 2566 554 2588; x_wconf 85' lang='lat' dir='ltr'>eausam</span> <span class='ocrx_word' id='word_1_438' title='bbox 573 2553 710 2590; x_wconf 85' lang='lat' dir='ltr'>Christi,</span> <span class='ocrx_word' id='word_1_439' title='bbox 732 2558 761 2584; x_wconf 89' lang='lat' dir='ltr'>et</span> <span class='ocrx_word' id='word_1_440' title='bbox 788 2552 920 2589; x_wconf 68' lang='lat' dir='ltr'>animm,</span> <span class='ocrx_word' id='word_1_441' title='bbox 948 2562 1044 2593; x_wconf 86' lang='lat' dir='ltr'>quam</span> <span class='ocrx_word' id='word_1_442' title='bbox 1067 2560 1246 2594; x_wconf 83' lang='lat' dir='ltr'>parentum.</span> 
     </span>
    </p>
   </div>
   <div class='ocr_carea' id='block_1_16' title="bbox 332 2678 1341 3026">
    <p class='ocr_par' dir='ltr' id='par_1_17' title="bbox 332 2678 1341 3026">
     <span class='ocr_line' id='line_1_63' title="bbox 392 2678 1341 2733; baseline -0.004 -12"><span class='ocrx_word' id='word_1_443' title='bbox 392 2687 424 2721; x_wconf 92' lang='lat'>1.</span> <span class='ocrx_word' id='word_1_444' title='bbox 455 2686 560 2733; x_wconf 79' lang='lat' dir='ltr'>Saepe</span> <span class='ocrx_word' id='word_1_445' title='bbox 582 2694 708 2718; x_wconf 88' lang='lat' dir='ltr'>meum</span> <span class='ocrx_word' id='word_1_446' title='bbox 733 2679 903 2716; x_wconf 89' lang='lat' dir='ltr'>animum</span> <span class='ocrx_word' id='word_1_447' title='bbox 930 2678 1147 2716; x_wconf 86' lang='lat' dir='ltr'>dulcissima</span> <span class='ocrx_word' id='word_1_448' title='bbox 1174 2680 1228 2717; x_wconf 92' lang='lat' dir='ltr'>tui</span> <span class='ocrx_word' id='word_1_449' title='bbox 1250 2680 1341 2718; x_wconf 87' lang='lat' dir='ltr'>sub-</span> 
     </span>
     <span class='ocr_line' id='line_1_64' title="bbox 333 2739 1340 2788; baseline -0.003 -7"><span class='ocrx_word' id='word_1_450' title='bbox 333 2752 448 2782; x_wconf 83' lang='lat' dir='ltr'>eunte</span> <span class='ocrx_word' id='word_1_451' title='bbox 488 2741 671 2779; x_wconf 88' lang='lat' dir='ltr'>memoria</span> <span class='ocrx_word' id='word_1_452' title='bbox 698 2769 707 2786; x_wconf 91' lang='lat'>,</span> <span class='ocrx_word' id='word_1_453' title='bbox 745 2739 856 2775; x_wconf 90' lang='lat' dir='ltr'>doleo</span> <span class='ocrx_word' id='word_1_454' title='bbox 904 2751 1019 2788; x_wconf 88' lang='lat' dir='ltr'>super</span> <span class='ocrx_word' id='word_1_455' title='bbox 1054 2747 1090 2775; x_wconf 88' lang='lat' dir='ltr'>te</span> <span class='ocrx_word' id='word_1_456' title='bbox 1115 2769 1124 2785; x_wconf 93' lang='lat'>,</span> <span class='ocrx_word' id='word_1_457' title='bbox 1160 2741 1340 2778; x_wconf 88' lang='lat' dir='ltr'>Gualtere</span> 
     </span>
     <span class='ocr_line' id='line_1_65' title="bbox 336 2798 1341 2849; baseline -0.002 -10"><span class='ocrx_word' id='word_1_458' title='bbox 336 2803 573 2847; x_wconf 81' lang='lat' dir='ltr'>charissime,</span> <span class='ocrx_word' id='word_1_459' title='bbox 598 2800 769 2849; x_wconf 78' lang='lat' dir='ltr'>cogitans</span> <span class='ocrx_word' id='word_1_460' title='bbox 795 2798 975 2834; x_wconf 89' lang='lat' dir='ltr'>nimirum</span> <span class='ocrx_word' id='word_1_461' title='bbox 998 2798 1094 2834; x_wconf 85' lang='lat' dir='ltr'>illud</span> <span class='ocrx_word' id='word_1_462' title='bbox 1116 2807 1188 2836; x_wconf 62' lang='lat' dir='ltr'>tua²</span> <span class='ocrx_word' id='word_1_463' title='bbox 1203 2799 1341 2849; x_wconf 71' lang='lat' dir='ltr'>juven-</span> 
     </span>
     <span class='ocr_line' id='line_1_66' title="bbox 332 2858 1341 2908; baseline -0.004 -8"><span class='ocrx_word' id='word_1_464' title='bbox 332 2863 422 2900; x_wconf 91' lang='lat' dir='ltr'>tutis</span> <span class='ocrx_word' id='word_1_465' title='bbox 442 2862 570 2907; x_wconf 86' lang='lat' dir='ltr'>decus,</span> <span class='ocrx_word' id='word_1_466' title='bbox 590 2868 627 2896; x_wconf 90' lang='lat' dir='ltr'>ct</span> <span class='ocrx_word' id='word_1_467' title='bbox 654 2858 794 2908; x_wconf 76' lang='lat' dir='ltr'>ingenii</span> <span class='ocrx_word' id='word_1_468' title='bbox 813 2871 973 2894; x_wconf 86' lang='lat' dir='ltr'>acumen</span> <span class='ocrx_word' id='word_1_469' title='bbox 988 2887 997 2903; x_wconf 92' lang='lat'>,</span> <span class='ocrx_word' id='word_1_470' title='bbox 1018 2859 1183 2897; x_wconf 86' lang='lat' dir='ltr'>scientiae</span> <span class='ocrx_word' id='word_1_471' title='bbox 1201 2869 1238 2896; x_wconf 90' lang='lat' dir='ltr'>et</span> <span class='ocrx_word' id='word_1_472' title='bbox 1257 2874 1341 2898; x_wconf 87' lang='lat' dir='ltr'>cru-</span> 
     </span>
     <span class='ocr_line' id='line_1_67' title="bbox 332 2917 1340 2967; baseline -0.003 -8"><span class='ocrx_word' id='word_1_473' title='bbox 332 2922 486 2959; x_wconf 88' lang='lat' dir='ltr'>ditionis</span> <span class='ocrx_word' id='word_1_474' title='bbox 524 2928 724 2965; x_wconf 88' lang='lat' dir='ltr'>ornatum,</span> <span class='ocrx_word' id='word_1_475' title='bbox 757 2917 939 2967; x_wconf 91' lang='lat' dir='ltr'>quodque</span> <span class='ocrx_word' id='word_1_476' title='bbox 971 2918 1027 2954; x_wconf 82' lang='lat' dir='ltr'>his</span> <span class='ocrx_word' id='word_1_477' title='bbox 1064 2919 1243 2957; x_wconf 89' lang='lat' dir='ltr'>omnibus</span> <span class='ocrx_word' id='word_1_478' title='bbox 1273 2936 1340 2959; x_wconf 78' lang='lat' dir='ltr'>cx-</span> 
     </span>
     <span class='ocr_line' id='line_1_68' title="bbox 332 2978 1339 3026; baseline -0.002 -6"><span class='ocrx_word' id='word_1_479' title='bbox 332 2982 530 3020; x_wconf 88' lang='lat' dir='ltr'>cellentius</span> <span class='ocrx_word' id='word_1_480' title='bbox 560 2988 617 3017; x_wconf 89' lang='lat' dir='ltr'>est</span> <span class='ocrx_word' id='word_1_481' title='bbox 650 2980 689 3016; x_wconf 91' lang='lat' dir='ltr'>in</span> <span class='ocrx_word' id='word_1_482' title='bbox 720 2978 946 3026; x_wconf 85' lang='lat' dir='ltr'>christiano,</span> <span class='ocrx_word' id='word_1_483' title='bbox 979 2987 1063 3016; x_wconf 88' lang='lat' dir='ltr'>tuos</span> <span class='ocrx_word' id='word_1_484' title='bbox 1092 2980 1178 3017; x_wconf 90' lang='lat' dir='ltr'>illos</span> <span class='ocrx_word' id='word_1_485' title='bbox 1214 2986 1339 3022; x_wconf 74' lang='lat' dir='ltr'>moros</span> 
     </span>
    </p>
   </div>
   <div class='ocr_carea' id='block_1_17' title="bbox 384 3122 1310 3166">
    <p class='ocr_par' dir='ltr' id='par_1_18' title="bbox 384 3122 1310 3166">
     <span class='ocr_line' id='line_1_69' title="bbox 384 3122 1310 3166; baseline -0.002 -9"><span class='ocrx_word' id='word_1_486' title='bbox 384 3133 392 3148; x_wconf 91' lang='lat'><em>¹</em></span> <span class='ocrx_word' id='word_1_487' title='bbox 410 3126 482 3158; x_wconf 83' lang='lat' dir='ltr'>lsai.</span> <span class='ocrx_word' id='word_1_488' title='bbox 496 3136 560 3162; x_wconf 70' lang='lat' dir='ltr'>xn,</span> <span class='ocrx_word' id='word_1_489' title='bbox 577 3128 608 3156; x_wconf 79' lang='lat'>0.</span> <span class='ocrx_word' id='word_1_490' title='bbox 623 3142 668 3147; x_wconf 90' lang='lat'>—</span> <span class='ocrx_word' id='word_1_491' title='bbox 685 3129 696 3145; x_wconf 91' lang='lat'>²</span> <span class='ocrx_word' id='word_1_492' title='bbox 713 3125 725 3154; x_wconf 93' lang='grc' dir='ltr'><strong>Ι</strong></span> <span class='ocrx_word' id='word_1_493' title='bbox 745 3123 827 3154; x_wconf 88' lang='lat' dir='ltr'>Tim.</span> <span class='ocrx_word' id='word_1_494' title='bbox 848 3134 892 3160; x_wconf 75' lang='lat' dir='ltr'>vr,</span> <span class='ocrx_word' id='word_1_495' title='bbox 918 3126 949 3155; x_wconf 92' lang='lat'>7.</span> <span class='ocrx_word' id='word_1_496' title='bbox 968 3141 1011 3145; x_wconf 98' lang='lat'><strong>—</strong></span> <span class='ocrx_word' id='word_1_497' title='bbox 1030 3122 1044 3147; x_wconf 86' lang='grc'>3</span> <span class='ocrx_word' id='word_1_498' title='bbox 1062 3126 1141 3156; x_wconf 86' lang='lat' dir='ltr'>Psal.</span> <span class='ocrx_word' id='word_1_499' title='bbox 1158 3138 1257 3166; x_wconf 68' lang='lat' dir='ltr'>now,</span> <span class='ocrx_word' id='word_1_500' title='bbox 1279 3132 1310 3160; x_wconf 81' lang='grc'>6,</span> 
     </span>
    </p>
   </div>
   <div class='ocr_carea' id='block_1_18' title="bbox 1410 1896 2421 2609">
    <p class='ocr_par' dir='ltr' id='par_1_19' title="bbox 1410 1896 2421 2609">
     <span class='ocr_line' id='line_1_70' title="bbox 1411 1896 2421 1948; baseline -0.002 -15"><span class='ocrx_word' id='word_1_501' title='bbox 1411 1897 1479 1934; x_wconf 88' lang='lat' dir='ltr'>tibi</span> <span class='ocrx_word' id='word_1_502' title='bbox 1502 1907 1589 1948; x_wconf 86' lang='lat' dir='ltr'>post</span> <span class='ocrx_word' id='word_1_503' title='bbox 1610 1907 1770 1935; x_wconf 87' lang='lat' dir='ltr'>mortem</span> <span class='ocrx_word' id='word_1_504' title='bbox 1794 1899 1840 1935; x_wconf 88' lang='lat' dir='ltr'>de</span> <span class='ocrx_word' id='word_1_505' title='bbox 1858 1899 1915 1936; x_wconf 87' lang='lat' dir='ltr'>his</span> <span class='ocrx_word' id='word_1_506' title='bbox 1936 1898 2116 1936; x_wconf 89' lang='lat' dir='ltr'>omnibus</span> <span class='ocrx_word' id='word_1_507' title='bbox 2130 1927 2140 1944; x_wconf 90' lang='lat'>,</span> <span class='ocrx_word' id='word_1_508' title='bbox 2161 1898 2233 1935; x_wconf 89' lang='lat' dir='ltr'>nisi</span> <span class='ocrx_word' id='word_1_509' title='bbox 2248 1896 2328 1934; x_wconf 88' lang='lat' dir='ltr'>sola</span> <span class='ocrx_word' id='word_1_510' title='bbox 2345 1896 2421 1932; x_wconf 87' lang='lat' dir='ltr'>for-</span> 
     </span>
     <span class='ocr_line' id='line_1_71' title="bbox 1411 1958 2421 2008; baseline -0.003 -14"><span class='ocrx_word' id='word_1_511' title='bbox 1411 1966 1507 1995; x_wconf 91' lang='lat' dir='ltr'>tasse</span> <span class='ocrx_word' id='word_1_512' title='bbox 1535 1959 1718 1996; x_wconf 89' lang='lat' dir='ltr'>memoria</span> <span class='ocrx_word' id='word_1_513' title='bbox 1749 1960 2015 2008; x_wconf 84' lang='lat' dir='ltr'>relinquetur?</span> <span class='ocrx_word' id='word_1_514' title='bbox 2034 1967 2072 1995; x_wconf 90' lang='lat' dir='ltr'>et</span> <span class='ocrx_word' id='word_1_515' title='bbox 2090 1958 2164 1995; x_wconf 91' lang='lat' dir='ltr'>hoc</span> <span class='ocrx_word' id='word_1_516' title='bbox 2184 1968 2340 2008; x_wconf 86' lang='lat' dir='ltr'>quoque</span> <span class='ocrx_word' id='word_1_517' title='bbox 2357 1967 2421 1992; x_wconf 93' lang='lat' dir='ltr'>so-</span> 
     </span>
     <span class='ocr_line' id='line_1_72' title="bbox 1411 2019 2418 2070; baseline -0.003 -15"><span class='ocrx_word' id='word_1_518' title='bbox 1411 2019 1609 2056; x_wconf 87' lang='lat' dir='ltr'>lummodo</span> <span class='ocrx_word' id='word_1_519' title='bbox 1639 2033 1754 2070; x_wconf 89' lang='lat' dir='ltr'>super</span> <span class='ocrx_word' id='word_1_520' title='bbox 1776 2029 1927 2056; x_wconf 88' lang='lat' dir='ltr'>terram.</span> <span class='ocrx_word' id='word_1_521' title='bbox 1952 2019 2143 2070; x_wconf 89' lang='lat' dir='ltr'>Scriptum</span> <span class='ocrx_word' id='word_1_522' title='bbox 2166 2019 2310 2070; x_wconf 90' lang='lat' dir='ltr'>quippe</span> <span class='ocrx_word' id='word_1_523' title='bbox 2332 2024 2390 2053; x_wconf 87' lang='lat' dir='ltr'>est</span> <span class='ocrx_word' id='word_1_524' title='bbox 2409 2029 2418 2052; x_wconf 90' lang='lat'>:</span> 
     </span>
     <span class='ocr_line' id='line_1_73' title="bbox 1410 2081 2420 2127; baseline -0.003 -12"><span class='ocrx_word' id='word_1_525' title='bbox 1410 2083 1655 2116; x_wconf 78' lang='lat' dir='ltr'>Dormiertmt</span> <span class='ocrx_word' id='word_1_526' title='bbox 1676 2095 1846 2116; x_wconf 80' lang='lat' dir='ltr'>somnum</span> <span class='ocrx_word' id='word_1_527' title='bbox 1872 2094 1995 2127; x_wconf 76' lang='lat' dir='ltr'>suum,</span> <span class='ocrx_word' id='word_1_528' title='bbox 2024 2089 2061 2116; x_wconf 85' lang='lat' dir='ltr'>et</span> <span class='ocrx_word' id='word_1_529' title='bbox 2083 2081 2182 2117; x_wconf 80' lang='lat' dir='ltr'>nihil</span> <span class='ocrx_word' id='word_1_530' title='bbox 2203 2084 2420 2117; x_wconf 81' lang='lat' dir='ltr'>invenerunt</span> 
     </span>
     <span class='ocr_line' id='line_1_74' title="bbox 1413 2138 2420 2188; baseline 0.001 -13"><span class='ocrx_word' id='word_1_531' title='bbox 1413 2154 1539 2177; x_wconf 77' lang='lat' dir='ltr'>onmes</span> <span class='ocrx_word' id='word_1_532' title='bbox 1565 2143 1637 2178; x_wconf 70' lang='lat' dir='ltr'>viri</span> <span class='ocrx_word' id='word_1_533' title='bbox 1662 2143 1878 2177; x_wconf 66' lang='lat' dir='ltr'>diviliarum</span> <span class='ocrx_word' id='word_1_534' title='bbox 1909 2143 1947 2177; x_wconf 76' lang='lat' dir='ltr'>ise</span> <span class='ocrx_word' id='word_1_535' title='bbox 1974 2140 2146 2177; x_wconf 80' lang='lat' dir='ltr'>manibus</span> <span class='ocrx_word' id='word_1_536' title='bbox 2164 2145 2244 2177; x_wconf 83' lang='lat' dir='ltr'>suis</span> <span class='ocrx_word' id='word_1_537' title='bbox 2259 2138 2286 2178; x_wconf 79' lang='lat'>3.</span> <span class='ocrx_word' id='word_1_538' title='bbox 2307 2139 2420 2188; x_wconf 84' lang='lat' dir='ltr'>Quod</span> 
     </span>
     <span class='ocr_line' id='line_1_75' title="bbox 1413 2200 2421 2249; baseline 0.001 -12"><span class='ocrx_word' id='word_1_539' title='bbox 1413 2201 1443 2238; x_wconf 89' lang='lat' dir='ltr'>si</span> <span class='ocrx_word' id='word_1_540' title='bbox 1467 2201 1529 2237; x_wconf 89' lang='lat' dir='ltr'>hic</span> <span class='ocrx_word' id='word_1_541' title='bbox 1565 2210 1621 2238; x_wconf 91' lang='lat' dir='ltr'>est</span> <span class='ocrx_word' id='word_1_542' title='bbox 1650 2202 1733 2239; x_wconf 83' lang='lat' dir='ltr'>finis</span> <span class='ocrx_word' id='word_1_543' title='bbox 1762 2202 1934 2238; x_wconf 88' lang='lat' dir='ltr'>omnium</span> <span class='ocrx_word' id='word_1_544' title='bbox 1962 2200 2139 2238; x_wconf 85' lang='lat' dir='ltr'>laborum</span> <span class='ocrx_word' id='word_1_545' title='bbox 2169 2209 2347 2249; x_wconf 89' lang='lat' dir='ltr'>tuorum,</span> <span class='ocrx_word' id='word_1_546' title='bbox 2377 2209 2421 2238; x_wconf 92' lang='lat' dir='ltr'>ut</span> 
     </span>
     <span class='ocr_line' id='line_1_76' title="bbox 1412 2261 2418 2312; baseline 0 -14"><span class='ocrx_word' id='word_1_547' title='bbox 1412 2275 1506 2312; x_wconf 88' lang='lat' dir='ltr'>pace</span> <span class='ocrx_word' id='word_1_548' title='bbox 1530 2270 1594 2298; x_wconf 89' lang='lat' dir='ltr'>tua</span> <span class='ocrx_word' id='word_1_549' title='bbox 1614 2261 1795 2308; x_wconf 74' lang='lat' dir='ltr'>dixerim,</span> <span class='ocrx_word' id='word_1_550' title='bbox 1823 2262 1914 2312; x_wconf 88' lang='lat' dir='ltr'>quid</span> <span class='ocrx_word' id='word_1_551' title='bbox 1939 2261 2056 2298; x_wconf 90' lang='lat' dir='ltr'>habes</span> <span class='ocrx_word' id='word_1_552' title='bbox 2078 2261 2241 2312; x_wconf 84' lang='lat' dir='ltr'>amplius</span> <span class='ocrx_word' id='word_1_553' title='bbox 2258 2261 2418 2311; x_wconf 85' lang='lat' dir='ltr'>jumen-</span> 
     </span>
     <span class='ocr_line' id='line_1_77' title="bbox 1414 2320 2419 2372; baseline 0.001 -13"><span class='ocrx_word' id='word_1_554' title='bbox 1414 2325 1480 2359; x_wconf 80' lang='lat' dir='ltr'>to?</span> <span class='ocrx_word' id='word_1_555' title='bbox 1500 2322 1694 2372; x_wconf 90' lang='lat' dir='ltr'>Siquidem</span> <span class='ocrx_word' id='word_1_556' title='bbox 1716 2331 1752 2358; x_wconf 89' lang='lat' dir='ltr'>et</span> <span class='ocrx_word' id='word_1_557' title='bbox 1776 2322 1822 2358; x_wconf 92' lang='lat' dir='ltr'>de</span> <span class='ocrx_word' id='word_1_558' title='bbox 1842 2331 1907 2359; x_wconf 87' lang='lat' dir='ltr'>tuo</span> <span class='ocrx_word' id='word_1_559' title='bbox 1929 2321 2117 2372; x_wconf 80' lang='lat' dir='ltr'>palefrido</span> <span class='ocrx_word' id='word_1_560' title='bbox 2136 2320 2176 2368; x_wconf 77' lang='lat'>¹³,</span> <span class='ocrx_word' id='word_1_561' title='bbox 2200 2336 2286 2359; x_wconf 90' lang='lat' dir='ltr'>cum</span> <span class='ocrx_word' id='word_1_562' title='bbox 2314 2336 2419 2360; x_wconf 88' lang='lat' dir='ltr'>mor-</span> 
     </span>
     <span class='ocr_line' id='line_1_78' title="bbox 1414 2380 2418 2432; baseline 0 -13"><span class='ocrx_word' id='word_1_563' title='bbox 1414 2391 1502 2419; x_wconf 89' lang='lat' dir='ltr'>tuus</span> <span class='ocrx_word' id='word_1_564' title='bbox 1520 2383 1648 2428; x_wconf 85' lang='lat' dir='ltr'>suerit,</span> <span class='ocrx_word' id='word_1_565' title='bbox 1671 2381 1936 2432; x_wconf 86' lang='lat' dir='ltr'>perhibebitur</span> <span class='ocrx_word' id='word_1_566' title='bbox 1951 2382 2040 2431; x_wconf 87' lang='lat' dir='ltr'>quia</span> <span class='ocrx_word' id='word_1_567' title='bbox 2055 2380 2182 2418; x_wconf 89' lang='lat' dir='ltr'>bonus</span> <span class='ocrx_word' id='word_1_568' title='bbox 2198 2382 2279 2419; x_wconf 87' lang='lat' dir='ltr'>fuit.</span> <span class='ocrx_word' id='word_1_569' title='bbox 2298 2382 2418 2420; x_wconf 88' lang='lat' dir='ltr'>Simul</span> 
     </span>
     <span class='ocr_line' id='line_1_79' title="bbox 1412 2442 2418 2492; baseline 0.002 -13"><span class='ocrx_word' id='word_1_570' title='bbox 1412 2443 1499 2479; x_wconf 69' lang='lat' dir='ltr'>vide</span> <span class='ocrx_word' id='word_1_571' title='bbox 1520 2442 1611 2492; x_wconf 86' lang='lat' dir='ltr'>quid</span> <span class='ocrx_word' id='word_1_572' title='bbox 1635 2442 1702 2479; x_wconf 90' lang='lat' dir='ltr'>tibi</span> <span class='ocrx_word' id='word_1_573' title='bbox 1722 2451 1809 2479; x_wconf 88' lang='lat' dir='ltr'>ante</span> <span class='ocrx_word' id='word_1_574' title='bbox 1832 2442 1997 2480; x_wconf 85' lang='lat' dir='ltr'>tribunal</span> <span class='ocrx_word' id='word_1_575' title='bbox 2014 2442 2107 2479; x_wconf 92' lang='lat' dir='ltr'>illud</span> <span class='ocrx_word' id='word_1_576' title='bbox 2129 2443 2335 2480; x_wconf 84' lang='lat' dir='ltr'>terrificum</span> <span class='ocrx_word' id='word_1_577' title='bbox 2358 2458 2418 2482; x_wconf 88' lang='lat' dir='ltr'>re-</span> 
     </span>
     <span class='ocr_line' id='line_1_80' title="bbox 1411 2502 2417 2554; baseline 0.002 -14"><span class='ocrx_word' id='word_1_578' title='bbox 1411 2503 1679 2554; x_wconf 88' lang='lat' dir='ltr'>spondendum</span> <span class='ocrx_word' id='word_1_579' title='bbox 1705 2504 1751 2539; x_wconf 88' lang='lat' dir='ltr'>sit</span> <span class='ocrx_word' id='word_1_580' title='bbox 1771 2503 1818 2539; x_wconf 87' lang='lat' dir='ltr'>de</span> <span class='ocrx_word' id='word_1_581' title='bbox 1838 2516 1903 2548; x_wconf 79' lang='lat' dir='ltr'>eo,</span> <span class='ocrx_word' id='word_1_582' title='bbox 1925 2502 2030 2552; x_wconf 91' lang='lat' dir='ltr'>quod</span> <span class='ocrx_word' id='word_1_583' title='bbox 2050 2504 2241 2553; x_wconf 87' lang='lat' dir='ltr'>acceperis</span> <span class='ocrx_word' id='word_1_584' title='bbox 2260 2505 2299 2541; x_wconf 89' lang='lat' dir='ltr'>in</span> <span class='ocrx_word' id='word_1_585' title='bbox 2316 2518 2417 2542; x_wconf 67' lang='lat' dir='ltr'>vano</span> 
     </span>
     <span class='ocr_line' id='line_1_81' title="bbox 1412 2564 2418 2609; baseline 0.003 -9"><span class='ocrx_word' id='word_1_586' title='bbox 1412 2564 1576 2600; x_wconf 86' lang='lat' dir='ltr'>animam</span> <span class='ocrx_word' id='word_1_587' title='bbox 1605 2572 1705 2600; x_wconf 90' lang='lat' dir='ltr'>tuam</span> <span class='ocrx_word' id='word_1_588' title='bbox 1724 2593 1733 2609; x_wconf 90' lang='lat'>,</span> <span class='ocrx_word' id='word_1_589' title='bbox 1758 2572 1795 2599; x_wconf 84' lang='lat' dir='ltr'>et</span> <span class='ocrx_word' id='word_1_590' title='bbox 1817 2564 1980 2600; x_wconf 89' lang='lat' dir='ltr'>animam</span> <span class='ocrx_word' id='word_1_591' title='bbox 2001 2564 2112 2600; x_wconf 87' lang='lat' dir='ltr'>talem</span> <span class='ocrx_word' id='word_1_592' title='bbox 2132 2579 2140 2601; x_wconf 92' lang='lat'><strong>:</strong></span> <span class='ocrx_word' id='word_1_593' title='bbox 2164 2564 2194 2601; x_wconf 92' lang='lat' dir='ltr'>si</span> <span class='ocrx_word' id='word_1_594' title='bbox 2216 2573 2341 2603; x_wconf 88' lang='lat' dir='ltr'>tamen</span> <span class='ocrx_word' id='word_1_595' title='bbox 2357 2566 2418 2603; x_wconf 92' lang='lat' dir='ltr'>in-</span> 
     </span>
    </p>
   </div>
   <div class='ocr_carea' id='block_1_19' title="bbox 1356 2624 2417 2674">
    <p class='ocr_par' dir='ltr' id='par_1_20' title="bbox 1356 2624 2417 2674">
     <span class='ocr_line' id='line_1_82' title="bbox 1356 2624 2417 2674; baseline 0.005 -14"><span class='ocrx_word' id='word_1_596' title='bbox 1356 2626 1389 2660; x_wconf 96' lang='lat' dir='ltr'>D</span> <span class='ocrx_word' id='word_1_597' title='bbox 1407 2624 1570 2660; x_wconf 71' lang='lat' dir='ltr'>venian-is</span> <span class='ocrx_word' id='word_1_598' title='bbox 1588 2624 1679 2660; x_wconf 85' lang='lat' dir='ltr'>nibil</span> <span class='ocrx_word' id='word_1_599' title='bbox 1698 2624 1816 2673; x_wconf 72' lang='lat' dir='ltr'>egisse</span> <span class='ocrx_word' id='word_1_600' title='bbox 1833 2625 1996 2674; x_wconf 86' lang='lat' dir='ltr'>amplius</span> <span class='ocrx_word' id='word_1_601' title='bbox 2014 2625 2061 2661; x_wconf 90' lang='lat' dir='ltr'>de</span> <span class='ocrx_word' id='word_1_602' title='bbox 2075 2625 2282 2664; x_wconf 84' lang='lat' dir='ltr'>immortali</span> <span class='ocrx_word' id='word_1_603' title='bbox 2298 2635 2336 2663; x_wconf 90' lang='lat' dir='ltr'>et</span> <span class='ocrx_word' id='word_1_604' title='bbox 2353 2641 2417 2665; x_wconf 90' lang='lat' dir='ltr'>ra-</span> 
     </span>
    </p>
   </div>
   <div class='ocr_carea' id='block_1_20' title="bbox 1407 2685 2416 3036">
    <p class='ocr_par' dir='ltr' id='par_1_21' title="bbox 1407 2685 2416 3036">
     <span class='ocr_line' id='line_1_83' title="bbox 1408 2685 2415 2736; baseline 0.005 -16"><span class='ocrx_word' id='word_1_605' title='bbox 1408 2685 1540 2721; x_wconf 87' lang='lat' dir='ltr'>tionali</span> <span class='ocrx_word' id='word_1_606' title='bbox 1558 2685 1692 2735; x_wconf 85' lang='lat' dir='ltr'>spiritu</span> <span class='ocrx_word' id='word_1_607' title='bbox 1712 2694 1795 2730; x_wconf 92' lang='lat' dir='ltr'>tuo,</span> <span class='ocrx_word' id='word_1_608' title='bbox 1812 2699 1925 2735; x_wconf 88' lang='lat' dir='ltr'>quam</span> <span class='ocrx_word' id='word_1_609' title='bbox 1947 2685 2110 2735; x_wconf 78' lang='lat' dir='ltr'>quodvis</span> <span class='ocrx_word' id='word_1_610' title='bbox 2127 2699 2244 2736; x_wconf 87' lang='lat' dir='ltr'>pecus</span> <span class='ocrx_word' id='word_1_611' title='bbox 2261 2687 2308 2724; x_wconf 92' lang='lat' dir='ltr'>de</span> <span class='ocrx_word' id='word_1_612' title='bbox 2323 2701 2415 2736; x_wconf 89' lang='lat' dir='ltr'>suo;</span> 
     </span>
     <span class='ocr_line' id='line_1_84' title="bbox 1408 2744 2416 2796; baseline 0.006 -16"><span class='ocrx_word' id='word_1_613' title='bbox 1408 2758 1493 2781; x_wconf 89' lang='lat' dir='ltr'>cum</span> <span class='ocrx_word' id='word_1_614' title='bbox 1532 2744 1667 2781; x_wconf 85' lang='lat' dir='ltr'>brutus</span> <span class='ocrx_word' id='word_1_615' title='bbox 1704 2746 1834 2795; x_wconf 87' lang='lat' dir='ltr'>utiquc</span> <span class='ocrx_word' id='word_1_616' title='bbox 1869 2745 2027 2796; x_wconf 87' lang='lat' dir='ltr'>spiritus</span> <span class='ocrx_word' id='word_1_617' title='bbox 2059 2759 2138 2783; x_wconf 93' lang='lat' dir='ltr'>non</span> <span class='ocrx_word' id='word_1_618' title='bbox 2175 2747 2302 2793; x_wconf 87' lang='lat' dir='ltr'>vivat,</span> <span class='ocrx_word' id='word_1_619' title='bbox 2343 2748 2416 2786; x_wconf 91' lang='lat' dir='ltr'>nisi</span> 
     </span>
     <span class='ocr_line' id='line_1_85' title="bbox 1407 2804 2413 2856; baseline 0.006 -17"><span class='ocrx_word' id='word_1_620' title='bbox 1407 2804 1590 2853; x_wconf 87' lang='lat' dir='ltr'>quamdiu</span> <span class='ocrx_word' id='word_1_621' title='bbox 1620 2805 1804 2852; x_wconf 75' lang='lat' dir='ltr'>vivificat,</span> <span class='ocrx_word' id='word_1_622' title='bbox 1826 2814 1862 2842; x_wconf 79' lang='lat' dir='ltr'>et</span> <span class='ocrx_word' id='word_1_623' title='bbox 1883 2820 1961 2843; x_wconf 93' lang='lat' dir='ltr'>uno</span> <span class='ocrx_word' id='word_1_624' title='bbox 1984 2806 2197 2856; x_wconf 87' lang='lat' dir='ltr'>eodemque</span> <span class='ocrx_word' id='word_1_625' title='bbox 2217 2817 2413 2846; x_wconf 90' lang='lat' dir='ltr'>momento</span> 
     </span>
     <span class='ocr_line' id='line_1_86' title="bbox 1409 2865 2414 2916; baseline 0.004 -15"><span class='ocrx_word' id='word_1_626' title='bbox 1409 2874 1447 2902; x_wconf 84' lang='lat' dir='ltr'>et</span> <span class='ocrx_word' id='word_1_627' title='bbox 1478 2865 1669 2901; x_wconf 66' lang='lat' dir='ltr'>vivificare</span> <span class='ocrx_word' id='word_1_628' title='bbox 1699 2867 1840 2916; x_wconf 81' lang='lat' dir='ltr'>pariter</span> <span class='ocrx_word' id='word_1_629' title='bbox 1866 2866 2034 2913; x_wconf 85' lang='lat' dir='ltr'>desinat,</span> <span class='ocrx_word' id='word_1_630' title='bbox 2063 2875 2101 2903; x_wconf 88' lang='lat' dir='ltr'>et</span> <span class='ocrx_word' id='word_1_631' title='bbox 2127 2867 2269 2904; x_wconf 80' lang='lat' dir='ltr'>vivere.</span> <span class='ocrx_word' id='word_1_632' title='bbox 2291 2867 2414 2916; x_wconf 87' lang='lat' dir='ltr'>Quid,</span> 
     </span>
     <span class='ocr_line' id='line_1_87' title="bbox 1407 2925 2416 2976; baseline 0.004 -15"><span class='ocrx_word' id='word_1_633' title='bbox 1407 2938 1536 2975; x_wconf 83' lang='lat' dir='ltr'>quaeso</span> <span class='ocrx_word' id='word_1_634' title='bbox 1551 2954 1560 2971; x_wconf 87' lang='lat'>,</span> <span class='ocrx_word' id='word_1_635' title='bbox 1579 2925 1734 2975; x_wconf 54' lang='lat' dir='ltr'>dignum</span> <span class='ocrx_word' id='word_1_636' title='bbox 1758 2935 1793 2963; x_wconf 86' lang='lat' dir='ltr'>te</span> <span class='ocrx_word' id='word_1_637' title='bbox 1809 2925 2021 2976; x_wconf 85' lang='lat' dir='ltr'>judicabis,</span> <span class='ocrx_word' id='word_1_638' title='bbox 2039 2926 2105 2976; x_wconf 91' lang='lat' dir='ltr'>qui</span> <span class='ocrx_word' id='word_1_639' title='bbox 2125 2927 2245 2964; x_wconf 85' lang='lat' dir='ltr'>factus</span> <span class='ocrx_word' id='word_1_640' title='bbox 2259 2927 2306 2964; x_wconf 90' lang='lat' dir='ltr'>ad</span> <span class='ocrx_word' id='word_1_641' title='bbox 2323 2929 2416 2966; x_wconf 88' lang='lat' dir='ltr'>ima-</span> 
     </span>
     <span class='ocr_line' id='line_1_88' title="bbox 1408 2985 2412 3036; baseline 0.003 -14"><span class='ocrx_word' id='word_1_642' title='bbox 1408 2986 1533 3036; x_wconf 74' lang='lat' dir='ltr'>ginem</span> <span class='ocrx_word' id='word_1_643' title='bbox 1562 2986 1732 3033; x_wconf 81' lang='lat' dir='ltr'>factoris,</span> <span class='ocrx_word' id='word_1_644' title='bbox 1756 2995 1870 3024; x_wconf 89' lang='lat' dir='ltr'>tantae</span> <span class='ocrx_word' id='word_1_645' title='bbox 1895 2987 1934 3024; x_wconf 89' lang='lat' dir='ltr'>in</span> <span class='ocrx_word' id='word_1_646' title='bbox 1959 2995 1996 3024; x_wconf 90' lang='lat' dir='ltr'>te</span> <span class='ocrx_word' id='word_1_647' title='bbox 2016 2985 2220 3036; x_wconf 85' lang='lat' dir='ltr'>majestatis</span> <span class='ocrx_word' id='word_1_648' title='bbox 2240 3000 2320 3025; x_wconf 91' lang='lat' dir='ltr'>non</span> <span class='ocrx_word' id='word_1_649' title='bbox 2343 2987 2412 3025; x_wconf 88' lang='lat' dir='ltr'>de-</span> 
     </span>
    </p>
   </div>
   <div class='ocr_carea' id='block_1_21' title="bbox 329 3182 2411 3288">
    <p class='ocr_par' dir='ltr' id='par_1_22' title="bbox 329 3182 2411 3288">
     <span class='ocr_line' id='line_1_89' title="bbox 377 3182 2411 3234; baseline 0.003 -18"><span class='ocrx_word' id='word_1_650' title='bbox 377 3192 392 3208; x_wconf 59' lang='grc'>3</span> <span class='ocrx_word' id='word_1_651' title='bbox 410 3189 479 3217; x_wconf 84' lang='lat' dir='ltr'>Hoc</span> <span class='ocrx_word' id='word_1_652' title='bbox 492 3183 619 3215; x_wconf 85' lang='lat' dir='ltr'>nomine</span> <span class='ocrx_word' id='word_1_653' title='bbox 634 3186 787 3214; x_wconf 80' lang='lat' dir='ltr'>Doctores</span> <span class='ocrx_word' id='word_1_654' title='bbox 803 3188 831 3212; x_wconf 80' lang='lat' dir='ltr'>et</span> <span class='ocrx_word' id='word_1_655' title='bbox 848 3182 1020 3213; x_wconf 82' lang='lat' dir='ltr'>litterarum</span> <span class='ocrx_word' id='word_1_656' title='bbox 1039 3192 1246 3227; x_wconf 67' lang='lat' dir='ltr'>praeceptores</span> <span class='ocrx_word' id='word_1_657' title='bbox 1265 3190 1424 3232; x_wconf 73' lang='lat' dir='ltr'>appellare</span> <span class='ocrx_word' id='word_1_658' title='bbox 1443 3191 1537 3229; x_wconf 84' lang='lat' dir='ltr'>solet,</span> <span class='ocrx_word' id='word_1_659' title='bbox 1555 3197 1589 3222; x_wconf 87' lang='lat' dir='ltr'>ut</span> <span class='ocrx_word' id='word_1_660' title='bbox 1608 3191 1640 3222; x_wconf 90' lang='lat' dir='ltr'>in</span> <span class='ocrx_word' id='word_1_661' title='bbox 1660 3191 1790 3234; x_wconf 80' lang='lat' dir='ltr'>epistola</span> <span class='ocrx_word' id='word_1_662' title='bbox 1809 3194 1850 3224; x_wconf 87' lang='lat'>77</span> <span class='ocrx_word' id='word_1_663' title='bbox 1869 3197 1899 3222; x_wconf 83' lang='lat' dir='ltr'>et</span> <span class='ocrx_word' id='word_1_664' title='bbox 1932 3194 1993 3223; x_wconf 84' lang='grc'>106</span> <span class='ocrx_word' id='word_1_665' title='bbox 2012 3197 2072 3223; x_wconf 85' lang='lat' dir='ltr'>etc.</span> <span class='ocrx_word' id='word_1_666' title='bbox 2091 3194 2139 3223; x_wconf 81' lang='lat' dir='ltr'>Ita</span> <span class='ocrx_word' id='word_1_667' title='bbox 2157 3191 2297 3225; x_wconf 83' lang='lat' dir='ltr'>Thomas</span> <span class='ocrx_word' id='word_1_668' title='bbox 2311 3195 2411 3224; x_wconf 84' lang='lat' dir='ltr'>Stam-</span> 
     </span>
     <span class='ocr_line' id='line_1_90' title="bbox 329 3236 2410 3288; baseline 0.004 -20"><span class='ocrx_word' id='word_1_669' title='bbox 329 3240 432 3283; x_wconf 76' lang='lat' dir='ltr'>pensis</span> <span class='ocrx_word' id='word_1_670' title='bbox 445 3237 612 3280; x_wconf 80' lang='lat' dir='ltr'>aliquando</span> <span class='ocrx_word' id='word_1_671' title='bbox 629 3247 661 3267; x_wconf 84' lang='lat' dir='ltr'>se</span> <span class='ocrx_word' id='word_1_672' title='bbox 676 3236 880 3278; x_wconf 56' lang='lat' dir='ltr'>R&#39;Iagistrum,</span> <span class='ocrx_word' id='word_1_673' title='bbox 904 3237 1072 3277; x_wconf 82' lang='lat' dir='ltr'>aliquando</span> <span class='ocrx_word' id='word_1_674' title='bbox 1086 3242 1255 3272; x_wconf 75' lang='lat' dir='ltr'>Doctorem</span> <span class='ocrx_word' id='word_1_675' title='bbox 1276 3243 1503 3276; x_wconf 78' lang='lat' dir='ltr'>Cadmuensem</span> <span class='ocrx_word' id='word_1_676' title='bbox 1523 3245 1595 3277; x_wconf 85' lang='lat' dir='ltr'>dicit</span> <span class='ocrx_word' id='word_1_677' title='bbox 1617 3245 1646 3276; x_wconf 88' lang='lat' dir='ltr'>iu</span> <span class='ocrx_word' id='word_1_678' title='bbox 1661 3245 1814 3287; x_wconf 72' lang='lat' dir='ltr'>Spieilegii</span> <span class='ocrx_word' id='word_1_679' title='bbox 1828 3251 1913 3276; x_wconf 86' lang='lat' dir='ltr'>tomo</span> <span class='ocrx_word' id='word_1_680' title='bbox 1934 3249 1967 3281; x_wconf 84' lang='lat'>3,</span> <span class='ocrx_word' id='word_1_681' title='bbox 1987 3256 2078 3288; x_wconf 83' lang='lat' dir='ltr'>pagg.</span> <span class='ocrx_word' id='word_1_682' title='bbox 2100 3248 2179 3283; x_wconf 88' lang='grc'>137,</span> <span class='ocrx_word' id='word_1_683' title='bbox 2200 3247 2276 3278; x_wconf 83' lang='grc'>140.</span> <span class='ocrx_word' id='word_1_684' title='bbox 2296 3248 2333 3277; x_wconf 90' lang='lat' dir='ltr'>In</span> <span class='ocrx_word' id='word_1_685' title='bbox 2347 3256 2410 3277; x_wconf 90' lang='lat' dir='ltr'>uno</span> 
     </span>
    </p>
   </div>
   <div class='ocr_carea' id='block_1_22' title="bbox 330 3289 1108 3331">
    <p class='ocr_par' dir='ltr' id='par_1_23' title="bbox 330 3289 1108 3331">
     <span class='ocr_line' id='line_1_91' title="bbox 330 3289 1108 3331; baseline -0.001 -7"><span class='ocrx_word' id='word_1_686' title='bbox 330 3293 437 3324; x_wconf 77' lang='lat' dir='ltr'>codice</span> <span class='ocrx_word' id='word_1_687' title='bbox 449 3295 602 3322; x_wconf 80' lang='lat' dir='ltr'>Vaticano</span> <span class='ocrx_word' id='word_1_688' title='bbox 619 3290 730 3331; x_wconf 78' lang='lat' dir='ltr'>legitur</span> <span class='ocrx_word' id='word_1_689' title='bbox 741 3313 749 3327; x_wconf 84' lang='lat'><strong>‚</strong></span> <span class='ocrx_word' id='word_1_690' title='bbox 768 3289 814 3320; x_wconf 78' lang='lat' dir='ltr'>ad</span> <span class='ocrx_word' id='word_1_691' title='bbox 826 3292 872 3321; x_wconf 75' lang='lat' dir='ltr'>JI.</span> <span class='ocrx_word' id='word_1_692' title='bbox 896 3292 925 3322; x_wconf 77' lang='grc'>11</span> <span class='ocrx_word' id='word_1_693' title='bbox 932 3289 1108 3323; x_wconf 57' lang='lat' dir='ltr'>&#39;ala-herum.</span> 
     </span>
    </p>
   </div>
   <div class='ocr_carea' id='block_1_23' title="bbox 379 3340 1494 3389">
    <p class='ocr_par' dir='ltr' id='par_1_24' title="bbox 379 3340 1494 3389">
     <span class='ocr_line' id='line_1_92' title="bbox 379 3340 1494 3389; baseline 0.004 -12"><span class='ocrx_word' id='word_1_694' title='bbox 379 3340 394 3362; x_wconf 76' lang='lat'>¹&#39;</span> <span class='ocrx_word' id='word_1_695' title='bbox 410 3344 581 3378; x_wconf 75' lang='lat' dir='ltr'>Palel&#39;ridus</span> <span class='ocrx_word' id='word_1_696' title='bbox 595 3369 602 3383; x_wconf 93' lang='lat'>,</span> <span class='ocrx_word' id='word_1_697' title='bbox 615 3354 714 3386; x_wconf 78' lang='lat' dir='ltr'>equus</span> <span class='ocrx_word' id='word_1_698' title='bbox 730 3354 860 3385; x_wconf 70' lang='lat' dir='ltr'>magnus</span> <span class='ocrx_word' id='word_1_699' title='bbox 873 3350 902 3374; x_wconf 78' lang='lat' dir='ltr'>et</span> <span class='ocrx_word' id='word_1_700' title='bbox 922 3344 1047 3386; x_wconf 70' lang='lat' dir='ltr'>insignis</span> <span class='ocrx_word' id='word_1_701' title='bbox 1059 3369 1066 3382; x_wconf 82' lang='grc'><strong>,</strong></span> <span class='ocrx_word' id='word_1_702' title='bbox 1083 3346 1134 3388; x_wconf 85' lang='lat' dir='ltr'>qui</span> <span class='ocrx_word' id='word_1_703' title='bbox 1149 3358 1205 3389; x_wconf 81' lang='lat' dir='ltr'>per</span> <span class='ocrx_word' id='word_1_704' title='bbox 1225 3347 1346 3381; x_wconf 81' lang='lat' dir='ltr'>frenum</span> <span class='ocrx_word' id='word_1_705' title='bbox 1360 3350 1494 3382; x_wconf 78' lang='lat' dir='ltr'>ducitur.</span> 
     </span>
    </p>
   </div>
  </div>
 </body>
</html>
