2533 3920
363 144 437 180 615

415 234 541 259 mano
577 218 832 260 Clarae-Vallis
874 217 1032 264 abbati,
1063 217 1179 254 vitam
1218 225 1256 254 et
1291 212 1414 253 dies5⁰

420 281 555 320 bonos.

420 404 451 439 1.
473 400 712 448 Confundor,
734 403 839 438 Deus
867 399 937 436 scit
951 427 961 446 ,
983 397 1086 449 apud
1105 411 1196 444 vos,
1221 410 1306 433 cum
1330 395 1377 432 de

367 475 408 499 re
436 463 651 499 communis
677 469 715 498 et
742 460 866 511 gravis
898 458 1152 504 necessitatis,
1179 455 1378 494 silentibus

368 522 479 559 vobis
495 551 504 568 ,
527 531 564 559 et
587 521 691 567 aliis,
714 533 879 570 quorum
907 527 988 556 erat
1012 518 1119 567 loqui
1134 547 1144 564 ,
1170 530 1287 567 cogor
1310 529 1380 553 vos

370 582 532 633 alloqui,
550 583 680 619 nullus
696 582 735 618 in
751 579 994 624 hominibus,
1016 578 1163 615 domini
1181 586 1218 614 et
1236 586 1374 628 patres.

369 645 464 680 Cum
487 643 589 679 enim
611 641 724 677 fidem
742 639 956 677 communis
977 637 1058 687 spei
1081 637 1248 686 graviter
1268 637 1380 674 nimis

370 711 408 740 et
428 702 642 752 periculose
663 699 859 748 corrumpi
879 697 992 734 video
1005 725 1014 743 ,
1034 697 1140 733 nullo
1162 696 1378 740 resistente,

368 762 477 798 nullo
514 760 748 809 obloquente
769 774 778 805 3
811 770 926 806 quam
963 757 1132 794 Christus
1168 769 1237 792 suo
1269 755 1381 792 nobis

370 822 553 871 sanguine
575 819 737 857 sacravit
751 847 760 864 ,
781 830 854 866 pro
875 829 951 866 qua
971 815 1147 865 Apostoli
1171 823 1209 851 et
1232 824 1380 864 marty—

368 894 428 920 res
442 894 560 930 usque
577 879 624 916 ad
638 885 800 914 mortem
819 881 1112 926 pugnaverunt,
1129 887 1243 923 quam
1261 874 1381 911 sancti

371 941 548 978 doctores
569 938 675 975 duris
691 935 889 974 laboribus
915 935 1013 982 suis,
1032 943 1070 971 et
1093 934 1239 984 magnis
1261 934 1381 971 sudo-

1131 140 1166 176 S.
1198 139 1453 175 BERNARDI
1482 138 1684 174 ABBATIS

1421 214 1572 252 'midat.
1601 211 1775 251 Claudite
1806 210 1939 248 oculos
1961 225 1969 248 :
1990 223 2105 260 quem
2134 210 2306 249 timebit?
2325 221 2362 250 et
2381 220 2444 264 qui

1391 276 1422 310 A
1435 274 1514 324 jam
1536 274 1628 310 dicit
1647 271 1753 322 quod
1773 271 1879 317 dicit,
1904 270 1998 320 quid
2020 283 2098 306 non
2119 269 2240 317 dicet,
2255 284 2342 309 cum
2360 275 2447 311 nul-

2369 137 2443 176 616

1442 335 1521 370 lum
1544 333 1692 370 timebit
1707 334 1722 368 ?
1743 331 1938 369 Emortuis
1957 331 2100 381 quippe
2118 344 2164 367 ex
2182 331 2347 369 Ecclesia
2365 346 2446 371 om-

1443 394 1557 431 nibus
1588 407 1687 444 pene
1716 392 1902 429 doctrinae
1931 391 2192 428 ecclesiasticae
2222 392 2446 442 magistris*‚

1445 455 1553 505 quasi
1576 454 1617 491 in
1643 466 1803 491 vacuam
1821 451 2097 502 rempublicam
2118 452 2296 489 Ecclesiae
2316 452 2447 492 dome-

1446 516 1562 553 sticus
1597 516 1748 552 irruens
1783 513 1961 550 inimicus
1979 541 1988 559 ,
2017 512 2211 562 singulare
2241 512 2311 549 sibi
2338 514 2378 550 in
2407 526 2449 553 ea

1447 576 1706 626 magisterium
1737 573 1899 624 arripuit
1923 588 1931 609 :
1958 585 2073 622 agens
2105 572 2145 608 in
2178 572 2374 622 Scriptura
2391 573 2450 612 di-

1447 635 1536 672 vina
1551 665 1560 682 ,
1575 634 1681 685 quod
1697 647 1807 684 agere
1828 631 1974 670 solebat
1989 632 2028 669 in
2047 632 2261 672 dialectica,
2278 634 2451 684 proprias

1448 695 1741 732 adinventiones
1754 723 1763 740 ,
1787 705 1932 730 annuas
1952 692 2164 739 novitate53
2184 705 2320 729 censor
2339 693 2449 743 fidei,

1447 769 1526 792 non
1551 755 1780 805 discipulus;
1800 752 2039 799 emendator,
2062 766 2141 789 non
2167 752 2349 803 imitator.

1501 817 1538 853 3.
1569 820 1659 853 Haec
1686 823 1776 852 sunt
1799 828 1890 864 ergo
1915 814 2081 864 capitula
2097 826 2143 850 ex
2164 813 2359 863 opusculis
2374 813 2452 864 ejus

1448 878 1607 914 collecta
1622 905 1631 922 ,
1656 890 1741 926 quae
1758 875 1869 913 vobis
1894 875 2092 913 offerenda
2112 875 2246 925 putavi
2267 889 2275 912 :
2294 877 2326 913 1.
2343 877 2452 925 Quod
2503 892 2505 897 ‘

1448 937 1562 974 fidem
1596 936 1729 973 delinit
1765 935 2057 972 aestimationem
2097 948 2228 972 rerum
2260 949 2345 985 quae
2377 950 2453 975 non

369 1000 475 1038 ribus
493 998 906 1046 defensam,integram
924 1004 962 1032 et
981 995 1247 1045 incorruptam
1263 1008 1385 1045 usque
1409 999 1437 1033 B
1452 997 1643 1033 videntur.
1668 996 1703 1033 2.
1725 994 1838 1044 Quod
1860 995 2073 1046 impropria
2093 995 2184 1033 dicit
2208 1009 2289 1033 esse
2309 997 2349 1034 in
2374 1001 2454 1037 Deo
2502 1038 2504 1044 ,

369 1061 417 1098 ad
438 1060 545 1097 faeces
565 1067 784 1108 temporum
809 1064 1032 1093 nostrorum
1057 1055 1351 1092 transmiserunt
1372 1070 1380 1092 :

368 1119 599 1157 contabesco
620 1119 658 1155 in
680 1116 906 1166 memetipso
921 1144 930 1161 ,
951 1123 988 1152 et
1003 1128 1024 1152 a
1041 1115 1187 1152 frixura
1203 1115 1329 1152 cordis
1345 1124 1383 1152 et

370 1181 503 1218 dolore
528 1179 684 1230 spiritus
711 1191 828 1228 cogor
855 1190 928 1227 pro
961 1190 1005 1213 ea
1036 1176 1167 1227 loqui,
1189 1190 1261 1227 pro
1282 1190 1381 1226 qua,

370 1243 401 1280 si
428 1254 581 1279 necesse
601 1248 699 1277 esset
725 1248 763 1275 et
790 1246 1079 1289 opportunum,
1104 1238 1241 1274 vellem
1266 1238 1382 1275 etiam

369 1302 481 1339 mori.
503 1304 579 1339 Nec
601 1299 647 1337 ‹le
665 1299 832 1336 minimis
848 1299 986 1348 agitur,
1004 1298 1069 1335 sed
1087 1297 1134 1334 de
1151 1297 1226 1335 fide
1242 1307 1382 1336 sanctae

365 1362 563 1399 Trinitatis
579 1390 588 1407 ,
613 1360 660 1396 de
689 1372 856 1410 persona
884 1358 1128 1405 Mediatoris,
1154 1357 1201 1394 de
1237 1359 1380 1408 Spiritu

369 1430 522 1469 sancto,
545 1420 591 1457 de
612 1420 731 1470 gratia
754 1420 848 1465 Dei,
869 1418 916 1456 de
937 1426 1178 1456 sacramento
1205 1432 1384 1456 commu-

370 1484 429 1519 nis
455 1481 741 1532 redemptionis.
769 1484 903 1518 Petrus
928 1480 1031 1517 enim
1059 1479 1297 1517 Abaelardus
1318 1480 1385 1516 ite-

369 1557 456 1580 rum
490 1555 591 1579 nova
624 1541 757 1588 docet,
787 1554 888 1577 nova
917 1539 1075 1587 scribit3
1109 1549 1147 1577 et
1180 1539 1267 1577 libri
1302 1539 1384 1589 ejus

365 1610 566 1639 transeunt
600 1602 719 1638 maria
737 1631 746 1647 ‚
779 1600 1008 1638 transiliunt
1032 1600 1170 1650 Alpes,
1196 1608 1234 1637 et
1274 1613 1384 1637 novae

367 1662 451 1713 ejus
480 1663 677 1700 sententiae
707 1661 753 1698 de
784 1661 858 1698 fide
876 1691 885 1708 ,
913 1669 951 1697 et
976 1674 1077 1697 nox-a
1112 1660 1290 1711 dogmata
1315 1674 1384 1710 per

364 1722 582 1773 provincias
603 1730 642 1759 et
662 1735 776 1771 regna
798 1721 1038 1767 deferuntur,
1063 1720 1266 1758 celebriter
1282 1735 1384 1771 prae-

366 1842 408 1879 in
427 1842 531 1879 curia
547 1845 721 1879 Romana
744 1841 922 1878 dicantur
937 1840 1078 1878 habere
1100 1841 1378 1878 auctoritatem.

366 1902 464 1940 Dico
485 1901 614 1948 vobis,
631 1901 846 1952 periculose
864 1901 1002 1947 siletis,
1018 1909 1093 1937 tam
1112 1900 1222 1937 vobis
1239 1929 1248 1946 ,
1267 1914 1381 1950 quam

365 1962 542 2000 Ecclesiae
586 1962 667 1999 Dei.
702 1965 775 1999 Pro
811 1962 929 1999 nihilo
972 1961 1145 1998 ducimus
1184 1961 1382 2011 corrumpi

365 2022 505 2069 fidem,
531 2035 604 2072 pro
628 2036 703 2072 qua
736 2022 992 2072 nosmetipsos
1026 2021 1138 2058 nobis
1174 2020 1383 2070 abnegavi-

365 2096 452 2120 mus
475 2097 482 2119 :
503 2095 581 2119 non
601 2082 779 2119 timemus
799 2086 923 2119 Deum
949 2081 1169 2128 offendere,
1193 2095 1240 2118 ne
1262 2081 1381 2117 offen-

367 2144 514 2182 damus.
544 2143 640 2180 Dico
669 2142 778 2179 vobis
794 2172 803 2189 ,
822 2142 945 2179 adbuc
971 2143 1190 2193 parturiens
1216 2141 1380 2193 parturit

365 2205 509 2242 malum
530 2204 604 2240 hoc
626 2218 633 2240 :
658 2204 723 2240 sed
744 2203 816 2240 nisi
837 2212 1077 2253 praeventum
1097 2203 1231 2248 fuerit,
1254 2215 1379 2239 erum-

366 2274 434 2316 pet
457 2265 496 2301 in
522 2264 695 2314 regulum
709 2293 718 2310 ,
738 2264 798 2300 cui
820 2264 882 2300 vix
907 2264 1126 2301 inveniatur
1144 2264 1373 2300 incantator.

367 2324 481 2375 Quod
503 2337 570 2361 cur
588 2324 709 2361 dican]
750 2323 948 2360 advertite.

421 2385 457 2423 2.
484 2388 581 2423 Casu
602 2397 726 2434 nuper
746 2383 863 2420 incidi
884 2384 923 2420 in
945 2383 1149 2420 lectionem
1179 2383 1377 2433 cujusdam

367 2444 486 2483 libelli
506 2444 673 2482 hominis
693 2444 794 2481 illius
807 2473 816 2491 ,
843 2444 903 2481 61ιί
930 2444 1060 2481 titulus
1079 2453 1162 2481 erat
1180 2473 1189 2490 ,
1214 2444 1379 2481 Theolo-

366 2506 426 2556 gia
446 2505 547 2544 Petri
569 2504 785 2543 Abaelardi.
814 2507 964 2552 Fateor,
985 2504 1180 2541 curiosum
1204 2518 1264 2541 mc
1293 2504 1380 2542 fecit

1449 1057 1606 1094 nomina
1633 1055 1775 1102 Patris,
1803 1064 1841 1092 et
1868 1055 1967 1102 Filii,
1989 1063 2026 1092 et
2052 1056 2216 1106 Spiritus
2236 1057 2375 1104 sancti,
2391 1058 2454 1096 sed

1449 1117 1745 1167 descriptionem
1786 1116 1884 1153 hanc
1919 1129 2000 1153 esse
2032 1115 2284 1166 plenitudinis
2321 1118 2456 1156 summi
2502 1155 2503 1163 ,

1447 1176 1552 1215 boni.
1581 1178 1617 1216 3.
1650 1177 1763 1226 Quod
1791 1181 1903 1214 Pater
1922 1177 1970 1213 sit
1993 1177 2109 1228 plena
2127 1177 2323 1228 potentia,
2343 1178 2455 1217 Filius
2502 1171 2503 1194 ³

1448 1238 1622 1287 quaedam
1651 1238 1843 1288 potentia,
1874 1237 2038 1288 Spiritus
2070 1246 2223 1275 sanctus
2249 1238 2353 1276 nulla
2384 1252 2456 1289 po-

1448 1298 1578 1334 tentia.
1602 1298 1637 1335 4.
1661 1301 1717 1335 De
1743 1297 1887 1347 Spiritu
1918 1305 2072 1344 sancto,
2104 1297 2210 1347 quod
2246 1310 2325 1335 non
2345 1298 2393 1335 sit
2411 1312 2455 1336 ex

1452 1356 1668 1395 substantia
1695 1358 1818 1394 Patris
1848 1365 1886 1394 et
1917 1357 2031 1403 Filii,
2066 1357 2164 1394 sicut
2190 1357 2308 1396 Filius
2338 1366 2394 1395 est
2411 1371 2456 1396 ex

1453 1417 1663 1455 substantia
1685 1417 1819 1455 Patris.
1842 1419 1879 1455 5.
1903 1417 2017 1466 Quod
2047 1417 2211 1468 Spiritus
2240 1426 2393 1456 sanctus
2412 1419 2458 1457 sit

1451 1479 1578 1516 anima
1600 1478 1746 1515 mundi.
1769 1480 1804 1516 6.
1823 1477 1937 1527 Quod
1955 1477 2078 1515 libero
2096 1477 2276 1525 arbitrio,
2299 1479 2380 1516 sine
2396 1479 2458 1516 ad-

1447 1539 1609 1590 juvante
1630 1540 1770 1590 gratia,
1791 1539 1890 1576 bene
1914 1551 2119 1589 possumus
2143 1546 2181 1576 et
2197 1539 2294 1576 velle
2311 1547 2350 1576 et
2369 1552 2457 1589 age-

1451 1614 1504 1638 re.
1524 1602 1558 1639 7.
1574 1600 1688 1649 Quod
1701 1600 1874 1638 Christus
1888 1613 1967 1636 non
1981 1599 2070 1637 ideo
2082 1600 2287 1650 assumpsit
2307 1612 2456 1637 carnem
2499 1604 2502 1608 ’

1450 1670 1488 1698 61
1507 1675 1641 1712 passus
1661 1669 1742 1709 est,
1771 1669 1814 1697 ut
1845 1674 1953 1698 nosa
1966 1660 2062 1710 jugo
2094 1660 2237 1698 diaboli
2266 1660 2456 1698 liberaret.
2498 1667 2502 1698 ξ

1451 1722 1487 1758 8.
1510 1722 1622 1770 Quod
1651 1721 1821 1759 Christus
1838 1725 1942 1758 Deus
1972 1730 2009 1758 et
2038 1721 2155 1759 homo
2178 1735 2258 1758 non
2273 1730 2329 1758 est
2351 1721 2458 1759 tertia

367 1781 558 1828 dicantur,
581 1790 618 1818 et
643 1780 762 1818 libere
790 1780 1052 1818 defenduntur
1077 1796 1085 1818 ε
1106 1781 1147 1818 in
1174 1789 1321 1818 tantum
1344 1789 1384 1817 ut
1406 1791 1432 1826 C
1452 1795 1618 1832 persona
1648 1783 1688 1819 in
1713 1781 1909 1819 Trinitate.
1935 1782 1971 1818 9.
2003 1781 2116 1830 Quod
2142 1782 2183 1819 in
2214 1785 2457 1820 Sacramento

1449 1843 1577 1879 altaris
1595 1842 1633 1878 in
1654 1855 1740 1879 aere
1755 1850 1953 1878 remaneat
1973 1841 2097 1878 forma
2119 1842 2262 1893 prioris
2284 1841 2458 1879 substan—

1450 1904 1522 1941 tiae.
1551 1904 1607 1941 10.
1632 1903 1745 1952 Quod
1765 1903 2025 1953 suggestiones
2046 1902 2253 1941 diabolicas
2274 1917 2343 1954 per
2363 1903 2458 1954 phy-

1450 1965 1564 2001 sicam
1595 1964 1686 2001 dicit
1725 1964 1805 2001 fieri
1835 1964 1875 2000 in
1902 1963 2137 2002 hominibus.
2170 1965 2231 2001 11.
2266 1964 2379 2013 Quod
2410 1963 2456 2002 ab

1450 2024 1573 2062 Adam
1595 2038 1672 2061 non
1695 2024 1879 2061 trahimus
1899 2024 2094 2073 originalis
2121 2024 2268 2075 peccati
2285 2025 2456 2075 culpam,
2497 2054 2517 2060 .,

1450 2085 1516 2122 56(1
1549 2098 1713 2135 poenam.
1746 2084 1805 2122 12.
1837 2084 1951 2134 Quod
1979 2085 2128 2121 nullum
2157 2084 2204 2122 sit
2232 2093 2456 2135 peccatum,

1448 2145 1519 2182 nisi
1549 2146 1587 2182 in
1625 2158 1814 2183 consensu
1859 2145 2005 2195 peccati
2039 2154 2078 2183 et
2111 2153 2338 2196 contemptu
2374 2145 2454 2183 Dei.
2496 2165 2518 2198 :²

1452 2206 1510 2245 13.
1553 2206 1665 2255 Quod
1700 2206 1792 2243 dicit
1827 2205 2139 2257 concupiscentia
2168 2234 2178 2252 ,
2217 2214 2256 2242 et
2293 2205 2462 2243 delecta-.
2495 2224 2523 2248 ;.

1447 2268 1564 2314 tione,
1582 2275 1620 2304 61
1636 2267 1851 2317 ignorantia
1871 2267 2018 2304 nullum
2038 2274 2237 2318 peccatum
2252 2265 2456 2313 committi;

1445 2336 1483 2364 et
1518 2327 1741 2376 hujusmodi
1784 2340 1862 2364 non
1901 2340 1982 2365 esse
2013 2335 2211 2378 peccatum
2228 2355 2238 2374 ,
2276 2326 2342 2363 sed
2385 2339 2455 2363 na-

1447 2398 1585 2426 turam.

1500 2450 1536 2486 4.
1560 2452 1650 2486 Haec
1670 2462 1792 2498 pauca
1814 2449 1966 2486 interim
1987 2448 2175 2499 capitula,
2193 2461 2240 2485 ex
2265 2446 2443 2499 opusculi

1447 2507 1530 2558 ejus
1550 2517 1729 2558 congesta
1748 2508 1786 2545 in
1808 2521 1927 2545 unum
1946 2537 1955 2554 ,
1978 2508 2105 2558 primo
2123 2507 2233 2546 vobis
2253 2507 2455 2546 arbitratus
2494 2521 2516 2542 w

367 2567 499 2604 titulus
527 2566 574 2603 ad
603 2565 820 2615 legendum.
842 2569 931 2602 Duo
961 2573 1088 2602 autem
1117 2573 1227 2601 erant
1258 2564 1377 2601 libelli
1396 2569 1427 2603 D
1446 2581 1528 2605 sum
1551 2567 1749 2605 offerenda
1764 2597 1774 2615 ,
1790 2568 1837 2605 ad
1855 2567 2078 2605 excitandos
2093 2581 2164 2605 vos
2178 2597 2188 2615 ,
2210 2576 2249 2605 et
2268 2580 2455 2605 excusan-
2496 2611 2500 2621 ἱ

1446 2627 1515 2665 dos
1544 2642 1641 2675 nos,
1663 2641 1710 2664 ne
1739 2628 1878 2665 frustra
1908 2627 2092 2665 commoti
2124 2627 2335 2665 videamur.
2363 2630 2456 2676 Quae
2493 2625 2518 2667 ζ

365 2626 468 2663 idem
484 2639 582 2677 pene
596 2625 839 2663 continentes
858 2639 865 2661 :
885 2624 957 2662 nisi
974 2624 1079 2674 quod
1093 2624 1130 2660 in
1147 2625 1266 2661 altero
1279 2625 1378 2674 plus,

366 2687 405 2722 in
426 2686 545 2722 altero
559 2685 684 2722 minus
702 2685 898 2734 aliquanto
919 2684 1171 2721 inveniretur.
1193 2683 1268 2722 Ubi
1290 2698 1377 2721 cum

369 2745 495 2795 aliqua
516 2745 726 2782 invenirem
745 2773 754 2790 ‚
776 2758 860 2794 quae
887 2744 1047 2781 multum
1070 2752 1269 2781 moverent
1292 2758 1375 2790 nic,

366 2806 519 2851 notavi,
550 2814 587 2841 61
617 2818 685 2841 cur
717 2813 918 2841 moverent
957 2804 1188 2843 subnotavi:
1221 2813 1257 2841 ct
1288 2819 1375 2841 cuin

366 2865 459 2914 ipsis
488 2863 624 2901 libellis
652 2864 735 2901 misi
766 2864 877 2900 vobis
901 2878 909 2900 :
932 2873 1061 2901 utrum
1086 2873 1186 2902 recte
1215 2878 1274 2901 mc
1296 2878 1375 2902 mo-

365 2924 517 2970 verint,
542 2924 677 2974 judicii
709 2924 825 2961 vestri
857 2924 915 2961 sit.
949 2927 1042 2963 Cum
1079 2925 1179 2961 enim
1209 2926 1374 2975 graviter

367 2984 544 3022 turbarer
562 2984 609 3021 ad
638 2984 810 3021 insolitas
830 2984 866 3021 in
894 2984 968 3021 fide
995 2998 1132 3022 vocum
1162 2986 1373 3035 novitates,

365 3054 402 3082 et
422 3058 541 3082 novas
565 3044 824 3081 inauditorum
847 3058 1027 3083 sensuum
1057 3045 1371 3094 adinventiones,

367 3120 454 3143 cuni
473 3120 550 3144 non
569 3105 747 3142 haberem
770 3106 805 3142 in
829 3119 943 3155 quem
961 3106 1201 3144 refunderem
1220 3123 1229 3154 3
1248 3122 1316 3145 vos
1336 3109 1373 3146 in

365 3166 544 3205 omnibus
575 3167 668 3216 elegi
690 3194 698 3211 ,
732 3166 778 3203 ad
805 3180 903 3216 quos
932 3180 991 3204 me
1026 3177 1312 3216 converterem,
1337 3179 1373 3206 et

362 3241 462 3278 quos
484 3229 521 3264 in
546 3240 697 3264 causam
725 3228 795 3264 Dei
814 3257 822 3273 ,
841 3236 878 3264 et
903 3229 1021 3264 totius
1044 3228 1169 3265 latinae
1198 3230 1372 3267 Ecclesiae

363 3288 532 3325 citarem.
555 3291 631 3327 Vos
659 3287 771 3325 etiam
806 3288 914 3325 timet
941 3287 1059 3325 homo
1078 3289 1162 3334 ille,
1186 3298 1223 3325 et
1252 3290 1373 3328 refor-

1448 2696 1573 2725 tamen
1597 2702 1682 2726 cum
1710 2689 1791 2726 aliis
1817 2687 2098 2736 incidentibus,
2125 2689 2331 2726 auxiliante
2350 2686 2452 2725 eoin

1445 2747 1554 2797 cujus
1575 2762 1689 2785 manu
1711 2761 1843 2786 sumus
1861 2756 1899 2785 et
1919 2761 1989 2786 nos
2006 2777 2016 2795 ,
2038 2757 2076 2785 et
2095 2760 2291 2786 sermones
2311 2747 2453 2794 nostri,

1444 2822 1490 2844 cx
1508 2809 1579 2845 hoc
1597 2809 1708 2846 latius
1726 2808 1898 2859 digerere
1914 2808 2136 2859 aggrediar;
2155 2809 2454 2860 parvipendens,

1443 2869 1471 2906 si
1494 2869 1603 2907 vobis
1629 2870 1860 2920 displicuero
1881 2870 1920 2906 in
1943 2882 2122 2907 sermone
2138 2899 2149 2916 ,
2173 2869 2264 2907 dum
2286 2883 2363 2907 non
2381 2868 2452 2906 dis-

1441 2929 1600 2979 pliceam
1622 2930 1660 2966 in
1682 2928 1755 2966 fide
1773 2943 1780 2965 :
1800 2938 1841 2967 ut
1861 2929 1891 2967 si
1911 2942 2156 2980 quocumque
2177 2928 2295 2966 modo
2315 2940 2452 2979 sugge-

1441 3003 1525 3026 rere
1547 2998 1712 3040 potuero
1732 2989 1843 3027 vobis
1866 3004 1927 3027 me
1944 2989 2047 3040 juste
2067 2998 2309 3028 commotum
2322 3019 2333 3037 ,
2354 3001 2454 3026 coms·

1441 3051 1672 3088 moveamini
1694 3059 1732 3087 et
1752 3063 1842 3096 vos3
1861 3059 1899 3088 et
1918 3051 1956 3087 in
1974 3064 2087 3088 causa
2104 3050 2238 3101 capitis
2255 3079 2265 3097 ,
2285 3050 2364 3087 sive
2384 3060 2450 3099 pes

1440 3110 1504 3147 ille
1537 3110 1582 3147 sit
1598 3140 1607 3156 ,
1639 3110 1717 3147 sive
1752 3123 1885 3147 manus
1902 3139 1910 3155 ,
1942 3110 2020 3147 sive
2050 3110 2165 3147 etiam
2193 3109 2327 3147 oculus
2342 3137 2353 3155 ,
2375 3119 2451 3145 non

1440 3172 1621 3220 paveatis.
1640 3171 1763 3208 Dilexi
1779 3179 1816 3208 61
1832 3184 1902 3220 ego
1920 3184 2007 3208 eum
2028 3201 2038 3218 ,
2060 3180 2097 3209 ct
2117 3170 2276 3221 diligere
2293 3169 2425 3206 vellem
2440 3195 2451 3214 ,

1441 3235 1543 3269 Deus
1563 3232 1666 3269 testis
1687 3241 1743 3269 est
1761 3246 1768 3268 :
1788 3231 1854 3269 sed
1870 3232 1909 3268 in
1928 3244 2040 3269 causa
2060 3231 2130 3268 hac
2151 3243 2265 3268 nemo
2282 3239 2450 3278 unquam

1442 3293 1643 3343 proximus
1676 3293 1767 3330 mihi
1797 3292 1868 3330 erit
1882 3322 1893 3341 ,
1921 3293 1982 3330 vel
2011 3291 2165 3330 amicus.
2197 3294 2274 3329 Nec
2308 3295 2451 3326 secreta

2485 3839 2512 3920 baa

2508 2460 2523 2542 ..⁴:-
