2517 3920
340 210 437 245 1255)

337 295 464 324 tamen
497 288 604 324 istam
646 287 801 324 minime
835 287 1053 324 dubitamus
1093 288 1191 323 illius
1221 285 1372 322 tencrc³

335 348 494 397 figuram
507 376 516 394 ,
540 361 625 397 quae
644 349 681 385 in
700 348 804 384 coelis
822 356 877 385 est
899 356 1020 384 mater
1036 355 1177 384 nostra.

683 475 860 514 CAPUT
892 475 963 514 IV.

539 595 587 623 De
606 592 841 623 conversatione
858 590 997 622 Militum
1016 589 1141 622 Christi.

393 707 425 742 ’7.
445 705 516 742 Sed
536 704 615 753 jam
639 704 686 740 ad
712 703 965 740 imitationem
992 715 1058 739 seu
1078 701 1124 738 ad
1146 702 1343 739 confusio—

335 778 420 801 ·nem
449 772 670 801 nostrorum
695 763 879 809 militum,
908 776 984 798 non
1013 762 1125 812 plane
1153 765 1252 808 Deo,
1279 761 1343 798 sed

337 823 491 860 diabolo
523 823 789 869 militantium,
818 822 989 859 dicamus
1013 822 1182 858 breviter
1207 822 1344 858 Christi

335 884 516 933 equitum·
535 896 660 919 mores
687 890 724 918 et
747 883 882 928 vitam3
906 882 1068 930 qualiter
1091 882 1129 917 in
1150 880 1252 917 bello
1274 880 1345 917 do—

336 945 434 980 mive
463 952 768 980 conversentur:
791 956 868 992 quo
895 943 1020 992 palam
1050 944 1132 988 liat,
1159 950 1345 991 quantum

337 1004 383 1039 ab
406 1004 568 1040 invicem
591 1005 770 1041 differant
791 1004 861 1040 Dei
882 1004 1086 1053 saeculique
1105 1002 1249 1039 militia.
1268 1002 1347 1039 Pri-

1116 212 1150 245 S.
1185 211 1341 244 BERNA
1351 210 1435 244 RDI
1466 210 1666 244 ABBATIS

2324 213 2334 248 l
2347 212 2422 251 260

1379 285 1604 323 ⁴⁷vanitates
1624 295 1660 322 ct
1682 286 1847 322 insanias
1870 286 1976 323 salsas
1999 297 2185 337 respuunt
2212 298 2249 325 et
2275 289 2421 328 abomi-

1362 346 1390 378 A
1412 356 1563 383 uantur.
1592 347 1757 396 Capillos
1788 346 1986 392 tondent²‚
2009 348 2171 385 scientes
2186 348 2296 398 juxta
2316 354 2414 400 Apo-

1412 407 1550 444 stolum
1571 407 1817 457 ignominiam
1837 421 1917 444 esse
1939 409 2044 453 viro,
2064 408 2094 445 si
2113 422 2259 446 comam
2281 411 2421 448 nutrie—

1414 468 1474 504 rit.
1501 471 1703 518 Nunquam
1728 468 1897 518 compti,
1920 482 2007 505 raro
2032 469 2126 516 loti,
2148 469 2266 519 magis
2295 479 2419 508 autem

1412 528 1585 578 neglecto
1604 529 1709 565 crine
1726 528 1890 578 hispidi,
1924 529 2084 579 pulvere
2106 529 2197 566 foedi
2219 544 2227 566 :
2248 530 2365 568 lorica
2383 540 2420 568 et

1414 598 1586 626 caumate
1613 590 1720 627 fusci.

1468 652 1502 687 8.
1525 654 1646 688 Porro
1676 651 1901 688 imminente
1929 649 2054 697 bello,
2082 651 2185 688 intus
2214 651 2310 699 fide,
2332 652 2421 690 foris

1413 712 1536 758 ferro,
1559 725 1637 749 non
1659 726 1754 749 auro
1775 726 1814 750 se
1836 712 2016 749 muniunt
2036 727 2044 749 z
2065 719 2255 762 quatenus
2273 713 2422 760 armati,

1411 780 1448 807 ct
1476 785 1553 808 non
1575 774 1721 820 ornati,
1742 772 1917 810 hostibus
1940 780 2085 809 metum
2115 771 2322 819 incutiant,
2343 786 2418 810 non

1412 840 1626 880 provocent
1643 832 1850 869 avaritiam.
1866 835 1995 881 Equos
2011 831 2151 868 habere
2169 831 2329 882 cupiunt
2349 833 2420 870 for-

1415 899 1469 927 tes
1488 900 1525 928 et
1545 891 1693 929 veloces
1707 921 1716 938 ,
1741 906 1819 929 non
1847 900 1973 929 tamen
1998 892 2190 929 coloratos
2209 900 2274 929 aut
2290 892 2420 942 phale-

1414 959 1516 988 ratos
1533 967 1540 988 :
1555 965 1720 1002 pugnam
1739 953 1882 1003 quippe
1896 966 1975 989 non
1990 966 2193 1003 pompam3
2207 953 2419 1002 victoriam,

1413 1011 1478 1048 sed
1495 1025 1572 1048 non
1594 1012 1754 1062 gloriam
1781 1013 2011 1062 cogitantes,
2031 1020 2069 1049 et
2087 1012 2282 1050 studentes
2302 1014 2418 1064 magis

333 1079 396 1101 1110
413 1065 568 1114 (lUldell)
591 1065 775 1102 lltsOllbsst
793 1065 993 1114 dlSCiPIlssss
1012 1077 1089 1100 DOH
1109 1063 1234 1109 deeSt,
1255 1062 1344 1100 Obe·
1364 1065 1393 1100 B
1412 1085 1491 1108 esse
1514 1071 1709 1108 sorsflidjni
1722 1101 1732 1118 ⁷
1753 1085 1867 1122 quan]
1886 1071 2142 1108 adlnirationi·
2163 1072 2312 1109 Deinde
2342 1086 2418 1110 non

332 1125 473 1161 ‹lientia
506 1139 744 1176 nequaquam
782 1126 1043 1161 contemnitur
1059 1154 1068 1172 ,
1099 1125 1188 1174 quia
1208 1154 1218 1171 ,
1251 1133 1344 1162 teste

333 1186 547 1235 Scriptura,
565 1188 720 1234 etfilim·
747 1187 1046 1234 indisciplinatus
1070 1185 1212 1234 perI'bit
1226 1193 1260 1233 ¹3
1281 1194 1338 1233 ct,

328 1257 526 1294 Just-catum
541 1257 594 1284 est
609 1248 826 1283 hariolandi
845 1261 1066 1296 repugnare,
1082 1256 1115 1283 ec
1135 1252 1248 1296 qnasi
1268 1261 1340 1282 sce-

333 1312 386 1344 lus
403 1312 631 1345 idololatriae
650 1312 748 1345 nolle
769 1314 1005 1358 acquiescere
1019 1313 1045 1344 ².
1067 1312 1161 1354 Itur,
1183 1316 1220 1344 et
1237 1307 1342 1344 redi-

333 1379 394 1406 tur
412 1370 459 1406 ad
480 1378 615 1406 nutum
646 1369 726 1420 ejus
756 1370 822 1419 qui
850 1377 988 1419 praeest
1007 1383 1014 1405 :
1034 1368 1209 1405 induitur
1236 1367 1341 1418 quod

332 1431 395 1466 illc
433 1430 656 1478 donaverit3
687 1445 757 1468 nec
790 1431 944 1467 aliunde
972 1431 1242 1467 vestimentum
1274 1442 1340 1466 seu

331 1490 552 1528 alimentum
586 1493 842 1542 praesumitur.
875 1495 921 1528 Et
941 1491 979 1528 in
1002 1491 1105 1527 victu
1131 1499 1169 1527 et
1199 1489 1339 1526 vestitu

330 1559 487 1587 cavetur
507 1565 620 1588 omne
641 1551 877 1601 superfluum
893 1579 902 1595 ,
926 1551 995 1587 soli
1015 1550 1229 1587 necessitati
1250 1563 1338 1586 con-

331 1611 479 1648 sulitur.
511 1612 661 1649 Vivitur
689 1612 802 1662 plane
824 1612 862 1648 in
885 1611 1078 1648 communi
1104 1610 1276 1660 jucunda
1301 1619 1339 1646 et

331 1670 457 1708 sobria
474 1672 784 1716 conversatione,
804 1671 946 1721 absque
967 1670 1171 1716 uxoribus,
1194 1678 1232 1707 et
1251 1669 1340 1707 abs—

331 1746 405 1781 quc
421 1732 561 1770 liberis.
584 1737 631 1770 Et
647 1746 695 1769 ne
714 1733 807 1782 quid
829 1732 925 1769 desit
941 1746 988 1769 ex
1009 1732 1227 1781 evangelica
1248 1744 1338 1781 per-

333 1793 496 1830 fectione
511 1822 520 1839 ,
543 1793 686 1843 absque
717 1793 821 1830 omni
849 1793 1010 1843 proprio
1031 1791 1339 1829 habitantunius

1414 1131 1627 1168 turbulenti
1655 1141 1720 1169 aut
1741 1131 1969 1183 impetuosi,
1997 1140 2034 1168 et
2058 1132 2166 1182 quasi
2194 1146 2242 1169 ex
2271 1133 2420 1171 levitate

1412 1192 1647 1243 praecipites‚
1667 1192 1733 1229 sed
1755 1193 1927 1229 consulte
1954 1200 2068 1242 atque
2096 1206 2182 1229 cum
2204 1193 2311 1230 omni
2329 1207 2419 1230 cau-

1408 1253 1481 1290 tela
1503 1262 1540 1289 et
1560 1253 1805 1303 providentia
1825 1267 1863 1291 se
1886 1254 1990 1304 ipsos
2022 1252 2266 1301 ordinantes,
2288 1262 2325 1290 et
2345 1253 2420 1291 dis-

1408 1321 1596 1363 ponentes
1631 1313 1669 1349 in
1708 1314 1826 1350 aciem
1849 1343 1858 1359 ,
1888 1313 1998 1362 juxta
2036 1312 2141 1363 quod
2172 1313 2219 1350 de
2249 1313 2422 1364 patribus

1410 1374 1593 1424 scriptum
1614 1383 1682 1411 est.
1699 1374 1788 1411 Veri
1805 1375 1979 1425 profecto
2002 1374 2184 1411 Israelitae
2204 1374 2420 1425 procedunt

1408 1433 1455 1470 ad
1476 1433 1575 1471 bella
1593 1434 1753 1485 pacifici.
1775 1439 1825 1472 At
1842 1448 1936 1472 vero
1956 1434 2023 1472 ubi
2046 1443 2206 1472 ventum
2233 1435 2347 1472 fuerit
2373 1435 2419 1473 ad

1408 1503 1600 1532 certamen
1619 1524 1628 1542 ,
1655 1503 1735 1531 tum
1767 1495 1921 1532 demum
1948 1495 2109 1546 pristina
2133 1496 2287 1533 lenitate
2312 1505 2419 1547 post·

1406 1556 1529 1605 posita
1544 1585 1554 1603 ,
1574 1564 1753 1606 tanquam
1771 1555 1800 1592 si
1816 1555 2010 1603 dicerent,
2028 1558 2164 1593 Nonne
2180 1562 2246 1606 qui
2266 1559 2421 1594 oderunt

1412 1626 1467 1660 le,
1484 1619 1663 1661 Domine,
1683 1619 1856 1661 oderam,
1877 1625 1913 1652 et
1932 1630 2044 1665 saper
2063 1621 2235 1653 inimicos
2257 1627 2336 1654 tuos
2357 1627 2419 1654 ta-

1408 1677 1600 1714 best-eham
1617 1675 1655 1714 ³?
1672 1678 1825 1715 irruunt
1841 1677 1878 1714 in
1895 1676 2133 1714 adversarios
2144 1707 2154 1725 ,
2170 1677 2299 1716 hostes
2316 1679 2420 1716 velut

1406 1752 1498 1777 oves
1518 1747 1700 1789 reputant
1715 1753 1724 1784 ;
1743 1751 1984 1788 nequaquam
1999 1767 2008 1784 ‚
2024 1737 2094 1774 etsi
2108 1739 2345 1788 paucissimi,
2359 1741 2418 1777 vel

1407 1812 1545 1836 saevam
1570 1798 1785 1836 barbariem
1807 1828 1816 1844 ‚
1841 1799 1901 1835 vel
1931 1811 2176 1835 numerosam
2203 1799 2417 1837 multitudi-

332 1852 449 1888 moris
465 1852 504 1888 in
523 1851 639 1888 domo
668 1865 770 1898 una,
795 1851 944 1889 solliciti
973 1865 1124 1888 servare
1153 1851 1337 1887 unitatem
1358 1856 1385 1893 C
1410 1872 1494 1895 nem
1530 1859 1790 1895 formidantes,
1822 1862 2023 1896 Noverunt
2049 1858 2238 1908 siquidem
2273 1872 2351 1896 non
2372 1859 2418 1897 de
2444 1898 2447 1899 ⁷

334 1912 488 1961 spiritus
505 1913 543 1948 in
564 1913 718 1949 vinculo
739 1913 855 1963 pacis.
872 1913 984 1950 Dicas
999 1913 1186 1949 universae
1206 1912 1339 1948 multi-

335 1972 475 2009 tudinis
504 1987 584 2010 esse
613 1987 680 2011 cor
710 1988 826 2011 unum
842 2004 851 2021 ,
872 1982 910 2010 et
929 1974 1093 2010 animam
1125 1986 1236 2010 unam
1260 1988 1267 2009 :
1289 1973 1342 2009 ita

334 2033 495 2083 quisquc
522 2047 600 2071 non
627 2034 785 2071 omnino
814 2034 1010 2084 propriam
1035 2034 1142 2083 sequi
1161 2034 1342 2070 volunta-

335 2101 407 2128 tcm
420 2121 429 2138 ,
446 2093 511 2130 scd
528 2094 644 2144 magis
662 2093 822 2143 obsequi
844 2094 978 2144 satagit
992 2094 1208 2144 imperanti.
1224 2095 1338 2131 ‘Nullo

335 2161 507 2202 tempore
521 2163 585 2190 aut
599 2154 712 2191 otiosi
726 2154 879 2200 sedent,
898 2162 963 2191 aut
979 2154 1118 2191 curiosi
1133 2163 1337 2204 vagantur:

334 2212 400 2248 sed
423 2227 573 2264 semper
593 2213 685 2251 dum
710 2228 787 2251 non
810 2214 1025 2264 procedunt
1041 2214 1169 2265 (quod
1184 2214 1339 2265 quidem

332 2287 419 2310 raro
451 2275 678 2326 contingit),
709 2289 756 2312 ne
786 2275 900 2325 gratis
935 2275 1139 2313 comedant
1172 2289 1310 2326 panem
1330 2305 1340 2322 ,

331 2347 525 2372 armorum
548 2350 613 2373 seu
638 2337 954 2374 vestimentorum
980 2337 1040 2374 vel
1071 2337 1187 2374 scissa
1215 2350 1342 2374 resar-

333 2396 457 2442 ciunt,
471 2397 531 2433 vel
548 2406 697 2434 vetusta
713 2398 910 2446 reficiunt,
928 2398 987 2434 vel
1003 2398 1220 2435 inordinata
1237 2411 1342 2435 com-

331 2465 503 2505 ponunt,
525 2465 562 2494 et
583 2471 745 2508 quaeque
763 2467 961 2509 postremo
982 2458 1154 2496 facienda
1176 2458 1343 2508 magistri

331 2517 510 2555 voluntas
530 2527 568 2555 et
592 2520 805 2556 communis
826 2519 959 2556 indicit
974 2521 1187 2558 necessitas.
1209 2524 1346 2558 Perso-

332 2591 377 2613 na
395 2578 493 2615 inter
507 2592 572 2617 eos
588 2580 742 2616 minime
757 2580 943 2630 accipitur
962 2595 969 2617 :
987 2580 1158 2618 defertur
1173 2581 1342 2625 meliori,

1408 1920 1485 1956 suis
1505 1933 1738 1970 praesumere
1758 1919 1925 1966 viribus,
1945 1918 2010 1956 sed
2032 1918 2078 1956 de
2098 1919 2241 1956 virtute
2266 1920 2418 1957 Domini

1409 1979 1566 2017 sabaoth
1599 1994 1754 2031 sperare
1782 1981 1979 2017 victoriam
2005 1994 2012 2016 :
2034 1980 2095 2017 cui
2111 1980 2291 2017 nimirum
2310 1981 2417 2018 facile

1409 2054 1489 2078 esse
1521 2040 1743 2088 confidunt,
1759 2040 1870 2091 juxta
1903 2040 2131 2077 sententiam
2166 2040 2392 2078 Macchabaei
2406 2071 2417 2088 ‚

1407 2101 1586 2138 concludi
1614 2101 1757 2138 multos
1787 2101 1825 2138 in
1854 2114 1990 2138 manus
2020 2114 2255 2151 paucorum,
2278 2109 2315 2138 et
2340 2115 2415 2144 non

1407 2175 1488 2199 esse
1509 2161 1763 2199 differentiam
1785 2162 1823 2199 in
1847 2170 2055 2212 conspectu
2073 2162 2142 2199 Dei
2157 2162 2242 2199 coeti
2257 2161 2417 2200 liberare

1408 2222 1447 2258 in
1469 2223 1598 2260 multis
1611 2252 1620 2269 ,
1636 2231 1674 2260 et
1688 2224 1726 2259 in
1748 2223 1897 2273 paucis;
1913 2222 2003 2272 quia
2020 2235 2097 2259 non
2114 2222 2152 2259 in
2172 2222 2415 2260 multitudine.

1409 2283 1596 2320 exercitus
1611 2292 1667 2321 est
1679 2283 1838 2321 victoria
1852 2283 1940 2320 belli
1954 2311 1963 2328 ,
1977 2283 2043 2320 sed
2058 2283 2104 2320 de
2117 2283 2215 2320 coelo
2234 2283 2417 2321 fortitudo

1409 2352 1465 2381 est
1477 2345 1502 2381 ⁴.
1519 2344 1630 2393 Quod
1645 2353 1683 2381 et
1698 2345 2004 2394 frequentissime
2022 2344 2170 2394 experti
2186 2353 2293 2391 sunt,
2308 2345 2359 2382 ita
2375 2354 2416 2382 ut

1409 2406 1636 2456 plerumque
1656 2406 1764 2456 quasi
1784 2414 2008 2456 persecutus
2034 2406 2082 2442 sit
2107 2418 2207 2442 unus
2233 2406 2358 2453 mille,
2378 2414 2415 2442 et

1411 2464 1488 2501 duo
1520 2465 1686 2515 fugarint
1716 2465 1848 2502 decem
1878 2465 2006 2502 millia.
2037 2469 2092 2502 Ita
2122 2464 2288 2515 denique
2319 2466 2416 2503 miro

1412 2525 1578 2576 quodam
1612 2540 1655 2563 ac
1685 2525 1866 2576 singulari
1893 2525 2009 2563 modo
2030 2535 2242 2563 cernuntur
2256 2535 2293 2564 et
2312 2527 2415 2577 agnis

1415 2585 1585 2624 mitiores
1598 2615 1608 2633 ,
1625 2595 1662 2623 et
1686 2585 1862 2623 leonibus
1884 2586 2089 2624 ferociores
2104 2616 2113 2633 ,
2135 2595 2178 2623 ut
2197 2600 2295 2638 pene
2312 2586 2416 2625 dubi-

332 2652 409 2674 non
431 2639 623 2677 nobiliori.
644 2644 801 2678 Honore
822 2654 860 2678 se
881 2641 1044 2679 invicem
1069 2642 1311 2692 praeveniunt
1328 2658 1338 2689 3
1359 2644 1392 2678 D
1410 2655 1484 2684 tem
1500 2646 1592 2696 quid
1604 2646 1734 2696 potius
1746 2659 1919 2684 censeam
1935 2646 2198 2698 appellandos,
2211 2647 2414 2684 monachos

333 2700 555 2737 alterutrum
590 2714 708 2738 onera
738 2710 915 2752 portant,
949 2710 990 2738 ut
1024 2703 1077 2739 sic
1106 2703 1343 2753 adimpleant

333 2759 452 2808 legem
475 2761 624 2799 Christi.
640 2761 810 2799 Verbum
837 2762 1006 2799 insolens
1021 2792 1031 2810 ,
1055 2776 1152 2813 opus
1177 2763 1312 2800 inutile
1331 2794 1340 2811 ,

335 2818 431 2854 risus
466 2819 766 2868 immoderatus,
796 2835 972 2859 murmur
1004 2823 1063 2859 vel
1097 2831 1235 2869 tenue,
1263 2823 1342 2861 sive

338 2880 546 2917 susurrium
569 2895 807 2932 nequaquam
827 2913 836 2929 ,
857 2882 923 2919 ubi
945 2883 1258 2933 deprehenditur,
1280 2898 1343 2922 re-

337 2939 524 2988 linquitur
545 2942 840 2980 inemendatum.
866 2944 1031 2981 Scacos*
1053 2953 1090 2981 et
1110 2945 1209 2982 aleas
1233 2945 1340 2982 dete-

337 3008 505 3045 stantur;
538 3000 746 3037 abhorrent
777 3004 1019 3041 venationem
1051 3020 1058 3041 :
1087 3018 1157 3041 nec
1192 3005 1339 3043 ludicra

335 3060 398 3096 illa
431 3059 556 3096 avium
595 3060 727 3109 rapina
756 3061 821 3111 (ut
850 3064 1015 3114 assolet)
1050 3064 1288 3102 delectantur
1306 3066 1335 3102 *.

334 3120 492 3164 Mimos,
512 3128 549 3156 et
569 3133 720 3169 magos,
746 3129 783 3156 et
812 3121 1061 3169 fabulatores,
1085 3125 1338 3175 scurrilesque

334 3181 562 3227 cantilenas,
577 3189 690 3230 atque
711 3181 888 3218 ludorum
910 3185 1142 3232 spectacula,
1159 3194 1337 3236 tanquam

1409 2707 1604 2754 videlicet,
1623 2721 1670 2744 an
1699 2707 1836 2744 milites
1854 2721 1862 2743 ε
1882 2707 1954 2744 nisi
1980 2706 2085 2757 quod
2106 2715 2312 2757 utrumque
2335 2707 2413 2744 for-

1410 2781 1475 2804 san
1497 2768 1770 2817 congruentius
1791 2767 2021 2804 nominarim
2038 2796 2049 2814 ,
2071 2767 2213 2818 quibus
2237 2776 2411 2804 neutrum

1409 2828 1538 2867 deesse
1563 2828 1819 2878 cognoscitur,
1841 2841 1912 2864 nec
1937 2827 2112 2865 monachi
2138 2826 2414 2873 mansuetudo,

1409 2901 1480 2925 nec
1500 2888 1627 2924 militis
1644 2886 1841 2924 fortitudo.
1859 2891 1916 2924 De
1937 2901 2011 2937 qua
2028 2901 2068 2924 re
2088 2887 2180 2937 quid
2197 2886 2410 2932 dicendum,

1408 2949 1479 2985 nisi
1500 2947 1604 2998 quod
1636 2961 1656 2984 a
1684 2948 1852 2984 Domino
1883 2947 2022 2984 factum
2056 2956 2113 2984 est
2140 2947 2264 2993 istud,
2292 2955 2329 2984 et
2357 2954 2412 2983 est

1407 3007 1579 3045 mirabile
1594 3008 1632 3044 in
1648 3008 1768 3044 oculis
1784 3007 1946 3044 nostris?
1957 3007 2064 3045 Tales
2079 3007 2150 3044 sibi
2165 3007 2278 3057 elegit
2290 3010 2408 3051 Deus,

1405 3078 1442 3106 et
1462 3070 1612 3119 collegit
1634 3083 1654 3106 a
1674 3068 1815 3106 finibus
1837 3077 1947 3105 terrae
1972 3068 2167 3105 ministros
2186 3082 2235 3106 ex
2253 3062 2411 3105 fortissi-

1405 3131 1475 3167 mis
1488 3130 1623 3175 Israel,
1639 3130 1703 3179 qui
1719 3129 1799 3166 veri
1813 3129 1994 3166 lectulum
2014 3129 2242 3175 Salomonis,
2261 3140 2408 3165 sacrum

1406 3190 1548 3227 scilicet
1577 3191 1792 3240 sepulcrum
1811 3219 1820 3235 ‚
1844 3189 2046 3238 vigilanter
2075 3188 2313 3238 fideliterque
2339 3201 2408 3224 cu-

386 3311 390 3324 ¹
412 3305 506 3335 Effl'll·
530 3314 619 3341 XXII,
641 3308 670 3335 3-
689 3323 731 3325 -’
754 3310 766 3325 ²
789 3307 801 3334 I
823 3307 900 3346 ch-
920 3316 974 3340 xv.
995 3310 1047 3336 215.
1070 3326 1106 3328 ξ
1124 3305 1138 3328 3
1158 3309 1237 3339 l‘sal.
1258 3322 1425 3349 cxxxviii,
1451 3317 1502 3344 21.
1525 3331 1567 3334 —
1587 3313 1599 3336 :⁸
1620 3310 1817 3343 lotam-hab.
1841 3323 1897 3349 ιιι,
1925 3315 1976 3349 18,
2005 3315 2055 3343 ta.

382 3369 393 3379 ·“
415 3365 513 3406 Hujus
531 3364 572 3394 rci
592 3369 739 3395 statutum
759 3363 868 3404 legitur
885 3363 916 3395 in
934 3366 1058 3406 Regula*
1080 3368 1330 3408 'l‘eiuplariorum
1351 3371 1503 3413 capitibus
1527 3375 1565 3402 28
1587 3378 1614 3402 et
1635 3377 1687 3403 29.
