2565 3952
107 129 180 167 289

1029 121 1292 157 EPISTOLAE.

2132 125 2208 162 200

1194 199 1271 236 suis
1289 199 1611 249 concupiscentiis
1628 201 1785 247 transit,
1803 201 1867 238 sed
1883 211 1917 239 te
1931 204 2038 253 prius
2053 208 2209 251 emittit,

106 273 1125 289 =====================================================================
1141 258 1173 292 A
1193 274 1308 310 quarn
1329 261 1411 311 ipse
1431 261 1652 310 pertransit·
1675 261 1774 310 Quid
1796 270 1830 298 te
1851 263 1931 300 Sine
1952 265 2026 301 fine
2048 265 2209 303 (1019,ka

292 385 675 443 EPISTOLA
727 384 906 441 CVII.

194 543 241 564 An
271 541 431 565 THOMAM
463 540 705 564 PRAEPOSITL‘M
737 540 786 562 DE
815 539 982 562 BEVERLA
997 531 1026 561 a.

103 650 241 683 Thomas
258 650 316 682 iste
332 650 445 682 Ordini
464 648 662 682 Cisterciensi
684 649 718 680 in
731 649 932 681 Clara-Valle
948 659 1014 680 sese
1030 647 1123 679 devo-

150 712 256 738 verat:
270 705 553 748 procrastinantem
562 704 740 737 Bernardus
753 704 898 736 hortatur
912 703 953 735 ad
965 710 1039 735 vota
1050 714 1122 745 per-

149 760 310 793 solvenda.
330 764 373 792 At
392 761 487 792 surdo
501 767 660 792 cantatum
677 772 810 803 sequens
824 760 949 791 docebit
966 759 1098 802 epistola
1109 784 1116 798 ,

149 815 204 847 ubi
230 815 388 848 infelicem
421 815 554 848 Thomae
585 815 705 847 exitum
733 821 972 847 commemorat.
1002 819 1038 847 In
1061 813 1121 845 hac

151 881 225 902 vero
242 877 305 903 tota
324 871 431 902 salutis
444 871 621 902 oeconomia
637 870 881 914 profundissime
896 870 1096 902 describitur.

145 997 287 1032 Tuom
308 993 449 1031 dilecto
471 993 568 1040 filio,
595 996 841 1042 Rem-mnus,
861 993 967 1044 quod
985 993 1075 1030 filio.

160 1110 192 1147 1.
220 1109 323 1159 Quid
343 1123 443 1160 opus
465 1118 522 1147 est
542 1109 693 1147 verbis?
716 1113 884 1148 Fervens
906 1110 1064 1162 spiritus
1086 1118 1123 1146 et

102 1171 310 1209 vehemens
340 1171 576 1208 desiderium
605 1171 749 1222 aperiri
779 1172 861 1208 sola
890 1172 1019 1221 lingua
1042 1185 1120 1208 non

102 1231 253 1269 sufficit.
272 1235 500 1282 Loquantur
519 1231 631 1269 nobis
651 1232 830 1269 affectum
849 1241 957 1269 tuum
979 1241 1016 1269 ct
1037 1232 1122 1268 reli—

103 1306 180 1343 qua
202 1292 386 1330 membra.
410 1296 580 1330 Praesens
601 1293 736 1329 melius
755 1301 793 1329 et
814 1292 1030 1329 innotesces
1050 1305 1121 1328 no-

104 1352 184 1400 bis,
207 1362 245 1390 et
276 1367 347 1390 nos
367 1366 588 1403 cognosces.
610 1344 847 1390 Jamdudum
873 1352 922 1389 ab
953 1353 1120 1389 invicem

105 1421 282 1450 tenemur
293 1413 521 1450 alterutrum
536 1412 751 1460 debitores;
771 1427 841 1463 ego
857 1413 979 1450 fidelis
996 1427 1097 1450 curae
1110 1443 1119 1460 ,

107 1483 147 1512 tu
180 1474 333 1512 humilis
365 1473 609 1512 obedientiae.
646 1474 790 1512 Probet
825 1483 1036 1525 utrumque
1050 1504 1059 1521 ,
1094 1474 1124 1510 si

105 1535 250 1586 placet,
268 1549 366 1586 opus
379 1565 390 1583 ‚
410 1549 490 1572 non
503 1536 684 1573 calamus.
702 1537 801 1573 Volo
822 1544 856 1573 te
876 1544 914 1572 et
930 1535 997 1572 tibi
1015 1549 1124 1572 usur-

105 1609 197 1647 pare
209 1625 220 1643 ,
241 1605 279 1633 et
297 1595 338 1633 in
354 1609 415 1633 me
432 1594 600 1646 probare
616 1595 720 1633 illam
740 1596 939 1646 Unigeniti
956 1609 1091 1632 vocem
1112 1610 1119 1632 :

111 1659 236 1707 Opera
255 1672 345 1708 qzcoe
373 1659 476 1694 dedit
498 1659 593 1694 milei
622 1659 742 1694 Pater
770 1667 810 1694 nt
826 1657 975 1706 faciam
991 1688 1002 1704 ,
1037 1662 1122 1706 ipsa

106 1724 355 1756 testimonium
372 1718 576 1769 perhibent
596 1721 643 1754 (le
671 1725 767 1756 me¹.
800 1719 860 1757 Sic
882 1732 1015 1755 revera
1029 1748 1038 1765 ,
1070 1718 1122 1755 sic

107 1778 209 1815 unici
225 1779 309 1816 Filii
324 1779 482 1829 spiritus
496 1779 758 1815 testimonium
777 1778 954 1829 perhibet
969 1778 1121 1829 spiritui
1142 1779 1168 1814 C
1190 1793 1435 1830 nequaquam
1458 1778 1675 1814 admittitur
1697 1791 1704 1813 t

109 1847 241 1876 nostro
256 1868 266 1886 ,
289 1839 395 1890 quod
415 1839 480 1877 tilii
501 1839 573 1877 Dei
592 1853 725 1876 sumus
749 1848 787 1876 et
809 1853 880 1877 nos
895 1870 904 1887 ,
927 1853 1015 1876 cum
1037 1852 1123 1875 sus-

108 1900 226 1937 citans
250 1914 297 1937 ex
319 1899 505 1951 operibus
524 1900 689 1937 mortuis
705 1900 867 1950 largitur
885 1914 1004 1951 opera
1020 1900 1122 1936 vitae.

108 1965 192 2000 Non
214 1975 261 1999 ex
284 1962 384 1999 soliis
400 1990 410 2008 ,
444 1975 523 1998 non
545 1975 593 1998 ex
613 1960 775 1998 floribus
791 1991 800 2009 ,
824 1961 891 1998 sed
921 1974 964 1997 ex
998 1961 1125 1997 fructu

108 2022 222 2060 arbor
237 2022 340 2060 bona
351 2053 362 2070 ,
378 2023 526 2059 malave
543 2022 794 2072 dignoscitur.
813 2023 990 2072 Denique
1006 2020 1127 2070 afru-

83 2119 91 2122 ξ
111 2083 249 2130 ctibus,
283 2084 359 2130 ait,
396 2089 621 2134 cognoscetis
654 2097 715 2119 eos
731 2090 757 2120 ².
787 2087 916 2134 Opera
947 2096 1060 2133 ergo,
1091 2090 1128 2119 et

110 2157 186 2181 non
217 2144 336 2182 verba
359 2144 585 2181 discernunt
604 2145 706 2181 inter
738 2145 837 2180 filios
871 2145 941 2181 Dei
963 2153 1001 2180 et
1031 2144 1128 2180 filios

111 2204 341 2243 diffidentiae.
380 2205 574 2256 Operibus
613 2205 780 2255 proinde
817 2205 1051 2242 desiderium
1092 2213 1128 2241 et

111 2266 212 2317 aperi
232 2274 361 2312 tuum,
384 2275 422 2303 et
442 2266 619 2317 experire
639 2275 830 2303 nostrum.

163 2325 492 2365 &Desideramus
511 2327 756 2378 praesentiam
776 2336 899 2373 tuam,
922 2327 1131 2377 quaerimus

5 2390 17 2398 ”
62 2397 63 2401 ’
113 2395 299 2438 optatam,
323 2388 402 2425 imo
424 2388 654 2438 promissam
675 2388 875 2438 exigimus.
899 2390 975 2425 Cur
995 2389 1129 2424 tanto?

113 2448 172 2486 Nil
189 2448 228 2486 in
245 2462 289 2486 ea
307 2463 398 2487 sane
423 2449 640 2500 expetimus
662 2449 709 2486 de
728 2463 844 2487 carne
862 2458 899 2486 et
928 2450 1127 2499 sanguine.

113 2511 191 2546 Aut
224 2510 413 2560 proficere
441 2523 508 2546 ex·
522 2518 559 2547 te
593 2510 772 2561 cupimus
792 2539 802 2557 ,
843 2519 909 2548 aut
944 2510 1129 2561 prodesse

1193 335 1304 358 amor
1326 335 1415 357 mox
1439 321 1658 358 finiendus?
1678 325 1756 358 Nos
1773 335 1866 359 vero
1889 331 1946 370 te,
1971 337 2048 361 non
2071 334 2133 362 tua
2155 325 2208 361 di—

1191 383 1344 432 ligimus
1363 397 1370 419 :
1393 390 1456 418 tua
1477 382 1571 428 sint,
1594 395 1615 419 a
1635 396 1713 432 quo
1735 391 1835 420 sunt.
1864 387 1922 421 Tu
1944 393 2017 421 tuae
2040 386 2207 434 promis-

1191 442 1309 479 sionis
1333 455 1504 489 memor,
1535 442 1590 479 tui
1622 441 1733 479 nobis
1765 443 1915 493 copiam
1953 444 2096 481 diutius
2129 458 2206 481 non

1191 503 1364 552 negaris,
1398 500 1615 539 amantibus
1644 510 1679 539 te
1701 502 1920 549 sinceriter,
1958 512 1995 540 et
2028 505 2211 540 amaturis

1190 562 1428 614 perenniter.
1451 565 1551 599 Pure
1575 561 1763 611 siquidem
1785 575 1855 599 nos
1876 570 2046 598 amantes
2067 563 2106 598 in
2132 562 2211 598 vita

1192 631 1346 670 nostra,
1369 623 1407 659 in
1436 630 1561 659 morte
1584 636 1742 672 quoque
1763 635 1841 659 non
1865 623 2009 659 erimus
2033 623 2210 672 separati.

1191 687 1284 721 Nam
1306 696 1350 720 ea
1371 696 1456 733 quae
1485 683 1524 720 in
1555 691 1615 730 te,
1645 683 1706 719 vel
1728 684 1858 734 potius
1884 682 1952 720 tibi
1970 682 2210 733 appetimus,

1190 757 1268 782 non
1290 743 1406 793 hujus
1437 744 1612 794 corporis
1634 752 1741 790 sunt,
1775 757 1845 781 nec
1877 743 1992 794 hujus
2027 743 2212 793 temporis

1191 815 1342 843 tantum
1365 821 1373 842 t
1396 805 1562 856 ideoque
1592 818 1664 842 nec
1694 819 1781 842 cum
1805 819 1971 856 corpore
1998 804 2209 848 deliciunt,

1192 881 1263 904 nee
1289 880 1377 904 cum
1409 874 1585 916 tempore
1607 875 1867 917 praetereiint3
1891 866 2066 917 quinimo
2085 866 2211 916 posito

1194 942 1360 980 corpore
1383 929 1471 978 plus
1493 927 1711 974 delectant,
1745 937 1833 979 post
1855 936 2030 978 tempora
2057 927 2210 963 durant.

1142 991 1169 1025 B
1191 991 1251 1028 Nil
1280 989 1403 1027 simile
1431 987 1577 1025 habent
1610 1002 1696 1025 cum
1729 1002 1845 1039 supra
1875 988 2108 1026 enumeratis
2145 1001 2212 1024 eo-

1191 1063 1326 1088 rumve
1347 1047 1555 1094 similibus,
1580 1061 1666 1098 quae
1690 1049 1822 1099 utique
1851 1049 1984 1085 insunt
2015 1047 2102 1093 tibi,
2131 1060 2210 1083 non

1190 1126 1237 1149 ex
1258 1116 1368 1149 Patre
1383 1140 1392 1156 ,
1416 1111 1481 1148 sed
1503 1124 1549 1147 ex
1570 1110 1729 1147 mundo.
1749 1110 1849 1159 Quid
1868 1111 2007 1147 horum
2028 1110 2130 1146 enim
2148 1109 2207 1145 vel

1190 1186 1270 1209 non
1290 1171 1479 1223 praevenit
1502 1179 1667 1207 mortem
1684 1201 1693 1217 ,
1715 1171 1774 1207 vel
1796 1184 1874 1207 non
1895 1170 2074 1207 invenit?

1245 1234 1280 1270 3.
1308 1237 1358 1270 At
1371 1246 1464 1268 vcro
1485 1232 1556 1268 ista
1577 1232 1724 1281 optima
1741 1244 1830 1282 pars
1848 1240 1922 1277 est,
1942 1245 2027 1281 quae
2049 1244 2126 1267 non
2148 1245 2211 1267 au-

1189 1295 1334 1330 feretur
1371 1293 1411 1329 in
1445 1300 1646 1328 {eternunr
1678 1291 1777 1339 Quid
1810 1292 1935 1328 istud?
1970 1294 2046 1328 Nec
2079 1292 2213 1327 oculus

1189 1355 1303 1401 vidit,
1332 1367 1404 1390 nee
1430 1353 1532 1389 auris
1565 1352 1712 1389 audivit
1730 1381 1739 1398 ,
1778 1365 1846 1388 nec
1874 1352 1910 1388 in
1945 1365 2013 1388 cor
2044 1351 2211 1387 hominis

1192 1414 1374 1452 ascendit.
1397 1413 1471 1462 Qui
1490 1413 1607 1449 homo
1626 1420 1704 1457 est,
1727 1421 1765 1448 et
1781 1411 1993 1449 secundum
2015 1411 2213 1448 hominem

1195 1475 1387 1521 ambulat,
1412 1474 1478 1523 qui
1504 1473 1706 1518 videlicet,
1732 1481 1774 1510 ut
1804 1473 2041 1509 manifestius
2060 1472 2182 1509 dicam
2204 1502 2213 1517 ,

1193 1536 1299 1573 carni
1324 1534 1450 1571 adhuc
1478 1533 1686 1583 acquiescit
1709 1541 1746 1569 et
1775 1532 1951 1582 sanguini
1968 1561 1977 1578 ,
2007 1531 2100 1581 quid
2120 1532 2215 1569 illud

1192 1598 1264 1643 sit,
1286 1596 1443 1646 penitus
1473 1594 1593 1632 nescit
1618 1610 1624 1631 :
1647 1594 1737 1644 quia
1767 1606 1857 1630 caro
1884 1601 1922 1630 et
1951 1593 2103 1642 sanguis
2135 1606 2213 1628 non

1191 1656 1445 1703 revelabunt,
1467 1669 1553 1706 quae
1575 1655 1678 1692 solus
1698 1654 1843 1691 revelat
1870 1657 1974 1691 Deus
1995 1667 2066 1703 per
2087 1654 2212 1703 Spiri-

1192 1728 1271 1756 tum
1288 1732 1413 1756 suum.
1433 1717 1618 1755 Animalis
1633 1730 1723 1766 ergo
1740 1716 1858 1752 homo
1875 1715 1921 1752 ad
1936 1715 2009 1751 hoc
2024 1723 2213 1751 secretum

1728 1775 1918 1826 siquidem
1951 1788 2029 1812 non
2051 1776 2216 1826 percipit

1192 1855 1236 1878 ca
1255 1854 1341 1891 quae
1369 1848 1459 1877 sunt
1485 1839 1642 1890 spiritus
1663 1838 1732 1875 Dei
1746 1837 1771 1874 3.
1794 1837 1897 1874 Beati
1919 1836 1986 1886 qui
2013 1836 2177 1873 audiunt
2208 1852 2215 1873 ς

1199 1905 1272 1938 Vos
1288 1911 1412 1937 (tutem
1433 1903 1520 1936 (lixi
1535 1904 1696 1944 amieos,
1717 1903 1806 1947 quia
1823 1899 1949 1933 omm'a
1971 1911 2217 1946 quoecamque

1195 1965 1324 1998 andivi
1342 1975 1366 1996 a
1382 1963 1500 1996 Patre
1517 1973 1612 2005 mea,
1629 1968 1718 1995 nota
1729 1956 1813 2006 feci
1827 1957 1931 1994 vohis
1945 1956 1972 1992 4.
1990 1960 2020 1994 O
2034 1957 2216 1994 saeculum

1195 2036 1384 2073 nequam,
1399 2021 1504 2071 quod
1519 2021 1622 2057 solos
1639 2029 1726 2057 tuos
1743 2019 1795 2056 sic
1810 2019 1910 2055 soles
1925 2017 2041 2054 beare
2058 2018 2216 2064 amicos,

1196 2093 1238 2121 nt
1254 2084 1325 2121 Dei
1341 2083 1454 2120 facias
1472 2082 1649 2118 inimicos
1661 2111 1670 2127 ,
1688 2087 1971 2129 consequenter
1986 2087 2023 2114 et
2041 2078 2219 2128 indignos

1196 2145 1358 2183 consilio
1379 2143 1582 2181 beatorum
1600 2146 1606 2180 i
1629 2143 1745 2180 Plane
1769 2142 1871 2178 enim
1889 2141 1955 2190 qui
1972 2140 2115 2176 amicus
2136 2140 2219 2175 vult

1197 2221 1278 2244 csse
1310 2216 1420 2253 tuus,
1442 2205 1622 2242 inimicus
1646 2204 1718 2240 Dei
1751 2201 2011 2239 constituitur.
2042 2200 2153 2248 Quod
2190 2201 2217 2236 si

1198 2281 1332 2305 servus
1350 2266 1471 2303 nescit
1493 2264 1585 2315 quid
1606 2264 1715 2300 saciat
1733 2263 1923 2300 Dominus
1942 2261 2023 2310 ejus
2038 2290 2047 2307 ,
2073 2269 2218 2310 quanto

1200 2329 1327 2365 minus
1357 2327 1566 2364 inimicus?
1596 2328 1718 2362 Porro
1749 2331 1877 2360 autem
1913 2322 2056 2358 amicus
2087 2321 2219 2370 sponsi

1197 2398 1291 2434 stat,
1319 2397 1357 2425 ct
1377 2387 1517 2437 gaudio
1548 2385 1689 2436 gaudet
1712 2392 1873 2434 propter
1894 2396 2030 2419 vocem
2053 2383 2184 2432 sponsi
2208 2396 2215 2417 :

1198 2450 1301 2487 unde
1323 2458 1359 2486 et
1380 2449 1554 2498 loquitur
1568 2477 1576 2493 ,
1601 2449 1743 2481 Anima
1761 2458 1845 2480 mea
1863 2441 2071 2492 liquefacta
2087 2453 2158 2485 esc,
2182 2452 2221 2478 nt

1199 2514 1356 2548 dilectus
1379 2513 1523 2546 locutus
1542 2518 1594 2544 est
1607 2506 1632 2544 5.
1655 2506 1812 2543 Amicus
1838 2506 1967 2554 itaque
1992 2504 2125 2541 mundi
2148 2518 2217 2540 ex-

115 2568 193 2608 tibi.
208 2571 453 2610 Generositas
470 2572 684 2622 sanguinis,
704 2573 916 2623 proceritas
936 2573 1129 2623 corporis,
1152 2582 1184 2615 D
1200 2573 1368 2610 cluditur
1389 2585 1408 2607 a
1430 2570 1591 2607 consilio
1614 2568 1827 2605 amicorum
1848 2566 1941 2611 Dei,
1963 2565 2029 2614 qui
2047 2578 2123 2600 non
2145 2565 2220 2614 spi-

115 2630 237 2668 forma
249 2632 401 2682 elegans
411 2662 420 2679 ,
430 2631 616 2683 juvenilis
630 2632 748 2669 decor
758 2662 768 2679 ,
782 2633 929 2683 praedia
943 2663 952 2680 ,
972 2633 1111 2683 palatia
1121 2665 1130 2682 ,

115 2690 298 2730 immensa
312 2694 508 2744 supellex,
530 2693 740 2744 infulaeque
761 2693 989 2744 dignitatum
1005 2709 1014 2740 ;
1034 2693 1132 2730 adde

117 2760 154 2790 et
177 2753 312 2791 mundi
337 2754 564 2805 sapientiam
587 2769 595 2791 2
619 2754 667 2791 de
689 2754 838 2791 mundo
863 2763 954 2791 sunt
972 2754 1074 2800 haec,
1096 2761 1133 2789 et

70 2865 71 2870 Ἰ
118 2814 282 2852 mundus
299 2814 405 2864 quod
423 2828 535 2852 suum
553 2823 634 2861 est,
652 2814 786 2865 diligit.
809 2815 882 2853 Sed
905 2815 1132 2865 quousque?

116 2876 200 2911 Non
220 2876 345 2913 solum
373 2876 476 2913 enim
497 2889 577 2912 non
600 2889 772 2926 semper,
802 2884 938 2926 utpote
959 2877 1025 2926 qui
1052 2888 1133 2912 non

119 2946 268 2986 semper
285 2937 376 2985 erit,
398 2951 533 2974 verum
551 2951 622 2974 nec
644 2937 710 2974 diu
731 2937 900 2987 quidem.
921 2938 996 2974 Diu
1019 2936 1134 2986 siqui-

120 2993 205 3032 dem
224 2996 296 3034 ista
320 2998 360 3034 in
382 3007 418 3035 te
437 2998 607 3035 mundus
635 2997 778 3035 habere
805 3012 883 3035 non
906 2998 1072 3049 poterit,
1097 3006 1135 3033 et

122 3062 158 3092 te
177 3057 321 3108 quippe
341 3059 469 3110 ipsum
489 3059 527 3096 in
551 3058 660 3096 brevi
689 3072 769 3096 non
790 3058 991 3096 habiturus
1014 3073 1021 3094 :
1046 3071 1134 3094 nam

120 3113 255 3156 breves
272 3118 353 3156 dies
373 3120 540 3157 hominis
560 3129 662 3157 sunt,
681 3120 850 3158 Mundus
870 3119 1026 3169 quidem
1049 3132 1134 3155 cum

1200 2634 1317 2670 ritum
1349 2630 1465 2680 hujus
1492 2629 1627 2667 mundi
1655 2635 1913 2678 acceperunt,
1950 2625 2015 2661 sed
2044 2625 2219 2674 spiritum

1201 2695 1267 2744 qui
1299 2707 1345 2730 ex
1368 2695 1450 2729 Deo
1481 2699 1562 2736 est,
1594 2698 1636 2726 ut
1657 2689 1777 2726 sciant
1799 2700 1884 2737 quae
1914 2699 1934 2722 a
1962 2689 2044 2722 Deo
2078 2685 2221 2721 donata

1201 2763 1292 2792 sunt
1309 2752 1392 2790 sibi.
1412 2752 1608 2789 Confiteor
1628 2749 1715 2795 tibi,
1731 2753 1863 2794 Pater,
1882 2746 1970 2796 quia
1989 2744 2221 2781 abscondisti

1202 2816 1282 2852 haec
1303 2828 1324 2851 a
1356 2812 1595 2864 sapientibus
1619 2820 1657 2847 et
1678 2808 1953 2860 prudentibus,
1975 2814 2011 2843 et
2042 2805 2220 2842 revelasti

1202 2889 1246 2913 ea
1266 2875 1448 2926 parvulis.
1471 2878 1529 2910 Ita
1544 2902 1553 2919 ,
1582 2876 1715 2917 Pater,
1750 2871 1841 2920 quia
1867 2869 1919 2905 sic
1942 2867 2010 2903 suit
2031 2867 2216 2917 placitum

1202 2950 1331 2974 coram
1355 2934 1418 2972 te‘3
1434 2964 1443 2981 ,
1476 2947 1556 2971 non
1578 2933 1667 2983 quia
1687 2932 1740 2969 sic
1764 2930 1944 2968 meritum
1965 2928 2026 2963 vel
2044 2926 2091 2963 ab
2112 2926 2215 2976 ipsis.

1202 3001 1345 3035 Omnes
1366 2996 1467 3033 enim
1489 3001 1771 3045 peccaverunt,
1793 3000 1830 3028 ct
1850 2998 1963 3040 egent
1983 2988 2103 3038 gloria
2128 2996 2190 3023 tua
2211 3001 2218 3022 :

1203 3065 1246 3093 ut
1266 3056 1382 3106 gratis
1403 3055 1531 3092 mittas
1552 3054 1735 3104 Spiritum
1759 3052 1843 3090 Filii
1866 3051 1920 3086 tui
1937 3049 2162 3084 clamantem
2185 3047 2224 3082 in

1204 3116 1387 3155 cordibus
1409 3116 1574 3152 filiorum
1591 3113 1830 3164 adoptionis,
1847 3109 1979 3155 Abba,
1996 3112 2118 3144 Pater.
2140 3110 2222 3142 Hoc

172 3257 182 3273 ¹
203 3255 296 3285 Joan·
321 3266 352 3292 V,
377 3258 432 3287 36.
451 3274 497 3278 --
519 3255 670 3294 zflMatth.
693 3267 754 3293 vn,
786 3259 838 3287 10.
856 3274 900 3277 ——
928 3253 938 3275 5
961 3258 973 3285 1
997 3256 1070 3285 Cor.
1093 3265 1135 3290 ιι,
1164 3256 1217 3284 1'1.
1240 3271 1280 3275 —
1304 3253 1430 3283 4Joan.
1460 3261 1514 3286 xv,
1539 3253 1592 3280 15.
1610 3268 1654 3271 r-
1674 3246 1685 3268 5
1708 3246 1828 3278 Cantic.
1849 3257 1878 3280 v,
1899 3248 1930 3273 0.
1949 3260 1990 3264 ff
2007 3239 2022 3261 6
2042 3238 2157 3271 Manli.
2176 3249 2223 3273 xx,

78 3323 80 3327 -
129 3306 263 3344 25‚26.

281 3379 372 3403 Toni.
407 3381 431 3404 Ῐ.

1215 3310 1228 3324 “
1246 3306 1333 3338 Alias
1345 3330 1352 3344 ,
1374 3303 1412 3335 de
1430 3302 1613 3335 Rem-laco.
1636 3301 1719 3332 Vide
1733 3299 1895 3342 epistolam
1917 3299 1953 3326 lit
1970 3299 1995 3324 1.

1992 3354 2038 3388 10
