2517 3920
339 106 407 141 551

1107 102 1141 133 S.
1175 100 1429 134 BERNARDI
1458 95 1662 133 ABBATIS

2437 50 2439 57 r

2437 59 2439 74 l

2358 95 2439 139 752÷

389 189 554 219 Annum
572 209 581 226 ,
606 180 721 216 frater
742 182 968 215 Bnnsinncs
995 176 1255 214 Clarae-Vallis
1284 189 1355 212 vo·
1374 179 1401 212 A
1421 176 1495 212 hoc
1515 174 1680 225 petentis
1701 171 1871 209 excludit
1887 170 2098 221 pudorem,
2118 179 2154 206 et
2172 170 2201 207 si
2221 171 2337 210 sactus
2354 187 2441 213 sum,¹

391 251 496 280 catus
517 240 634 278 abbas
648 269 656 285 ,
681 240 841 277 salutem
863 246 898 274 et
921 237 1179 274 dilectionem.

389 377 582 422 Rogamus
621 378 662 406 ut
699 376 848 418 patrem
883 374 1053 403 vestrum
1097 365 1156 401 rel
1190 364 1357 414 aliquem

337 436 452 471 alium
478 431 656 469 nuntium
679 426 948 466 rationabilem
976 435 1014 464 et
1040 426 1247 462 discretum
1268 425 1359 461 mit-

337 495 423 532 tatis
452 507 522 544 pro
550 491 662 528 nobis
691 489 795 541 apud
820 487 1260 526 Montem-Pessulanum
1278 515 1288 532 ,
1307 486 1359 523 ita

336 564 379 592 ut
398 553 452 591 ibi
467 553 515 590 sit
534 553 572 589 in
592 552 744 590 Octavis
764 549 1050 600 Assumptionis
1070 547 1191 585 beatae
1203 547 1332 584 Mariae
1350 562 1356 583 ε

336 620 375 653 in
394 617 475 666 ipsa
491 614 592 652 enim
612 613 672 650 die
690 621 728 649 et
745 613 783 649 in
799 612 883 662 ipso
899 610 986 647 loco
1005 608 1148 646 debent
1165 622 1245 646 esse
1262 621 1357 645 nnn-

340 679 378 714 tii
411 677 510 727 regis
538 675 673 712 Siciliae
688 680 702 696 ‘¹
718 703 727 720 ,
749 673 816 723 qui
837 670 1077 709 descendunt
1103 683 1206 707 mare
1233 670 1270 706 in
1289 682 1357 705 na—

335 736 467 783 vibus,
497 744 537 772 ut
559 742 717 785 portent
744 732 860 768 filiam
881 730 1030 767 comitis
1047 727 1258 766 Theobaldi
1278 727 1356 764 filio

337 798 483 835 domini
505 797 574 834 sui.
598 796 634 834 Si
657 795 754 831 forte
772 792 819 830 ad
841 805 938 842 opus
956 792 1115 828 fratrum
1134 798 1355 826 nostrorum

336 872 453 897 naves
466 856 710 901 adduxerint,
725 862 763 890 et
777 851 1022 902 requisierint
1037 849 1227 887 abbatiam
1241 862 1355 899 quam

337 919 489 957 missuri
515 929 686 961 eramus,
709 914 867 951 nuntius
890 921 1016 949 vester
1036 910 1174 948 habeat
1200 924 1270 947 nos
1290 923 1359 946 ex-

337 989 487 1018 cusatos
503 980 518 993 *
539 980 578 1015 in
598 978 679 1014 liaec
696 974 815 1012 verba
836 989 843 1011 τ
861 991 874 1005 a
894 977 1045 1011 Fratres
1062 972 1217 1023 quidem
1234 972 1358 1022 parati
1378 970 1404 1004 Β

336 1059 351 1074 11
374 1049 501 1087 erant,
524 1048 561 1076 et
589 1037 742 1075 abbatia
768 1035 968 1081 ordinata3
996 1033 1062 1071 sed
1091 1033 1272 1070 dominus
1294 1033 1359 1069 Al-

336 1121 349 1136 »
374 1103 483 1139 fanus
503 1100 661 1138 nuntius
681 1097 829 1135 domini
856 1096 954 1146 regis
973 1095 1108 1133 Siciliae
1133 1094 1248 1141 dixit,
1270 1094 1359 1144 quia

337 1183 350 1197 »π
374 1177 440 1200 rex
462 1175 539 1199 non
562 1158 782 1210 requirebat
799 1157 870 1195 nisi
889 1157 986 1194 duos
1003 1156 1139 1193 fratres
1152 1186 1161 1203 ,
1179 1155 1245 1206 qui
1263 1168 1360 1206 prae-

338 1242 352 1257 »
374 1224 555 1261 cederent
579 1222 673 1258 alios
702 1220 748 1257 ad
774 1218 986 1256 videndum
1008 1218 1157 1265 locum;
1183 1231 1267 1254 cum
1291 1230 1360 1253 au—

336 1304 348 1318 >μ
374 1295 449 1322 tem
477 1282 664 1334 placuerit
693 1280 852 1318 domino
874 1279 976 1329 regi,
998 1276 1227 1328 significabit
1249 1275 1360 1314 nobis

339 1365 352 1379 υ
374 1346 611 1383 voluntatem
644 1356 750 1380 suam
782 1341 828 1378 de
858 1349 939 1377 tota
961 1338 1113 1376 abbatia
1134 1339 1245 1376 simul
1268 1338 1358 1374 mit-

337 1427 349 1440 ›=
376 1407 490 1444 tenda
524 1422 531 1443 :
562 1419 649 1442 nam
685 1403 898 1455 periculum
925 1410 982 1439 est
1007 1400 1202 1451 religionis
1227 1408 1265 1436 et
1296 1413 1360 1436 or-

339 1489 351 1499 ι·
373 1468 497 1511 dinis,
534 1467 631 1504 sicut
674 1473 800 1502 vestra
833 1461 1079 1514 providentia
1112 1461 1243 1508 novit,
1279 1461 1359 1498 fra-

338 1549 350 1563 »
375 1539 450 1566 tres
477 1529 557 1566 sine
586 1525 806 1576 disciplina,
831 1525 911 1561 sine
938 1522 1113 1560 custodia
1130 1523 1190 1559 vel
1212 1521 1361 1559 abbatis

338 1612 343 1623 ›
372 1592 431 1630 vel
460 1591 621 1628 aliorum
653 1590 812 1625 fratrum
841 1599 1000 1624 suorum
1027 1586 1170 1623 versari
1196 1585 1235 1622 in
1259 1593 1360 1622 terra

340 1674 345 1684 ι
374 1653 507 1689 aliena.
535 1671 548 1683 »

1422 236 1629 286 insipiens,
1650 235 1733 285 ipsa
1755 246 1816 269 me
1839 232 1975 281 coegit.

2102 367 2214 376 zxnnxsns
2218 367 2272 377 xxxx
2276 369 2330 378 ====
2334 369 2443 383 ιι-νινιιν

1531 483 1905 544 EPISTOLA
1967 484 2338 541 CDXLVIII.

1706 645 1754 667 AD
1786 643 1914 666 REGEM
1942 642 2178 665 FRANCORUM.

1425 769 1560 797 Excusat
1579 776 1611 795 se
1629 775 1646 794 a
1663 761 1862 805 suscipienda
1879 761 2030 804 dignitate
2049 760 2091 791 ad
2109 771 2204 803 quam
2227 760 2342 793 electus
2361 769 2433 796 erat.

1534 888 1629 937 Regi
1660 890 1895 925 Francorum
1910 915 1920 933 ,
1943 886 2061 923 frater
2079 889 2320 923 Ber-manus.

1481 1021 1627 1066 Placet,
1660 1020 1800 1066 fateor,
1831 1018 1937 1069 quod
1962 1018 2002 1055 in
2033 1017 2092 1054 his
2122 1031 2208 1068 quae
2238 1018 2309 1055 Dei
2329 1027 2455 1066 sunt,

1428 1090 1532 1119 tanta
1567 1081 1784 1118 sinceritate
1818 1079 2039 1118 versamini.
2080 1083 2174 1118 Nam
2211 1087 2254 1117 ut
2285 1079 2357 1119 alia
2387 1088 2437 1120 ta-

1428 1155 1552 1188 ceam,
1583 1154 1827 1192 nequaquam
1857 1139 2144 1191 promotionem
2173 1139 2301 1177 miseri
2321 1130 2457 1178 homi-¹

1428 1203 1486 1239 nis
1507 1210 1708 1252 tantopere
1736 1201 1922 1239 curaretis
1936 1201 1974 1247 *,
1998 1201 2028 1238 si
2049 1214 2129 1237 non
2154 1209 2253 1238 esset
2276 1200 2316 1237 in
2337 1214 2440 1240 causa

1427 1267 1531 1301 Deus
1554 1278 1561 1300 ε
1581 1276 1659 1313 quo
1681 1262 1782 1299 enim
1806 1262 1881 1299 alio
1903 1261 2166 1299 emolumento
2187 1261 2227 1298 id
2248 1261 2300 1298 ita
2317 1262 2438 1312 place-

1427 1332 1504 1370 ret,
1529 1337 1615 1361 cum
1643 1324 1714 1360 sim
1736 1336 1886 1374 pauper
1910 1331 1949 1360 et
1968 1323 2112 1373 inops?
2132 1326 2210 1361 Nec
2224 1323 2369 1376 ‘sufficit
2385 1337 2440 1362 as-

1428 1387 1588 1433 sentire,
1608 1385 1768 1436 insuper
1793 1393 1831 1421 et
1858 1384 2014 1435 rogatis.
2037 1383 2237 1422 Exhibetis
2253 1384 2440 1433 favorem,

1428 1447 1573 1497 largum
1603 1446 1733 1497 gratiae
1766 1446 1893 1483 sinum
1921 1444 2160 1496 expanditis,
2191 1454 2230 1482 et
2257 1458 2306 1482 ne
2331 1437 2442 1484 onera

1427 1507 1682 1558 pusillanimis
1721 1506 1969 1545 reformidem
1986 1535 1996 1553 ,
2034 1506 2219 1544 auxilium
2261 1505 2308 1543 de
2346 1507 2441 1558 regia

1429 1569 1672 1619 protectione
1705 1567 1944 1618 promittitis.
1973 1570 2158 1616 Quaenam
2185 1566 2266 1604 haec
2291 1567 2330 1604 in
2360 1580 2440 1618 rege
2460 1567 2481 1595 ’-

1430 1628 1616 1679 dignatio,
1632 1629 1670 1665 in
1690 1628 1934 1666 adolescente
1956 1628 2336 1667 maturitas?Verum
2354 1641 2440 1679 ego,
2461 1631 2465 1639 '

1429 1691 1574 1741 optime
1596 1694 1697 1737 Rex,
1715 1690 1937 1727 nullatenus
1963 1690 2166 1740 acquiesco
2193 1690 2345 1727 mittere
2371 1702 2442 1728 ma-
2462 1711 2471 1729 ὴ

339 1788 1358 1805 ......................................................................
1380 1748 1407 1786 c
1542 1749 1589 1788 ad
1610 1750 1743 1797 fortia,
1770 1749 1887 1787 cored
1905 1750 2068 1801 pusinus
2083 1779 2093 1796 ‚
2111 1750 2254 1787 fractus
2271 1762 2442 1800 corpore,

1431 1822 1468 1850 et
1490 1812 1550 1849 cui
1572 1813 1696 1849 solum
1713 1826 1812 1863 pene
1831 1821 2007 1863 superest
2024 1812 2265 1863 sepulcrum3
2285 1825 2362 1849 non
2383 1824 2442 1849 au·
2464 1837 2485 1856 ,-

1428 1873 1502 1910 deo
1529 1886 1689 1923 prorsus
1706 1872 1754 1909 ad
1774 1880 1905 1909 sancta
1924 1871 2107 1922 indignus
2134 1880 2173 1908 et
2198 1864 2441 1910 insufficiens.

454 1918 830 1979 EPISTOLA
883 1916 1228 1975 CDXLVII.

693 2075 740 2096 AD
772 2072 999 2096 ANONYMFM.

385 2192 591 2226 Commendat
608 2192 636 2222 ei
655 2190 801 2221 abbatem
820 2191 843 2220 F
846 2187 1000 2219 arfensem
1019 2193 1132 2218 sanctae
1151 2186 1295 2217 Ecclesiae

659 2248 811 2276 Romanae
832 2243 1036 2275 cardinalem.

389 2372 523 2408 Virum
543 2368 715 2406 nobilem
743 2376 781 2404 et
800 2380 939 2417 genere
962 2374 999 2402 et
1021 2363 1214 2410 moribus,
1238 2362 1358 2400 abba-

337 2443 411 2469 tem
433 2431 673 2475 Farfensem,
706 2428 927 2478 apostolicae
955 2426 1062 2465 Sedis
1083 2425 1318 2463 cardinalem
1338 2426 1355 2442 '¹

336 2493 444 2530 vobis
481 2490 822 2536 commendamus,
859 2497 902 2526 ut
939 2502 1027 2526 eum
1062 2486 1278 2524 honorifice
1319 2494 1357 2522 et

336 2553 586 2591 amicabiliter
620 2551 844 2601 suscipiatis.
867 2549 1075 2587 Descendit
1101 2561 1122 2585 a
1144 2548 1262 2584 latere
1283 2545 1356 2582 do·
1378 2547 1409 2584 D
1426 2541 1487 2578 hic
1509 2554 1662 2587 sumus,
1686 2541 1863 2591 quamvis
1883 2549 2130 2592 peccatores,
2150 2555 2223 2592 pro
2242 2554 2361 2592 regno
2380 2553 2446 2578 ve-
2476 2581 2480 2593 ι

337 2616 430 2652 mini
459 2619 571 2664 Papae
597 2612 645 2650 ad
673 2613 818 2649 curiam
850 2612 965 2661 Regis
991 2610 1039 2648 ab
1062 2611 1147 2660 ipso
1169 2616 1327 2645 vocatus
1344 2636 1353 2653 ,

335 2676 479 2714 habens
508 2675 555 2712 ad
587 2675 713 2724 ipsum
747 2672 865 2710 verba
902 2680 1047 2709 secreta
1078 2671 1127 2708 de
1158 2668 1355 2706 communi

336 2738 490 2788 negotio
528 2735 634 2785 regni
663 2743 701 2771 et
738 2734 928 2771 Ecclesiae.
966 2731 1155 2782 Suscipite
1193 2730 1354 2766 honeste

333 2797 553 2842 hominem,
579 2803 616 2832 et
646 2794 844 2831 hominem
866 2792 979 2829 bonae
1005 2789 1234 2835 voluntatis,
1257 2797 1295 2825 et
1315 2788 1355 2824 in

336 2874 382 2894 eo
404 2855 695 2894 excellentiores
715 2853 908 2905 principes
930 2851 1066 2889 mundi
1081 2881 1090 2897 ,
1112 2863 1199 2887 enm
1220 2848 1356 2886 videli-

337 2927 396 2956 cet
418 2932 439 2954 a
459 2930 536 2967 quo
559 2915 682 2959 venit,
701 2923 738 2951 et
758 2927 846 2950 eum
867 2913 914 2950 ad
935 2926 1051 2962 quem
1071 2911 1195 2957 venit,
1214 2914 1356 2960 Papam

337 2989 376 3017 et
400 2982 678 3028 Imperatorem
712 2974 856 3024 pariter
888 2973 1088 3009 honorate.
1119 2969 1358 3008 Temeritatis

338 3040 493 3090 quidem
529 3046 610 3081 cst,
639 3035 743 3086 quod
775 3048 844 3084 ego
881 3033 1052 3070 tantillus
1086 3033 1200 3069 talem
1231 3031 1358 3067 virum

337 3101 446 3138 robis
477 3098 600 3135 audeo
625 3095 916 3139 commendare3
940 3094 1005 3130 sed
1027 3093 1221 3130 humilitas
1241 3091 1360 3141 ipsius

390 3243 397 3256 ¹
422 3236 518 3267 Eccli.
539 3245 627 3270 xxx,
656 3235 710 3263 24.

1428 1939 1511 1972 Hoc
1531 1933 1776 1970 considerare
1796 1932 2012 1970 debuerant
2029 1941 2206 1971 auctores
2222 1933 2441 1971 electionis:
2467 1935 2495 1983 ¹2,-
2516 1950 2517 1954 ¹

1429 1995 1459 2031 si
1495 1994 1808 2041 dissimularunt,
1836 2007 1908 2044 ego
1936 2007 2015 2031 non
2047 2007 2171 2044 queo,
2200 1993 2306 2045 quod
2337 1994 2441 2044 lego,
2466 2007 2470 2026 ;

1429 2057 1617 2092 Miserere
1637 2061 1782 2092 animoe
1802 2064 1881 2092 tuce
1897 2058 2055 2104 placens
2074 2058 2156 2092 Deo
2173 2062 2198 2093 ¹.
2217 2059 2294 2093 Aut
2313 2055 2344 2092 si
2361 2054 2443 2092 ido-

1427 2130 1542 2154 neum
1575 2116 1825 2154 crediderunt
1856 2116 1907 2155 ob
1941 2116 2115 2155 habitum
2147 2116 2341 2167 religionis
2370 2129 2444 2167 quo

1427 2177 1595 2223 induor,
1617 2177 1658 2214 in
1687 2176 1821 2214 habitu
1850 2177 1997 2228 species
2025 2185 2081 2214 est
2105 2176 2342 2223 sanctitatis,
2371 2188 2445 2213 non

1427 2239 1617 2275 sanctitas.
1652 2241 1774 2275 Nemo
1805 2238 1899 2274 mihi
1932 2251 1992 2275 me
2023 2238 2174 2284 notior,
2201 2237 2348 2275 nemini
2380 2249 2445 2288 ego

1427 2312 1542 2349 quam
1568 2298 1661 2335 mihi
1683 2313 1691 2336 ε
1715 2312 1793 2335 non
1824 2299 1938 2349 plane
1962 2312 2022 2336 me
2046 2298 2162 2336 credo
2188 2307 2324 2336 contra
2344 2297 2445 2335 testi-

1427 2360 1603 2397 monium
1639 2359 1886 2396 conscientiae
1921 2372 2016 2397 meae
2047 2359 2269 2397 videntibus
2302 2367 2444 2396 tantum

1423 2420 1464 2456 in
1486 2420 1580 2457 facie
1606 2428 1644 2456 et
1663 2418 1876 2456 secundum
1907 2420 2041 2457 faciem
2058 2418 2336 2469 judicantibus.
2356 2422 2448 2456 Eeoe

1424 2494 1495 2531 ego
1510 2489 1548 2517 et
1564 2480 1677 2531 pueri
1698 2480 1786 2526 mei,
1807 2493 1906 2530 quos
1923 2480 2031 2517 dedit
2050 2480 2144 2517 mihi
2163 2484 2281 2528 Deus,
2301 2487 2449 2517 orantes

1424 2610 1507 2639 stro
1529 2610 1568 2638 et
1583 2610 1710 2638 vestra
1730 2615 1897 2652 persona
1915 2617 1923 2639 z
1946 2602 1977 2639 si
1998 2602 2183 2653 separatis
2197 2601 2245 2640 ab
2261 2602 2444 2648 invicem,

1423 2661 1463 2699 id
1481 2661 1636 2712 quidem
1655 2661 1810 2699 difficile
1829 2670 1866 2699 et
1883 2662 2059 2710 crudele3
2077 2676 2157 2700 non
2172 2663 2219 2700 ad
2236 2662 2442 2708 orandum,

1423 2723 1489 2760 sed
1521 2723 1754 2774 plorandum
1784 2724 2017 2774 provocatis.
2046 2728 2242 2762 Hactenus
2261 2738 2334 2775 pro
2354 2736 2413 2761 me
2429 2739 2438 2761 :

2470 2054 2498 2091 ⁴3³

2467 2104 2497 2167 ‚vi

2468 2184 2498 2235 ΡΞ

2483 2250 2500 2276 'J

2470 2307 2500 2339 ,ε

2481 2364 2499 2395 ιι

2472 2422 2501 2454 12·

2472 2491 2501 2517 ΡΙ

2472 2549 2501 2573 [o

2492 2737 2506 2756 ’ί

1420 2784 1502 2834 jam
1522 2798 1593 2835 pro
1616 2785 1784 2823 Ecclesia
1805 2785 1898 2836 quid
1919 2787 2109 2837 parturiat
2125 2786 2294 2833 animus,
2312 2785 2441 2836 digne-
2495 2800 2500 2812 ¹

1424 2845 1543 2891 mini,
1571 2845 1732 2883 obsecro
1747 2875 1756 2893 ,
1780 2846 1912 2897 paucis
1943 2847 2155 2884 attendere.
2183 2847 2296 2885 Sedet
2316 2847 2354 2883 in
2376 2845 2441 2883 tri-

1425 2906 1525 2943 stitia
1553 2906 1710 2944 domina
1734 2908 2012 2955 Ecclesiarum,
2042 2917 2080 2946 et
2106 2908 2285 2959 lacrymae
2305 2907 2386 2958 ejus
2402 2907 2439 2944 in

1426 2967 1592 3005 maxillis
1623 2967 1706 3017 ejus
1729 2983 1736 3005 :
1762 2976 1932 3006 mutatus
1953 2978 2010 3006 est
2036 2970 2144 3006 color
2163 2969 2332 3020 optimus
2346 2997 2356 3015 ,
2378 2967 2441 3005 de-

1427 3028 1560 3065 floruit
1579 3028 1738 3078 antiqua
1757 3037 1956 3076 venustas,
1979 3029 2275 3080 pretiosissimus
2295 3029 2357 3066 ille
2377 3041 2440 3065 or·-

1429 3098 1540 3128 natus
1563 3089 1673 3128 datus
1696 3098 1752 3126 est
1773 3089 1810 3126 in
1829 3090 2162 3128 conculcationem
2176 3119 2186 3138 ‚
2208 3089 2385 3128 nobilitas
2402 3089 2438 3127 in

426 3294 550 3333 Rogerii
568 3293 659 3336 primi
679 3291 789 3324 Sicilia'
805 3290 903 3332 1·egiS‚
928 3289 967 3319 ad
987 3300 1078 3330 quem
1094 3294 1213 3319 exstant
1234 3287 1331 3318 sancti
1350 3286 1507 3317 Beruardi
1527 3286 1663 3329 epistola
1687 3289 1768 3323 207,
1789 3290 1852 3318 208
1867 3311 1873 3322 ‚
1900 3290 1978 3318 209.
