2517 3936
96 208 192 246 1373

544 205 832 242 TRACTATUS
864 206 926 240 DE
956 204 1143 241 GRATIA
1173 205 1232 239 ET
1261 206 1442 243 LIBERO
1473 210 1716 246 ARBITRIO.

90 285 196 322 dolet
224 283 373 334 premi,
401 295 478 319 non
504 282 651 332 peremi
682 282 930 318 voluntatem.
962 278 1290 330 Quan-⁰⁰⁷primo
1311 282 1465 318 homine
1492 283 1693 323 habuimus

2077 219 2168 255 1374

1721 302 1728 322 z
1759 288 1862 336 quod
1894 290 1977 327 loco
2005 306 2073 329 suo
2097 295 2177 332 dis-

89 356 202 394 quam
216 341 294 392 jam
312 340 579 392 proculdubio
596 349 803 390 utcumque
821 340 961 377 bonam
976 339 1104 386 babet,
1129 346 1159 380 A
1177 341 1353 378 cutietur.
1367 342 1584 379 Certissime
1607 353 1731 381 autem
1750 346 1911 385 habituri
1932 364 2074 398 sumus,
2094 368 2178 391 cum

90 403 156 441 ubi
173 403 314 440 habere
334 403 429 438 vult.
451 406 601 439 Bonum
623 402 766 451 quippe
787 410 843 438 est
868 401 971 450 quod
995 401 1100 447 vult3

96 476 166 500 nec
186 470 315 513 posset
343 460 490 498 bonum
511 461 608 498 velle
624 489 633 506 ‚
657 461 729 497 nisi
751 460 854 497 bona
872 460 1071 496 voluntate
1093 474 1100 495 :

92 524 189 561 sicut
204 536 274 560 nec
289 523 385 560 velle
402 523 543 559 malum
558 551 567 569 ,
583 522 655 558 nisi
670 522 768 572 mala
781 521 991 557 voluntate.
1007 523 1102 557 Cum

96 583 242 621 bonum
259 583 440 620 volumus
453 611 462 628 ‚
483 582 585 619 bona
603 590 658 618 est
673 582 851 617 voluntas
876 595 884 616 z
914 593 1000 616 cum
1027 592 1104 615 ma-

90 643 170 680 lum
189 643 386 689 volumus,
407 643 504 679 mala
524 651 580 678 est
595 642 785 677 voluntas.
802 638 1020 688 Utrobique
1033 651 1105 675 vo—

91 704 159 741 lun
169 712 223 740 tas
237 733 247 751 ,
269 712 306 740 et
328 702 470 752 ubique
492 701 645 738 libertas
667 715 675 737 :
695 700 794 737 cedit
819 698 1009 748 siquidem
1035 712 1105 735 vo-

90 764 226 801 luntati
240 763 455 800 necessitas.
469 765 563 800 Cum
579 769 703 798 autem
721 773 799 797 non
810 760 932 796 valem
939 772 981 795 us
997 759 1102 808 quod

89 824 288 870 volumu53
310 823 494 860 sentimus
508 821 662 871 quidem
674 821 795 871 ipsam
811 818 1102 869 quodammodo

90 882 305 921 libertatem
323 891 482 934 peccato
497 895 577 919 esse
595 881 785 932 captivam
799 909 808 926 ,
831 880 891 916 vel
907 879 1101 925 miseram,

90 957 168 981 non
185 952 310 981 tamen
332 943 520 980 amissam.

149 1006 209 1042 ll.
230 1007 288 1041 Ex
304 1004 374 1041 hac
394 1017 485 1053 ergo
507 1011 655 1040 tantum
676 1001 852 1038 libertate
870 1031 879 1048 ,
900 1014 976 1050 qua
1002 999 1101 1037 libe-

1168 405 1250 438 Deo
1272 402 1474 438 miserante
1495 401 1753 440 obtinebimus
1771 408 1873 455 quod
1897 423 2049 449 oramus
2067 429 2074 449 :
2098 416 2186 451 Fiat

1170 463 1343 497 voluntas
1370 471 1433 497 {aa
1449 489 1461 505 ,
1487 466 1582 497 sicat
1607 467 1645 498 in
1680 468 1771 499 coelo
1787 494 1796 510 ,
1823 476 1857 501 et
1885 473 1922 503 ln
1949 479 2059 508 terra.
2097 478 2179 510 Hoc

1171 534 1308 570 nempe
1328 521 1598 571 complebitur,
1614 523 1819 572 quandoid
1837 527 1939 574 quod
1963 542 2064 566 nunc
2083 546 2178 568 cun-

1171 590 1240 618 cta¹
1258 582 1397 631 passim
1419 582 1593 619 rationali
1609 584 1665 633 (ut
1682 583 1759 632 jam
1783 585 1924 622 dictum
1948 589 2016 624 esti
2032 600 2178 628 creatu-

1175 654 1226 677 rae
1247 654 1451 679 commune
1471 642 1635 689 ridetur,
1656 644 1818 681 liberum
1841 647 1981 684 scilicet
2007 663 2027 685 a
2048 663 2180 687 neccs-

1172 700 1280 737 sitate
1300 700 1498 738 arbitrium
1512 731 1520 747 ,
1544 703 1616 739 erit
1632 704 1743 740 etiam
1768 705 1805 740 in
1825 706 1951 743 electis
1965 707 2182 746 bominibus

1172 761 1241 813 <uti
1259 761 1338 811 jam
1357 763 1392 799 in
1413 765 1550 813 sanctis
1571 773 1627 801 est
1649 765 1815 816 Angelis)
1833 775 1870 803 et
1887 777 2036 805 cautum
2055 784 2073 806 a
2095 784 2182 820 pec-

1170 833 1267 870 cato,
1299 834 1335 862 et
1356 833 1479 862 tutum
1510 840 1530 863 a
1554 826 1723 873 miseria,
1747 827 2001 878 probantibus
2031 833 2181 869 tandem

1170 886 1327 935 triplicis
1367 886 1550 923 libertatis
1584 888 1680 924 felici
1709 890 1944 939 experientia
1965 920 1974 937 ,
2013 905 2097 941 quae
2137 894 2184 929 sit

1171 944 1272 982 bona
1289 947 1466 984 voluntas
1484 948 1572 993 Dei,
1594 961 1636 984 ac
1661 947 1931 999 beneplacen5‚
1947 959 1983 987 ct
2000 952 2180 1001 perfecta.

1170 1007 1281 1055 Quod
1302 1008 1392 1057 quia
1411 1008 1670 1055 necdum'est,
1704 1010 1782 1046 sola
1803 1010 1954 1047 interim
1978 1013 2089 1062 plena
2120 1014 2182 1050 in-

92 1077 178 1101 rum
193 1073 250 1102 est
262 1064 454 1102 voluntati
471 1077 510 1101 se
525 1062 830 1114 ipsamjudicare
850 1062 932 1099 :vel
948 1060 1104 1108 bonam,
1121 1065 1149 1100 B
1174 1075 1353 1118 tegraque
1380 1077 1507 1105 manet
1528 1069 1565 1105 in
1587 1069 1806 1107 bominibus
1840 1070 1993 1108 libertas
2023 1072 2180 1111 arbitrii.

92 1125 123 1163 si
135 1125 261 1173 bon03
281 1126 343 1162 vel
359 1126 495 1162 malam
508 1154 518 1172 ,
537 1125 566 1162 si
581 1126 682 1161 malo
698 1123 933 1161 consenserit
947 1122 1107 1173 (quippe

93 1199 179 1236 quae
199 1187 237 1223 in
258 1194 396 1223 neutro
412 1214 421 1231 ,
455 1185 526 1222 nisi
553 1194 653 1222 certe
673 1185 839 1222 volendo
855 1213 864 1230 ‚
889 1183 1106 1220 consentire

91 1260 132 1284 se
157 1245 310 1297 sentit),
339 1245 501 1283 liberum
527 1245 728 1282 arbitrium
763 1245 954 1282 credimus
978 1243 1107 1280 nomi-

93 1308 189 1344 nari.
215 1310 311 1344 Nam
338 1319 385 1343 ex
410 1306 474 1342 illa
493 1319 579 1356 quae
596 1305 737 1342 dicitur
761 1320 780 1342 a
809 1313 988 1355 peccato,
1014 1316 1108 1340 con-

93 1367 294 1418 gruentius
329 1366 489 1403 forsitan
518 1365 681 1402 liberum
710 1365 936 1411 consilium;
959 1373 996 1401 et
1017 1365 1108 1401 item

96 1441 141 1465 ex
162 1427 226 1464 illa
244 1440 330 1476 quae
355 1426 456 1463 dicta
475 1434 532 1463 est
552 1439 572 1463 a
593 1426 745 1463 miseria
759 1456 768 1472 ,
795 1425 958 1462 liberum
980 1425 1108 1476 potius

96 1488 368 1539 complacitum
395 1494 526 1537 posset
555 1486 652 1534 dici,
679 1500 792 1537 quam
819 1485 983 1523 liberum
1005 1485 1109 1522 arbi-

97 1549 225 1586 trium.
258 1547 472 1586 Arbitrium
504 1547 649 1598 quippe
677 1546 865 1596 judicium
901 1555 968 1583 est.
1006 1546 1109 1583 Sicut

95 1622 190 1646 vero
206 1608 342 1658 judicii
363 1616 419 1645 est
439 1607 656 1645 discernere
676 1608 768 1658 quid
789 1608 918 1653 liceat,
939 1607 999 1644 vel
1017 1607 1111 1657 quid

94 1683 174 1707 non
198 1669 308 1706 liceat
335 1683 343 1706 :
369 1668 422 1706 sic
447 1669 622 1718 profecto
653 1668 802 1705 consilii
826 1667 992 1718 probare
1019 1667 1111 1718 quid

97 1730 296 1780 expediat,
313 1729 375 1766 vel
392 1741 471 1765 non
488 1728 666 1778 expediat
684 1743 691 1765 :
710 1729 764 1765 sic
782 1728 1000 1778 complaciti
1017 1742 1112 1778 quo-

99 1803 174 1839 que
188 1789 355 1839 experiri
368 1788 461 1839 quid
478 1787 608 1834 libeat,
628 1789 689 1826 vel
707 1802 786 1825 non
809 1788 937 1825 libeat.
954 1789 1111 1827 L‘tinam

1175 1131 1267 1164 Nam
1286 1128 1438 1166 libertas
1460 1130 1606 1166 consilii
1622 1139 1790 1180 exparte
1807 1139 1973 1177 tantum,
1999 1141 2035 1169 et
2056 1133 2126 1170 lioc
2143 1135 2180 1171 in

1174 1189 1304 1237 paucis
1320 1189 1593 1238 spiritualibus,
1616 1190 1679 1239 qui
1697 1203 1848 1227 carnem
1864 1204 1968 1227 suam
1987 1193 2181 1230 crucifixe-

1175 1255 1264 1283 runt
1278 1261 1361 1284 cum
1378 1249 1480 1285 vitiis
1493 1257 1529 1285 et
1544 1250 1877 1299 concupiscentiis,
1897 1259 2084 1300 quatenus
2101 1252 2181 1301 jam

1176 1320 1253 1344 non
1280 1317 1411 1357 regnet
1428 1318 1624 1358 peccatum
1648 1310 1686 1345 in
1710 1323 1843 1346 eorum
1870 1312 2020 1347 mortali
2047 1326 2183 1362 corpo-

1176 1381 1228 1404 re.
1244 1371 1365 1405 Porro
1379 1378 1505 1405 utnon
1522 1378 1665 1419 regnet,
1681 1369 1834 1406 libertas
1852 1370 1938 1406 facit
1955 1372 2100 1407 consilii
2114 1387 2124 1417 3
2140 1380 2183 1408 ut

1176 1437 1302 1465 tamen
1317 1442 1395 1471 non
1414 1429 1509 1466 desit
1533 1444 1578 1466 cx
1596 1431 1742 1479 integro
1757 1460 1765 1476 ,
1787 1431 1985 1480 captivitas
2002 1440 2057 1468 est
2074 1431 2182 1469 liberi

1175 1488 1335 1526 arbitrii.
1352 1492 1444 1527 Cum
1461 1498 1586 1526 autem
1601 1489 1747 1526 venerit
1760 1490 1863 1540 quod
1880 1492 2091 1541 perfectum
2110 1502 2179 1538 est,

1177 1557 1268 1585 tunc
1290 1549 1536 1587 evacuabitur
1564 1551 1666 1600 quod
1695 1564 1742 1587 ex
1771 1560 1878 1602 parte
1905 1560 1960 1588 est
1981 1552 2081 1589 :hoc
2107 1562 2182 1601 est,

1178 1622 1264 1645 cum
1299 1610 1411 1660 plena
1442 1610 1554 1647 fuerit
1582 1609 1735 1646 libertas
1771 1611 1916 1647 consilii
1929 1640 1938 1656 ‚
1978 1611 2080 1648 nulla
2103 1611 2183 1661 jam

1178 1669 1251 1705 erit
1277 1670 1474 1719 captivitas
1490 1669 1647 1706 arbitrii.
1666 1672 1713 1706 Et
1732 1669 1804 1706 boc
1822 1670 1993 1719 estquod
2012 1673 2183 1720 quotidie

1178 1729 1344 1779 petimus
1361 1730 1398 1766 in
1416 1730 1588 1767 oratione
1602 1759 1611 1775 ,
1633 1743 1717 1766 cum
1740 1730 1900 1767 dicimus
1919 1734 2001 1767 Deo
2027 1744 2034 1766 :
2061 1734 2184 1768 Adve-

1179 1795 1260 1826 m'at
1286 1804 1437 1838 regnum
1465 1797 1605 1826 111117711.
1639 1794 1813 1839 Regnum
1847 1790 1918 1826 hoc
1948 1790 2110 1827 necdum
2137 1805 2185 1828 ex

99 1859 175 1887 tam
197 1849 316 1887 libere
333 1849 445 1886 nobis
461 1850 770 1896 consuleremus,
791 1863 904 1899 quam
926 1849 1046 1886 libere
1065 1850 1111 1886 de
1131 1852 1158 1888 C
1180 1857 1260 1886 toto
1286 1849 1465 1900 pervenit
1486 1849 1525 1885 in
1552 1862 1634 1886 nos.
1658 1848 1836 1896 Quotidie
1859 1857 1983 1885 tamen
2003 1851 2184 1899 paulatim

100 1910 210 1948 nobis
227 1910 444 1960 judicamus
463 1913 470 1946 !
491 1919 533 1947 ut
554 1911 879 1960 quemadmodum
901 1910 1021 1948 libere
1042 1924 1111 1961 per

95 1971 283 2022 judicium
311 1971 413 2008 licita
439 1971 644 2021 illicitaque
671 1971 933 2018 decernimus3
963 1972 1011 2007 ita
1042 1985 1112 2021 per

101 2032 302 2069 consilium
322 2040 361 2069 et
384 2032 504 2079 licita,
541 2041 721 2082 tanquam
753 2032 977 2077 commoda,
1000 2032 1111 2069 nobis

99 2093 264 2143 eligere3
288 2101 327 2130 et
355 2092 506 2139 illicita,
541 2101 721 2142 tanquam
760 2093 890 2139 noxia,
931 2105 1112 2142 respuere

99 2152 264 2190 liberum
278 2151 518 2190 haberemus.
536 2156 620 2190 Jam
639 2153 740 2189 enim
759 2166 836 2189 non
859 2153 982 2190 solum
1003 2151 1112 2189 liberi

99 2212 268 2259 arbitrii,
293 2212 358 2250 sed
385 2222 422 2250 et
448 2212 559 2250 liberi
579 2213 852 2264 proculdubio
875 2213 1043 2259 consilii,
1072 2225 1115 2249 ac

100 2286 170 2324 per
184 2274 258 2310 hoc
278 2282 315 2311 et
330 2287 352 2310 a
367 2282 525 2323 peccato
546 2273 657 2310 liberi
683 2287 862 2311 essemus.
884 2274 955 2311 Sed
976 2272 1067 2322 quid
1087 2273 1116 2310 si

102 2341 250 2381 totum,
274 2335 477 2384 solumque
505 2333 611 2384 quod
643 2334 844 2385 expediret
874 2334 934 2370 vel
958 2334 1112 2380 liceret,

103 2393 216 2431 etiam
239 2393 407 2432 liberet?
437 2398 573 2433 Nonne
596 2394 705 2432 liberi
729 2408 884 2445 quoque
904 2408 984 2432 esse
1005 2408 1114 2431 com-

104 2454 235 2505 placiti
263 2455 400 2492 merito
421 2455 660 2502 diceremur,
688 2457 832 2506 quippe
853 2456 918 2506 qui
940 2455 987 2492 ab
1009 2455 1114 2492 omni

103 2514 291 2564 proinde,
324 2515 429 2564 quod
455 2515 655 2566 displicere
687 2525 839 2566 potest,
878 2516 951 2552 hoc
979 2523 1036 2552 est
1067 2514 1114 2552 ab

106 2575 212 2611 omni
228 2587 299 2611 nos
311 2575 462 2612 miseria
475 2605 485 2622 ,
504 2574 647 2613 liberos
662 2576 912 2613 sentiremus?
928 2579 1036 2613 Nunc
1053 2588 1115 2612 au-

1177 1909 1382 1955 adventat,
1405 1910 1623 1958 sensimque
1638 1909 1676 1945 in
1695 1908 1775 1945 dies
1799 1909 1915 1958 magis
1936 1923 1978 1946 ac
1997 1911 2112 1960 magis
2133 1911 2187 1948 di-

1179 1971 1270 2006 latat
1297 1970 1480 2006 terminos
1505 1982 1612 2014 suos,
1641 1969 1680 2005 in
1707 1968 1764 2005 his
1789 1968 1993 2014 duntaxat,
2023 1983 2187 2018 quorum

1177 2043 1248 2079 per
1263 2029 1333 2066 Dei
1355 2028 1589 2078 adjutorium
1606 2029 1767 2066 interior
1781 2029 1898 2065 bomo
1919 2038 2127 2066 renovatur
2142 2030 2188 2067 de

1179 2089 1239 2125 die
1256 2089 1293 2125 in
1309 2088 1422 2125 diem.
1441 2092 1484 2125 In
1503 2097 1690 2138 quantum
1705 2102 1796 2138 ergo
1811 2102 1969 2138 regnum
1988 2089 2116 2138 gratiae
2134 2089 2190 2126 di-

1181 2149 1338 2194 latatur,
1360 2149 1398 2184 in
1420 2157 1566 2185 tantum
1584 2149 1730 2198 peccati
1745 2157 1912 2198 potestas
1932 2148 2126 2185 minuitur.
2145 2153 2189 2186 In

1181 2217 1368 2259 quantum
1383 2223 1475 2246 vero
1496 2209 1622 2246 minus
1643 2217 1699 2245 est
1719 2208 1844 2245 adhuc
1865 2217 2025 2258 propter
2049 2222 2188 2259 corpus

1182 2268 1316 2305 mortis
1335 2268 1440 2318 quod
1460 2276 1639 2318 aggravat
1659 2268 1823 2304 animam
1836 2297 1845 2314 ,
1865 2276 1901 2303 et
1919 2266 1968 2304 ob
1990 2269 2191 2305 necessita-

1184 2337 1259 2365 tem
1291 2337 1452 2366 terrenae
1473 2328 1762 2365 inhabitationis
1788 2328 1919 2377 utique
1941 2328 2186 2378 deprimentis

1183 2402 1336 2426 sensum
1354 2389 1474 2425 multa
1487 2389 1715 2438 cogitantem
1729 2403 1738 2434 3
1758 2401 1910 2424 necesse
1922 2386 2062 2424 habent
2078 2389 2189 2425 etiam

1181 2450 1245 2499 qui
1274 2449 1523 2499 perfectiores
1555 2449 1594 2485 in
1627 2449 1697 2486 hac
1722 2449 1951 2485 mortalitate
1984 2448 2190 2495 videntur,

1181 2509 1353 2546 confiteri
1382 2518 1419 2546 et
1451 2509 1594 2555 dicere,
1622 2511 1667 2544 In
1697 2511 1823 2545 multis
1851 2506 2084 2554 qfffi‘tzclitiztes
2108 2522 2190 2544 om-

1181 2585 1246 2606 nes
1263 2577 1275 2592 ²
1300 2585 1309 2606 ε
1333 2578 1388 2616 et,
1411 2572 1451 2605 Si
1472 2572 1680 2605 (liaeerimus
1705 2573 1795 2616 qula
1811 2576 2006 2616 peccatum
2027 2580 2100 2602 mm
2120 2568 2191 2603 ha—

107 2641 182 2670 ten]
212 2647 297 2671 cum
321 2634 440 2671 multa
458 2648 529 2685 per
545 2634 734 2684 judicium
762 2636 823 2672 vel
847 2635 1082 2672 admittenda
1101 2663 1110 2680 ,
1133 2639 1166 2673 D
1183 2630 1323 2676 belmas,
1353 2644 1418 2666 nos
1439 2635 1539 2679 ipsos
1561 2631 1784 2671 seducimus,
1804 2637 1839 2662 et
1860 2631 1995 2662 veritas
2024 2631 2062 2661 ise
2085 2626 2191 2662 nobis

106 2694 168 2731 vel
184 2693 396 2731 omittenda
408 2707 489 2731 esse
505 2694 754 2733 decernamus
770 2725 779 2741 ,
801 2709 886 2745 quae
905 2704 1029 2732 tamen
1053 2708 1121 2745 per

107 2754 310 2792 consilium
345 2767 587 2804 nequaquam
617 2768 688 2805 pro
727 2754 863 2804 judicii
894 2755 1123 2792 rectitudine

108 2822 175 2852 aut
185 2813 372 2863 eligimus,
389 2821 456 2850 aut
472 2815 773 2862 contemnimus;
798 2828 1028 2865 rursumque
1045 2828 1124 2851 non

110 2874 264 2920 omnia,
291 2887 375 2924 quae
396 2882 578 2924 tanquam
606 2883 709 2912 recta
737 2884 774 2912 et
799 2876 1003 2912 commoda
1032 2888 1127 2912 con-

112 2934 209 2972 sulte
228 2933 496 2980 observamus,
511 2935 622 2972 etiam
644 2943 686 2971 ut
706 2934 944 2985 beneplacita
963 2935 1128 2973 libenter

112 2994 390 3044 amplectimur,
407 2994 474 3031 sed
493 2994 651 3045 insuper
666 2995 776 3045 quasi
793 2995 889 3032 dura
909 3009 952 3032 ac
970 2995 1129 3032 molesta

113 3054 180 3091 vix
197 3054 462 3104 aequanimiter
480 3055 578 3092 ferre
595 3055 849 3106 perduramus
870 3068 878 3090 :
904 3055 1023 3105 liquet
1040 3056 1129 3106 quia

116 3113 279 3151 liberum
303 3127 375 3151 nec
399 3115 600 3153 consilium
630 3114 836 3161 habemus,
860 3128 931 3152 nec
957 3116 1130 3166 compla—

117 3181 248 3210 citum.

176 3233 235 3270 12.
256 3233 339 3271 Alia
359 3234 521 3283 quaestio
540 3243 618 3281 est,
635 3235 664 3272 si
692 3236 751 3272 vel
771 3243 857 3272 ante
878 3243 1076 3285 peccatum
1092 3235 1130 3271 in

171 3370 181 3385 ¹
199 3363 316 3396 Manli.
334 3375 388 3403 vt,
412 3368 466 3396 10.
483 3383 525 3387 -·
549 3371 561 3386 ²
585 3366 695 3397 Jacobi
714 3377 751 3396 in
766 3390 773 3404 ,
792 3370 822 3397 2.
842 3384 883 3388 ——
900 3364 913 3387 3
929 3369 942 3396 I
957 3368 1048 3397 Joan.
1073 3376 1083 3395 ι
1098 3390 1105 3404 ,
1125 3369 1155 3397 8.

1189 2705 1263 2727 mm
1288 2700 1342 2726 est
1364 2690 1391 2727 ³.
1414 2693 1660 2740 Quapropter
1688 2695 1799 2724 orant
1820 2695 1856 2723 et
1876 2686 1947 2735 ipsi
1968 2686 2048 2722 sine
2074 2686 2193 2722 inter-

1190 2751 1382 2795 missione,
1398 2750 1586 2786 dicentes:
1602 2751 1785 2783 Advemat
1796 2759 1947 2795 regnum
1960 2745 2194 2793 tulmt.Quod

1192 2824 1270 2848 non
1293 2811 1366 2847 erit
1385 2810 1445 2846 vel
1465 2810 1503 2846 in
1524 2809 1615 2859 ipsis
1642 2814 1944 2844 consummatum
1959 2834 1968 2851 ,
1990 2818 2193 2855 quousque

1193 2880 1393 2922 peccatum
1407 2883 1484 2907 non
1500 2870 1623 2905 solum
1640 2880 1717 2904 non
1734 2874 1865 2915 regnet
1880 2866 1919 2901 in
1938 2878 2071 2902 eorum
2090 2879 2196 2901 mor·

1195 2932 1259 2969 tali
1279 2943 1463 2981 corpore,
1484 2928 1549 2965 sed
1575 2941 1645 2964 nec
1664 2926 1711 2963 sit
1730 2925 1907 2972 omnino,
1925 2938 1994 2962 nec
2012 2937 2090 2962 esse
2107 2937 2198 2975 pos-

1195 2992 1241 3029 sit
1260 2993 1299 3028 in
1320 2989 1528 3028 immortali
1551 2987 1629 3037 jam
1651 2999 1825 3037 corpore.
