2565 3952
82 180 151 218 361

83 271 150 295 nos
175 256 358 300 invicem,
384 263 421 291 ct
448 253 695 303 colloquendi
723 253 879 303 pariter,
908 251 1091 300 quoniam
1108 250 1126 266 '⁴

1001 175 1261 209 1⁴:1³15't'OLili.

2105 184 2180 219 :362

1130 250 1201 287 ⁵¹·'Si
1233 264 1414 300 perctiqso
1448 260 1601 300 pastore
1625 252 1857 302 diffugi-rant
1889 270 2001 301 oxos,
2035 260 2181 295 xalcnte·

80 318 232 367 dignum
253 314 452 364 judicatis,
473 314 628 364 quando
653 327 691 349 sc
717 313 855 349 offeret
871 312 932 347 illa
949 324 1097 360 ορμον·
1116 318 1145 349 Α
1165 320 1199 348 ct
1220 312 1402 348 incolumi
1419 326 1552 348 secure
1568 322 1811 350 revertantur
1828 315 1874 350 ad
1891 325 2054 365 pastum.
2071 320 2180 364 Quod

81 378 237 422 tunium,
254 375 409 426 quando
426 375 662 411 conveniens
676 374 799 419 locus,
819 371 976 422 quando
994 370 1098 420 justa

80 437 252 477 occasio?
268 440 357 474 Haec
380 435 535 472 interim
559 435 689 486 paucis
707 434 842 471 vestris
858 447 979 483 pauca
1007 432 1096 469 red—

79 499 260 544 didimus,
291 496 478 546 ampliora
512 495 676 532 libenter
704 494 906 538 donaturi,
936 507 1021 530 cum
1053 506 1096 530 ea

80 558 187 597 vobis
209 570 373 594 onerosa
394 570 472 593 non
492 557 573 593 fore
589 555 895 605 cognoverimus.
912 553 1095 604 Alioquin

77 618 232 671 quaudo
265 618 338 655 hoc
372 619 499 668 ipsum
533 617 691 654 auderet
721 625 851 653 nostra
881 616 1093 666 pusillitas,

79 681 148 720 nisi
162 681 269 718 daret
291 680 338 717 ad
360 680 583 730 dignitatem
599 692 792 717 accessum
811 686 946 715 vestrae
963 677 1096 727 digna-

80 743 192 781 tionis
213 742 434 779 humilitas?

121 884 566 896 ιιιιιι.-νιειιιςςκῑικεινιικιιιηιπ
573 883 919 893 ι-κῑιιιιιιιςῑιικικιιιικι
925 882 1006 891 =x=xzx
1014 882 1095 891 ιιςιι»

228 1002 617 1061 EPISTOLA
663 1003 954 1061 CXLIX.a

460 1172 506 1193 AD
536 1171 709 1194 EL'MDEM.

74 1292 186 1322 Monet
208 1296 242 1322 ut
260 1301 278 1322 a
300 1292 490 1323 monasterio
516 1291 759 1323 Sancti-Bertiui
784 1297 848 1322 tam
876 1302 1008 1334 operose
1036 1292 1095 1323 sibi

394 1346 586 1378 vindicando
608 1346 747 1378 desistat.

127 1477 250 1523 Quam
265 1473 386 1511 nolim
404 1472 487 1510 fieri
504 1472 611 1522 quod
630 1481 767 1510 vestrae
783 1481 917 1523 putem
935 1471 1096 1509 obviare

76 1535 334 1582 Reverentiae,
369 1534 486 1573 credo
521 1534 780 1571 sinceritatem
814 1542 981 1571 vestram
1016 1547 1095 1571 non

76 1597 203 1634 latere.
227 1599 281 1634 Ea
305 1596 442 1633 fiducia
463 1608 668 1646 suggerere
691 1594 803 1632 vobis
827 1609 907 1632 non
931 1595 1067 1632 dubito
1083 1625 1092 1641 ,

77 1656 180 1708 quod
191 1657 473 1708 suggerendum
491 1656 657 1694 videtur.
677 1660 735 1694 De
752 1656 987 1693 monasterio
1005 1658 1096 1693 San-

77 1718 291 1756 cti-Bertini
302 1718 320 1736 *
336 1719 475 1756 vellem
494 1731 563 1756 vos
580 1717 817 1755 moderatius
832 1730 958 1768 agere,
979 1731 1095 1768 quam

78 1778 252 1830 coepistis.
275 1783 369 1817 Nam
391 1779 464 1817 etsi
483 1779 557 1817 hoc
576 1778 688 1816 vobis
708 1780 746 1816 in
768 1792 863 1830 pace
880 1778 1092 1829 subjicere,

1165 373 1345 418 dicimus,
1382 373 1453 410 lioc
1491 382 1559 409 cst.
1596 376 1651 410 De
1690 375 1821 423 gloria:
1862 385 1996 412 vcstrae
2041 378 2185 415 crebris

1165 434 1402 471 successibus
1441 433 1576 471 creber
1608 435 1765 472 nuntius
1799 436 1961 472 laetiticat
1995 438 2182 474 cix·it;1t‹=1=i

1168 496 1248 532 Dei.
1269 501 1421 533 Justum
1443 494 1609 545 proinde
1630 505 1685 532 est
1705 505 1746 532 ut
1768 505 1895 533 vestra
1917 499 2182 547 prosperatio,

1166 557 1344 594 Ecclesiae
1380 556 1578 593 roboratio
1613 557 1660 593 sit
1692 572 1698 593 :
1730 565 1767 593 et
1796 571 1881 593 cum
1913 559 2054 594 exaltat
2084 563 2184 595 Deus

1164 619 1326 656 electum
1361 618 1408 655 de
1444 617 1556 668 plebe
1590 632 1675 664 sua,
1700 618 1779 668 ipsa
1801 632 1956 668 quoque
1979 632 2017 655 se
2050 620 2187 655 sentiat

1164 681 1341 727 exaltari,
1375 693 1417 716 ac
1451 679 1497 716 de
1530 678 1684 716 roboris
1715 679 1955 716 incremento
1987 679 2183 716 fortiorem

1163 750 1357 791 agnoscat.
1384 744 1478 778 Nam
1509 740 1539 777 si
1566 753 1765 790 compassa
1794 748 1870 786 est,
1892 748 1929 777 et
1951 753 2186 789 conregnare

1164 802 1290 840 debet.
1310 803 1368 841 Sic
1389 802 1547 852 dignum
1562 800 1694 846 vobis,
1716 801 1768 838 sic
1786 800 1897 837 nobis
1914 801 2184 838 necessarium.

1162 864 1262 914 Quid
1283 865 1413 902 enim?
1437 865 1466 902 si
1496 865 1534 900 in
1566 864 1703 900 timore
1732 872 1769 900 et
1798 863 1970 913 angustia
1999 863 2187 912 {equitatis

1163 927 1272 976 vigor
1307 940 1385 963 non
1418 926 1583 975 languit,
1619 939 1697 962 non
1733 925 1854 975 tepuit
1886 925 2035 970 servor;
2070 924 2186 961 modo

1164 988 1336 1025 cedimus
1351 1002 1436 1025 cum
1453 988 1813 1038 appropinquamus
1830 986 1877 1023 ad
1892 986 2085 1036 palmam?
2101 1000 2187 1035 quae

1117 1048 1327 1087 Beminuit
1366 1050 1404 1086 in
1440 1050 1683 1095 infirmitate,
1720 1049 1758 1085 in
1795 1047 2029 1085 sublimitate
2063 1047 2186 1083 virtus

1163 1110 1417 1148 succumbet?

1217 1173 1251 1210 2.
1283 1176 1406 1220 Quam
1439 1185 1579 1222 nempe
1610 1172 1648 1208 in
1671 1185 1786 1208 manu
1807 1170 1933 1207 valida
1963 1169 2182 1206 ordinatum

1162 1242 1219 1270 est
1250 1232 1380 1269 nobile
1413 1232 1507 1268 illud
1544 1232 1819 1269 monasterium
1857 1230 2184 1269 Vi1·ziliacense*?

1161 1298 1238 1332 Nec
1259 1293 1403 1330 insanis
1419 1293 1596 1343 profecto
1620 1291 1851 1329 tumultibus
1867 1299 2023 1328 armatae
2042 1290 2183 1340 plebis,

1162 1368 1233 1391 nec
1254 1354 1391 1390 effreni
1413 1353 1622 1389 furentium
1644 1362 1758 1403 atque
1788 1352 2094 1402 obstrepentium
2117 1365 2185 1388 vc-

1162 1415 1276 1452 saniae
1299 1414 1598 1460 monachorum,
1621 1427 1710 1460 nec,
1733 1413 1839 1463 quod
1859 1413 1917 1449 his
1940 1412 2074 1449 fortius
2092 1412 2184 1458 fuit,

1163 1476 1285 1526 copiis
1329 1488 1561 1512 mammonae
1602 1474 1818 1512 cedendum
1856 1474 2009 1524 putavit
2044 1474 2103 1510 vel
2139 1474 2186 1510 ad

1164 1537 1361 1574 modicum
1390 1536 1602 1587 apostolica
1623 1535 1825 1573 celsitudo.
1848 1534 1948 1583 Quid
1970 1534 2073 1584 apud
2092 1537 2188 1571 San—

1165 1596 1550 1636 ctum-Benedictum
1566 1597 1609 1633 *9
1641 1596 1831 1646 numquid
1852 1596 1955 1646 regia
1975 1596 2187 1645 indignatio

1162 1658 1371 1710 prohibere
1392 1658 1520 1709 potuit
1540 1658 1718 1708 spiritum
1752 1657 1956 1703 libertatis,
1986 1671 2187 1695 accensum

1163 1729 1278 1770 atque
1310 1719 1522 1756 accinctum
1557 1718 1742 1756 adversus
1776 1732 1929 1756 carnem
1965 1727 2002 1755 et
2034 1719 2188 1768 sangui-

1164 1783 1280 1818 nem?
1303 1781 1364 1818 Sic
1387 1781 1752 1828 Sancti-Memmii*,
1782 1781 1836 1818 sic
1869 1780 2140 1829 Sancti-Satyri
2157 1780 2186 1826 *,

77 1849 116 1879 et
148 1840 291 1891 absque
324 1841 432 1878 omni
469 1840 777 1878 contradictione
817 1840 1003 1890 possetis,
1048 1849 1141 1886 nec
1165 1843 1262 1880 miro
1305 1842 1423 1880 modo
1467 1842 1636 1880 ecclesiae
1670 1842 1882 1878 immutatae
1919 1849 2028 1887 sunt,
2069 1849 2107 1877 et
2143 1840 2189 1877 de

79 1909 167 1940 tunc
191 1901 286 1952 quid
319 1910 447 1939 vestra
474 1901 617 1938 referre
637 1901 793 1951 quidem
816 1900 943 1939 video.
963 1905 1096 1952 'Neque

78 1961 177 2000 enim
207 1962 437 2001 crediderim
468 1975 539 2000 vos
576 1961 760 1999 delectari
796 1962 966 2010 honore,
1009 1977 1096 2000 cum

79 2032 182 2062 tanto
201 2037 332 2061 onere.
356 2027 468 2061 Nunc
482 2037 577 2061 vero
596 2037 684 2061 cum
705 2037 776 2061 nec
791 2023 935 2074 absque
957 2037 1096 2074 magno

71 2083 205 2136 *labore
226 2085 423 2122 vindicare
440 2083 551 2122 vobis
573 2085 773 2135 praefatum
796 2085 1071 2122 monasterium
1084 2114 1094 2131 ,

80 2159 147 2184 nee
176 2146 214 2184 in
246 2160 362 2198 pace,
385 2154 428 2183 ut
459 2147 585 2193 aiunt,
607 2146 756 2196 queatis
777 2144 999 2196 possidere3
1022 2145 1096 2181 ho-

80 2215 181 2245 nesta
201 2207 331 2255 vobis,
365 2216 410 2245 ut
442 2207 536 2244 mihi
568 2207 734 2253 videtur,
758 2206 954 2257 praebetur
982 2207 1096 2257 quie-

81 2268 203 2306 scendi
219 2268 389 2316 occasio,
413 2268 530 2305 timor
546 2267 801 2317 inquietandi.

778 2403 993 2412 νιαννινιιαιιικ-
1001 2403 1096 2412 ιιικιιιι

81 2404 743 2415 s=====u=zuu======nnvsmv=m==uww=v=vv==
749 2403 773 2412 ιι

305 2517 683 2574 EPISTOLA
729 2517 874 2574 CLJ’

227 2670 273 2692 AD
300 2670 483 2694 DOMINUM
513 2670 630 2693 PAPAM
660 2669 943 2692 INNOCENTIUM.

85 2781 200 2814 laudat
219 2783 401 2815 Pontificem
420 2794 459 2815 ex
484 2783 577 2814 variis
598 2788 682 2814 recte
705 2782 810 2819 factis,
837 2782 967 2824 ejusque
996 2782 1097 2813 zelum

129 2837 240 2870 excitat
255 2838 404 2870 adversus
425 2838 630 2870 ambitionem
650 2837 790 2880 Philippi
802 2861 809 2874 ‚
832 2837 886 2879 qui
911 2837 1012 2868 modis
1032 2836 1099 2867 ille-

130 2892 239 2933 gitimis
257 2893 362 2925 sedem
379 2897 597 2925 Turonensem
608 2892 758 2924 invadere
777 2892 929 2924 tentabat.

144 3002 176 3038 l.
204 3003 350 3040 Sanitas
370 3003 505 3053 capitis
526 3002 717 3040 redundet
737 3002 776 3039 in
805 3001 989 3039 membra.
1012 3006 1099 3041 Un—

86 3070 264 3111 guentum
284 3063 390 3113 quod
409 3064 608 3101 descendit
637 3064 675 3100 in
698 3063 857 3100 barbam
881 3063 928 3099 de
950 3063 1074 3113 capite
1088 3092 1097 3108 ,

87 3131 253 3161 extrema
283 3138 437 3175 quoque
469 3125 621 3163 fimbria
640 3125 860 3162 vestimenti
881 3124 1097 3175 participet.

136 3264 146 3279 ¹
173 3262 295 3302 usseg.
318 3272 347 3296 1,
367 3264 421 3292 22.

1164 1917 1359 1954 synagoga
1385 1913 1526 1941 satanae
1552 1903 1737 1940 restitutae
1758 1910 1846 1939 sunt
1866 1902 1905 1938 in
1928 1901 2189 1939 sanctuarium

1163 1966 1256 2013 Dei,
1275 1966 1436 2012 vellent,
1463 1965 1612 2002 nollent
1635 1976 1769 2001 omnes
1790 1962 1923 2012 iniqua
1948 1971 2102 2011 agentes
2125 1975 2190 1998 su-

1164 2040 1368 2078 pervacue.
1388 2027 1461 2065 Sed
1483 2040 1553 2063 nec
1580 2024 1715 2063 Leodii
1743 2023 1959 2061 cervicibus
1985 2023 2189 2060 imminens

1165 2102 1301 2125 mucro
1325 2087 1549 2125 barbaricus
1570 2085 1758 2136 compulit
1779 2085 2022 2134 acquiescere
2038 2084 2189 2134 impor-

1165 2149 1267 2186 tunis
1287 2147 1553 2198 improbisque
1584 2144 1910 2197 postulationibus
1937 2144 2112 2182 iracundi
2133 2153 2189 2180 at-

1164 2223 1239 2259 que
1261 2209 1459 2246 irascentis
1482 2207 1582 2258 regis
1596 2208 1625 2244 *.
1649 2206 1742 2255 Quis
1773 2219 1868 2243 vero
1898 2205 2022 2255 dignis
2055 2205 2190 2242 efferat

1163 2270 1362 2318 laudibus,
1383 2269 1490 2320 quod
1513 2269 1719 2306 novissime
1746 2266 1882 2304 diebus
1903 2267 1983 2304 istis
2004 2266 2050 2303 de
2073 2280 2190 2303 manu

1164 2332 1354 2382 potentis,
1377 2331 1527 2368 eminus
1544 2330 1650 2372 licet,
1673 2328 1854 2365 emissum
1874 2337 1930 2365 est
1950 2328 1988 2364 in
2011 2327 2189 2364 turbato-

1163 2406 1223 2430 res
1245 2393 1424 2430 Ecclesiae
1456 2390 1792 2429 Aurelianensis*?
1822 2392 1971 2427 Revera
1996 2402 2100 2425 nunc
2128 2402 2187 2425 sa-

1163 2454 1256 2504 gitta
1288 2453 1463 2491 Jonathae
1496 2465 1575 2488 non
1609 2450 1702 2488 abiit
1727 2456 1979 2496 retrorsum¹,
2016 2457 2053 2485 et
2081 2449 2188 2485 hasta

1164 2515 1246 2566 ejus
1278 2529 1357 2552 non
1387 2523 1444 2552 est
1476 2527 1620 2551 aversa.
1642 2516 1686 2550 In
1709 2524 1787 2561 quo
1819 2519 1945 2547 tamen
1978 2509 2100 2546 verbo
2120 2522 2187 2546 rex

1165 2577 1319 2627 quidem
1351 2575 1527 2612 turbatus
1556 2583 1642 2611 est:
1664 2572 1731 2610 sed
1760 2586 1839 2609 non
1869 2571 1994 2612 omnis
2026 2575 2186 2608 Jeroso-

1115 2639 1269 2688 Dlyma
1299 2651 1386 2674 cum
1415 2637 1494 2674 illo.
1518 2636 1638 2685 Magis
1663 2642 1791 2671 autem
1814 2632 2000 2681 mitigavit
2032 2643 2187 2667 omnem

1163 2700 1258 2736 iram
1291 2712 1398 2736 suam
1428 2707 1466 2735 et
1494 2698 1576 2748 ipse
1598 2695 1765 2733 tandem.
1791 2692 1956 2731 Erubuit
1976 2692 2184 2742 siquidem,

1165 2769 1203 2797 et
1222 2760 1347 2796 timuit
1364 2759 1504 2796 armari
1526 2759 1666 2795 frustra
1694 2755 1878 2792 adversus
1901 2753 2129 2799 Dominum,
2151 2761 2190 2789 et

1167 2820 1351 2858 adversus
1383 2819 1569 2856 christum
1603 2816 1698 2866 ejus.
1722 2816 1819 2852 Hinc
1852 2827 2012 2865 prorsus
2041 2814 2189 2850 elevata

1168 2890 1224 2918 est
1253 2880 1535 2930 magnificentia
1565 2887 1628 2915 tua
1655 2890 1772 2926 super
1803 2875 1920 2911 coelos
1945 2889 1952 2911 :
1976 2882 2124 2910 tantum
2148 2881 2188 2909 ut

1167 2940 1359 2978 laudabile
1389 2940 1623 2990 principium
1654 2937 1850 2986 condigno
1872 2936 1975 2973 exitu
1996 2947 2187 2985 perorne-

1169 3010 1269 3040 turc.
1303 3002 1416 3050 Quod
1446 3001 1602 3051 quidem
1636 2998 1806 3035 universi
1836 2996 1902 3046 qui
1934 3008 2002 3032 vos
2031 3002 2184 3037 amant,

1168 3064 1417 3100 vehementer
1444 3069 1670 3112 exspectant
1691 3075 1698 3097 ε
1720 3059 1837 3108 idque
1867 3056 2039 3106 flagitant
2062 3062 2186 3090 matu—

1170 3138 1258 3161 rari.

134 3320 147 3335 ³
163 3319 283 3362 Scripta
300 3331 383 3351 anno
400 3320 516 3353 Christi
538 3326 545 3352 1
561 3325 636 3353 138.
654 3341 699 3344 -—
718 3315 732 3337 ¹¹
752 3322 875 3364 Scripta
892 3332 975 3352 auno
995 3320 1112 3352 Christi
1143 3322 1242 3350 1133.

134 3376 148 3392 ⁰
164 3372 223 3404 Hic
239 3373 366 3415 quidam
377 3374 452 3406 editi
466 3374 670 3417 interponunt
687 3374 766 3406 duos
780 3385 886 3406 versus
900 3380 1010 3406 contra
1023 3373 1117 3405 fidem
1134 3373 1431 3415 manuscriptorum.
