2517 3920
346 200 438 238 1171
987 199 1265 236 ADMONITIO
1294 200 1343 234 IN
1375 197 1674 234 OPL'SCULL‘M
1703 197 1764 230 lv.
2319 197 2411 235 1721

348 298 364 311 (ι
396 291 476 315 non
505 278 652 328 peccati
686 277 858 328 species,
894 294 911 309 »
943 289 1087 327 nempe
1116 275 1241 313 levior
1268 275 1474 327 graviorne
1496 274 1545 310 sit
1562 302 1570 318 ‚
1603 290 1619 304 «
1649 269 1719 308 sed
1750 272 1945 321 peccantis
1973 271 2143 308 intentio
2174 282 2376 322 pensatur.
2397 291 2413 306 »s

343 342 538 381 Eamdem
557 343 795 381 sententiam
824 341 950 381 fusius
971 341 1137 392 explicat
1156 342 1197 378 in
1216 339 1318 378 libro
1340 338 1390 376 de
1423 335 1660 375 Humilitate
1674 366 1684 383 ,
1713 335 1908 386 capitibus
1930 337 1981 374 20
2001 344 2040 374 et
2061 337 2125 374 21.
2146 335 2303 375 Verum
2321 337 2419 377 alter

342 421 435 446 cum
455 407 579 446 altero
598 417 702 446 recte
721 407 919 446 conciliari
939 415 1089 458 potest,
1113 407 1145 444 si
1170 404 1387 443 dixerimus
1401 434 1411 452 ‚
1431 401 1681 441 Bernardum
1707 415 1789 439 esse
1808 400 2115 453 intelligendum
2137 401 2188 440 de
2208 412 2420 441 consuetu-

342 472 436 511 dine
458 473 684 522 obfirmata,
700 487 723 511 a
741 487 822 524 qua
846 473 935 524 quis
952 471 1134 510 recedere
1157 470 1257 508 nolit
1269 499 1278 517 ,
1297 482 1428 519 neque
1453 482 1493 506 se
1508 467 1729 507 revocando
1748 467 1799 506 ad
1821 467 2059 506 mandatum
2073 499 2083 516 ‚
2104 481 2237 520 neque
2262 482 2420 520 poenam

343 538 467 590 culpae
492 539 625 578 subire
648 539 840 586 volend03
865 552 945 589 quo
967 538 1124 575 nonnisi
1144 543 1376 585 contemptu
1396 534 1596 585 perveniri
1618 541 1749 584 potest
1768 550 1777 571 ε
1802 533 2007 573 Thomam
2027 547 2123 573 vero
2143 533 2422 585 explicandum

343 603 393 642 de
416 604 726 653 consuetudine,
752 618 840 655 quae
873 604 1000 641 oritur
1031 616 1077 640 ex
1104 600 1314 653 fragilitate
1345 608 1385 638 et
1412 599 1678 638 commotione
1708 599 1921 650 passionis,
1950 613 2074 650 quam
2103 600 2194 651 quis
2219 613 2267 638 ex
2288 600 2422 639 animo

343 668 513 720 abjicere
531 669 673 717 vellet,
694 668 762 707 sed
782 682 853 719 per
872 668 1145 706 infirmitatem
1162 680 1243 704 non
1265 664 1392 712 valet3
1413 679 1502 717 quae
1523 664 1788 704 nihilominus
1809 665 2056 704 consuetudo
2075 664 2127 703 ad
2144 674 2423 717 contemptum

345 736 447 782 (nisi
472 748 659 787 generose
680 733 844 772 tandem
861 734 896 770 ei
918 733 1147 779 resistatur>
1170 731 1315 769 sensim
1337 730 1546 782 pertrahit.
1566 730 1722 770 Verum
1748 731 1906 784 longius
1927 730 2161 783 progredior
2178 747 2187 769 t
2205 730 2274 770 sed
2288 739 2424 769 tamen

344 804 414 848 (ut
435 800 601 851 quidem
623 800 829 847 existimo)
851 812 932 836 non
953 797 1075 836 otiose
1088 826 1098 845 ‚
1128 810 1200 836 nec
1219 797 1513 848 intempestive.
1537 797 1652 835 Finio
1675 811 1768 835 cum
1791 797 1909 835 effato
1930 796 2094 835 Joannis
2113 795 2424 836 saresberiensis

344 867 385 903 in
413 865 578 917 epistola
597 864 866 903 ducentesima
886 864 1123 916 octogesima
1141 862 1315 901 secunda
1334 879 1342 901 ε
1370 882 1387 897 «
1409 863 1584 901 Minima
1606 871 1760 901 servata
1780 863 1905 901 vitam
1923 862 2159 913 acquirunt,
2179 869 2219 900 et
2239 860 2421 912 plerum-

345 949 362 964 »
395 944 474 981 que
502 931 681 982 111a1·tyrii
700 929 866 982 gloriam
891 937 1201 980 promerentur:
1224 927 1402 981 neglecta
1428 942 1524 968 vero
1556 942 1603 966 ex
1628 929 1793 966 crimine
1815 927 2093 966 inobedientiae
2116 936 2156 966 et
2175 935 2427 978 contemptus

351 1015 367 1029 »
401 1005 586 1034 aeternam
615 997 800 1048 ingerunt
821 1003 1009 1033 mortem.
1035 1013 1052 1028 n
1075 994 1273 1034 Caeterum
1300 996 1501 1047 sequentis
1525 993 1708 1046 opusculi
1737 993 1857 1032 editio
1883 993 2095 1046 Rotomagi
2121 994 2301 1045 primum
2328 992 2428 1032 facta

342 1070 399 1099 est
421 1070 512 1099 ante
534 1075 686 1099 annum
706 1061 1074 1113 quingentesimum
1108 1061 1258 1113 absque
1287 1062 1478 1112 temporis
1503 1070 1619 1109 nota,
1650 1060 1848 1111 adjunctis
1870 1059 1982 1099 libris
2007 1059 2057 1098 de
2086 1057 2424 1107 consideratione,

349 1137 387 1166 et
415 1127 604 1180 Apologia
633 1127 684 1166 ad
713 1126 1001 1176 Guillelmum,
1025 1128 1084 1166 uti
1106 1127 1201 1167 alias
1220 1128 1466 1168 monuimus.
