2517 3936
127 436 494 498 EPISTOM
556 434 939 506 CDLXXIX2

61 599 165 626 mul
198 597 246 620 DF.
275 596 374 618 ROYA
404 593 556 616 Nox'l'rll
587 592 928 616 (thRJz-VALLENsls
954 593 1002 614 An

219 656 250 679 C.
281 654 515 678 PRAEPOSlTrM
547 652 833 675 NOVIOMENSEM.

91 771 266 802 mnsaetae
283 764 353 794 vitre
372 772 494 793 errores
513 768 693 796 enumerat.
713 767 742 792 et
760 761 972 792 Clarae-Yallis

266 817 416 860 optimam
435 816 539 847 laudat
559 816 795 847 institutionem.

34 937 172 978 Dilecto
199 947 268 973 suo
294 935 322 971 C
361 940 500 969 sam-tae
531 931 659 968 matris
692 931 858 969 ccclesiae
885 933 1031 969 Novio-

755 143 1113 183 EPISTOLARUM-
1130 141 1392 176 APPENDIX.

1046 215 1266 265 ³⁰⁵ligenter
1287 214 1481 260 attendas,
1508 214 1554 251 de
1575 225 1669 265 quot
1691 225 1727 252 et
1750 219 1901 266 quantis
1925 222 2112 259 mortibus

1000 315 1039 324 „-
1061 276 1089 309 Α
1111 289 1170 311 me
1186 275 1264 324 jam
1283 275 1424 324 eripuit
1442 275 1647 312 Salvatoris
1664 275 1875 325 benignitas
1888 307 1896 323 ‚
1912 279 2113 330 ipsumque

2036 147 2111 184 80ss

1107 335 1314 385 glorifices,
1345 335 1410 384 qui
1438 348 1526 371 vere
1559 348 1843 385 quemcumque
1874 348 2112 386 peccatorem

1109 395 1323 431 x‘enientem
1354 395 1400 432 ad
1433 408 1471 432 se
1494 408 1570 431 non
1593 394 1695 444 ejicit
1719 396 1830 432 foras.
1851 396 1887 432 Si
1908 398 2000 446 quid
2023 413 2114 436 vero

1103 454 1140 490 in
1161 468 1219 490 me
1244 454 1378 503 legeris
1394 484 1403 500 ,
1422 453 1527 503 quod
1550 463 1586 491 et
1607 455 1645 490 in
1666 463 1700 491 tc
1717 454 1877 491 fortuitu
1897 455 2113 506 deprehen-

1103 513 1170 551 das
1191 513 1381 560 notabile3
1415 523 1488 550 tuce
1510 513 1671 551 fideliter
1701 516 1860 551 consulo
1890 516 2114 556 fraternitati

1102 582 1139 610 et
1171 573 1306 617 saluti,
1331 583 1372 610 ut
1401 573 1438 610 id
1466 574 1546 610 sine
1574 587 1680 610 mora
1711 575 1902 624 corrigere
1935 577 2086 615 festines
2104 609 2114 625 ,

1102 632 1192 669 dum
1221 634 1328 678 lieet,
1357 642 1392 669 et
1422 634 1542 670 nescis
1573 633 1664 683 quid
1693 643 1972 684 superventura
1995 639 2117 686 pariat

1103 693 1194 730 dies.
1224 697 1302 743 Ego
1330 694 1457 743 igitur,
1493 693 1630 730 dilecte
1663 694 1742 740 mi,
1775 693 1864 730 dum
1891 708 2010 732 essem
2033 701 2112 734 ,No-

1104 754 1243 800 xiomi,
1266 763 1303 791 et
1328 755 1366 790 in
1398 754 1570 790 fenestris
1600 753 1737 790 domus
1762 755 1988 805 episcopalis
2010 758 2113 794 solus

1103 815 1194 852 mihi
1213 815 1408 860 sederem,
1433 815 1653 864 frequenter
1675 815 1788 851 etiam
1807 823 1930 852 tecum
1944 845 1953 862 ,
1971 825 2007 853 et
2026 831 2112 854 cum

1100 876 1202 921 aliis-3
1236 874 1474 912 considerata
1513 875 1652 924 ssepius
1697 874 1835 911 domus
1872 876 1971 913 illins
2007 877 2114 914 ordi-

1102 936 1274 982 natione,
1309 944 1346 971 et
1371 944 1501 972 notata
1520 964 1528 980 ,
1561 948 1646 985 quae
1671 949 1710 972 se
1742 936 1862 972 oculis
1891 936 2114 985 ingerebat,

61 996 216 1053 ‘mensis
247 993 454 1045 praeposito
472 1021 481 1036 ,
510 992 665 1029 forsitan
688 993 865 1038 annuali,
890 993 918 1029 si
942 993 1033 1029 velit
1054 996 1080 1030 B
1099 996 1269 1046 ejusdcm
1289 995 1575 1046 pulchritudine
1593 1025 1602 1041 ,
1635 996 1715 1032 heri
1751 1009 1874 1042 nova,
1904 997 2017 1033 hodie
2050 1012 2115 1035 vc-

80 1066 201 1098 nutem
228 1055 414 1092 coelorum
446 1054 524 1103 regi
556 1053 685 1090 futuro
714 1054 751 1090 in
778 1063 1032 1104 perpetuum,

82 1118 191 1156 stater
206 1119 374 1160 Pmnrs,
393 1127 462 1164 per
481 1113 778 1150 misericordiam
801 1114 869 1150 Dei
890 1114 1031 1151 Clarae-

79 1176 192 1216 Vallis
210 1174 396 1221 novitius,
417 1174 574 1211 salutem
597 1174 634 1210 in
650 1173 830 1224 idipsum.

85 1298 116 1336 l.
147 1296 264 1335 Moris
293 1304 352 1332 est
375 1295 611 1340 amicorum,
638 1307 735 1344 quos
765 1293 895 1344 jungit
925 1307 1034 1331 amor

33 1358 180 1404 flii-isti,
214 1357 280 1394 sed
314 1357 488 1394 locorum
522 1364 700 1406 separant
729 1356 929 1392 intervalla
943 1384 952 1400 ,
993 1363 1034 1391 ut

33 1432 111 1459 mm
127 1431 166 1456 se
184 1417 313 1455 videre
334 1430 411 1454 non
433 1416 615 1462 habeant,
634 1429 704 1452 nec
725 1416 830 1466 loqui
848 1415 919 1453 sibi
940 1415 1033 1452 facie

33 1479 76 1519 td
104 1478 232 1517 faciem
251 1507 261 1525 ‚
293 1478 513 1528 frequenter
547 1485 673 1514 tamen
708 1477 769 1527 pia
805 1477 841 1513 in
885 1476 1033 1513 Christo

33 1538 205 1578 -oria
218 1551 258 1576 se
271 1538 488 1588 respiciant,
502 1536 650 1586 sibique
668 1537 809 1573 mutuis
824 1537 1034 1586 loquantur

31 1597 243 1645 affectibu53
282 1606 428 1636 secreta
446 1606 484 1635 et
506 1597 627 1634 amica
647 1611 740 1634 voce
764 1598 890 1634 cordis
917 1609 1033 1647 super

31 1660 205 1701 alterutro
223 1660 460 1710 inquirentes
474 1688 484 1705 ‚
512 1668 550 1696 et
566 1659 768 1710 profundis
789 1659 891 1710 apud
907 1663 1030 1697 Deum

32 1719 223 1774 gemitibus
238 1729 394 1758 orantes
405 1733 476 1771 pro
497 1720 674 1756 invicem.
698 1719 915 1757 Secundum
934 1719 1031 1755 hanc

33 1779 163 1819 amoris
178 1780 313 1830 legem,
327 1779 367 1816 ni
387 1779 509 1825 fallor,
531 1779 693 1829 inquiris
709 1788 746 1816 et
763 1788 802 1816 tu
824 1777 1030 1830 aliquando
1052 1780 1079 1816 C

33 1842 124 1881 intra
138 1841 378 1892 temetipsum
399 1841 437 1877 in
457 1849 604 1878 secreto
622 1840 766 1886 cordis,
785 1840 878 1890 quid
900 1849 1033 1890 agatur

33 1900 126 1953 apud
144 1914 204 1939 me
229 1901 411 1938 dilectum
441 1909 567 1948 tuum3
593 1914 678 1951 quae
701 1901 791 1938 mihi
820 1901 867 1938 sit
891 1902 1033 1938 volun-

34 1970 105 2008 ta,
122 1962 205 2012 quis
223 1970 342 1999 status
356 1971 394 1999 et
409 1961 575 2008 habitus,
593 1961 695 2012 quod
718 1961 962 1999 desiderium.
985 1965 1032 1999 Et

0 2038 2 2043 ·
26 2015 178 2060 'Forsitan
197 2022 306 2060 times
327 2023 447 2060 amica
465 2022 604 2073 pietate
625 2022 793 2059 humeris
812 2022 917 2068 meis,
935 2036 1031 2072 quos

4 2104 6 2106 ·
26 2075 178 2134 exiguos
194 2083 395 2134 agnovisti,
415 2091 454 2119 et
473 2081 618 2119 debiles
632 2081 828 2119 arbitraris
849 2082 894 2119 ad
917 2082 1030 2132 hujus

36 2143 135 2192 vitae,
157 2158 270 2195 quam
294 2145 413 2195 elegi,
437 2144 671 2196 portandum
695 2157 815 2190 onus,
834 2153 871 2180 et
893 2143 1029 2194 jugum

35 2203 297 2243 attinendum.
325 2205 471 2242 Dilecte
501 2205 572 2252 mi,
603 2204 891 2255 trepidaverunt
921 2205 1031 2242 multi

14 2273 22 2276 '
36 2265 173 2312 tinore,
195 2265 262 2303 ubi
279 2279 356 2304 non
372 2274 454 2304 erat
475 2266 599 2303 timor.
618 2265 714 2314 Quia
736 2265 850 2315 igitur
869 2265 906 2302 in
925 2264 1030 2302 bono

38 2329 114 2365 Im
131 2339 191 2364 me
207 2326 347 2377 diligis,
366 2341 444 2364 non
468 2335 503 2364 te
525 2334 678 2377 oportet
702 2327 740 2363 in
764 2325 1031 2375 hujuscemodi

30 2385 166 2424 tinere.
195 2391 285 2425 Haec
316 2388 418 2425 enim
451 2387 607 2425 Domini
628 2396 738 2433 sunt,
765 2386 875 2436 cujus
892 2387 1030 2437 jugum

31 2438 139 2485 ιειιινιτ
153 2455 190 2485 et
203 2461 301 2485 onus
314 2448 409 2485 leve.
423 2451 503 2498 Ego
514 2455 641 2484 autem
654 2460 739 2483 cum
751 2447 942 2484 sufficiens
954 2461 1031 2484 non

32 2503 98 2544 ¹35—
115 2507 162 2545 ad
182 2507 474 2559 expendendam
499 2507 781 2544 multitudinem
810 2507 1003 2545 bonorum
1025 2538 1034 2554 ,

39 2579 113 2617 11oe
145 2569 323 2606 nuntiant
359 2569 495 2605 animae
525 2582 617 2605 meae
655 2582 725 2618 per
754 2568 924 2618 singulos
951 2568 1030 2605 dies
1048 2566 1081 2599 D

7 2629 197 2680 ·³wrporis
223 2629 297 2667 mei
323 2643 434 2667 aures
458 2638 497 2666 et
524 2630 650 2675 oculi3
686 2638 810 2666 tamen
842 2629 887 2667 ad
917 2630 1030 2667 certi-

33 2688 214 2726 lioendum
237 2703 304 2727 cor
320 2698 428 2727 tuum
450 2689 496 2727 de
521 2698 621 2726 statu
645 2698 682 2726 et
713 2689 901 2726 desiderio
930 2704 1029 2737 meo,

42 2759 103 2786 112
121 2758 283 2800 satagam
301 2751 449 2800 signare
473 2750 674 2787 Dilectioni
695 2764 816 2800 pauca
837 2750 883 2788 de
899 2751 1030 2788 Clara—

36 2807 155 2856 Υιίἰε,
184 2809 231 2847 de
259 2809 498 2861 pauperibus
529 2810 667 2848 Christi
703 2810 962 2848 habitantibus
995 2812 1033 2848 in

14 2888 17 2895 ·
36 2862 99 2923 3³⁸⁹
123 2869 169 2907 de
196 2871 332 2908 ordine
349 2880 387 2908 et
409 2871 525 2908 modo
546 2872 632 2907 vitae
650 2871 821 2921 ipsorum
840 2901 848 2917 ,
871 2872 918 2908 ad
938 2885 1034 2922 quos

36 2927 229 2988 'mitandos
280 2931 457 2969 fidelibus
498 2932 651 2969 anhelat
694 2933 864 2982 suspiriis
907 2933 1032 2969 anima

36 2989 125 3026 'noa

38 3102 39 3106 Ἰ
82 3045 118 3086 2.
145 3049 272 3087 Primo
292 3051 479 3101 siquidem
502 3052 700 3098 omnium,
735 3052 945 3089 describam
967 3052 1035 3089 tibi

48 3115 174 3146 ›ai-tem
199 3112 363 3162 aliquam
389 3122 427 3150 et
457 3113 614 3151 modum
634 3114 774 3151 veteris
796 3115 882 3150 vitae
908 3128 1002 3151 meae
1026 3128 1033 3149 :

48 3167 185 3207 nodum
203 3171 308 3220 dico,
332 3173 385 3219 si,
404 3173 472 3211 ubi
490 3187 578 3211 raro
594 3182 658 3211 aut
677 3188 873 3224 nunquam
896 3174 1035 3211 modus

48 3225 116 3276 Hit,
137 3231 291 3270 modum
315 3235 459 3284 possim
484 3234 690 3285 appellare.
714 3235 811 3271 Volo
838 3243 964 3270 autem
995 3244 1037 3271 ut

48 3286 78 3325 d
94 3289 140 3327 ad
164 3293 376 3343 profectum
407 3303 515 3332 tuum
534 3295 572 3332 in
598 3295 668 3332 hac
691 3295 947 3345 descriptione
977 3295 1036 3332 di—

17 3659 51 3936 ae-r„„
44 3627 46 3637 e

1102 1066 1311 1094 terascente
1355 1070 1363 1091 t
1412 1056 1637 1093 memoriam
1677 1057 1814 1093 mentis
1854 1066 1890 1093 et
1931 1058 2111 1095 intuitum

1100 1127 1246 1156 secreto
1265 1116 1482 1155 deferebam
1507 1117 1554 1153 ad
1576 1117 1897 1154 ordinatissimam
1917 1119 2016 1155 illam
2043 1120 2115 1156 do-

1101 1194 1204 1217 mum
1226 1178 1549 1229 supercoelestem,
1574 1177 1683 1226 cujus
1701 1179 1878 1227 gloriosa,
1898 1179 2116 1216 indetermi-

1101 1240 1263 1284 nabilis,
1297 1247 1333 1275 et
1363 1251 1514 1288 semper
1547 1251 1646 1274 nova
1676 1238 1923 1287 pulchritudo
1959 1254 2110 1276 omnem

1105 1297 1341 1337 transcendit
1381 1297 1547 1333 hominis
1581 1297 1862 1346 cogitationem.
1899 1298 1955 1335 Ab
2000 1299 2114 1348 hujus

1103 1369 1230 1398 autem
1263 1358 1397 1396 semita
1426 1358 1540 1407 longe
1569 1358 1716 1408 positus
1744 1358 1858 1394 miser
1885 1372 1955 1407 ego
1981 1360 2114 1397 miser—

1102 1423 1240 1459 rimum
1262 1433 1322 1456 me
1345 1417 1536 1464 videbam,
1554 1418 1619 1468 qui
1633 1418 1796 1454 scienter
1814 1418 1851 1454 in
1873 1419 2112 1456 latitudinem

1100 1483 1171 1519 viae
1189 1481 1362 1532 pessimae
1384 1477 1640 1516 ambulabam.
1664 1481 1737 1514 Per
1757 1491 1872 1527 quam
1887 1508 1896 1525 ‚
1920 1479 1989 1515 nisi
2022 1494 2113 1517 cura

1099 1542 1203 1592 vigili
1228 1541 1407 1590 fugiatur,
1430 1538 1504 1575 cito
1528 1546 1565 1574 et
1589 1537 1916 1587 irregressibiliter
1937 1538 2108 1575 curritur

1099 1602 1146 1639 ad
1162 1602 1318 1639 domum
1338 1600 1451 1649 longe
1468 1599 1594 1644 aliam,
1615 1598 1772 1635 domum
1791 1599 1933 1635 scilicet
1953 1599 2111 1645 doloris,

1099 1662 1256 1699 domum
1284 1668 1465 1697 extremae
1494 1667 1532 1695 et
1563 1658 1720 1695 infinitae
1746 1659 2019 1708 turpitudinis,
2044 1659 2110 1696 ubi

1099 1724 1227 1760 nullus
1245 1721 1356 1767 ordo,
1375 1719 1440 1757 sed
1464 1719 1720 1769 sempiternus
1747 1719 1886 1756 horror
1903 1719 2111 1766 inhabitat,

1099 1792 1138 1821 et
1165 1796 1250 1820 cum
1281 1794 1411 1819 verme
1439 1780 1505 1830 qui
1538 1793 1617 1816 non
1644 1780 1819 1824 moritur,
1849 1781 2105 1830 sempiternus

1099 1844 1208 1895 ignis.
1227 1847 1258 1881 O
1279 1855 1394 1892 quam
1420 1840 1509 1890 jure
1527 1840 1642 1890 igitur
1661 1840 1845 1876 sollicitus
1876 1840 2108 1890 cogitabam,

1101 1918 1162 1950 ne,
1186 1903 1282 1940 sicut
1301 1902 1536 1951 incoeperat,
1557 1913 1617 1936 me
1640 1899 1714 1936 huc
1742 1900 1982 1949 pertraheret
2005 1915 2113 1938 amor

1099 1964 1256 2009 mundi,
1282 1976 1351 2013 per
1377 1960 1485 2010 cujus
1509 1961 1636 2010 ampla
1652 1969 1690 1997 et
1709 1961 1823 1997 stulta
1850 1960 2038 1998 desideria
2056 1962 2114 1998 lu-

1098 2024 1227 2062 bricus
1247 2032 1284 2060 et
1307 2020 1530 2059 insatiabilis
1557 2018 1758 2070 evagabar,
1781 2020 1875 2057 adeo
1899 2020 2048 2067 ebrius,
2072 2030 2112 2057 ut

1098 2100 1170 2137 pro
1191 2083 1337 2121 viribus
1358 2091 1395 2119 et
1414 2081 1565 2119 licentia
1580 2110 1589 2127 ,
1607 2081 1646 2117 in
1669 2081 1775 2117 nullo
1796 2094 1890 2118 meae
1915 2082 2038 2118 carnis
2055 2096 2112 2118 re-

1098 2148 1262 2184 luctarer
1281 2142 1469 2193 voluptati
1490 2157 1498 2178 :
1518 2141 1591 2177 hoc
1612 2149 1792 2190 excepto,
1809 2140 1913 2191 quod
1932 2154 1990 2177 me
2011 2155 2111 2192 saepe

1099 2204 1330 2244 recordabar
1357 2212 1396 2252 et
1419 2202 1671 2247 moriturum,
1700 2210 1738 2237 et
1765 2215 1812 2237 ex
1844 2200 1956 2250 hujus
1983 2202 2109 2238 saeeuli

1098 2266 1276 2305 labilibus
1298 2264 1444 2315 gaudiis
1466 2263 1742 2312 obstupescens
1766 2261 1972 2311 pensabam
1999 2270 2111 2298 aeter-

1099 2341 1237 2365 norum
1259 2324 1447 2362 mirabilia
1464 2324 1704 2360 saeculorum.

1153 2389 1188 2425 3.
1225 2390 1326 2424 Dum
1364 2386 1465 2422 enim
1505 2383 1553 2420 ad
1587 2396 1757 2420 mensam
1797 2382 1944 2419 domini
1986 2385 2110 2420 nostri

1100 2447 1285 2500 episcopi,
1305 2447 1424 2483 civem
1443 2453 1638 2490 nostrum,
1659 2444 1736 2480 imo
1751 2451 1788 2479 et
1802 2443 1947 2479 hostem
1970 2457 2110 2491 meum,

1100 2510 1139 2546 in
1168 2507 1355 2558 argenteis
1377 2505 1492 2552 vasis,
1514 2504 1560 2541 de
1588 2517 1712 2549 more,
1742 2503 1908 2539 suaviter
1929 2504 2109 2550 nutrirer,

1100 2583 1171 2607 nec
1215 2566 1461 2605 insalubriter
1497 2564 1651 2615 quidem
1668 2593 1677 2610 ‚
1708 2572 1894 2613 quantum
1934 2564 1971 2599 in
2005 2564 2103 2601 vasis

1098 2639 1179 2668 erat
1203 2629 1394 2678 ,dumque
1413 2627 1503 2663 mihi
1531 2639 1647 2662 manu
1669 2625 1842 2674 corporis
1865 2624 2107 2661 delectabiles

1098 2692 1263 2741 legerem
1287 2688 1444 2726 'delicias
1462 2703 1469 2724 z
1491 2700 1590 2737 saepe
1610 2686 1648 2722 in
1670 2685 1811 2722 eisdem
1837 2685 1933 2721 vasis
1955 2685 2110 2723 silenter

1101 2751 1270 2802 legebam
1285 2781 1294 2797 ,
1313 2763 1425 2786 manu
1453 2749 1593 2785 scilicet
1620 2746 1764 2791 cordis,
1789 2746 1900 2795 longe
1921 2746 2036 2782 alium
2059 2746 2112 2783 ci-

1101 2812 1208 2850 bum.
1226 2811 1298 2850 Sed
1321 2820 1374 2857 tu,
1397 2810 1532 2846 dilecte
1552 2809 1623 2853 mi,
1644 2808 1731 2844 licet
1756 2806 1822 2843 tibi
1838 2807 1925 2843 satis
1946 2807 2111 2853 afliniter

1101 2872 1389 2917 recumberem,
1412 2872 1514 2908 hunc
1543 2883 1601 2906 me
1627 2870 1751 2918 legere
1780 2866 1986 2904 nesciebas.
2011 2867 2111 2916 Quid

1101 2934 1242 2983 igitur?
1273 2932 1461 2981 numquid
1491 2931 1608 2980 dapes
1637 2928 1809 2978 quotidie
1837 2927 2014 2972 festivas,
2049 2936 2114 2964 aut

1102 2992 1354 3043 inculpabiles
1386 2992 1561 3029 scutellas
1594 2989 1808 3039 redarguo?
1836 2987 2029 3037 Numquid
2068 2988 2112 3024 li-

1104 3068 1264 3104 quorem
1286 3054 1393 3090 illum
1409 3082 1418 3099 ‚
1438 3052 1545 3101 cujus
1571 3059 1608 3087 et
1628 3051 1736 3087 color
1754 3048 1891 3086 blande
1917 3048 2111 3085 arridebat

1104 3114 1246 3160 oeulis,
1273 3122 1311 3150 et
1341 3127 1455 3163 sapor
1483 3112 1593 3148 dulce
1614 3111 1652 3147 in
1671 3110 1798 3161 palato
1825 3108 2110 3158 respondebat,

1103 3184 1167 3212 aut
1187 3175 1351 3225 scyphos
1368 3187 1501 3211 accuso
1518 3172 1747 3222 argenteos?
1767 3169 1889 3207 Absit.
1909 3172 1991 3205 Non
2010 3169 2113 3205 enim

1103 3236 1210 3273 cibus
1230 3244 1312 3272 erat
1338 3236 1377 3272 in
1404 3236 1517 3280 vitio,
1543 3247 1666 3283 neque
1688 3240 1827 3282 potus,
1855 3243 1979 3278 neque
1999 3231 2111 3265 etiam

1103 3305 1282 3347 argentea
1308 3310 1396 3334 vasa
1420 3312 1428 3333 :
1456 3295 1519 3333 sed
1545 3295 1582 3331 in
1609 3306 1694 3330 meo
1715 3306 1801 3329 vase
1821 3290 1921 3327 liz-tili
1947 3290 2005 3325 lai«
2023 3289 2113 3325 hant
