2517 3936
73 211 168 251 1333

67 350 153 401 plus
170 349 247 395 illa,
264 360 341 397 qua
366 347 454 397 plus
474 345 585 382 nobis
603 345 807 385 tribuimus
827 362 833 383 ε
855 350 959 399 quod
979 351 1032 396 fit,
1052 351 1081 387 si
1101 356 1131 389 A
1152 352 1315 389 infidelis
1332 353 1499 403 ignoret,
1519 369 1588 392 suo
1608 361 1758 408 corpori
1774 375 1846 398 uon
1864 365 1909 400 al)
1929 368 1973 402 ali

67 410 214 447 bonum
234 407 507 458 quodcumque
529 405 568 442 in
591 405 704 443 nobis
722 420 823 453 csse,
843 418 880 445 et
901 423 921 446 a
939 409 1050 447 nobis
1066 439 1075 455 ‚

67 468 218 519 decepti
240 476 432 519 putemus.
448 471 499 504 At
514 478 607 502 vero
625 479 739 516 super
754 474 956 518 utramque
970 469 1079 518 igno-

69 528 230 566 rantiam
251 526 478 565 declinanda
498 534 535 563 et
551 525 784 562 exsecranda
808 527 872 563 illa
897 541 1079 577 praesum-

67 587 149 639 ptio
169 595 248 634 est,
273 600 350 637 qua
367 586 489 623 sciens
514 593 552 622 et
575 581 745 635 prudens
762 586 857 622 forte
875 587 1014 624 audeas
1029 588 1075 625 dc

67 647 180 685 bonis
195 660 275 684 non
291 647 366 684 tuis
385 655 490 683 tuam
507 658 680 696 quaerere
701 645 859 695 gloriam
883 661 890 683 :
914 655 952 683 et
971 647 1075 696 quod

67 716 195 746 certus
213 721 253 746 es
273 721 295 745 a
312 716 349 745 te
370 706 438 744 tibi
455 720 535 744 non
557 719 652 753 esse,
669 705 759 742 inde
774 714 900 743 tamen
922 708 1077 744 alterius

69 781 204 819 rapere
223 781 304 805 non
329 767 498 805 verearis
528 767 731 804 honorem.
761 766 872 804 Prior
899 767 1077 816 equidem

67 828 283 878 ignorantia
301 827 462 878 gloriam
485 839 564 864 non
587 825 704 863 habet
731 840 739 862 ε
766 827 958 876 posterior
986 840 1078 865 vero

68 888 183 927 habet
208 888 385 939 quidem,
409 888 477 926 sed
501 901 581 925 non
599 886 702 938 apud
722 890 860 924 Deum.
889 890 1078 926 Caeterum

67 949 141 987 hoc
156 950 312 987 tertium
325 949 484 996 malum,
506 948 612 1000 quod
623 948 704 998 jam
721 948 885 986 scienter
907 950 1080 986 commit-

68 1010 176 1058 titur,
189 1018 353 1061 usurpat
377 1018 416 1048 et
439 1018 573 1048 contra
586 1013 723 1047 Deum.
741 1012 786 1046 In
804 1017 950 1046 tantum
971 1009 1082 1047 deni-

695 214 982 251 TRACTATUS
1011 217 1076 250 DE
1106 217 1383 254 DILIGENDO
1414 221 1524 255 ΒΕΘ.

65 290 177 328 nobis
205 289 302 325 sorte
331 285 542 324 sentimus:
567 286 632 322 sed
657 300 735 323 non
766 289 904 337 minus,
933 291 1010 328 imo
1037 291 1230 341 et³⁵⁸³quae
1253 307 1368 343 super
1400 296 1470 331 hoc
1500 296 1720 345 dictasunt,
1747 303 1954 342 iteri-utin·-

2051 234 2116 269 1:353
2133 245 2140 268 ι

1949 335 1954 340 .
1980 311 2064 357 quis
2089 314 2143 346 wi

1979 383 2000 403 o
2022 369 2056 404 iu
2080 371 2146 405 lia«-

1146 413 1297 449 mortali
1314 414 1391 450 vita
1415 415 1629 464 supradicta
1656 418 1716 454 illa
1738 425 1939 460 neccssaria
1962 428 2145 466 ministra<

1145 472 1198 518 ri,
1214 473 1316 509 unde
1339 473 1514 511 videlicet
1531 474 1731 523 subsistat,
1750 480 1849 516 unde
1875 483 1997 520 videat
2014 515 2022 529 ‚
2048 489 2144 524 und«-

1146 532 1277 582 spiret,
1297 547 1410 582 quam
1428 534 1475 571 ab
1488 535 1564 581 illo,
1586 536 1651 584 qui
1669 537 1731 572 (lat
1753 551 1872 575 escam
1891 545 1991 578 omni
2008 549 2108 582 carui
2126 549 2145 593 ⁵3

1146 592 1211 640 qui
1225 593 1342 629 solem
1358 607 1467 630 suum
1487 595 1579 631 oriri
1596 596 1683 631 facit
1700 610 1813 646 super
1826 598 1948 636 bonos
1964 611 2000 637 et
2016 606 2144 647 malos,

1144 660 1181 687 et
1199 652 1297 701 pluit
1314 666 1428 703 super
1443 653 1567 703 justos
1583 664 1619 691 et
1637 655 1798 705 injustos
1818 659 1854 693 ⁴?
1875 661 1966 707 Quis
1985 662 2070 699 item
2092 667 2146 700 vel

1144 711 1285 761 impius
1304 722 1413 763 putet
1433 715 1547 751 alium
1577 715 1658 764 ejus
1672 746 1680 762 ,
1704 731 1788 767 quae
1808 718 1843 755 in
1867 721 1988 758 anima
2018 724 2147 772 splen—

1146 771 1226 818 det,
1240 772 1416 811 humanae
1436 774 1626 824 dignitatis
1648 786 1840 814 auctorem
1857 808 1865 825 ‚
1886 789 2023 829 praeter
2043 783 2145 820 illum

1145 832 1269 882 ipsum
1286 863 1294 879 ‚
1318 836 1383 884 qui
1412 835 1449 871 in
1476 837 1613 874 Genesi
1639 838 1808 887 loquitur
1834 854 1841 875 :
1864 842 2065 878 Faciamus
2083 846 2147 879 lm—

1146 897 1282 930 minem
1328 897 1382 930 ad
1416 897 1617 945 imaginem
1668 908 1704 933 ct
1751 902 2026 937 similltmliloem
2076 918 2144 939 m)-

1146 962 1259 989 stram
1294 952 1332 990 5?
1363 955 1455 1003 Quis
1486 956 1601 993 alium
1629 958 1793 995 scientiae
1822 960 2037 1009 largitorem
2063 965 2145 1000 exi—

1149 1012 1296 1061 stimet,
1326 1014 1398 1051 nisi
1423 1029 1529 1065 aeque
1554 1017 1699 1066 ipsum,
1732 1019 1796 1068 qui
1817 1019 1927 1057 docet
1952 1022 2141 1061 hominem

68 1084 143 1121 que
156 1071 373 1122 ignorantia
385 1071 448 1108 illa
460 1071 666 1122 posteriori
679 1071 759 1107 haec
773 1070 988 1121 arrogantia
1000 1084 1083 1120 gra·
1101 1075 1129 1109 B
1149 1072 1343 1111 scientiam
1364 1073 1408 1110 f’?
1433 1076 1524 1124 Quis
1545 1090 1695 1114 rursum
1725 1092 1861 1117 munus
1895 1080 1964 1118 sibi
1993 1084 2142 1121 aliunde

67 1132 154 1170 vior
171 1141 286 1184 atque
302 1132 557 1184 periculosior
576 1140 736 1183 apparet
750 1161 760 1179 ‚
786 1145 864 1182 quo
884 1144 955 1183 per
975 1132 1078 1169 illam

68 1193 225 1244 quidem
250 1197 356 1232 Deus
380 1194 561 1241 nescitur,
582 1206 653 1244 per
671 1193 782 1230 istam
809 1202 847 1230 et
863 1193 1079 1230 contemni-

68 1263 131 1292 tur
156 1269 166 1292 :
196 1255 237 1293 in
258 1263 407 1292 tantum
435 1263 473 1292 et
496 1255 618 1305 priori
649 1254 816 1292 deterior
840 1268 883 1292 ac
912 1254 1080 1292 detesta-

68 1314 196 1363 bilior,
217 1324 261 1353 ut
280 1330 367 1354 cum
385 1328 455 1366 per
468 1315 571 1353 illam
585 1315 804 1367 pecoribus,
824 1329 895 1366 per
915 1316 1026 1353 istam
1042 1324 1080 1353 et

67 1375 308 1414 daemonibus
327 1377 530 1414 sociemur.
553 1379 620 1414 Est
641 1376 787 1427 quippe
814 1375 993 1427 superbia
1008 1406 1017 1422 ‚
1043 1386 1079 1414 et

68 1438 249 1476 delictum
278 1438 510 1485 maximum,
543 1438 599 1475 uti
626 1437 722 1475 datis
754 1446 936 1488 tanquam
968 1438 1080 1475 inna-

69 1499 138 1547 tis;
166 1507 205 1537 et
233 1499 273 1536 in
299 1499 465 1550 acceptis
484 1498 678 1536 beneficiis
707 1498 867 1549 gloriam
894 1512 1080 1549 usurpare

67 1558 244 1597 benefici.

120 1622 158 1658 5.
198 1619 460 1669 Quamobrem
496 1634 582 1658 cum
619 1620 767 1658 duabus
801 1620 882 1657 istis
899 1649 909 1667 ,
958 1619 1081 1674 digni-

68 1689 142 1719 tate
174 1689 289 1732 atque
317 1681 494 1729 scientia,
531 1695 628 1733 opus
652 1691 709 1719 est
737 1690 775 1719 et
801 1682 958 1727 virtute,
997 1694 1081 1730 quae

67 1741 267 1792 utriusque
289 1742 434 1779 fructus
456 1750 514 1779 est
529 1771 538 1789 ,
562 1755 632 1793 per
656 1755 771 1793 quam
795 1742 857 1779 ille
873 1741 1083 1792 inquiritur

65 1813 110 1839 ac
129 1810 296 1850 tenetur,
320 1802 386 1852 qui
404 1802 578 1839 omnium
600 1811 735 1839 auctor
751 1811 790 1839 et
816 1802 927 1839 dator
945 1802 1081 1839 merito

1144 1133 1294 1171 virtutis
1313 1143 1378 1172 aut
1400 1144 1509 1185 putet
1532 1136 1661 1173 datum
1680 1167 1688 1182 ‚
1712 1148 1775 1175 aut
1797 1149 1921 1189 speret
1950 1142 2139 1189 dandum,

1145 1206 1258 1242 quam
1291 1195 1336 1231 de
1363 1209 1477 1233 manu
1499 1197 1629 1233 itidem
1650 1199 1802 1235 Domini
1832 1200 2039 1238 virtutum?
2060 1207 2139 1241 Mc-

1146 1263 1251 1291 retur
1267 1268 1356 1305 ergo
1376 1257 1492 1293 amari
1512 1266 1671 1307 propter
1699 1272 1736 1295 se
1750 1260 1872 1309 ipsum
1901 1266 2018 1308 Deus,
2036 1273 2071 1300 et
2094 1264 2140 1301 ab

1145 1314 1287 1352 infideli
1305 1331 1312 1353 ε
1330 1316 1395 1365 qui
1412 1317 1480 1353 etsi
1495 1318 1635 1354 nesciat
1652 1318 1853 1365 Christum,
1877 1321 1943 1357 scit
1962 1330 2083 1360 tamen
2103 1337 2140 1361 sc

1146 1376 1283 1426 ipsum.
1313 1377 1475 1414 Proinde
1503 1378 1767 1415 inexcusabilis
1795 1388 1850 1416 est
1880 1382 2000 1419 omnis
2029 1384 2139 1420 etiam

1146 1436 1330 1483 infidelis,
1359 1437 1388 1474 si
1416 1451 1493 1474 non
1527 1438 1646 1487 diligit
1663 1440 1867 1476 Dominum
1885 1445 2007 1478 Deum
2033 1456 2141 1480 suum

1148 1511 1193 1534 ex
1226 1506 1305 1535 toto
1338 1497 1479 1544 corde,
1508 1506 1586 1535 tota
1614 1499 1760 1546 anima,
1791 1508 1866 1537 tota
1893 1501 2033 1539 virtute
2064 1517 2141 1541 sua.

1148 1558 1290 1595 Clamat
1311 1571 1448 1608 nempe
1469 1558 1569 1595 intus
1589 1558 1623 1595 ei
1640 1559 1767 1596 innata
1781 1589 1790 1605 ‚
1813 1569 1849 1597 et
1872 1574 1948 1597 non
1974 1562 2143 1612 ignorata

1149 1619 1286 1656 rationi
1310 1618 1473 1668 justitia,
1510 1620 1598 1669 quia
1617 1633 1661 1656 ex
1697 1629 1777 1657 toto
1801 1634 1838 1657 se
1866 1621 1970 1658 illum
1993 1623 2145 1673 diligere

1150 1678 1284 1716 debeat
1303 1708 1311 1724 ,
1343 1680 1401 1716 cui
1430 1692 1468 1716 se
1490 1688 1610 1716 totum
1636 1680 1772 1717 debere
1793 1694 1869 1717 non
1889 1682 2047 1731 ignorat.
2071 1688 2146 1720 Vc-

1149 1752 1233 1775 rum
1252 1739 1423 1785 difficile,
1445 1740 1522 1775 imo
1544 1739 1776 1789 impossibile
1798 1749 1853 1777 est
1867 1770 1876 1787 ‚
1904 1742 1980 1778 suis
2005 1743 2145 1780 scilicet

1150 1799 1390 1848 quempiam,
1424 1798 1580 1835 liberive
1601 1798 1745 1835 arbitrii
1771 1799 1915 1836 viribus
1942 1804 2054 1839 semel
2083 1817 2144 1839 ac-

64 1861 300 1911 glorificetur
319 1861 366 1899 de
385 1861 577 1899 omnibus.
593 1862 776 1912 Alioquin
797 1862 921 1899 sciens
945 1870 983 1899 et
1003 1875 1081 1899 non
1102 1869 1129 1905 C
1151 1868 1261 1910 cepta
1280 1874 1301 1896 a
1320 1863 1416 1905 Deo,
1441 1859 1486 1895 ad
1504 1860 1574 1896 Dei
1594 1873 1640 1896 ex
1662 1868 1740 1896 toto
1762 1870 1983 1898 convertere
2005 1864 2146 1900 volun-

64 1921 206 1959 faciens
226 1921 361 1972 digna,
383 1922 514 1959 multis
533 1922 742 1973 vapulabit.
765 1924 918 1971 Quare?
935 1923 1078 1972 Utique

63 1982 155 2032 quia
180 1982 307 2020 noluit
333 1982 546 2033 intelligere
575 1991 619 2019 ut
643 1982 742 2020 bene
773 1991 902 2033 ageret
930 1996 938 2018 :
961 1983 1078 2033 magis

65 2050 194 2080 autem
210 2043 452 2094 iniquitatem
470 2043 675 2081 meditatus
693 2044 801 2081 estin
823 2043 940 2081 cubili
961 2057 1030 2081 suo
1051 2051 1077 2091 ¹,

64 2102 231 2140 dumvde
249 2102 384 2150 bonis,
413 2117 499 2153 quae
529 2118 550 2141 a
575 2117 614 2141 se
635 2117 714 2141 non
738 2117 818 2142 esse
845 2118 892 2142 ex
913 2104 1081 2142 scientiae

64 2164 168 2202 dono
184 2164 394 2202 certissime
409 2165 618 2215 comperit,
633 2163 728 2201 boni
748 2164 904 2202 Domini
920 2165 1080 2214 gloriam

64 2237 198 2263 servus
210 2225 351 2276 impius
368 2233 523 2275 captare
544 2223 615 2261 sibi
626 2253 635 2271 ‚
657 2225 735 2262 imo
751 2233 789 2261 et
806 2233 958 2275 raptare
974 2225 1082 2261 moli-

65 2293 140 2323 tur.
159 2285 300 2336 Liquet
317 2285 434 2336 igitur
454 2294 493 2322 et
512 2284 657 2335 absque
680 2285 837 2322 scientia
857 2285 1080 2335 dignitatem

63 2358 144 2383 esse
165 2345 326 2383 omnino
343 2345 519 2383 inutilem
532 2375 542 2393 ‚
562 2354 600 2382 et
620 2345 815 2382 scientiam
844 2345 986 2395 absque
1007 2345 1082 2381 vir-

64 2414 147 2444 tute
163 2405 436 2444 damnabilem.
451 2410 594 2444 Verum
611 2406 729 2443 homo
746 2406 908 2453 virtutis,
927 2405 987 2443 cui
1010 2418 1081 2442 nec

64 2466 249 2505 damnosa
263 2466 421 2504 scientia
437 2495 446 2513 ,
469 2480 540 2504 nec
556 2466 797 2503 infructuosa
817 2466 979 2516 dignitas
996 2478 1079 2502 ma-

64 2534 154 2574 net,
179 2527 320 2564 clamat
348 2530 431 2564 Deo
462 2534 500 2563 et
525 2526 691 2577 ingenue
713 2526 920 2563 confitetur
951 2539 959 2560 ι
993 2527 1080 2562 Non

63 2586 188 2632 nobis,
206 2586 399 2637 inquiens,
419 2589 597 2634 Domine,
614 2601 688 2623 non
706 2586 826 2633 nobis,
849 2588 918 2623 secl
935 2590 1082 2622 nomini

63 2656 124 2685 tuo
139 2647 349 2698 daglon’nm
361 2654 388 2684 ².
410 2651 495 2685 Hoc
515 2655 593 2685 est:
610 2648 671 2685 Nil
691 2647 824 2695 nobis,
849 2661 872 2685 o
891 2647 1078 2693 Domine,

64 2707 112 2746 de
128 2708 309 2756 scientia,
334 2708 391 2746 nit
421 2707 535 2746 nobis
563 2707 611 2746 de
637 2708 820 2758 dignitate
844 2707 1075 2753 tribuimus;
1101 2707 1132 2741 D
1151 2709 1304 2746 cifixum
1332 2721 1339 2742 :

64 2769 131 2807 sed
145 2777 214 2807 tuo
234 2777 379 2816 totum,
394 2782 416 2806 a
437 2782 516 2819 quo
537 2777 660 2806 totum
682 2777 761 2815 est,
795 2768 942 2806 nomini
960 2767 1081 2818 depu-

66 2837 201 2868 tamus.

117 2892 154 2928 6.
183 2893 371 2930 Caeterum
397 2902 496 2941 pene
535 2904 556 2927 a
585 2890 788 2941 proposito
820 2891 932 2940 longe
969 2888 1080 2926 nimis

65 2950 224 3002 digressi
255 2964 412 2999 sumus,
443 2951 536 2989 dum
557 2950 821 2988 demonstrare
850 2950 1078 3000 satagimus,

28 3021 30 3023 “
64 3023 130 3049 605
155 3024 311 3062 quoque
344 3011 412 3062 qui
440 3011 632 3050 Christum
663 3011 861 3058 nesciunt,
897 3011 985 3048 satis
1010 3022 1079 3059 per

64 3071 186 3122 legem
214 3072 427 3109 naturalem
460 3085 508 3111 ex
537 3073 729 3124 perceptis
760 3072 871 3109 bonis
904 3069 1079 3121 corporis

65 3131 276 3183 animaeque
310 3133 488 3180 moneri,
533 3141 722 3183 quatenus
764 3137 887 3170 Deum
920 3140 1080 3182 propter

64 3194 188 3230 Deum
202 3201 241 3230 et
255 3192 329 3242 ipsi
345 3192 502 3242 diligere
520 3193 697 3231 debeant.
720 3198 812 3230 Nam
834 3202 876 3229 ut
896 3192 1076 3237 breviter,

113 3332 124 3348 ¹
144 3326 343 3366 PsaLxxxv,
363 3329 396 3366 4,
416 3331 499 3360 5.-—
519 3333 531 3349 ²
550 3329 631 3360 Psal.
648 3339 747 3366 cxm,
770 3331 802 3359 9.
818 3346 858 3350 ——
875 3325 888 3347 3
904 3326 983 3358 Psal.
1005 3338 1126 3360 cxxxv,

71 3381 211 3412 to.-7
230 3379 368 3423 Philipp.
383 3392 430 3419 11,
454 3385 510 3413 21.
528 3400 572 3405 -—
589 3382 602 3404 8
625 3384 707 3412 Gen.
729 3392 811 3417 vm,
838 3384 892 3411 21.

1147 1928 1283 1966 tatem3
1312 1927 1349 1957 et
1376 1932 1453 1955 non
1483 1919 1597 1968 magis
1618 1920 1663 1955 ad
1688 1919 1883 1969 propriam
1906 1929 2147 1970 retorquere,

1147 1993 1266 2030 eaque
1286 1979 1357 2016 sibi
1379 1988 1556 2028 tanquam
1575 1980 1729 2029 propria
1751 1980 1926 2026 retinere,
1949 1981 2044 2018 sieut
2063 1984 2150 2019 scri-

1146 2049 1255 2091 ptum
1279 2049 1349 2086 est,
1383 2042 1519 2075 Omnes
1545 2054 1632 2088 (μία)
1661 2054 1728 2075 sna
1745 2049 1828 2076 sunt
1855 2049 2053 2089 quoermzt7
2075 2056 2084 2079 ε
2112 2052 2147 2079 et
2198 2081 2204 2087 ,

1148 2102 1253 2147 item,
1285 2103 1405 2137 Prom'
1422 2110 1509 2136 sunt
1527 2114 1653 2137 sensus
1673 2110 1710 2137 et
1727 2104 1961 2149 cogitationes
1992 2102 2147 2138 hominis

1151 2166 1187 2198 in
1216 2164 1354 2197 malum
1378 2160 1404 2197 3.

1519 2287 1693 2325 CAPUT
1724 2288 1799 2325 III.

1148 2412 1315 2444 Christiani
1337 2416 1468 2453 quantos
1493 2410 1627 2441 habeant
1652 2410 1789 2441 stimulos
1811 2410 1932 2441 amandi
1958 2413 2056 2442 Deum
2083 2423 2144 2454 pra·

1557 2463 1742 2495 infidelibus.

1178 2590 1210 2626 7.
1225 2591 1365 2626 Contra
1375 2587 1478 2636 quod
1495 2586 1604 2636 plane
1620 2585 1745 2621 fideles
1758 2592 1919 2630 norunt,
1939 2598 2049 2633 quam
2067 2598 2144 2620 om-

1147 2648 1239 2685 nino
1264 2647 1514 2684 necessarium
1540 2644 1701 2682 habeant
1716 2649 1862 2691 Jesum,
1880 2653 1915 2680 et
1938 2645 2036 2681 hunc
2057 2659 2144 2681 cru-

1367 2707 1456 2744 dum
1483 2705 1708 2742 admirantes
1736 2712 1773 2740 et
1801 2704 2055 2753 amplexantes
2082 2717 2144 2740 su-

1149 2768 1449 2819 pereminentem
1475 2766 1638 2803 scientiae
1670 2764 1887 2801 charitatem
1914 2764 1954 2799 in
1980 2765 2084 2813 ipso,
2107 2763 2143 2799 id

1149 2829 1207 2865 vel
1234 2827 1421 2864 tantillum
1444 2824 1548 2875 quod
1566 2833 1670 2869 sunt,
1692 2824 1730 2859 in
1752 2831 1863 2859 tantae
1885 2822 2094 2859 dilectionis
2109 2831 2145 2858 et

1148 2887 1376 2937 dignationis
1391 2886 1510 2921 vicem
1528 2897 1604 2921 non
1621 2883 1829 2933 rependere
1847 2882 2144 2919 confunduntur.

1148 2948 1270 2987 Facile
1290 2946 1451 2997 proinde
1468 2945 1553 2995 plus
1571 2944 1750 2993 diligunt,
1773 2943 1838 2993 qui
1858 2956 1896 2980 se
1918 2943 2078 2993 amplius
2093 2943 2146 2979 di-

1144 3010 1263 3046 lectos
1278 3006 1509 3055 intelligunt:
1525 3005 1584 3041 cui
1602 3013 1725 3041 autem
1743 3004 1866 3041 minus
1881 3003 2060 3040 donatum
2076 3011 2141 3046 est,

1146 3069 1270 3106 minus
1285 3066 1414 3115 diligit.
1430 3066 1583 3103 Judaeus
1597 3079 1697 3111 sane,
1713 3065 1790 3101 sive
1807 3077 1986 3114 paganus,
2004 3076 2143 3111 nequa-

1146 3140 1259 3179 quam
1293 3125 1429 3162 talilms
1460 3124 1599 3161 aculeis
1630 3124 1808 3160 incitatur
1839 3122 1993 3166 amoris,
2017 3120 2142 3168 quales

1148 3187 1310 3225 Ecclesia
1340 3185 1547 3235 experitur,
1572 3198 1654 3234 quae
1682 3184 1753 3229 ait,
1790 3185 1992 3217 Vulnerata
2021 3181 2142 3214 char(-

1147 3327 1199 3356 25.
1214 3341 1258 3346 -
1275 3322 1288 3348 4
1305 3320 1418 3353 Matth.
1442 3333 1471 3355 v,
1495 3323 1601 3351 4[›.—
1619 3318 1844 3352 5Gen.1.1).0.
1867 3332 1899 3336 —-
1918 3312 1933 3335 6
1950 3313 2027 3343 Psal.
2047 3323 2140 3342 sciit.
