<?xml version="1.0" encoding="UTF-8"?>
<!DOCTYPE html PUBLIC "-//W3C//DTD XHTML 1.0 Transitional//EN"
    "http://www.w3.org/TR/xhtml1/DTD/xhtml1-transitional.dtd">
<html xmlns="http://www.w3.org/1999/xhtml" xml:lang="en" lang="en">
 <head>
  <title>
</title>
<meta http-equiv="Content-Type" content="text/html;charset=utf-8" />
  <meta name='ocr-system' content='tesseract 3.04.00' />
  <meta name='ocr-capabilities' content='ocr_page ocr_carea ocr_par ocr_line ocrx_word'/>
</head>
<body>
  <div class='ocr_page' id='page_1' title='image "./operaomniapostho01bernuoft/operaomniapostho01bernuoft_0137.png"; bbox 0 0 2565 3952; ppageno 0'>
   <div class='ocr_carea' id='block_1_1' title="bbox 81 182 154 220">
    <p class='ocr_par' dir='ltr' id='par_1_1' title="bbox 81 182 154 220">
     <span class='ocr_line' id='line_1_1' title="bbox 81 182 154 220; baseline -0.014 0"><span class='ocrx_word' id='word_1_1' title='bbox 81 182 154 220; x_wconf 78' lang='lat'>249</span> 
     </span>
    </p>
   </div>
   <div class='ocr_carea' id='block_1_2' title="bbox 999 178 2161 228">
    <p class='ocr_par' dir='ltr' id='par_1_2' title="bbox 999 178 2161 228">
     <span class='ocr_line' id='line_1_2' title="bbox 999 178 2161 228; baseline 0.001 -14"><span class='ocrx_word' id='word_1_2' title='bbox 999 178 1264 216; x_wconf 79' lang='lat' dir='ltr'>EPISTOLAE.</span> <span class='ocrx_word' id='word_1_3' title='bbox 2114 190 2161 228; x_wconf 45' lang='grc' dir='ltr'>ρύ-</span> 
     </span>
    </p>
   </div>
   <div class='ocr_carea' id='block_1_3' title="bbox 79 254 2194 376">
    <p class='ocr_par' dir='ltr' id='par_1_3' title="bbox 79 254 2194 376">
     <span class='ocr_line' id='line_1_3' title="bbox 79 254 2192 312; baseline 0.004 -15"><span class='ocrx_word' id='word_1_4' title='bbox 79 259 182 312; x_wconf 88' lang='lat' dir='ltr'>quod</span> <span class='ocrx_word' id='word_1_5' title='bbox 202 259 241 296; x_wconf 92' lang='lat' dir='ltr'>in</span> <span class='ocrx_word' id='word_1_6' title='bbox 270 257 343 294; x_wconf 89' lang='lat' dir='ltr'>tuis</span> <span class='ocrx_word' id='word_1_7' title='bbox 363 257 497 294; x_wconf 79' lang='lat' dir='ltr'>litteris</span> <span class='ocrx_word' id='word_1_8' title='bbox 528 254 780 305; x_wconf 83' lang='lat' dir='ltr'>subjunxisti,</span> <span class='ocrx_word' id='word_1_9' title='bbox 801 254 892 304; x_wconf 89' lang='lat' dir='ltr'>quia</span> <span class='ocrx_word' id='word_1_10' title='bbox 919 254 1098 292; x_wconf 76' lang='lat' dir='ltr'>videlicet</span> <span class='ocrx_word' id='word_1_11' title='bbox 1116 257 1147 275; x_wconf 75' lang='lat'>⁰⁸</span> <span class='ocrx_word' id='word_1_12' title='bbox 1168 255 1308 305; x_wconf 88' lang='lat' dir='ltr'>dignus</span> <span class='ocrx_word' id='word_1_13' title='bbox 1328 256 1399 302; x_wconf 86' lang='lat' dir='ltr'>sit,</span> <span class='ocrx_word' id='word_1_14' title='bbox 1432 256 1624 306; x_wconf 77' lang='lat' dir='ltr'>diligatur.</span> <span class='ocrx_word' id='word_1_15' title='bbox 1655 262 1929 299; x_wconf 75' lang='lat' dir='ltr'>Verumtamen</span> <span class='ocrx_word' id='word_1_16' title='bbox 1953 264 1983 300; x_wconf 88' lang='lat' dir='ltr'>si</span> <span class='ocrx_word' id='word_1_17' title='bbox 2012 267 2192 306; x_wconf 83' lang='lat' dir='ltr'>meliores</span> 
     </span>
     <span class='ocr_line' id='line_1_4' title="bbox 79 314 2194 376; baseline 0.003 -20"><span class='ocrx_word' id='word_1_18' title='bbox 79 322 142 372; x_wconf 90' lang='lat' dir='ltr'>qui</span> <span class='ocrx_word' id='word_1_19' title='bbox 163 319 307 356; x_wconf 68' lang='lat' dir='ltr'>vadunt</span> <span class='ocrx_word' id='word_1_20' title='bbox 323 326 360 354; x_wconf 88' lang='lat' dir='ltr'>et</span> <span class='ocrx_word' id='word_1_21' title='bbox 375 317 537 353; x_wconf 69' lang='lat' dir='ltr'>veniunt</span> <span class='ocrx_word' id='word_1_22' title='bbox 554 330 623 366; x_wconf 88' lang='lat' dir='ltr'>per</span> <span class='ocrx_word' id='word_1_23' title='bbox 645 324 679 352; x_wconf 85' lang='lat' dir='ltr'>te</span> <span class='ocrx_word' id='word_1_24' title='bbox 702 315 748 352; x_wconf 89' lang='lat' dir='ltr'>de</span> <span class='ocrx_word' id='word_1_25' title='bbox 768 315 932 362; x_wconf 86' lang='lat' dir='ltr'>nostris,</span> <span class='ocrx_word' id='word_1_26' title='bbox 947 314 1099 352; x_wconf 89' lang='lat' dir='ltr'>nullum</span> <span class='ocrx_word' id='word_1_27' title='bbox 1118 318 1150 350; x_wconf 81' lang='lat' dir='ltr'><strong>A</strong></span> <span class='ocrx_word' id='word_1_28' title='bbox 1169 317 1287 366; x_wconf 88' lang='lat' dir='ltr'>magis</span> <span class='ocrx_word' id='word_1_29' title='bbox 1309 316 1492 366; x_wconf 88' lang='lat' dir='ltr'>diligendi</span> <span class='ocrx_word' id='word_1_30' title='bbox 1517 326 1607 354; x_wconf 91' lang='lat' dir='ltr'>sunt</span> <span class='ocrx_word' id='word_1_31' title='bbox 1631 317 1735 369; x_wconf 74' lang='lat' dir='ltr'>(sunt</span> <span class='ocrx_word' id='word_1_32' title='bbox 1752 328 1879 356; x_wconf 87' lang='lat' dir='ltr'>autem</span> <span class='ocrx_word' id='word_1_33' title='bbox 1909 323 2105 372; x_wconf 86' lang='lat' dir='ltr'>meliores,</span> <span class='ocrx_word' id='word_1_34' title='bbox 2128 329 2194 376; x_wconf 89' lang='lat' dir='ltr'>qui</span> 
     </span>
    </p>
   </div>
   <div class='ocr_carea' id='block_1_4' title="bbox 77 376 1101 1032">
    <p class='ocr_par' dir='ltr' id='par_1_4' title="bbox 77 376 1101 1032">
     <span class='ocr_line' id='line_1_5' title="bbox 80 376 1096 425; baseline -0.005 -7"><span class='ocrx_word' id='word_1_35' title='bbox 80 380 146 418; x_wconf 90' lang='lat' dir='ltr'>tibi</span> <span class='ocrx_word' id='word_1_36' title='bbox 174 393 195 416; x_wconf 92' lang='lat' dir='ltr'>a</span> <span class='ocrx_word' id='word_1_37' title='bbox 224 378 335 415; x_wconf 88' lang='lat' dir='ltr'>nobis</span> <span class='ocrx_word' id='word_1_38' title='bbox 368 377 548 414; x_wconf 80' lang='lat' dir='ltr'>deserunt</span> <span class='ocrx_word' id='word_1_39' title='bbox 575 376 856 413; x_wconf 88' lang='lat' dir='ltr'>monimentum</span> <span class='ocrx_word' id='word_1_40' title='bbox 885 376 1015 425; x_wconf 84' lang='lat' dir='ltr'>gratiae</span> <span class='ocrx_word' id='word_1_41' title='bbox 1036 377 1096 413; x_wconf 74' lang='lat' dir='ltr'>vel</span> 
     </span>
     <span class='ocr_line' id='line_1_6' title="bbox 79 437 1098 487; baseline -0.005 -8"><span class='ocrx_word' id='word_1_42' title='bbox 79 440 244 479; x_wconf 72' lang='lat' dir='ltr'>amoris?</span> <span class='ocrx_word' id='word_1_43' title='bbox 266 437 380 487; x_wconf 88' lang='lat' dir='ltr'>Quod</span> <span class='ocrx_word' id='word_1_44' title='bbox 396 451 490 474; x_wconf 71' lang='lat' dir='ltr'>vero</span> <span class='ocrx_word' id='word_1_45' title='bbox 509 437 809 483; x_wconf 87' lang='lat' dir='ltr'>monimentum,</span> <span class='ocrx_word' id='word_1_46' title='bbox 829 437 935 486; x_wconf 88' lang='lat' dir='ltr'>quod</span> <span class='ocrx_word' id='word_1_47' title='bbox 955 437 1098 474; x_wconf 84' lang='lat' dir='ltr'>amoris</span> 
     </span>
     <span class='ocr_line' id='line_1_7' title="bbox 79 497 1099 552; baseline -0.005 -13"><span class='ocrx_word' id='word_1_48' title='bbox 79 500 382 552; x_wconf 78' lang='lat' dir='ltr'>experimentum</span> <span class='ocrx_word' id='word_1_49' title='bbox 405 512 425 535; x_wconf 90' lang='lat' dir='ltr'>a</span> <span class='ocrx_word' id='word_1_50' title='bbox 444 497 555 535; x_wconf 84' lang='lat' dir='ltr'>nobis</span> <span class='ocrx_word' id='word_1_51' title='bbox 576 497 763 547; x_wconf 76' lang='lat' dir='ltr'>requiris?</span> <span class='ocrx_word' id='word_1_52' title='bbox 782 498 977 546; x_wconf 62' lang='lat' dir='ltr'>Numquid</span> <span class='ocrx_word' id='word_1_53' title='bbox 999 498 1099 535; x_wconf 89' lang='lat' dir='ltr'>forte</span> 
     </span>
     <span class='ocr_line' id='line_1_8' title="bbox 79 558 1101 612; baseline -0.005 -12"><span class='ocrx_word' id='word_1_54' title='bbox 79 561 298 612; x_wconf 88' lang='lat' dir='ltr'>scrupulum</span> <span class='ocrx_word' id='word_1_55' title='bbox 331 568 461 596; x_wconf 79' lang='lat' dir='ltr'>movet</span> <span class='ocrx_word' id='word_1_56' title='bbox 483 558 570 605; x_wconf 88' lang='lat' dir='ltr'>tibi,</span> <span class='ocrx_word' id='word_1_57' title='bbox 593 558 699 608; x_wconf 88' lang='lat' dir='ltr'>quod</span> <span class='ocrx_word' id='word_1_58' title='bbox 719 558 767 595; x_wconf 84' lang='lat' dir='ltr'>ad</span> <span class='ocrx_word' id='word_1_59' title='bbox 797 559 907 608; x_wconf 89' lang='lat' dir='ltr'>plura</span> <span class='ocrx_word' id='word_1_60' title='bbox 934 558 1014 608; x_wconf 86' lang='lat' dir='ltr'>jam</span> <span class='ocrx_word' id='word_1_61' title='bbox 1037 568 1101 596; x_wconf 89' lang='lat' dir='ltr'>tua</span> 
     </span>
     <span class='ocr_line' id='line_1_9' title="bbox 79 619 1101 671; baseline -0.005 -10"><span class='ocrx_word' id='word_1_62' title='bbox 79 623 125 661; x_wconf 84' lang='lat' dir='ltr'>ad</span> <span class='ocrx_word' id='word_1_63' title='bbox 156 635 225 660; x_wconf 84' lang='lat' dir='ltr'>nos</span> <span class='ocrx_word' id='word_1_64' title='bbox 252 621 410 671; x_wconf 87' lang='lat' dir='ltr'>scripta,</span> <span class='ocrx_word' id='word_1_65' title='bbox 435 619 600 656; x_wconf 83' lang='lat' dir='ltr'>necdum</span> <span class='ocrx_word' id='word_1_66' title='bbox 623 620 685 655; x_wconf 68' lang='lat' dir='ltr'>vel</span> <span class='ocrx_word' id='word_1_67' title='bbox 715 620 831 656; x_wconf 88' lang='lat' dir='ltr'>semel</span> <span class='ocrx_word' id='word_1_68' title='bbox 860 621 1038 671; x_wconf 74' lang='lat' dir='ltr'>rescripsi</span> <span class='ocrx_word' id='word_1_69' title='bbox 1059 622 1101 656; x_wconf 76' lang='lat'>³?</span> 
     </span>
     <span class='ocr_line' id='line_1_10' title="bbox 79 680 1101 734; baseline -0.005 -12"><span class='ocrx_word' id='word_1_70' title='bbox 79 683 151 723; x_wconf 87' lang='lat' dir='ltr'>Sed</span> <span class='ocrx_word' id='word_1_71' title='bbox 173 682 328 734; x_wconf 87' lang='lat' dir='ltr'>quando</span> <span class='ocrx_word' id='word_1_72' title='bbox 349 694 419 731; x_wconf 88' lang='lat' dir='ltr'>ego</span> <span class='ocrx_word' id='word_1_73' title='bbox 438 680 697 717; x_wconf 77' lang='lat' dir='ltr'>maturitatem</span> <span class='ocrx_word' id='word_1_74' title='bbox 717 680 914 730; x_wconf 84' lang='lat' dir='ltr'>sapientiae</span> <span class='ocrx_word' id='word_1_75' title='bbox 938 689 1011 718; x_wconf 69' lang='lat' dir='ltr'>tuce</span> <span class='ocrx_word' id='word_1_76' title='bbox 1032 681 1101 717; x_wconf 82' lang='lat' dir='ltr'>de—</span> 
     </span>
     <span class='ocr_line' id='line_1_11' title="bbox 78 740 1099 793; baseline -0.004 -11"><span class='ocrx_word' id='word_1_77' title='bbox 78 744 207 782; x_wconf 86' lang='lat' dir='ltr'>lectari</span> <span class='ocrx_word' id='word_1_78' title='bbox 226 755 337 793; x_wconf 89' lang='lat' dir='ltr'>posse</span> <span class='ocrx_word' id='word_1_79' title='bbox 360 750 538 792; x_wconf 87' lang='lat' dir='ltr'>putarem</span> <span class='ocrx_word' id='word_1_80' title='bbox 569 740 916 791; x_wconf 79' lang='lat' dir='ltr'>scriptitationibus</span> <span class='ocrx_word' id='word_1_81' title='bbox 936 741 1099 792; x_wconf 87' lang='lat' dir='ltr'>imperi-</span> 
     </span>
     <span class='ocr_line' id='line_1_12' title="bbox 78 801 1096 851; baseline -0.007 -7"><span class='ocrx_word' id='word_1_82' title='bbox 78 807 137 844; x_wconf 81' lang='lat' dir='ltr'>tiae</span> <span class='ocrx_word' id='word_1_83' title='bbox 157 805 273 842; x_wconf 79' lang='lat' dir='ltr'>meae?</span> <span class='ocrx_word' id='word_1_84' title='bbox 293 802 466 842; x_wconf 82' lang='lat' dir='ltr'>Sciebam</span> <span class='ocrx_word' id='word_1_85' title='bbox 485 802 586 839; x_wconf 88' lang='lat' dir='ltr'>enim</span> <span class='ocrx_word' id='word_1_86' title='bbox 608 802 674 851; x_wconf 91' lang='lat' dir='ltr'>qui</span> <span class='ocrx_word' id='word_1_87' title='bbox 703 801 799 838; x_wconf 73' lang='lat' dir='ltr'>dixit</span> <span class='ocrx_word' id='word_1_88' title='bbox 822 816 829 838; x_wconf 91' lang='lat'>:</span> <span class='ocrx_word' id='word_1_89' title='bbox 852 805 998 848; x_wconf 77' lang='lat' dir='ltr'>Filmli,</span> <span class='ocrx_word' id='word_1_90' title='bbox 1022 816 1096 838; x_wconf 80' lang='lat' dir='ltr'>mm</span> 
     </span>
     <span class='ocr_line' id='line_1_13' title="bbox 77 863 1097 916; baseline -0.003 -13"><span class='ocrx_word' id='word_1_91' title='bbox 77 869 275 916; x_wconf 76' lang='lat' dir='ltr'>diligamus</span> <span class='ocrx_word' id='word_1_92' title='bbox 294 863 406 901; x_wconf 82' lang='lat' dir='ltr'>verbo</span> <span class='ocrx_word' id='word_1_93' title='bbox 433 877 554 912; x_wconf 77' lang='lat' dir='ltr'>neque</span> <span class='ocrx_word' id='word_1_94' title='bbox 574 865 724 912; x_wconf 77' lang='lat' dir='ltr'>lingua,</span> <span class='ocrx_word' id='word_1_95' title='bbox 747 865 817 898; x_wconf 75' lang='lat' dir='ltr'>secl</span> <span class='ocrx_word' id='word_1_96' title='bbox 835 876 947 911; x_wconf 77' lang='lat' dir='ltr'>opere</span> <span class='ocrx_word' id='word_1_97' title='bbox 975 872 1011 899; x_wconf 75' lang='lat' dir='ltr'>et</span> <span class='ocrx_word' id='word_1_98' title='bbox 1036 877 1097 900; x_wconf 71' lang='lat'>2⁹6-</span> 
     </span>
     <span class='ocr_line' id='line_1_14' title="bbox 77 924 1098 975; baseline -0.004 -11"><span class='ocrx_word' id='word_1_99' title='bbox 77 933 184 964; x_wconf 73' lang='lat' dir='ltr'>ritcaete</span> <span class='ocrx_word' id='word_1_100' title='bbox 207 933 232 963; x_wconf 87' lang='lat'>¹.</span> <span class='ocrx_word' id='word_1_101' title='bbox 254 924 418 975; x_wconf 85' lang='lat' dir='ltr'>Quando</span> <span class='ocrx_word' id='word_1_102' title='bbox 440 937 533 961; x_wconf 79' lang='lat' dir='ltr'>vero</span> <span class='ocrx_word' id='word_1_103' title='bbox 555 937 724 974; x_wconf 89' lang='lat' dir='ltr'>unquam</span> <span class='ocrx_word' id='word_1_104' title='bbox 751 936 869 973; x_wconf 84' lang='lat' dir='ltr'>opere</span> <span class='ocrx_word' id='word_1_105' title='bbox 892 937 977 960; x_wconf 89' lang='lat' dir='ltr'>meo</span> <span class='ocrx_word' id='word_1_106' title='bbox 999 937 1098 974; x_wconf 88' lang='lat' dir='ltr'>opus</span> 
     </span>
     <span class='ocr_line' id='line_1_15' title="bbox 77 984 1099 1032; baseline -0.005 -7"><span class='ocrx_word' id='word_1_107' title='bbox 77 987 144 1025; x_wconf 81' lang='lat' dir='ltr'>tibi</span> <span class='ocrx_word' id='word_1_108' title='bbox 163 987 254 1032; x_wconf 88' lang='lat' dir='ltr'>fuit,</span> <span class='ocrx_word' id='word_1_109' title='bbox 279 995 317 1023; x_wconf 90' lang='lat' dir='ltr'>et</span> <span class='ocrx_word' id='word_1_110' title='bbox 347 986 491 1022; x_wconf 76' lang='lat' dir='ltr'>defuit?</span> <span class='ocrx_word' id='word_1_111' title='bbox 520 988 551 1023; x_wconf 91' lang='grc' dir='ltr'><strong>Ο</strong></span> <span class='ocrx_word' id='word_1_112' title='bbox 573 993 748 1022; x_wconf 87' lang='lat' dir='ltr'>scrutans</span> <span class='ocrx_word' id='word_1_113' title='bbox 780 997 892 1021; x_wconf 85' lang='lat' dir='ltr'>renes</span> <span class='ocrx_word' id='word_1_114' title='bbox 912 993 950 1021; x_wconf 89' lang='lat' dir='ltr'>et</span> <span class='ocrx_word' id='word_1_115' title='bbox 981 984 1099 1021; x_wconf 89' lang='lat' dir='ltr'>corda</span> 
     </span>
    </p>
   </div>
   <div class='ocr_carea' id='block_1_5' title="bbox 1164 376 2195 1037">
    <p class='ocr_par' dir='ltr' id='par_1_5' title="bbox 1164 376 2193 594">
     <span class='ocr_line' id='line_1_16' title="bbox 1164 376 2191 433; baseline 0.01 -21"><span class='ocrx_word' id='word_1_116' title='bbox 1164 377 1283 426; x_wconf 85' lang='lat' dir='ltr'>magis</span> <span class='ocrx_word' id='word_1_117' title='bbox 1305 376 1484 427; x_wconf 79' lang='lat' dir='ltr'>diligunt)</span> <span class='ocrx_word' id='word_1_118' title='bbox 1513 392 1520 414; x_wconf 73' lang='grc' dir='ltr'>ε</span> <span class='ocrx_word' id='word_1_119' title='bbox 1550 377 1642 426; x_wconf 89' lang='lat' dir='ltr'>quid</span> <span class='ocrx_word' id='word_1_120' title='bbox 1666 378 1769 414; x_wconf 88' lang='lat' dir='ltr'>aliud</span> <span class='ocrx_word' id='word_1_121' title='bbox 1798 380 1983 429; x_wconf 77' lang='lat' dir='ltr'>dixerim,</span> <span class='ocrx_word' id='word_1_122' title='bbox 2001 397 2116 433; x_wconf 87' lang='lat' dir='ltr'>quam</span> <span class='ocrx_word' id='word_1_123' title='bbox 2142 387 2191 422; x_wconf 89' lang='lat' dir='ltr'>il—</span> 
     </span>
     <span class='ocr_line' id='line_1_17' title="bbox 1165 436 2191 487; baseline 0.01 -15"><span class='ocrx_word' id='word_1_124' title='bbox 1165 437 1244 473; x_wconf 90' lang='lat' dir='ltr'>lum</span> <span class='ocrx_word' id='word_1_125' title='bbox 1262 437 1350 486; x_wconf 88' lang='lat' dir='ltr'>plus</span> <span class='ocrx_word' id='word_1_126' title='bbox 1369 450 1429 472; x_wconf 88' lang='lat' dir='ltr'>me</span> <span class='ocrx_word' id='word_1_127' title='bbox 1453 436 1610 486; x_wconf 81' lang='lat' dir='ltr'>diligere</span> <span class='ocrx_word' id='word_1_128' title='bbox 1625 464 1633 482; x_wconf 85' lang='lat'>,</span> <span class='ocrx_word' id='word_1_129' title='bbox 1651 451 1766 487; x_wconf 82' lang='lat' dir='ltr'>quem</span> <span class='ocrx_word' id='word_1_130' title='bbox 1789 440 1989 477; x_wconf 86' lang='lat' dir='ltr'>meliorem</span> <span class='ocrx_word' id='word_1_131' title='bbox 2010 456 2090 480; x_wconf 89' lang='lat' dir='ltr'>esse</span> <span class='ocrx_word' id='word_1_132' title='bbox 2112 458 2191 482; x_wconf 88' lang='lat' dir='ltr'>non</span> 
     </span>
     <span class='ocr_line' id='line_1_18' title="bbox 1168 497 2193 553; baseline 0.008 -20"><span class='ocrx_word' id='word_1_133' title='bbox 1168 497 1326 543; x_wconf 91' lang='lat' dir='ltr'>dubito;</span> <span class='ocrx_word' id='word_1_134' title='bbox 1346 510 1406 534; x_wconf 89' lang='lat' dir='ltr'>me</span> <span class='ocrx_word' id='word_1_135' title='bbox 1423 510 1516 534; x_wconf 65' lang='lat' dir='ltr'>’vero</span> <span class='ocrx_word' id='word_1_136' title='bbox 1536 498 1665 534; x_wconf 88' lang='lat' dir='ltr'>minus</span> <span class='ocrx_word' id='word_1_137' title='bbox 1683 498 1788 534; x_wconf 90' lang='lat' dir='ltr'>illum</span> <span class='ocrx_word' id='word_1_138' title='bbox 1806 511 1923 548; x_wconf 89' lang='lat' dir='ltr'>quam</span> <span class='ocrx_word' id='word_1_139' title='bbox 1945 500 2086 550; x_wconf 88' lang='lat' dir='ltr'>debeo,</span> <span class='ocrx_word' id='word_1_140' title='bbox 2104 505 2193 553; x_wconf 83' lang='lat' dir='ltr'>quia</span> 
     </span>
     <span class='ocr_line' id='line_1_19' title="bbox 1170 558 1450 594; baseline 0 -1"><span class='ocrx_word' id='word_1_141' title='bbox 1170 558 1296 594; x_wconf 88' lang='lat' dir='ltr'>minus</span> <span class='ocrx_word' id='word_1_142' title='bbox 1315 558 1450 594; x_wconf 75' lang='lat' dir='ltr'>valeo?</span> 
     </span>
    </p>

    <p class='ocr_par' dir='ltr' id='par_1_6' title="bbox 1164 617 2195 1037">
     <span class='ocr_line' id='line_1_20' title="bbox 1223 617 2195 672; baseline 0.005 -17"><span class='ocrx_word' id='word_1_143' title='bbox 1223 618 1259 655; x_wconf 73' lang='grc'>4.</span> <span class='ocrx_word' id='word_1_144' title='bbox 1282 617 1355 654; x_wconf 88' lang='lat' dir='ltr'>Sed</span> <span class='ocrx_word' id='word_1_145' title='bbox 1377 626 1522 667; x_wconf 86' lang='lat' dir='ltr'>quanto</span> <span class='ocrx_word' id='word_1_146' title='bbox 1546 618 1584 654; x_wconf 90' lang='lat' dir='ltr'>in</span> <span class='ocrx_word' id='word_1_147' title='bbox 1608 626 1643 654; x_wconf 87' lang='lat' dir='ltr'>te</span> <span class='ocrx_word' id='word_1_148' title='bbox 1666 617 1773 669; x_wconf 73' lang='lat' dir='ltr'>(tibi,</span> <span class='ocrx_word' id='word_1_149' title='bbox 1795 628 1922 669; x_wconf 88' lang='lat' dir='ltr'>pater,</span> <span class='ocrx_word' id='word_1_150' title='bbox 1948 620 2047 672; x_wconf 62' lang='lat' dir='ltr'>dico)</span> <span class='ocrx_word' id='word_1_151' title='bbox 2070 622 2195 672; x_wconf 85' lang='lat' dir='ltr'>major</span> 
     </span>
     <span class='ocr_line' id='line_1_21' title="bbox 1168 678 2194 724; baseline 0.006 -10"><span class='ocrx_word' id='word_1_152' title='bbox 1168 686 1225 715; x_wconf 87' lang='lat' dir='ltr'>est</span> <span class='ocrx_word' id='word_1_153' title='bbox 1246 678 1431 724; x_wconf 82' lang='lat' dir='ltr'>charitas,</span> <span class='ocrx_word' id='word_1_154' title='bbox 1454 687 1562 715; x_wconf 89' lang='lat' dir='ltr'>tanto</span> <span class='ocrx_word' id='word_1_155' title='bbox 1582 678 1709 715; x_wconf 87' lang='lat' dir='ltr'>minus</span> <span class='ocrx_word' id='word_1_156' title='bbox 1728 681 2013 717; x_wconf 81' lang='lat' dir='ltr'>contemnenda</span> <span class='ocrx_word' id='word_1_157' title='bbox 2034 691 2089 718; x_wconf 86' lang='lat' dir='ltr'>est</span> <span class='ocrx_word' id='word_1_158' title='bbox 2110 697 2130 719; x_wconf 91' lang='lat' dir='ltr'>a</span> <span class='ocrx_word' id='word_1_159' title='bbox 2159 693 2194 721; x_wconf 88' lang='lat' dir='ltr'>te</span> 
     </span>
     <span class='ocr_line' id='line_1_22' title="bbox 1168 738 2194 793; baseline 0.005 -18"><span class='ocrx_word' id='word_1_160' title='bbox 1168 747 1300 776; x_wconf 89' lang='lat' dir='ltr'>nostra</span> <span class='ocrx_word' id='word_1_161' title='bbox 1328 738 1561 789; x_wconf 84' lang='lat' dir='ltr'>possibilitas</span> <span class='ocrx_word' id='word_1_162' title='bbox 1583 754 1591 776; x_wconf 72' lang='grc' dir='ltr'>ε</span> <span class='ocrx_word' id='word_1_163' title='bbox 1614 739 1702 789; x_wconf 89' lang='lat' dir='ltr'>quia</span> <span class='ocrx_word' id='word_1_164' title='bbox 1724 740 1794 777; x_wconf 89' lang='lat' dir='ltr'>etsi</span> <span class='ocrx_word' id='word_1_165' title='bbox 1816 741 1902 790; x_wconf 88' lang='lat' dir='ltr'>plus</span> <span class='ocrx_word' id='word_1_166' title='bbox 1923 741 2068 791; x_wconf 82' lang='lat' dir='ltr'>diligis,</span> <span class='ocrx_word' id='word_1_167' title='bbox 2093 757 2194 793; x_wconf 85' lang='lat' dir='ltr'>quo-</span> 
     </span>
     <span class='ocr_line' id='line_1_23' title="bbox 1166 799 2194 853; baseline 0.005 -17"><span class='ocrx_word' id='word_1_168' title='bbox 1166 799 1268 836; x_wconf 92' lang='lat' dir='ltr'>niam</span> <span class='ocrx_word' id='word_1_169' title='bbox 1294 800 1382 849; x_wconf 85' lang='lat' dir='ltr'>plus</span> <span class='ocrx_word' id='word_1_170' title='bbox 1407 799 1534 845; x_wconf 68' lang='lat' dir='ltr'>vales,</span> <span class='ocrx_word' id='word_1_171' title='bbox 1557 813 1636 836; x_wconf 85' lang='lat' dir='ltr'>non</span> <span class='ocrx_word' id='word_1_172' title='bbox 1665 808 1793 836; x_wconf 82' lang='lat' dir='ltr'>tamen</span> <span class='ocrx_word' id='word_1_173' title='bbox 1814 801 1901 851; x_wconf 88' lang='lat' dir='ltr'>plus</span> <span class='ocrx_word' id='word_1_174' title='bbox 1930 801 2053 852; x_wconf 79' lang='lat' dir='ltr'>diligis</span> <span class='ocrx_word' id='word_1_175' title='bbox 2078 817 2194 853; x_wconf 89' lang='lat' dir='ltr'>quam</span> 
     </span>
     <span class='ocr_line' id='line_1_24' title="bbox 1164 861 2192 915; baseline 0.004 -17"><span class='ocrx_word' id='word_1_176' title='bbox 1164 862 1286 899; x_wconf 66' lang='lat' dir='ltr'>vales.</span> <span class='ocrx_word' id='word_1_177' title='bbox 1314 865 1392 899; x_wconf 55' lang='lat' dir='ltr'>Ros</span> <span class='ocrx_word' id='word_1_178' title='bbox 1424 870 1572 908; x_wconf 86' lang='lat' dir='ltr'>autem,</span> <span class='ocrx_word' id='word_1_179' title='bbox 1594 861 1664 898; x_wconf 85' lang='lat' dir='ltr'>etsi</span> <span class='ocrx_word' id='word_1_180' title='bbox 1698 862 1824 898; x_wconf 88' lang='lat' dir='ltr'>minus</span> <span class='ocrx_word' id='word_1_181' title='bbox 1854 862 2044 913; x_wconf 75' lang='lat' dir='ltr'>diligimus</span> <span class='ocrx_word' id='word_1_182' title='bbox 2079 879 2192 915; x_wconf 90' lang='lat' dir='ltr'>quam</span> 
     </span>
     <span class='ocr_line' id='line_1_25' title="bbox 1167 922 2192 973; baseline 0.003 -14"><span class='ocrx_word' id='word_1_183' title='bbox 1167 922 1371 970; x_wconf 83' lang='lat' dir='ltr'>debemus,</span> <span class='ocrx_word' id='word_1_184' title='bbox 1399 922 1592 973; x_wconf 75' lang='lat' dir='ltr'>diligimus</span> <span class='ocrx_word' id='word_1_185' title='bbox 1614 931 1739 959; x_wconf 82' lang='lat' dir='ltr'>tamen</span> <span class='ocrx_word' id='word_1_186' title='bbox 1763 933 1951 973; x_wconf 84' lang='lat' dir='ltr'>quantum</span> <span class='ocrx_word' id='word_1_187' title='bbox 1981 927 2154 964; x_wconf 80' lang='lat' dir='ltr'>valemus</span> <span class='ocrx_word' id='word_1_188' title='bbox 2184 941 2192 962; x_wconf 90' lang='lat'>:</span> 
     </span>
     <span class='ocr_line' id='line_1_26' title="bbox 1168 984 2191 1037; baseline 0.005 -18"><span class='ocrx_word' id='word_1_189' title='bbox 1168 992 1316 1020; x_wconf 84' lang='lat' dir='ltr'>tantum</span> <span class='ocrx_word' id='word_1_190' title='bbox 1353 992 1479 1020; x_wconf 84' lang='lat' dir='ltr'>autem</span> <span class='ocrx_word' id='word_1_191' title='bbox 1513 984 1707 1029; x_wconf 70' lang='lat' dir='ltr'>valemus,</span> <span class='ocrx_word' id='word_1_192' title='bbox 1738 993 1926 1033; x_wconf 80' lang='lat' dir='ltr'>quantum</span> <span class='ocrx_word' id='word_1_193' title='bbox 1961 987 2191 1037; x_wconf 85' lang='lat' dir='ltr'>accepimus.</span> 
     </span>
    </p>
   </div>
   <div class='ocr_carea' id='block_1_6' title="bbox 74 1042 2194 1098">
    <p class='ocr_par' dir='ltr' id='par_1_7' title="bbox 74 1042 2194 1098">
     <span class='ocr_line' id='line_1_27' title="bbox 74 1042 2194 1098; baseline -0 -12"><span class='ocrx_word' id='word_1_194' title='bbox 74 1050 193 1087; x_wconf 84' lang='lat' dir='ltr'>Deus!</span> <span class='ocrx_word' id='word_1_195' title='bbox 227 1048 293 1098; x_wconf 89' lang='lat' dir='ltr'>qui</span> <span class='ocrx_word' id='word_1_196' title='bbox 320 1061 419 1084; x_wconf 90' lang='lat' dir='ltr'>unus</span> <span class='ocrx_word' id='word_1_197' title='bbox 449 1047 505 1084; x_wconf 88' lang='lat' dir='ltr'>sol</span> <span class='ocrx_word' id='word_1_198' title='bbox 528 1045 687 1096; x_wconf 80' lang='lat' dir='ltr'>justitiae</span> <span class='ocrx_word' id='word_1_199' title='bbox 715 1045 866 1082; x_wconf 76' lang='lat' dir='ltr'>diversa</span> <span class='ocrx_word' id='word_1_200' title='bbox 895 1059 1096 1083; x_wconf 82' lang='lat' dir='ltr'>servorum</span> <span class='ocrx_word' id='word_1_201' title='bbox 1119 1042 1146 1076; x_wconf 85' lang='grc' dir='ltr'><strong>Β</strong></span> <span class='ocrx_word' id='word_1_202' title='bbox 1164 1043 1287 1080; x_wconf 87' lang='lat' dir='ltr'>Trahe</span> <span class='ocrx_word' id='word_1_203' title='bbox 1323 1057 1394 1080; x_wconf 87' lang='lat' dir='ltr'>nos</span> <span class='ocrx_word' id='word_1_204' title='bbox 1426 1052 1514 1093; x_wconf 88' lang='lat' dir='ltr'>post</span> <span class='ocrx_word' id='word_1_205' title='bbox 1543 1052 1597 1090; x_wconf 89' lang='lat' dir='ltr'>te,</span> <span class='ocrx_word' id='word_1_206' title='bbox 1620 1053 1662 1080; x_wconf 89' lang='lat' dir='ltr'>ut</span> <span class='ocrx_word' id='word_1_207' title='bbox 1692 1053 1726 1080; x_wconf 87' lang='lat' dir='ltr'>te</span> <span class='ocrx_word' id='word_1_208' title='bbox 1755 1046 2092 1095; x_wconf 81' lang='lat' dir='ltr'>apprehendamus</span> <span class='ocrx_word' id='word_1_209' title='bbox 2110 1077 2119 1093; x_wconf 89' lang='lat'>,</span> <span class='ocrx_word' id='word_1_210' title='bbox 2156 1057 2194 1086; x_wconf 86' lang='lat' dir='ltr'>et</span> 
     </span>
    </p>
   </div>
   <div class='ocr_carea' id='block_1_7' title="bbox 67 1107 1097 1827">
    <p class='ocr_par' dir='ltr' id='par_1_8' title="bbox 67 1107 1097 1766">
     <span class='ocr_line' id='line_1_28' title="bbox 75 1107 1093 1157; baseline -0.004 -10"><span class='ocrx_word' id='word_1_211' title='bbox 75 1118 231 1147; x_wconf 86' lang='lat' dir='ltr'>tuorum</span> <span class='ocrx_word' id='word_1_212' title='bbox 258 1108 376 1146; x_wconf 80' lang='lat' dir='ltr'>corda</span> <span class='ocrx_word' id='word_1_213' title='bbox 397 1108 557 1145; x_wconf 77' lang='lat' dir='ltr'>diversis</span> <span class='ocrx_word' id='word_1_214' title='bbox 583 1108 733 1157; x_wconf 85' lang='lat' dir='ltr'>gratiis,</span> <span class='ocrx_word' id='word_1_215' title='bbox 758 1108 863 1144; x_wconf 74' lang='lat' dir='ltr'>velut</span> <span class='ocrx_word' id='word_1_216' title='bbox 883 1107 1019 1154; x_wconf 88' lang='lat' dir='ltr'>radiis,</span> <span class='ocrx_word' id='word_1_217' title='bbox 1044 1108 1093 1144; x_wconf 93' lang='lat' dir='ltr'>il-</span> 
     </span>
     <span class='ocr_line' id='line_1_29' title="bbox 74 1168 1097 1220; baseline -0.002 -13"><span class='ocrx_word' id='word_1_218' title='bbox 74 1171 229 1218; x_wconf 75' lang='lat' dir='ltr'>lustras,</span> <span class='ocrx_word' id='word_1_219' title='bbox 249 1169 355 1220; x_wconf 89' lang='lat' dir='ltr'>quod</span> <span class='ocrx_word' id='word_1_220' title='bbox 373 1169 526 1219; x_wconf 81' lang='lat' dir='ltr'>diligam</span> <span class='ocrx_word' id='word_1_221' title='bbox 548 1169 656 1205; x_wconf 91' lang='lat' dir='ltr'>illum</span> <span class='ocrx_word' id='word_1_222' title='bbox 675 1182 723 1205; x_wconf 78' lang='lat' dir='ltr'>ex</span> <span class='ocrx_word' id='word_1_223' title='bbox 743 1168 847 1205; x_wconf 88' lang='lat' dir='ltr'>dono</span> <span class='ocrx_word' id='word_1_224' title='bbox 867 1177 953 1214; x_wconf 88' lang='lat' dir='ltr'>tuo,</span> <span class='ocrx_word' id='word_1_225' title='bbox 973 1177 1010 1205; x_wconf 90' lang='lat' dir='ltr'>et</span> <span class='ocrx_word' id='word_1_226' title='bbox 1027 1182 1097 1205; x_wconf 89' lang='lat' dir='ltr'>suo</span> 
     </span>
     <span class='ocr_line' id='line_1_30' title="bbox 73 1229 1094 1279; baseline -0.002 -12"><span class='ocrx_word' id='word_1_227' title='bbox 73 1231 210 1267; x_wconf 87' lang='lat' dir='ltr'>merito</span> <span class='ocrx_word' id='word_1_228' title='bbox 224 1259 232 1275; x_wconf 91' lang='lat'>‚</span> <span class='ocrx_word' id='word_1_229' title='bbox 254 1239 294 1267; x_wconf 90' lang='lat' dir='ltr'>tu</span> <span class='ocrx_word' id='word_1_230' title='bbox 316 1230 410 1276; x_wconf 88' lang='lat' dir='ltr'>scis,</span> <span class='ocrx_word' id='word_1_231' title='bbox 434 1238 472 1266; x_wconf 89' lang='lat' dir='ltr'>et</span> <span class='ocrx_word' id='word_1_232' title='bbox 491 1243 561 1279; x_wconf 82' lang='lat' dir='ltr'>ego</span> <span class='ocrx_word' id='word_1_233' title='bbox 583 1229 706 1265; x_wconf 88' lang='lat' dir='ltr'>sentio</span> <span class='ocrx_word' id='word_1_234' title='bbox 726 1244 733 1265; x_wconf 94' lang='lat'><strong>:</strong></span> <span class='ocrx_word' id='word_1_235' title='bbox 756 1238 947 1278; x_wconf 88' lang='lat' dir='ltr'>quatenus</span> <span class='ocrx_word' id='word_1_236' title='bbox 965 1237 1094 1266; x_wconf 91' lang='lat' dir='ltr'>autem</span> 
     </span>
     <span class='ocr_line' id='line_1_31' title="bbox 72 1291 1093 1341; baseline 0 -13"><span class='ocrx_word' id='word_1_237' title='bbox 72 1291 224 1341; x_wconf 82' lang='lat' dir='ltr'>diligam</span> <span class='ocrx_word' id='word_1_238' title='bbox 239 1321 248 1338; x_wconf 92' lang='lat'>,</span> <span class='ocrx_word' id='word_1_239' title='bbox 274 1300 313 1328; x_wconf 89' lang='lat' dir='ltr'>tu</span> <span class='ocrx_word' id='word_1_240' title='bbox 335 1291 425 1336; x_wconf 88' lang='lat' dir='ltr'>scis,</span> <span class='ocrx_word' id='word_1_241' title='bbox 453 1304 524 1340; x_wconf 87' lang='lat' dir='ltr'>ego</span> <span class='ocrx_word' id='word_1_242' title='bbox 547 1291 688 1327; x_wconf 84' lang='lat' dir='ltr'>nescio.</span> <span class='ocrx_word' id='word_1_243' title='bbox 711 1294 789 1335; x_wconf 87' lang='lat' dir='ltr'>Tu,</span> <span class='ocrx_word' id='word_1_244' title='bbox 809 1291 986 1340; x_wconf 86' lang='lat' dir='ltr'>inquam,</span> <span class='ocrx_word' id='word_1_245' title='bbox 1011 1295 1093 1328; x_wconf 82' lang='lat' dir='ltr'>Do-</span> 
     </span>
     <span class='ocr_line' id='line_1_32' title="bbox 72 1349 1093 1401; baseline -0.002 -13"><span class='ocrx_word' id='word_1_246' title='bbox 72 1352 192 1398; x_wconf 83' lang='lat' dir='ltr'>mine,</span> <span class='ocrx_word' id='word_1_247' title='bbox 212 1351 278 1401; x_wconf 90' lang='lat' dir='ltr'>qui</span> <span class='ocrx_word' id='word_1_248' title='bbox 303 1351 461 1396; x_wconf 88' lang='lat' dir='ltr'>dedisti,</span> <span class='ocrx_word' id='word_1_249' title='bbox 488 1350 560 1386; x_wconf 85' lang='lat' dir='ltr'>scis</span> <span class='ocrx_word' id='word_1_250' title='bbox 580 1358 766 1399; x_wconf 89' lang='lat' dir='ltr'>quantum</span> <span class='ocrx_word' id='word_1_251' title='bbox 788 1349 925 1386; x_wconf 86' lang='lat' dir='ltr'>dedisti</span> <span class='ocrx_word' id='word_1_252' title='bbox 950 1351 1009 1386; x_wconf 71' lang='lat' dir='ltr'>vel</span> <span class='ocrx_word' id='word_1_253' title='bbox 1038 1350 1093 1386; x_wconf 92' lang='lat' dir='ltr'>illi</span> 
     </span>
     <span class='ocr_line' id='line_1_33' title="bbox 73 1409 1095 1459; baseline -0.002 -10"><span class='ocrx_word' id='word_1_254' title='bbox 73 1425 132 1449; x_wconf 85' lang='lat' dir='ltr'>me</span> <span class='ocrx_word' id='word_1_255' title='bbox 145 1440 155 1457; x_wconf 93' lang='lat'>,</span> <span class='ocrx_word' id='word_1_256' title='bbox 177 1412 238 1447; x_wconf 73' lang='lat' dir='ltr'>vel</span> <span class='ocrx_word' id='word_1_257' title='bbox 260 1411 353 1447; x_wconf 93' lang='lat' dir='ltr'>mihi</span> <span class='ocrx_word' id='word_1_258' title='bbox 370 1411 478 1447; x_wconf 90' lang='lat' dir='ltr'>illum</span> <span class='ocrx_word' id='word_1_259' title='bbox 507 1423 649 1446; x_wconf 87' lang='lat' dir='ltr'>amare.</span> <span class='ocrx_word' id='word_1_260' title='bbox 674 1413 721 1447; x_wconf 87' lang='lat' dir='ltr'>Et</span> <span class='ocrx_word' id='word_1_261' title='bbox 738 1409 939 1459; x_wconf 89' lang='lat' dir='ltr'>quomodo</span> <span class='ocrx_word' id='word_1_262' title='bbox 958 1410 1095 1459; x_wconf 90' lang='lat' dir='ltr'>aliquis</span> 
     </span>
     <span class='ocr_line' id='line_1_34' title="bbox 72 1469 1094 1517; baseline -0.002 -8"><span class='ocrx_word' id='word_1_263' title='bbox 72 1480 245 1509; x_wconf 87' lang='lat' dir='ltr'>nostrum</span> <span class='ocrx_word' id='word_1_264' title='bbox 261 1500 270 1517; x_wconf 93' lang='lat'>,</span> <span class='ocrx_word' id='word_1_265' title='bbox 307 1471 367 1507; x_wconf 89' lang='lat' dir='ltr'>cui</span> <span class='ocrx_word' id='word_1_266' title='bbox 409 1479 448 1507; x_wconf 92' lang='lat' dir='ltr'>tu</span> <span class='ocrx_word' id='word_1_267' title='bbox 489 1483 567 1507; x_wconf 88' lang='lat' dir='ltr'>non</span> <span class='ocrx_word' id='word_1_268' title='bbox 609 1469 758 1516; x_wconf 80' lang='lat' dir='ltr'>dixisti,</span> <span class='ocrx_word' id='word_1_269' title='bbox 795 1469 911 1506; x_wconf 84' lang='lat' dir='ltr'>audet</span> <span class='ocrx_word' id='word_1_270' title='bbox 947 1469 1094 1517; x_wconf 79' lang='lat' dir='ltr'>dicere,</span> 
     </span>
     <span class='ocr_line' id='line_1_35' title="bbox 73 1530 1096 1581; baseline -0.003 -10"><span class='ocrx_word' id='word_1_271' title='bbox 73 1552 87 1566; x_wconf 77' lang='grc' dir='ltr'>(ι</span> <span class='ocrx_word' id='word_1_272' title='bbox 110 1533 198 1571; x_wconf 91' lang='lat' dir='ltr'>Plus</span> <span class='ocrx_word' id='word_1_273' title='bbox 227 1545 378 1578; x_wconf 84' lang='lat' dir='ltr'>amans,</span> <span class='ocrx_word' id='word_1_274' title='bbox 401 1531 528 1568; x_wconf 89' lang='lat' dir='ltr'>minus</span> <span class='ocrx_word' id='word_1_275' title='bbox 557 1530 695 1580; x_wconf 88' lang='lat' dir='ltr'>diligor</span> <span class='ocrx_word' id='word_1_276' title='bbox 722 1546 729 1568; x_wconf 89' lang='lat'>:</span> <span class='ocrx_word' id='word_1_277' title='bbox 754 1549 768 1563; x_wconf 78' lang='grc' dir='ltr'><strong>υ</strong></span> <span class='ocrx_word' id='word_1_278' title='bbox 801 1531 872 1568; x_wconf 89' lang='lat' dir='ltr'>nisi</span> <span class='ocrx_word' id='word_1_279' title='bbox 898 1531 996 1568; x_wconf 85' lang='lat' dir='ltr'>forte</span> <span class='ocrx_word' id='word_1_280' title='bbox 1029 1531 1096 1581; x_wconf 87' lang='lat' dir='ltr'>qui</span> 
     </span>
     <span class='ocr_line' id='line_1_36' title="bbox 67 1591 1092 1644; baseline -0.004 -12"><span class='ocrx_word' id='word_1_281' title='bbox 67 1593 146 1644; x_wconf 87' lang='lat' dir='ltr'>jam</span> <span class='ocrx_word' id='word_1_282' title='bbox 167 1594 204 1630; x_wconf 92' lang='lat' dir='ltr'>in</span> <span class='ocrx_word' id='word_1_283' title='bbox 232 1593 377 1630; x_wconf 92' lang='lat' dir='ltr'>lumine</span> <span class='ocrx_word' id='word_1_284' title='bbox 399 1600 466 1629; x_wconf 89' lang='lat' dir='ltr'>tuo</span> <span class='ocrx_word' id='word_1_285' title='bbox 486 1591 616 1628; x_wconf 82' lang='lat' dir='ltr'>videat</span> <span class='ocrx_word' id='word_1_286' title='bbox 635 1592 765 1628; x_wconf 87' lang='lat' dir='ltr'>lumen</span> <span class='ocrx_word' id='word_1_287' title='bbox 796 1605 908 1628; x_wconf 90' lang='lat' dir='ltr'>suum</span> <span class='ocrx_word' id='word_1_288' title='bbox 926 1621 935 1638; x_wconf 94' lang='lat'>,</span> <span class='ocrx_word' id='word_1_289' title='bbox 955 1591 994 1628; x_wconf 90' lang='lat' dir='ltr'>id</span> <span class='ocrx_word' id='word_1_290' title='bbox 1013 1600 1092 1638; x_wconf 86' lang='lat' dir='ltr'>est,</span> 
     </span>
     <span class='ocr_line' id='line_1_37' title="bbox 71 1652 1096 1703; baseline -0.003 -11"><span class='ocrx_word' id='word_1_291' title='bbox 71 1656 110 1692; x_wconf 91' lang='lat' dir='ltr'>in</span> <span class='ocrx_word' id='word_1_292' title='bbox 126 1655 269 1692; x_wconf 91' lang='lat' dir='ltr'>lumine</span> <span class='ocrx_word' id='word_1_293' title='bbox 286 1662 361 1691; x_wconf 81' lang='lat' dir='ltr'>tuae</span> <span class='ocrx_word' id='word_1_294' title='bbox 382 1653 554 1691; x_wconf 84' lang='lat' dir='ltr'>veritatis</span> <span class='ocrx_word' id='word_1_295' title='bbox 573 1661 776 1703; x_wconf 85' lang='lat' dir='ltr'>agnoscat,</span> <span class='ocrx_word' id='word_1_296' title='bbox 799 1661 946 1703; x_wconf 88' lang='lat' dir='ltr'>quanto</span> <span class='ocrx_word' id='word_1_297' title='bbox 964 1652 1096 1689; x_wconf 82' lang='lat' dir='ltr'>ardeat</span> 
     </span>
     <span class='ocr_line' id='line_1_38' title="bbox 72 1715 390 1766; baseline -0.006 -13"><span class='ocrx_word' id='word_1_298' title='bbox 72 1717 158 1766; x_wconf 82' lang='lat' dir='ltr'>igne</span> <span class='ocrx_word' id='word_1_299' title='bbox 175 1715 390 1752; x_wconf 78' lang='lat' dir='ltr'>charitatis?</span> 
     </span>
    </p>

    <p class='ocr_par' dir='ltr' id='par_1_9' title="bbox 125 1775 1094 1827">
     <span class='ocr_line' id='line_1_39' title="bbox 125 1775 1094 1827; baseline -0.003 -12"><span class='ocrx_word' id='word_1_300' title='bbox 125 1778 160 1815; x_wconf 90' lang='lat'>3.</span> <span class='ocrx_word' id='word_1_301' title='bbox 192 1780 272 1827; x_wconf 84' lang='lat' dir='ltr'>Ego</span> <span class='ocrx_word' id='word_1_302' title='bbox 301 1784 449 1821; x_wconf 80' lang='lat' dir='ltr'>autem,</span> <span class='ocrx_word' id='word_1_303' title='bbox 479 1775 669 1822; x_wconf 87' lang='lat' dir='ltr'>Domine,</span> <span class='ocrx_word' id='word_1_304' title='bbox 703 1775 856 1812; x_wconf 87' lang='lat' dir='ltr'>interim</span> <span class='ocrx_word' id='word_1_305' title='bbox 888 1784 1094 1812; x_wconf 88' lang='lat' dir='ltr'>contentus</span> 
     </span>
    </p>
   </div>
   <div class='ocr_carea' id='block_1_8' title="bbox 1162 1104 2193 1825">
    <p class='ocr_par' dir='ltr' id='par_1_10' title="bbox 1162 1104 2193 1825">
     <span class='ocr_line' id='line_1_40' title="bbox 1167 1104 2193 1157; baseline 0.006 -17"><span class='ocrx_word' id='word_1_306' title='bbox 1167 1112 1293 1140; x_wconf 87' lang='lat' dir='ltr'>tecum</span> <span class='ocrx_word' id='word_1_307' title='bbox 1326 1104 1492 1154; x_wconf 90' lang='lat' dir='ltr'>amplius</span> <span class='ocrx_word' id='word_1_308' title='bbox 1521 1105 1781 1155; x_wconf 79' lang='lat' dir='ltr'>accipiamus,</span> <span class='ocrx_word' id='word_1_309' title='bbox 1812 1106 1915 1143; x_wconf 87' lang='lat' dir='ltr'>unde</span> <span class='ocrx_word' id='word_1_310' title='bbox 1937 1107 2078 1157; x_wconf 88' lang='lat' dir='ltr'>largius</span> <span class='ocrx_word' id='word_1_311' title='bbox 2105 1109 2193 1146; x_wconf 88' lang='lat' dir='ltr'>dili—</span> 
     </span>
     <span class='ocr_line' id='line_1_41' title="bbox 1165 1163 2192 1217; baseline 0.007 -18"><span class='ocrx_word' id='word_1_312' title='bbox 1165 1177 1310 1214; x_wconf 80' lang='lat' dir='ltr'>gamus.</span> <span class='ocrx_word' id='word_1_313' title='bbox 1333 1163 1435 1212; x_wconf 87' lang='lat' dir='ltr'>Quid</span> <span class='ocrx_word' id='word_1_314' title='bbox 1454 1177 1545 1214; x_wconf 83' lang='lat' dir='ltr'>ergo</span> <span class='ocrx_word' id='word_1_315' title='bbox 1569 1173 1609 1201; x_wconf 90' lang='lat' dir='ltr'>tu</span> <span class='ocrx_word' id='word_1_316' title='bbox 1634 1164 1767 1201; x_wconf 89' lang='lat' dir='ltr'>niteris</span> <span class='ocrx_word' id='word_1_317' title='bbox 1788 1178 1859 1202; x_wconf 90' lang='lat' dir='ltr'>nos</span> <span class='ocrx_word' id='word_1_318' title='bbox 1877 1167 2168 1217; x_wconf 86' lang='lat' dir='ltr'>apprehendere</span> <span class='ocrx_word' id='word_1_319' title='bbox 2182 1199 2192 1216; x_wconf 89' lang='lat'>,</span> 
     </span>
     <span class='ocr_line' id='line_1_42' title="bbox 1164 1225 2193 1277; baseline 0.004 -15"><span class='ocrx_word' id='word_1_320' title='bbox 1164 1234 1201 1262; x_wconf 82' lang='lat' dir='ltr'>et</span> <span class='ocrx_word' id='word_1_321' title='bbox 1220 1225 1394 1275; x_wconf 85' lang='lat' dir='ltr'>quereris</span> <span class='ocrx_word' id='word_1_322' title='bbox 1417 1239 1496 1261; x_wconf 89' lang='lat' dir='ltr'>non</span> <span class='ocrx_word' id='word_1_323' title='bbox 1530 1227 1667 1275; x_wconf 71' lang='lat' dir='ltr'>posse?</span> <span class='ocrx_word' id='word_1_324' title='bbox 1701 1239 1799 1275; x_wconf 84' lang='lat' dir='ltr'>quos</span> <span class='ocrx_word' id='word_1_325' title='bbox 1828 1228 2138 1277; x_wconf 85' lang='lat' dir='ltr'>apprehendisti,</span> <span class='ocrx_word' id='word_1_326' title='bbox 2160 1230 2193 1266; x_wconf 86' lang='lat' dir='ltr'>si</span> 
     </span>
     <span class='ocr_line' id='line_1_43' title="bbox 1162 1285 2192 1336; baseline 0.004 -14"><span class='ocrx_word' id='word_1_327' title='bbox 1162 1286 1376 1332; x_wconf 84' lang='lat' dir='ltr'>attendisti3</span> <span class='ocrx_word' id='word_1_328' title='bbox 1402 1294 1439 1321; x_wconf 88' lang='lat' dir='ltr'>et</span> <span class='ocrx_word' id='word_1_329' title='bbox 1461 1285 1586 1322; x_wconf 87' lang='lat' dir='ltr'>adhuc</span> <span class='ocrx_word' id='word_1_330' title='bbox 1611 1287 1734 1323; x_wconf 85' lang='lat' dir='ltr'>facere</span> <span class='ocrx_word' id='word_1_331' title='bbox 1755 1288 1922 1336; x_wconf 84' lang='lat' dir='ltr'>poteris,</span> <span class='ocrx_word' id='word_1_332' title='bbox 1948 1302 2034 1325; x_wconf 87' lang='lat' dir='ltr'>cum</span> <span class='ocrx_word' id='word_1_333' title='bbox 2054 1290 2192 1327; x_wconf 83' lang='lat' dir='ltr'>volue-</span> 
     </span>
     <span class='ocr_line' id='line_1_44' title="bbox 1163 1344 2189 1397; baseline 0.002 -14"><span class='ocrx_word' id='word_1_334' title='bbox 1163 1346 1213 1383; x_wconf 87' lang='lat' dir='ltr'>ris</span> <span class='ocrx_word' id='word_1_335' title='bbox 1225 1375 1234 1392; x_wconf 95' lang='lat'>,</span> <span class='ocrx_word' id='word_1_336' title='bbox 1256 1345 1388 1395; x_wconf 85' lang='lat' dir='ltr'>quales</span> <span class='ocrx_word' id='word_1_337' title='bbox 1405 1344 1561 1394; x_wconf 90' lang='lat' dir='ltr'>quidem</span> <span class='ocrx_word' id='word_1_338' title='bbox 1579 1358 1728 1391; x_wconf 89' lang='lat' dir='ltr'>sumus,</span> <span class='ocrx_word' id='word_1_339' title='bbox 1745 1359 1823 1381; x_wconf 90' lang='lat' dir='ltr'>non</span> <span class='ocrx_word' id='word_1_340' title='bbox 1845 1347 1975 1395; x_wconf 85' lang='lat' dir='ltr'>quales</span> <span class='ocrx_word' id='word_1_341' title='bbox 1993 1348 2189 1397; x_wconf 86' lang='lat' dir='ltr'>sperabas·</span> 
     </span>
     <span class='ocr_line' id='line_1_45' title="bbox 1162 1405 2188 1458; baseline 0.002 -15"><span class='ocrx_word' id='word_1_342' title='bbox 1162 1407 1297 1443; x_wconf 63' lang='lat' dir='ltr'>Nescio</span> <span class='ocrx_word' id='word_1_343' title='bbox 1316 1406 1461 1456; x_wconf 86' lang='lat' dir='ltr'>quippe</span> <span class='ocrx_word' id='word_1_344' title='bbox 1478 1405 1570 1455; x_wconf 89' lang='lat' dir='ltr'>quid</span> <span class='ocrx_word' id='word_1_345' title='bbox 1588 1406 1691 1442; x_wconf 87' lang='lat' dir='ltr'>aliud</span> <span class='ocrx_word' id='word_1_346' title='bbox 1710 1406 1870 1443; x_wconf 86' lang='lat' dir='ltr'>intueris</span> <span class='ocrx_word' id='word_1_347' title='bbox 1885 1407 1924 1443; x_wconf 90' lang='lat' dir='ltr'>in</span> <span class='ocrx_word' id='word_1_348' title='bbox 1940 1408 2064 1455; x_wconf 86' lang='lat' dir='ltr'>nobis,</span> <span class='ocrx_word' id='word_1_349' title='bbox 2081 1409 2188 1458; x_wconf 88' lang='lat' dir='ltr'>quod</span> 
     </span>
     <span class='ocr_line' id='line_1_46' title="bbox 1165 1466 2192 1518; baseline 0.003 -14"><span class='ocrx_word' id='word_1_350' title='bbox 1165 1481 1244 1504; x_wconf 92' lang='lat' dir='ltr'>non</span> <span class='ocrx_word' id='word_1_351' title='bbox 1262 1466 1469 1513; x_wconf 70' lang='lat' dir='ltr'>habemus,</span> <span class='ocrx_word' id='word_1_352' title='bbox 1490 1475 1527 1503; x_wconf 90' lang='lat' dir='ltr'>et</span> <span class='ocrx_word' id='word_1_353' title='bbox 1552 1467 1724 1517; x_wconf 86' lang='lat' dir='ltr'>sequeris</span> <span class='ocrx_word' id='word_1_354' title='bbox 1742 1481 1814 1517; x_wconf 89' lang='lat' dir='ltr'>pro</span> <span class='ocrx_word' id='word_1_355' title='bbox 1834 1467 1968 1515; x_wconf 86' lang='lat' dir='ltr'>nohis,</span> <span class='ocrx_word' id='word_1_356' title='bbox 1988 1469 2093 1518; x_wconf 90' lang='lat' dir='ltr'>quod</span> <span class='ocrx_word' id='word_1_357' title='bbox 2114 1484 2192 1507; x_wconf 91' lang='lat' dir='ltr'>non</span> 
     </span>
     <span class='ocr_line' id='line_1_47' title="bbox 1164 1527 2193 1580; baseline 0.003 -15"><span class='ocrx_word' id='word_1_358' title='bbox 1164 1542 1310 1566; x_wconf 85' lang='lat' dir='ltr'>sumus.</span> <span class='ocrx_word' id='word_1_359' title='bbox 1343 1527 1515 1578; x_wconf 85' lang='lat' dir='ltr'>Ideoque</span> <span class='ocrx_word' id='word_1_360' title='bbox 1553 1542 1631 1565; x_wconf 91' lang='lat' dir='ltr'>non</span> <span class='ocrx_word' id='word_1_361' title='bbox 1681 1530 1928 1579; x_wconf 86' lang='lat' dir='ltr'>consequeris</span> <span class='ocrx_word' id='word_1_362' title='bbox 1943 1559 1952 1576; x_wconf 92' lang='lat'>,</span> <span class='ocrx_word' id='word_1_363' title='bbox 1988 1530 2078 1580; x_wconf 86' lang='lat' dir='ltr'>quia</span> <span class='ocrx_word' id='word_1_364' title='bbox 2114 1545 2193 1568; x_wconf 90' lang='lat' dir='ltr'>non</span> 
     </span>
     <span class='ocr_line' id='line_1_48' title="bbox 1163 1590 2192 1642; baseline 0.002 -15"><span class='ocrx_word' id='word_1_365' title='bbox 1163 1590 1375 1628; x_wconf 82' lang='lat' dir='ltr'>sufficimus</span> <span class='ocrx_word' id='word_1_366' title='bbox 1399 1605 1406 1627; x_wconf 93' lang='lat'><strong>:</strong></span> <span class='ocrx_word' id='word_1_367' title='bbox 1431 1599 1468 1627; x_wconf 84' lang='lat' dir='ltr'>et</span> <span class='ocrx_word' id='word_1_368' title='bbox 1494 1600 1535 1627; x_wconf 86' lang='lat' dir='ltr'>ut</span> <span class='ocrx_word' id='word_1_369' title='bbox 1558 1590 1725 1641; x_wconf 87' lang='lat' dir='ltr'>denique</span> <span class='ocrx_word' id='word_1_370' title='bbox 1754 1591 1792 1628; x_wconf 90' lang='lat' dir='ltr'>in</span> <span class='ocrx_word' id='word_1_371' title='bbox 1815 1592 1977 1642; x_wconf 85' lang='lat' dir='ltr'>epistola</span> <span class='ocrx_word' id='word_1_372' title='bbox 1999 1601 2062 1629; x_wconf 88' lang='lat' dir='ltr'>tua</span> <span class='ocrx_word' id='word_1_373' title='bbox 2087 1591 2192 1641; x_wconf 81' lang='lat' dir='ltr'>juste</span> 
     </span>
     <span class='ocr_line' id='line_1_49' title="bbox 1162 1652 2191 1701; baseline 0.002 -13"><span class='ocrx_word' id='word_1_374' title='bbox 1162 1652 1351 1699; x_wconf 81' lang='lat' dir='ltr'>causariS,</span> <span class='ocrx_word' id='word_1_375' title='bbox 1372 1656 1478 1689; x_wconf 88' lang='lat' dir='ltr'>Deus</span> <span class='ocrx_word' id='word_1_376' title='bbox 1502 1652 1569 1689; x_wconf 89' lang='lat' dir='ltr'>tibi</span> <span class='ocrx_word' id='word_1_377' title='bbox 1587 1653 1623 1689; x_wconf 89' lang='lat' dir='ltr'>in</span> <span class='ocrx_word' id='word_1_378' title='bbox 1641 1653 1772 1701; x_wconf 87' lang='lat' dir='ltr'>nobis,</span> <span class='ocrx_word' id='word_1_379' title='bbox 1792 1667 1867 1690; x_wconf 88' lang='lat' dir='ltr'>non</span> <span class='ocrx_word' id='word_1_380' title='bbox 1888 1667 1960 1690; x_wconf 89' lang='lat' dir='ltr'>nos</span> <span class='ocrx_word' id='word_1_381' title='bbox 1980 1653 2191 1692; x_wconf 87' lang='lat' dir='ltr'>deficimus.</span> 
     </span>
     <span class='ocr_line' id='line_1_50' title="bbox 1163 1715 2191 1766; baseline -0.001 -13"><span class='ocrx_word' id='word_1_382' title='bbox 1163 1719 1273 1753; x_wconf 66' lang='lat' dir='ltr'>lN&#39;unc</span> <span class='ocrx_word' id='word_1_383' title='bbox 1290 1728 1384 1751; x_wconf 77' lang='lat' dir='ltr'>vero</span> <span class='ocrx_word' id='word_1_384' title='bbox 1404 1715 1434 1752; x_wconf 88' lang='lat' dir='ltr'>si</span> <span class='ocrx_word' id='word_1_385' title='bbox 1454 1715 1541 1752; x_wconf 86' lang='lat' dir='ltr'>talia</span> <span class='ocrx_word' id='word_1_386' title='bbox 1558 1716 1734 1765; x_wconf 86' lang='lat' dir='ltr'>placent,</span> <span class='ocrx_word' id='word_1_387' title='bbox 1751 1716 1878 1766; x_wconf 86' lang='lat' dir='ltr'>qualia</span> <span class='ocrx_word' id='word_1_388' title='bbox 1894 1715 2010 1752; x_wconf 89' lang='lat' dir='ltr'>modo</span> <span class='ocrx_word' id='word_1_389' title='bbox 2027 1724 2191 1765; x_wconf 79' lang='lat' dir='ltr'>nugatus</span> 
     </span>
     <span class='ocr_line' id='line_1_51' title="bbox 1163 1775 2188 1825; baseline 0.001 -13"><span class='ocrx_word' id='word_1_390' title='bbox 1163 1790 1266 1823; x_wconf 90' lang='lat' dir='ltr'>sum,</span> <span class='ocrx_word' id='word_1_391' title='bbox 1290 1776 1493 1822; x_wconf 87' lang='lat' dir='ltr'>mandato,</span> <span class='ocrx_word' id='word_1_392' title='bbox 1519 1785 1556 1813; x_wconf 87' lang='lat' dir='ltr'>et</span> <span class='ocrx_word' id='word_1_393' title='bbox 1576 1775 1754 1825; x_wconf 87' lang='lat' dir='ltr'>adjiciam</span> <span class='ocrx_word' id='word_1_394' title='bbox 1778 1791 1785 1812; x_wconf 94' lang='lat'>:</span> <span class='ocrx_word' id='word_1_395' title='bbox 1809 1784 1852 1813; x_wconf 88' lang='lat' dir='ltr'>ut</span> <span class='ocrx_word' id='word_1_396' title='bbox 1872 1790 1958 1813; x_wconf 88' lang='lat' dir='ltr'>cum</span> <span class='ocrx_word' id='word_1_397' title='bbox 1983 1775 2188 1822; x_wconf 82' lang='lat' dir='ltr'>obediero,</span> 
     </span>
    </p>
   </div>
   <div class='ocr_carea' id='block_1_9' title="bbox 71 1835 2191 1887">
    <p class='ocr_par' dir='ltr' id='par_1_11' title="bbox 71 1835 2191 1887">
     <span class='ocr_line' id='line_1_52' title="bbox 71 1835 2191 1887; baseline -0 -12"><span class='ocrx_word' id='word_1_398' title='bbox 71 1838 200 1875; x_wconf 74' lang='lat' dir='ltr'>videre</span> <span class='ocrx_word' id='word_1_399' title='bbox 220 1838 259 1874; x_wconf 90' lang='lat' dir='ltr'>in</span> <span class='ocrx_word' id='word_1_400' title='bbox 279 1837 424 1874; x_wconf 83' lang='lat' dir='ltr'>lumine</span> <span class='ocrx_word' id='word_1_401' title='bbox 448 1845 514 1872; x_wconf 90' lang='lat' dir='ltr'>tuo</span> <span class='ocrx_word' id='word_1_402' title='bbox 544 1835 722 1873; x_wconf 88' lang='lat' dir='ltr'>tenebras</span> <span class='ocrx_word' id='word_1_403' title='bbox 745 1850 867 1883; x_wconf 86' lang='lat' dir='ltr'>meas,</span> <span class='ocrx_word' id='word_1_404' title='bbox 893 1836 1092 1886; x_wconf 86' lang='lat' dir='ltr'>quoadus-</span> <span class='ocrx_word' id='word_1_405' title='bbox 1114 1837 1140 1872; x_wconf 94' lang='lat' dir='ltr'>C</span> <span class='ocrx_word' id='word_1_406' title='bbox 1162 1837 1476 1887; x_wconf 60' lang='lat' dir='ltr'>praesumptionis</span> <span class='ocrx_word' id='word_1_407' title='bbox 1498 1851 1575 1874; x_wconf 92' lang='lat' dir='ltr'>non</span> <span class='ocrx_word' id='word_1_408' title='bbox 1602 1838 1755 1874; x_wconf 88' lang='lat' dir='ltr'>timeam</span> <span class='ocrx_word' id='word_1_409' title='bbox 1787 1845 1932 1874; x_wconf 91' lang='lat' dir='ltr'>notam.</span> <span class='ocrx_word' id='word_1_410' title='bbox 1961 1837 2191 1874; x_wconf 77' lang='lat' dir='ltr'>Praesatiun-</span> 
     </span>
    </p>
   </div>
   <div class='ocr_carea' id='block_1_10' title="bbox 34 1896 1093 2620">
    <p class='ocr_par' dir='ltr' id='par_1_12' title="bbox 34 1896 1093 2620">
     <span class='ocr_line' id='line_1_53' title="bbox 73 1896 1093 1949; baseline -0.003 -13"><span class='ocrx_word' id='word_1_411' title='bbox 73 1912 145 1949; x_wconf 90' lang='lat' dir='ltr'>que</span> <span class='ocrx_word' id='word_1_412' title='bbox 166 1898 293 1936; x_wconf 77' lang='lat' dir='ltr'>visites</span> <span class='ocrx_word' id='word_1_413' title='bbox 313 1897 511 1934; x_wconf 82' lang='lat' dir='ltr'>sedentem</span> <span class='ocrx_word' id='word_1_414' title='bbox 530 1897 569 1933; x_wconf 89' lang='lat' dir='ltr'>in</span> <span class='ocrx_word' id='word_1_415' title='bbox 589 1896 758 1934; x_wconf 88' lang='lat' dir='ltr'>tenebris</span> <span class='ocrx_word' id='word_1_416' title='bbox 776 1906 813 1934; x_wconf 83' lang='lat' dir='ltr'>et</span> <span class='ocrx_word' id='word_1_417' title='bbox 833 1896 971 1934; x_wconf 79' lang='lat' dir='ltr'>umbra</span> <span class='ocrx_word' id='word_1_418' title='bbox 992 1911 1093 1933; x_wconf 86' lang='lat' dir='ltr'>mor-</span> 
     </span>
     <span class='ocr_line' id='line_1_54' title="bbox 73 1958 1092 2009; baseline -0.001 -13"><span class='ocrx_word' id='word_1_419' title='bbox 73 1959 136 2004; x_wconf 88' lang='lat' dir='ltr'>tis,</span> <span class='ocrx_word' id='word_1_420' title='bbox 156 1967 193 1996; x_wconf 89' lang='lat' dir='ltr'>et</span> <span class='ocrx_word' id='word_1_421' title='bbox 214 1972 282 2009; x_wconf 87' lang='lat' dir='ltr'>per</span> <span class='ocrx_word' id='word_1_422' title='bbox 310 1967 346 1995; x_wconf 87' lang='lat' dir='ltr'>te</span> <span class='ocrx_word' id='word_1_423' title='bbox 368 1958 590 1994; x_wconf 87' lang='lat' dir='ltr'>revelentur</span> <span class='ocrx_word' id='word_1_424' title='bbox 611 1958 864 2008; x_wconf 85' lang='lat' dir='ltr'>cogitationes</span> <span class='ocrx_word' id='word_1_425' title='bbox 893 1958 1092 2000; x_wconf 81' lang='lat' dir='ltr'>cordium,</span> 
     </span>
     <span class='ocr_line' id='line_1_55' title="bbox 73 2018 1093 2070; baseline -0.001 -13"><span class='ocrx_word' id='word_1_426' title='bbox 73 2028 110 2057; x_wconf 90' lang='lat' dir='ltr'>et</span> <span class='ocrx_word' id='word_1_427' title='bbox 129 2020 325 2058; x_wconf 83' lang='lat' dir='ltr'>manifesta</span> <span class='ocrx_word' id='word_1_428' title='bbox 342 2020 437 2056; x_wconf 87' lang='lat' dir='ltr'>fiant</span> <span class='ocrx_word' id='word_1_429' title='bbox 454 2018 680 2056; x_wconf 85' lang='lat' dir='ltr'>abscondita</span> <span class='ocrx_word' id='word_1_430' title='bbox 700 2018 945 2056; x_wconf 87' lang='lat' dir='ltr'>tenebrarum</span> <span class='ocrx_word' id='word_1_431' title='bbox 958 2048 968 2065; x_wconf 94' lang='lat'>,</span> <span class='ocrx_word' id='word_1_432' title='bbox 992 2020 1093 2070; x_wconf 87' lang='lat' dir='ltr'>fuga-</span> 
     </span>
     <span class='ocr_line' id='line_1_56' title="bbox 34 2080 1092 2134; baseline 0 -16"><span class='ocrx_word' id='word_1_433' title='bbox 34 2131 41 2134; x_wconf 27' lang='lat'><em>*</em></span> <span class='ocrx_word' id='word_1_434' title='bbox 73 2081 192 2131; x_wconf 88' lang='lat' dir='ltr'>tisque</span> <span class='ocrx_word' id='word_1_435' title='bbox 214 2080 382 2118; x_wconf 88' lang='lat' dir='ltr'>tenebris</span> <span class='ocrx_word' id='word_1_436' title='bbox 400 2080 479 2130; x_wconf 89' lang='lat' dir='ltr'>jam</span> <span class='ocrx_word' id='word_1_437' title='bbox 498 2093 576 2116; x_wconf 90' lang='lat' dir='ltr'>non</span> <span class='ocrx_word' id='word_1_438' title='bbox 599 2080 776 2116; x_wconf 72' lang='lat' dir='ltr'>videatur</span> <span class='ocrx_word' id='word_1_439' title='bbox 796 2080 836 2117; x_wconf 88' lang='lat' dir='ltr'>in</span> <span class='ocrx_word' id='word_1_440' title='bbox 858 2081 1003 2118; x_wconf 87' lang='lat' dir='ltr'>lumine</span> <span class='ocrx_word' id='word_1_441' title='bbox 1026 2090 1092 2119; x_wconf 90' lang='lat' dir='ltr'>tuo</span> 
     </span>
     <span class='ocr_line' id='line_1_57' title="bbox 72 2141 1093 2193; baseline 0.002 -15"><span class='ocrx_word' id='word_1_442' title='bbox 72 2142 141 2180; x_wconf 92' lang='lat' dir='ltr'>nisi</span> <span class='ocrx_word' id='word_1_443' title='bbox 156 2143 285 2180; x_wconf 90' lang='lat' dir='ltr'>lumen</span> <span class='ocrx_word' id='word_1_444' title='bbox 307 2157 315 2179; x_wconf 75' lang='grc' dir='ltr'>ε</span> <span class='ocrx_word' id='word_1_445' title='bbox 338 2142 462 2179; x_wconf 91' lang='lat' dir='ltr'>sentio</span> <span class='ocrx_word' id='word_1_446' title='bbox 481 2141 638 2191; x_wconf 90' lang='lat' dir='ltr'>quidem</span> <span class='ocrx_word' id='word_1_447' title='bbox 657 2141 704 2178; x_wconf 90' lang='lat' dir='ltr'>de</span> <span class='ocrx_word' id='word_1_448' title='bbox 722 2155 882 2179; x_wconf 83' lang='lat' dir='ltr'>munere</span> <span class='ocrx_word' id='word_1_449' title='bbox 901 2151 968 2179; x_wconf 92' lang='lat' dir='ltr'>tuo</span> <span class='ocrx_word' id='word_1_450' title='bbox 987 2144 1093 2193; x_wconf 89' lang='lat' dir='ltr'>quod</span> 
     </span>
     <span class='ocr_line' id='line_1_58' title="bbox 72 2202 1090 2254; baseline 0 -13"><span class='ocrx_word' id='word_1_451' title='bbox 72 2217 156 2241; x_wconf 86' lang='lat' dir='ltr'>eum</span> <span class='ocrx_word' id='word_1_452' title='bbox 175 2204 351 2254; x_wconf 83' lang='lat' dir='ltr'>diligam3</span> <span class='ocrx_word' id='word_1_453' title='bbox 371 2203 437 2241; x_wconf 91' lang='lat' dir='ltr'>sed</span> <span class='ocrx_word' id='word_1_454' title='bbox 456 2202 621 2240; x_wconf 89' lang='lat' dir='ltr'>necdum</span> <span class='ocrx_word' id='word_1_455' title='bbox 638 2203 752 2240; x_wconf 78' lang='lat' dir='ltr'>video</span> <span class='ocrx_word' id='word_1_456' title='bbox 772 2204 811 2240; x_wconf 88' lang='lat' dir='ltr'>in</span> <span class='ocrx_word' id='word_1_457' title='bbox 832 2203 978 2241; x_wconf 83' lang='lat' dir='ltr'>lumine</span> <span class='ocrx_word' id='word_1_458' title='bbox 1001 2213 1066 2241; x_wconf 90' lang='lat' dir='ltr'>tuo</span> <span class='ocrx_word' id='word_1_459' title='bbox 1081 2233 1090 2251; x_wconf 90' lang='lat'>,</span> 
     </span>
     <span class='ocr_line' id='line_1_59' title="bbox 72 2263 1093 2315; baseline -0.001 -13"><span class='ocrx_word' id='word_1_460' title='bbox 72 2265 103 2302; x_wconf 89' lang='lat' dir='ltr'>si</span> <span class='ocrx_word' id='word_1_461' title='bbox 121 2265 180 2302; x_wconf 79' lang='lat' dir='ltr'>vel</span> <span class='ocrx_word' id='word_1_462' title='bbox 211 2266 300 2302; x_wconf 86' lang='lat' dir='ltr'>satis</span> <span class='ocrx_word' id='word_1_463' title='bbox 332 2265 504 2315; x_wconf 85' lang='lat' dir='ltr'>diligam.</span> <span class='ocrx_word' id='word_1_464' title='bbox 540 2268 674 2314; x_wconf 80' lang='lat' dir='ltr'>Neque</span> <span class='ocrx_word' id='word_1_465' title='bbox 710 2264 813 2301; x_wconf 88' lang='lat' dir='ltr'>enim</span> <span class='ocrx_word' id='word_1_466' title='bbox 847 2265 925 2301; x_wconf 86' lang='lat' dir='ltr'>scio</span> <span class='ocrx_word' id='word_1_467' title='bbox 961 2264 991 2301; x_wconf 91' lang='lat' dir='ltr'>si</span> <span class='ocrx_word' id='word_1_468' title='bbox 1011 2263 1093 2314; x_wconf 84' lang='lat' dir='ltr'>jam</span> 
     </span>
     <span class='ocr_line' id='line_1_60' title="bbox 73 2325 1091 2377; baseline -0.002 -13"><span class='ocrx_word' id='word_1_469' title='bbox 73 2327 312 2377; x_wconf 84' lang='lat' dir='ltr'>pervenerim</span> <span class='ocrx_word' id='word_1_470' title='bbox 341 2326 389 2363; x_wconf 88' lang='lat' dir='ltr'>ad</span> <span class='ocrx_word' id='word_1_471' title='bbox 410 2327 512 2363; x_wconf 90' lang='lat' dir='ltr'>illam</span> <span class='ocrx_word' id='word_1_472' title='bbox 527 2354 537 2371; x_wconf 91' lang='lat'>‚</span> <span class='ocrx_word' id='word_1_473' title='bbox 562 2339 639 2376; x_wconf 83' lang='lat' dir='ltr'>qua</span> <span class='ocrx_word' id='word_1_474' title='bbox 663 2339 778 2362; x_wconf 89' lang='lat' dir='ltr'>nemo</span> <span class='ocrx_word' id='word_1_475' title='bbox 812 2325 998 2375; x_wconf 87' lang='lat' dir='ltr'>majorem</span> <span class='ocrx_word' id='word_1_476' title='bbox 1020 2327 1091 2363; x_wconf 83' lang='lat' dir='ltr'>ha—</span> 
     </span>
     <span class='ocr_line' id='line_1_61' title="bbox 71 2385 1093 2438; baseline 0.001 -13"><span class='ocrx_word' id='word_1_477' title='bbox 71 2385 154 2434; x_wconf 88' lang='lat' dir='ltr'>bet,</span> <span class='ocrx_word' id='word_1_478' title='bbox 171 2387 435 2433; x_wconf 87' lang='lat' dir='ltr'>dilectionem,</span> <span class='ocrx_word' id='word_1_479' title='bbox 460 2396 502 2424; x_wconf 90' lang='lat' dir='ltr'>ut</span> <span class='ocrx_word' id='word_1_480' title='bbox 528 2387 695 2424; x_wconf 88' lang='lat' dir='ltr'>animam</span> <span class='ocrx_word' id='word_1_481' title='bbox 727 2400 834 2424; x_wconf 90' lang='lat' dir='ltr'>suam</span> <span class='ocrx_word' id='word_1_482' title='bbox 857 2396 978 2438; x_wconf 88' lang='lat' dir='ltr'>ponat</span> <span class='ocrx_word' id='word_1_483' title='bbox 1007 2389 1093 2438; x_wconf 88' lang='lat' dir='ltr'>quis</span> 
     </span>
     <span class='ocr_line' id='line_1_62' title="bbox 71 2446 1092 2499; baseline -0.001 -13"><span class='ocrx_word' id='word_1_484' title='bbox 71 2461 141 2499; x_wconf 90' lang='lat' dir='ltr'>pro</span> <span class='ocrx_word' id='word_1_485' title='bbox 161 2449 288 2486; x_wconf 86' lang='lat' dir='ltr'>amicis</span> <span class='ocrx_word' id='word_1_486' title='bbox 305 2449 394 2486; x_wconf 80' lang='lat' dir='ltr'>suiS.</span> <span class='ocrx_word' id='word_1_487' title='bbox 414 2452 510 2486; x_wconf 83' lang='lat' dir='ltr'>Nam</span> <span class='ocrx_word' id='word_1_488' title='bbox 533 2448 619 2498; x_wconf 86' lang='lat' dir='ltr'>quis</span> <span class='ocrx_word' id='word_1_489' title='bbox 636 2446 866 2497; x_wconf 85' lang='lat' dir='ltr'>gloriabitur</span> <span class='ocrx_word' id='word_1_490' title='bbox 883 2457 1029 2485; x_wconf 89' lang='lat' dir='ltr'>castum</span> <span class='ocrx_word' id='word_1_491' title='bbox 1053 2461 1092 2485; x_wconf 81' lang='lat' dir='ltr'>sc</span> 
     </span>
     <span class='ocr_line' id='line_1_63' title="bbox 70 2508 1091 2560; baseline -0.001 -13"><span class='ocrx_word' id='word_1_492' title='bbox 70 2508 208 2547; x_wconf 86' lang='lat' dir='ltr'>habere</span> <span class='ocrx_word' id='word_1_493' title='bbox 227 2524 315 2557; x_wconf 87' lang='lat' dir='ltr'>cor,</span> <span class='ocrx_word' id='word_1_494' title='bbox 338 2510 482 2547; x_wconf 89' lang='lat' dir='ltr'>nedum</span> <span class='ocrx_word' id='word_1_495' title='bbox 502 2510 744 2560; x_wconf 76' lang='lat' dir='ltr'>perfectum?</span> <span class='ocrx_word' id='word_1_496' title='bbox 764 2512 796 2547; x_wconf 93' lang='lat' dir='ltr'>O</span> <span class='ocrx_word' id='word_1_497' title='bbox 817 2510 1001 2556; x_wconf 90' lang='lat' dir='ltr'>Domine,</span> <span class='ocrx_word' id='word_1_498' title='bbox 1023 2510 1091 2560; x_wconf 90' lang='lat' dir='ltr'>qui</span> 
     </span>
     <span class='ocr_line' id='line_1_64' title="bbox 70 2569 1092 2620; baseline 0.001 -13"><span class='ocrx_word' id='word_1_499' title='bbox 70 2569 258 2609; x_wconf 89' lang='lat' dir='ltr'>illuminas</span> <span class='ocrx_word' id='word_1_500' title='bbox 286 2572 485 2608; x_wconf 85' lang='lat' dir='ltr'>lucernam</span> <span class='ocrx_word' id='word_1_501' title='bbox 517 2584 660 2617; x_wconf 88' lang='lat' dir='ltr'>meam,</span> <span class='ocrx_word' id='word_1_502' title='bbox 692 2583 768 2620; x_wconf 85' lang='lat' dir='ltr'>qua</span> <span class='ocrx_word' id='word_1_503' title='bbox 793 2569 874 2620; x_wconf 86' lang='lat' dir='ltr'>jam</span> <span class='ocrx_word' id='word_1_504' title='bbox 909 2570 1022 2608; x_wconf 77' lang='lat' dir='ltr'>video</span> <span class='ocrx_word' id='word_1_505' title='bbox 1055 2579 1092 2608; x_wconf 84' lang='lat' dir='ltr'>et</span> 
     </span>
    </p>
   </div>
   <div class='ocr_carea' id='block_1_11' title="bbox 70 2629 1139 2680">
    <p class='ocr_par' dir='ltr' id='par_1_13' title="bbox 70 2629 1139 2680">
     <span class='ocr_line' id='line_1_65' title="bbox 70 2629 1139 2680; baseline 0.002 -12"><span class='ocrx_word' id='word_1_506' title='bbox 70 2629 207 2670; x_wconf 85' lang='lat' dir='ltr'>horreo</span> <span class='ocrx_word' id='word_1_507' title='bbox 248 2632 424 2670; x_wconf 90' lang='lat' dir='ltr'>tenebras</span> <span class='ocrx_word' id='word_1_508' title='bbox 457 2645 578 2680; x_wconf 79' lang='lat' dir='ltr'>meas3</span> <span class='ocrx_word' id='word_1_509' title='bbox 608 2636 712 2670; x_wconf 89' lang='lat' dir='ltr'>Deus</span> <span class='ocrx_word' id='word_1_510' title='bbox 746 2645 874 2678; x_wconf 91' lang='lat' dir='ltr'>meus,</span> <span class='ocrx_word' id='word_1_511' title='bbox 910 2632 1085 2670; x_wconf 90' lang='lat' dir='ltr'>illumina</span> <span class='ocrx_word' id='word_1_512' title='bbox 1105 2636 1139 2670; x_wconf 92' lang='lat' dir='ltr'>D</span> 
     </span>
    </p>
   </div>
   <div class='ocr_carea' id='block_1_12' title="bbox 71 2691 1094 3109">
    <p class='ocr_par' dir='ltr' id='par_1_14' title="bbox 71 2691 1094 3109">
     <span class='ocr_line' id='line_1_66' title="bbox 71 2691 1090 2745; baseline 0 -15"><span class='ocrx_word' id='word_1_513' title='bbox 71 2691 168 2743; x_wconf 88' lang='lat' dir='ltr'>ipsas</span> <span class='ocrx_word' id='word_1_514' title='bbox 189 2707 342 2745; x_wconf 87' lang='lat' dir='ltr'>quoque</span> <span class='ocrx_word' id='word_1_515' title='bbox 363 2693 540 2731; x_wconf 85' lang='lat' dir='ltr'>tenebras</span> <span class='ocrx_word' id='word_1_516' title='bbox 558 2707 661 2731; x_wconf 84' lang='lat' dir='ltr'>meas</span> <span class='ocrx_word' id='word_1_517' title='bbox 674 2723 683 2740; x_wconf 94' lang='lat'>,</span> <span class='ocrx_word' id='word_1_518' title='bbox 706 2702 748 2730; x_wconf 87' lang='lat' dir='ltr'>ut</span> <span class='ocrx_word' id='word_1_519' title='bbox 766 2693 915 2730; x_wconf 79' lang='lat' dir='ltr'>videam</span> <span class='ocrx_word' id='word_1_520' title='bbox 936 2703 974 2730; x_wconf 89' lang='lat' dir='ltr'>et</span> <span class='ocrx_word' id='word_1_521' title='bbox 994 2707 1090 2744; x_wconf 89' lang='lat' dir='ltr'>gau-</span> 
     </span>
     <span class='ocr_line' id='line_1_67' title="bbox 72 2751 1092 2800; baseline 0.002 -11"><span class='ocrx_word' id='word_1_522' title='bbox 72 2751 177 2791; x_wconf 84' lang='lat' dir='ltr'>deam</span> <span class='ocrx_word' id='word_1_523' title='bbox 205 2754 420 2792; x_wconf 86' lang='lat' dir='ltr'>ordinatam</span> <span class='ocrx_word' id='word_1_524' title='bbox 454 2754 493 2791; x_wconf 90' lang='lat' dir='ltr'>in</span> <span class='ocrx_word' id='word_1_525' title='bbox 525 2768 586 2791; x_wconf 91' lang='lat' dir='ltr'>me</span> <span class='ocrx_word' id='word_1_526' title='bbox 619 2753 867 2800; x_wconf 84' lang='lat' dir='ltr'>charitatem,</span> <span class='ocrx_word' id='word_1_527' title='bbox 896 2754 1019 2791; x_wconf 91' lang='lat' dir='ltr'>sciens</span> <span class='ocrx_word' id='word_1_528' title='bbox 1053 2762 1092 2791; x_wconf 85' lang='lat' dir='ltr'>et</span> 
     </span>
     <span class='ocr_line' id='line_1_68' title="bbox 71 2811 1091 2865; baseline 0.003 -16"><span class='ocrx_word' id='word_1_529' title='bbox 71 2811 225 2864; x_wconf 87' lang='lat' dir='ltr'>diligens</span> <span class='ocrx_word' id='word_1_530' title='bbox 244 2829 330 2865; x_wconf 87' lang='lat' dir='ltr'>quae</span> <span class='ocrx_word' id='word_1_531' title='bbox 354 2815 548 2865; x_wconf 85' lang='lat' dir='ltr'>diligenda</span> <span class='ocrx_word' id='word_1_532' title='bbox 565 2823 674 2862; x_wconf 83' lang='lat' dir='ltr'>sunt3</span> <span class='ocrx_word' id='word_1_533' title='bbox 695 2823 733 2852; x_wconf 85' lang='lat' dir='ltr'>et</span> <span class='ocrx_word' id='word_1_534' title='bbox 753 2823 940 2865; x_wconf 85' lang='lat' dir='ltr'>quantum</span> <span class='ocrx_word' id='word_1_535' title='bbox 953 2844 962 2861; x_wconf 89' lang='lat'>,</span> <span class='ocrx_word' id='word_1_536' title='bbox 985 2823 1023 2851; x_wconf 90' lang='lat' dir='ltr'>et</span> <span class='ocrx_word' id='word_1_537' title='bbox 1043 2815 1091 2852; x_wconf 86' lang='lat' dir='ltr'>ad</span> 
     </span>
     <span class='ocr_line' id='line_1_69' title="bbox 71 2873 1090 2926; baseline 0.003 -16"><span class='ocrx_word' id='word_1_538' title='bbox 71 2873 161 2921; x_wconf 89' lang='lat' dir='ltr'>quid</span> <span class='ocrx_word' id='word_1_539' title='bbox 191 2873 382 2925; x_wconf 85' lang='lat' dir='ltr'>diligenda</span> <span class='ocrx_word' id='word_1_540' title='bbox 409 2883 518 2922; x_wconf 84' lang='lat' dir='ltr'>sunt3</span> <span class='ocrx_word' id='word_1_541' title='bbox 541 2889 600 2912; x_wconf 89' lang='lat' dir='ltr'>me</span> <span class='ocrx_word' id='word_1_542' title='bbox 629 2889 786 2925; x_wconf 87' lang='lat' dir='ltr'>quoque</span> <span class='ocrx_word' id='word_1_543' title='bbox 818 2874 957 2913; x_wconf 80' lang='lat' dir='ltr'>nolens</span> <span class='ocrx_word' id='word_1_544' title='bbox 985 2875 1090 2926; x_wconf 88' lang='lat' dir='ltr'>diligi</span> 
     </span>
     <span class='ocr_line' id='line_1_70' title="bbox 72 2933 1094 2986; baseline 0.004 -17"><span class='ocrx_word' id='word_1_545' title='bbox 72 2933 140 2970; x_wconf 89' lang='lat' dir='ltr'>nisi</span> <span class='ocrx_word' id='word_1_546' title='bbox 162 2934 200 2971; x_wconf 90' lang='lat' dir='ltr'>in</span> <span class='ocrx_word' id='word_1_547' title='bbox 231 2944 289 2982; x_wconf 89' lang='lat' dir='ltr'>te,</span> <span class='ocrx_word' id='word_1_548' title='bbox 310 2945 348 2974; x_wconf 89' lang='lat' dir='ltr'>et</span> <span class='ocrx_word' id='word_1_549' title='bbox 367 2944 554 2986; x_wconf 88' lang='lat' dir='ltr'>quantum</span> <span class='ocrx_word' id='word_1_550' title='bbox 583 2935 799 2986; x_wconf 88' lang='lat' dir='ltr'>diligendus</span> <span class='ocrx_word' id='word_1_551' title='bbox 819 2949 918 2973; x_wconf 89' lang='lat' dir='ltr'>sum.</span> <span class='ocrx_word' id='word_1_552' title='bbox 944 2939 1010 2973; x_wconf 78' lang='lat' dir='ltr'>Vae</span> <span class='ocrx_word' id='word_1_553' title='bbox 1036 2945 1094 2973; x_wconf 87' lang='lat' dir='ltr'>et-</span> 
     </span>
     <span class='ocr_line' id='line_1_71' title="bbox 72 2994 1094 3049; baseline 0.004 -18"><span class='ocrx_word' id='word_1_554' title='bbox 72 2994 170 3033; x_wconf 90' lang='lat' dir='ltr'>enim</span> <span class='ocrx_word' id='word_1_555' title='bbox 190 2997 301 3044; x_wconf 86' lang='lat' dir='ltr'>mihi,</span> <span class='ocrx_word' id='word_1_556' title='bbox 322 2998 353 3035; x_wconf 93' lang='lat' dir='ltr'>si</span> <span class='ocrx_word' id='word_1_557' title='bbox 373 2997 496 3049; x_wconf 80' lang='lat' dir='ltr'>(quod</span> <span class='ocrx_word' id='word_1_558' title='bbox 514 2997 626 3034; x_wconf 76' lang='lat' dir='ltr'>valde</span> <span class='ocrx_word' id='word_1_559' title='bbox 649 2996 804 3048; x_wconf 80' lang='lat' dir='ltr'>vereor)</span> <span class='ocrx_word' id='word_1_560' title='bbox 820 3005 886 3034; x_wconf 88' lang='lat' dir='ltr'>aut</span> <span class='ocrx_word' id='word_1_561' title='bbox 913 3010 984 3047; x_wconf 86' lang='lat' dir='ltr'>ego</span> <span class='ocrx_word' id='word_1_562' title='bbox 1005 2998 1094 3048; x_wconf 89' lang='lat' dir='ltr'>plus</span> 
     </span>
     <span class='ocr_line' id='line_1_72' title="bbox 73 3053 1092 3109; baseline 0.004 -17"><span class='ocrx_word' id='word_1_563' title='bbox 73 3053 120 3092; x_wconf 86' lang='lat' dir='ltr'>ab</span> <span class='ocrx_word' id='word_1_564' title='bbox 138 3056 202 3094; x_wconf 91' lang='lat' dir='ltr'>illo</span> <span class='ocrx_word' id='word_1_565' title='bbox 222 3071 338 3108; x_wconf 86' lang='lat' dir='ltr'>quam</span> <span class='ocrx_word' id='word_1_566' title='bbox 365 3058 515 3104; x_wconf 86' lang='lat' dir='ltr'>merui,</span> <span class='ocrx_word' id='word_1_567' title='bbox 539 3066 605 3095; x_wconf 85' lang='lat' dir='ltr'>aut</span> <span class='ocrx_word' id='word_1_568' title='bbox 622 3058 685 3095; x_wconf 85' lang='lat' dir='ltr'>ille</span> <span class='ocrx_word' id='word_1_569' title='bbox 703 3072 725 3095; x_wconf 88' lang='lat' dir='ltr'>a</span> <span class='ocrx_word' id='word_1_570' title='bbox 747 3071 808 3095; x_wconf 90' lang='lat' dir='ltr'>me</span> <span class='ocrx_word' id='word_1_571' title='bbox 827 3058 955 3095; x_wconf 91' lang='lat' dir='ltr'>minus</span> <span class='ocrx_word' id='word_1_572' title='bbox 975 3072 1092 3109; x_wconf 82' lang='lat' dir='ltr'>quam</span> 
     </span>
    </p>
   </div>
   <div class='ocr_carea' id='block_1_13' title="bbox 123 3196 433 3233">
    <p class='ocr_par' dir='ltr' id='par_1_15' title="bbox 123 3196 433 3233">
     <span class='ocr_line' id='line_1_73' title="bbox 123 3196 433 3233; baseline 0.013 -9"><span class='ocrx_word' id='word_1_573' title='bbox 123 3197 134 3213; x_wconf 86' lang='lat'>¹</span> <span class='ocrx_word' id='word_1_574' title='bbox 152 3196 167 3224; x_wconf 92' lang='lat' dir='ltr'>I</span> <span class='ocrx_word' id='word_1_575' title='bbox 182 3196 354 3233; x_wconf 85' lang='lat' dir='ltr'>Joan.111,</span> <span class='ocrx_word' id='word_1_576' title='bbox 379 3198 433 3228; x_wconf 88' lang='lat'>18.</span> 
     </span>
    </p>
   </div>
   <div class='ocr_carea' id='block_1_14' title="bbox 1161 1897 2191 2315">
    <p class='ocr_par' dir='ltr' id='par_1_16' title="bbox 1161 1897 2191 2315">
     <span class='ocr_line' id='line_1_74' title="bbox 1162 1897 2191 1948; baseline -0.001 -13"><span class='ocrx_word' id='word_1_577' title='bbox 1162 1899 1286 1936; x_wconf 88' lang='lat' dir='ltr'>culam</span> <span class='ocrx_word' id='word_1_578' title='bbox 1323 1897 1340 1920; x_wconf 77' lang='lat'>¹²</span> <span class='ocrx_word' id='word_1_579' title='bbox 1371 1912 1486 1948; x_wconf 91' lang='lat' dir='ltr'>quam</span> <span class='ocrx_word' id='word_1_580' title='bbox 1526 1898 1597 1935; x_wconf 86' lang='lat' dir='ltr'>tibi</span> <span class='ocrx_word' id='word_1_581' title='bbox 1628 1899 1725 1935; x_wconf 91' lang='lat' dir='ltr'>mitti</span> <span class='ocrx_word' id='word_1_582' title='bbox 1758 1898 1924 1948; x_wconf 82' lang='lat' dir='ltr'>jussisti,</span> <span class='ocrx_word' id='word_1_583' title='bbox 1961 1911 2040 1934; x_wconf 90' lang='lat' dir='ltr'>non</span> <span class='ocrx_word' id='word_1_584' title='bbox 2075 1897 2191 1934; x_wconf 85' lang='lat' dir='ltr'>habui</span> 
     </span>
     <span class='ocr_line' id='line_1_75' title="bbox 1162 1957 2191 2010; baseline -0.002 -14"><span class='ocrx_word' id='word_1_585' title='bbox 1162 1959 1279 1996; x_wconf 90' lang='lat' dir='ltr'>modo</span> <span class='ocrx_word' id='word_1_586' title='bbox 1300 1960 1348 1996; x_wconf 88' lang='lat' dir='ltr'>ad</span> <span class='ocrx_word' id='word_1_587' title='bbox 1372 1974 1528 1997; x_wconf 87' lang='lat' dir='ltr'>manum</span> <span class='ocrx_word' id='word_1_588' title='bbox 1562 1976 1569 1997; x_wconf 93' lang='lat'>:</span> <span class='ocrx_word' id='word_1_589' title='bbox 1602 1973 1728 2010; x_wconf 90' lang='lat' dir='ltr'>neque</span> <span class='ocrx_word' id='word_1_590' title='bbox 1749 1960 1850 1996; x_wconf 88' lang='lat' dir='ltr'>enim</span> <span class='ocrx_word' id='word_1_591' title='bbox 1873 1958 1998 1995; x_wconf 86' lang='lat' dir='ltr'>adhuc</span> <span class='ocrx_word' id='word_1_592' title='bbox 2021 1957 2191 1995; x_wconf 68' lang='lat' dir='ltr'>dictave-</span> 
     </span>
     <span class='ocr_line' id='line_1_76' title="bbox 1161 2018 2190 2070; baseline -0.004 -12"><span class='ocrx_word' id='word_1_593' title='bbox 1161 2034 1241 2058; x_wconf 85' lang='lat' dir='ltr'>ram</span> <span class='ocrx_word' id='word_1_594' title='bbox 1256 2049 1265 2066; x_wconf 84' lang='lat'>,</span> <span class='ocrx_word' id='word_1_595' title='bbox 1287 2021 1376 2070; x_wconf 89' lang='lat' dir='ltr'>quia</span> <span class='ocrx_word' id='word_1_596' title='bbox 1398 2034 1467 2058; x_wconf 91' lang='lat' dir='ltr'>nec</span> <span class='ocrx_word' id='word_1_597' title='bbox 1487 2021 1737 2058; x_wconf 85' lang='lat' dir='ltr'>necessariam</span> <span class='ocrx_word' id='word_1_598' title='bbox 1754 2033 1836 2057; x_wconf 86' lang='lat' dir='ltr'>esse</span> <span class='ocrx_word' id='word_1_599' title='bbox 1855 2018 2052 2070; x_wconf 89' lang='lat' dir='ltr'>putabam.</span> <span class='ocrx_word' id='word_1_600' title='bbox 2071 2018 2190 2067; x_wconf 85' lang='lat' dir='ltr'>Quid-</span> 
     </span>
     <span class='ocr_line' id='line_1_77' title="bbox 1161 2079 2189 2131; baseline -0.004 -13"><span class='ocrx_word' id='word_1_601' title='bbox 1161 2082 1255 2131; x_wconf 91' lang='lat' dir='ltr'>quid</span> <span class='ocrx_word' id='word_1_602' title='bbox 1280 2082 1339 2119; x_wconf 64' lang='lat' dir='ltr'>vel</span> <span class='ocrx_word' id='word_1_603' title='bbox 1364 2082 1430 2119; x_wconf 86' lang='lat' dir='ltr'>tibi</span> <span class='ocrx_word' id='word_1_604' title='bbox 1445 2112 1454 2129; x_wconf 91' lang='lat'>,</span> <span class='ocrx_word' id='word_1_605' title='bbox 1478 2083 1539 2119; x_wconf 77' lang='lat' dir='ltr'>vel</span> <span class='ocrx_word' id='word_1_606' title='bbox 1559 2082 1690 2119; x_wconf 89' lang='lat' dir='ltr'>amicis</span> <span class='ocrx_word' id='word_1_607' title='bbox 1712 2082 1785 2118; x_wconf 87' lang='lat' dir='ltr'>tuis</span> <span class='ocrx_word' id='word_1_608' title='bbox 1807 2089 1909 2118; x_wconf 86' lang='lat' dir='ltr'>recte</span> <span class='ocrx_word' id='word_1_609' title='bbox 1929 2080 2007 2125; x_wconf 71' lang='lat' dir='ltr'>vis,</span> <span class='ocrx_word' id='word_1_610' title='bbox 2029 2080 2093 2129; x_wconf 90' lang='lat' dir='ltr'>qui</span> <span class='ocrx_word' id='word_1_611' title='bbox 2119 2079 2189 2115; x_wconf 87' lang='lat' dir='ltr'>de-</span> 
     </span>
     <span class='ocr_line' id='line_1_78' title="bbox 1161 2140 2189 2193; baseline -0.005 -14"><span class='ocrx_word' id='word_1_612' title='bbox 1161 2142 1217 2179; x_wconf 87' lang='lat' dir='ltr'>dit</span> <span class='ocrx_word' id='word_1_613' title='bbox 1236 2143 1354 2188; x_wconf 68' lang='lat' dir='ltr'>vellc,</span> <span class='ocrx_word' id='word_1_614' title='bbox 1383 2142 1447 2180; x_wconf 87' lang='lat' dir='ltr'>det</span> <span class='ocrx_word' id='word_1_615' title='bbox 1465 2152 1502 2179; x_wconf 88' lang='lat' dir='ltr'>et</span> <span class='ocrx_word' id='word_1_616' title='bbox 1528 2144 1715 2193; x_wconf 85' lang='lat' dir='ltr'>perficere</span> <span class='ocrx_word' id='word_1_617' title='bbox 1738 2156 1810 2192; x_wconf 86' lang='lat' dir='ltr'>pro</span> <span class='ocrx_word' id='word_1_618' title='bbox 1834 2140 1936 2178; x_wconf 87' lang='lat' dir='ltr'>bona</span> <span class='ocrx_word' id='word_1_619' title='bbox 1965 2140 2189 2186; x_wconf 77' lang='lat' dir='ltr'>voluntate,</span> 
     </span>
     <span class='ocr_line' id='line_1_79' title="bbox 1161 2201 2190 2253; baseline -0.005 -13"><span class='ocrx_word' id='word_1_620' title='bbox 1161 2204 1267 2240; x_wconf 89' lang='lat' dir='ltr'>omni</span> <span class='ocrx_word' id='word_1_621' title='bbox 1290 2204 1383 2240; x_wconf 89' lang='lat' dir='ltr'>mihi</span> <span class='ocrx_word' id='word_1_622' title='bbox 1414 2204 1590 2241; x_wconf 78' lang='lat' dir='ltr'>amicitiae</span> <span class='ocrx_word' id='word_1_623' title='bbox 1613 2203 1700 2253; x_wconf 88' lang='lat' dir='ltr'>jure</span> <span class='ocrx_word' id='word_1_624' title='bbox 1724 2202 1885 2240; x_wconf 85' lang='lat' dir='ltr'>colende</span> <span class='ocrx_word' id='word_1_625' title='bbox 1901 2232 1910 2250; x_wconf 86' lang='lat'>,</span> <span class='ocrx_word' id='word_1_626' title='bbox 1933 2201 1995 2252; x_wconf 86' lang='lat' dir='ltr'>pie</span> <span class='ocrx_word' id='word_1_627' title='bbox 2016 2214 2058 2237; x_wconf 85' lang='lat' dir='ltr'>ac</span> <span class='ocrx_word' id='word_1_628' title='bbox 2080 2213 2190 2237; x_wconf 74' lang='lat' dir='ltr'>reve-</span> 
     </span>
     <span class='ocr_line' id='line_1_80' title="bbox 1162 2265 1527 2315; baseline -0.003 -13"><span class='ocrx_word' id='word_1_629' title='bbox 1162 2265 1388 2302; x_wconf 86' lang='lat' dir='ltr'>rendissime</span> <span class='ocrx_word' id='word_1_630' title='bbox 1408 2274 1527 2315; x_wconf 86' lang='lat' dir='ltr'>pater.</span> 
     </span>
    </p>
   </div>
   <div class='ocr_carea' id='block_1_15' title="bbox 75 3261 2175 3414">
    <p class='ocr_par' dir='ltr' id='par_1_17' title="bbox 75 3261 2175 3414">
     <span class='ocr_line' id='line_1_81' title="bbox 118 3261 1914 3306; baseline 0.001 -15"><span class='ocrx_word' id='word_1_631' title='bbox 118 3263 131 3279; x_wconf 72' lang='lat'>²</span> <span class='ocrx_word' id='word_1_632' title='bbox 148 3262 222 3291; x_wconf 84' lang='lat' dir='ltr'>Haec</span> <span class='ocrx_word' id='word_1_633' title='bbox 236 3272 309 3303; x_wconf 83' lang='lat' dir='ltr'>ergo</span> <span class='ocrx_word' id='word_1_634' title='bbox 328 3262 430 3304; x_wconf 82' lang='lat' dir='ltr'>prima</span> <span class='ocrx_word' id='word_1_635' title='bbox 454 3269 501 3306; x_wconf 80' lang='lat' dir='ltr'>est</span> <span class='ocrx_word' id='word_1_636' title='bbox 522 3262 675 3294; x_wconf 84' lang='lat' dir='ltr'>Bernardi</span> <span class='ocrx_word' id='word_1_637' title='bbox 693 3262 732 3293; x_wconf 88' lang='lat' dir='ltr'>ad</span> <span class='ocrx_word' id='word_1_638' title='bbox 751 3261 955 3294; x_wconf 80' lang='lat' dir='ltr'>Guillelmurn</span> <span class='ocrx_word' id='word_1_639' title='bbox 980 3262 1112 3305; x_wconf 82' lang='lat' dir='ltr'>epistola</span> <span class='ocrx_word' id='word_1_640' title='bbox 1126 3288 1133 3301; x_wconf 89' lang='lat'>,</span> <span class='ocrx_word' id='word_1_641' title='bbox 1151 3272 1220 3304; x_wconf 58' lang='grc' dir='ltr'>(Ῑιιῑι3</span> <span class='ocrx_word' id='word_1_642' title='bbox 1241 3261 1377 3305; x_wconf 80' lang='lat' dir='ltr'>proinde</span> <span class='ocrx_word' id='word_1_643' title='bbox 1394 3261 1452 3293; x_wconf 87' lang='lat' dir='ltr'>sub</span> <span class='ocrx_word' id='word_1_644' title='bbox 1474 3271 1592 3293; x_wconf 84' lang='lat' dir='ltr'>annum</span> <span class='ocrx_word' id='word_1_645' title='bbox 1615 3264 1700 3293; x_wconf 72' lang='lat'>1125</span> <span class='ocrx_word' id='word_1_646' title='bbox 1720 3262 1835 3303; x_wconf 82' lang='lat' dir='ltr'>scripta</span> <span class='ocrx_word' id='word_1_647' title='bbox 1857 3266 1914 3292; x_wconf 74' lang='lat' dir='ltr'>est,</span> 
     </span>
     <span class='ocr_line' id='line_1_82' title="bbox 118 3305 2175 3359; baseline -0.002 -14"><span class='ocrx_word' id='word_1_648' title='bbox 118 3305 134 3329; x_wconf 58' lang='grc' dir='ltr'>ι’</span> <span class='ocrx_word' id='word_1_649' title='bbox 148 3314 285 3356; x_wconf 81' lang='lat' dir='ltr'>Epistola</span> <span class='ocrx_word' id='word_1_650' title='bbox 305 3316 420 3348; x_wconf 80' lang='lat' dir='ltr'>scilicet</span> <span class='ocrx_word' id='word_1_651' title='bbox 440 3328 510 3359; x_wconf 80' lang='lat' dir='ltr'>quae</span> <span class='ocrx_word' id='word_1_652' title='bbox 523 3317 695 3359; x_wconf 77' lang='lat' dir='ltr'>pra-figitur</span> <span class='ocrx_word' id='word_1_653' title='bbox 720 3317 882 3359; x_wconf 60' lang='lat' dir='ltr'>Apologia}</span> <span class='ocrx_word' id='word_1_654' title='bbox 898 3316 937 3347; x_wconf 83' lang='lat' dir='ltr'>ad</span> <span class='ocrx_word' id='word_1_655' title='bbox 963 3317 1108 3347; x_wconf 83' lang='lat' dir='ltr'>eumdem</span> <span class='ocrx_word' id='word_1_656' title='bbox 1131 3317 1336 3348; x_wconf 85' lang='lat' dir='ltr'>Guillelmum</span> <span class='ocrx_word' id='word_1_657' title='bbox 1351 3342 1358 3354; x_wconf 86' lang='lat'>‚</span> <span class='ocrx_word' id='word_1_658' title='bbox 1386 3328 1456 3358; x_wconf 77' lang='lat' dir='ltr'>quae</span> <span class='ocrx_word' id='word_1_659' title='bbox 1479 3316 1552 3347; x_wconf 87' lang='lat' dir='ltr'>huic</span> <span class='ocrx_word' id='word_1_660' title='bbox 1577 3316 1716 3358; x_wconf 62' lang='lat' dir='ltr'>epistolae</span> <span class='ocrx_word' id='word_1_661' title='bbox 1736 3316 1765 3345; x_wconf 85' lang='lat' dir='ltr'>in</span> <span class='ocrx_word' id='word_1_662' title='bbox 1792 3315 1947 3357; x_wconf 55' lang='lat' dir='ltr'>plerisque</span> <span class='ocrx_word' id='word_1_663' title='bbox 1974 3310 2175 3354; x_wconf 63' lang='lat' dir='ltr'>praem‘ttitur</span> 
     </span>
     <span class='ocr_line' id='line_1_83' title="bbox 75 3369 1244 3414; baseline 0.003 -16"><span class='ocrx_word' id='word_1_664' title='bbox 75 3369 297 3412; x_wconf 85' lang='lat' dir='ltr'>manuscriptis.</span> <span class='ocrx_word' id='word_1_665' title='bbox 313 3370 430 3403; x_wconf 82' lang='lat' dir='ltr'>Confer</span> <span class='ocrx_word' id='word_1_666' title='bbox 445 3371 611 3414; x_wconf 79' lang='lat' dir='ltr'>epistolam</span> <span class='ocrx_word' id='word_1_667' title='bbox 631 3374 672 3404; x_wconf 88' lang='lat'>88</span> <span class='ocrx_word' id='word_1_668' title='bbox 687 3396 695 3410; x_wconf 84' lang='lat'>,</span> <span class='ocrx_word' id='word_1_669' title='bbox 725 3383 759 3403; x_wconf 84' lang='lat' dir='ltr'>n.</span> <span class='ocrx_word' id='word_1_670' title='bbox 782 3375 814 3410; x_wconf 78' lang='lat'>3,</span> <span class='ocrx_word' id='word_1_671' title='bbox 835 3377 865 3403; x_wconf 86' lang='lat' dir='ltr'>et</span> <span class='ocrx_word' id='word_1_672' title='bbox 880 3370 956 3402; x_wconf 86' lang='lat' dir='ltr'>alias</span> <span class='ocrx_word' id='word_1_673' title='bbox 973 3371 1011 3402; x_wconf 86' lang='lat' dir='ltr'>ad</span> <span class='ocrx_word' id='word_1_674' title='bbox 1026 3372 1244 3403; x_wconf 82' lang='lat' dir='ltr'>Guillehnum.</span> 
     </span>
    </p>
   </div>
  </div>
 </body>
</html>
