2565 3952
72 180 139 217 221

68 273 163 298 cere.
188 262 282 298 Cum
304 271 395 308 ergo
430 258 538 309 prius
571 259 617 296 de
648 271 748 309 pane
777 260 948 309 Corpus,
969 272 1084 308 quam
1105 257 1132 275 ⁷¹

1002 179 1267 215 EPISTOLAE.

2101 195 2175 233 222

1155 267 1197 295 ut
1217 260 1330 297 etiam
1351 260 1380 297 si
1400 270 1601 312 peccatum
1619 272 1718 300 esset
1732 265 1918 314 misereri,
1932 270 2000 306 etsi
2015 272 2178 310 multum

68 321 114 358 de
132 320 223 357 vino
244 319 402 368 Sanguis
420 332 528 355 more
549 318 806 355 ecclesiastico
825 319 1053 355 conficiatur
1075 334 1082 355 ε
1103 323 1133 355 Α
1155 321 1294 357 vellem
1308 351 1316 367 ,
1341 336 1418 358 non
1442 336 1593 373 possem
1624 338 1702 361 non
1725 326 1912 364 misereri.
1937 332 2069 367 Potest
2089 333 2179 380 qui-

67 381 185 431 siper
214 379 448 416 oblivionem
482 379 629 415 tardius
662 378 766 428 quod
799 378 990 428 posterius
1021 392 1082 415 sa-

67 441 249 480 crandum
265 449 342 487 est,
367 450 609 491 apponatur,
629 454 708 477 non
726 440 840 477 video
859 441 952 491 quid
969 441 1085 477 sacris

65 501 372 554 praecedentibus
394 501 550 538 tarditas
574 502 696 551 possit
716 501 926 552 prteripere
947 515 1086 539 conse-

65 562 275 614 quentium.
313 566 411 600 Puto
448 562 549 599 enim
591 562 696 612 quod
731 562 762 599 si
794 563 962 600 Domino
997 571 1086 613 post

65 624 202 662 sactum
235 624 282 661 de
310 637 410 674 pane
434 638 545 661 suum
569 626 737 674 Corpus,
770 624 851 660 vini
881 637 1084 661 consecra-

64 686 205 724 tionem
226 687 432 737 placuisset
466 685 692 736 aliquandiu
716 686 993 732 intermittere,
1018 695 1084 723 aut

64 756 164 785 certe
197 748 350 798 penitus
392 748 598 794 omittere3
639 747 889 784 nihilominus
933 750 1082 797 Corpus

63 808 260 845 mansisset
296 807 402 858 quod
437 808 617 853 fem-ata,
653 821 725 844 nec
761 807 869 844 factis
908 807 1082 845 facienda

61 867 365 920 praescriberent.
381 873 458 906 Nec
475 882 574 918 nego
592 882 731 919 panem
753 876 791 905 et
812 868 964 915 vinum,
983 883 1082 919 aqua

60 928 214 980 quidem
244 930 427 975 mixtum,
457 930 568 967 simul
600 929 741 966 debere
771 929 916 980 apponi
947 944 954 965 :
986 930 1080 980 quin

59 990 186 1041 potius
201 1004 329 1028 assero
349 990 452 1028 haud
473 991 584 1028 aliter
600 990 742 1028 debere
760 991 843 1027 fieri
864 1006 870 1028 ι
892 990 958 1027 scd
977 991 1081 1028 aliud

1154 382 1241 418 dem
1264 383 1362 419 ratio
1392 385 1452 420 vel
1483 385 1663 421 voluntas
1693 386 1847 422 affectui
1875 388 2054 425 effectum
2086 390 2178 427 sub-

1155 443 1304 480 trahere
1327 459 1334 480 :
1354 444 1420 480 scd
1436 445 1624 494 numquid
1642 446 1768 495 ipsum
1787 447 1965 484 affectum
1984 451 2177 488 evellere?

1152 503 1361 540 Discedant
1382 518 1401 541 a
1423 518 1484 542 mc
1516 505 1583 555 qui
1614 519 1674 542 me
1701 508 1964 555 consolantur,
1986 518 2023 545 et
2043 510 2178 548 dicunt

1152 564 1243 613 quia
1264 565 1388 602 oratio
1410 579 1493 602 mea
1510 566 1549 602 in
1567 567 1653 603 sinu
1675 581 1761 604 meo
1783 578 2010 617 rexertetur,
2031 571 2123 608 dum
2146 573 2176 609 is

1152 639 1224 675 pro
1252 640 1330 676 quo
1357 627 1493 664 emissa
1521 636 1596 674 est,
1620 628 1794 666 nondum
1822 632 2073 669 convertitur.
2099 636 2177 670 Nec

1150 686 1266 723 audio
1286 687 1372 724 illos
1393 688 1459 737 qui
1478 688 1569 724 mihi
1591 688 1834 727 blandientes
1852 691 2039 739 afferunt,
2056 694 2173 729 susti-

1151 752 1207 783 tia
1238 750 1338 794 justi
1367 762 1481 797 super
1510 763 1594 785 eum
1622 755 1693 786 erit
1709 758 1734 798 ¹,
1766 751 1858 788 dum
1881 752 2022 802 impius
2042 754 2081 790 in
2109 767 2177 791 sua

1149 808 1274 845 adhuc
1302 809 1497 860 impietate
1526 820 1757 848 remoratur.
1785 815 1892 859 Non,
1911 813 2089 863 inquam,
2112 829 2177 852 re-

1149 870 1249 920 cipio
1274 872 1598 917 consolationem,
1628 871 1695 909 ubi
1724 874 1851 911 fratris
1879 874 1991 911 video
2022 875 2176 913 desola-

1149 932 1306 969 tionem.
1329 933 1366 971 Si
1387 947 1497 983 ergo,
1520 933 1740 972 dulcissime
1762 936 1834 982 fili,
1851 944 1915 972 tua
1934 950 2091 986 quoque
2112 936 2176 987 pia

1149 1007 1256 1030 mens
1278 994 1452 1031 similiter
1479 996 1614 1033 affecta
1639 1004 1714 1042 cst,
1736 996 1814 1033 imo
1837 997 1925 1046 quia
1946 998 2056 1034 aliter
2077 999 2174 1035 affe-

59 1060 114 1089 est
138 1053 295 1103 culpare
323 1052 615 1103 negligentiam,
651 1051 756 1089 aliud
786 1065 926 1101 negare
947 1053 1080 1090 eflica-
1100 1053 1127 1087 B
1147 1064 1206 1092 cta
1227 1069 1306 1092 non
1329 1064 1385 1093 est
1407 1071 1414 1093 :
1438 1070 1659 1106 quanquam
1684 1057 1751 1094 tibi
1772 1059 1905 1095 infelix
1922 1059 1992 1095 iste
2017 1068 2174 1098 cunctas

58 1112 166 1150 ciam.
196 1114 334 1160 Aliud,
358 1114 535 1164 inquam,
560 1122 615 1150 est
637 1113 742 1163 quod
765 1127 968 1150 causamur
999 1127 1080 1150 non

55 1172 154 1211 bene
179 1175 378 1225 quidpiam
399 1175 503 1221 lieri,
536 1184 574 1211 et
600 1174 704 1211 aliud
735 1174 840 1225 quod
871 1175 1080 1212 mentimur

54 1248 126 1273 nec
158 1236 252 1273 fieri.
288 1240 378 1274 Haec
409 1236 564 1273 interim
596 1235 643 1272 de
672 1235 743 1272 hac
777 1249 819 1272 re
851 1235 1013 1272 dixerim
1042 1244 1080 1273 et

54 1296 258 1343 senserim,
279 1295 422 1346 absque
442 1295 670 1346 praejudicio
691 1296 751 1332 vel
770 1304 844 1332 tuae
860 1296 1073 1342 sententiae,

54 1356 83 1394 si
114 1356 206 1406 quid
231 1357 366 1394 melius
386 1357 505 1408 sapis,
527 1357 588 1393 vel
622 1355 829 1406 cujuslibet
859 1357 988 1394 sanius
1016 1370 1076 1394 sa-

55 1425 207 1468 plenus.

59 1557 1069 1568 ιιιυιιιιιιιιιιινιιινκιινιιιιιυιιιιιις,ιιιιιι-νιυυιιιιινωιῑι-ικιιιιιν

241 1694 622 1753 EPISTOLA
664 1690 852 1753 LXX.

432 1853 479 1875 AD
507 1852 682 1876 EUMDEM.

51 1972 148 2002 Docet
167 1968 267 2012 qualis
288 1969 506 2002 misericordia
526 1970 559 2002 in
575 1977 702 2013 pastore
719 1981 786 2002 esse
800 1970 930 2009 debeat,
945 1976 1069 2002 monet-

75 2035 155 2068 ·que
175 2031 209 2056 ut
231 2025 418 2057 sententiam
438 2025 472 2057 in
494 2025 685 2057 monachum
697 2031 959 2069 transgressorem
974 2027 1068 2058 latam

37 2123 44 2126 ξ
95 2086 250 2112 retractet.-

93 2206 246 2241 Domno
266 2198 397 2241 abbati
416 2207 612 2252 Gomon,
635 2205 753 2242 frater
773 2208 996 2242 BERNARDUS
1010 2235 1019 2252 ,

231 2266 411 2317 spiritum
433 2266 603 2304 scientiae
626 2275 663 2304 et
682 2265 876 2317 pietatisb.

100 2393 352 2432 Considerans
385 2395 516 2432 miseri
547 2394 664 2446 hujus
694 2394 951 2434 miserabilem
975 2409 1069 2433 con—

53 2451 231 2492 ditionem
244 2485 254 2502 ,
276 2456 464 2494 misereor
480 2457 657 2507 quidem,
680 2457 747 2494 sed
765 2471 906 2494 vereor
923 2471 971 2494 ne
990 2458 1072 2494 fru—

50 2521 136 2552 stra.
156 2519 288 2566 Neque
314 2517 416 2554 enim
444 2531 523 2555 non
543 2518 631 2555 ideo
654 2518 748 2555 mihi
772 2518 910 2555 videor
930 2518 1070 2555 frustra

49 2575 238 2624 misereri,
260 2578 366 2628 quod
384 2579 469 2630 ipso
485 2580 575 2617 licet
594 2589 817 2618 remanente
841 2580 880 2617 in
906 2593 973 2617 sua
994 2581 1070 2617 mi-

1148 1130 1225 1153 suae
1243 1118 1471 1167 egressionis
1490 1118 1536 1154 dc
1555 1119 1808 1167 monasterio,
1827 1128 1864 1157 ct
1882 1119 2010 1156 denuo
2030 1134 2174 1170 regres-

1147 1178 1264 1215 sionis
1284 1179 1476 1228 regulares
1504 1179 1606 1215 vices
1632 1179 1837 1216 infeliciter
1855 1180 2092 1230 percurrisse
2112 1181 2174 1217 vi—

1147 1238 1282 1285 detur3
1304 1239 1393 1289 quia
1411 1247 1536 1275 tamen
1557 1240 1638 1289 ipse
1656 1240 1766 1276 aliter
1790 1248 1918 1290 putat,
1943 1254 2020 1277 non
2047 1241 2171 1278 solum

1144 1299 1350 1349 patienter,
1391 1299 1456 1336 scd
1492 1300 1605 1336 etiam
1641 1299 1808 1336 libenter
1842 1301 2078 1338 audiendum
2116 1310 2173 1338 est

1144 1359 1250 1409 quod
1266 1360 1465 1396 humiliter
1485 1360 1755 1406 calumniatur,
1773 1360 1804 1396 si
1822 1361 1920 1397 forte
1942 1369 2018 1397 tam
2038 1361 2174 1412 despe-

1142 1428 1235 1457 ratae
1256 1420 1389 1457 salutis
1413 1420 1640 1471 reparandae
1666 1420 1904 1458 rationabilis
1922 1422 2000 1458 ulla
2022 1423 2171 1460 occasio

1139 1480 1373 1527 inveniatur,
1395 1495 1511 1531 quam
1530 1481 1588 1532 (ut
1614 1481 1713 1518 bene
1732 1495 1884 1519 mecum
1904 1491 1968 1520 tua
1990 1483 2173 1534 intelligit

1140 1542 1394 1594 experientia)
1418 1543 1572 1579 difficile
1591 1543 1748 1592 quidem
1774 1543 1813 1580 in
1843 1545 2142 1594 congregatione
2158 1575 2168 1591 ,

1139 1603 1206 1640 sed
1226 1604 1349 1641 multo
1369 1603 1563 1641 difficilius
1582 1605 1676 1641 foris
1693 1605 1838 1655 poterit
1855 1604 2044 1642 obtinere.
2065 1607 2168 1643 Inito

1136 1664 1267 1714 itaque
1285 1665 1458 1702 omnium
1481 1666 1641 1702 fratrum
1666 1667 1846 1713 consilio,
1866 1667 1995 1703 onmia
2022 1680 2107 1717 quae
2128 1668 2168 1704 in

1137 1738 1225 1761 eum
1267 1725 1389 1762 fecisti
1419 1725 1566 1775 judicia
1600 1726 1804 1776 diligenter
1842 1736 2050 1765 retractare
2091 1742 2170 1765 non

1138 1786 1383 1836 dedigneris:
1407 1796 1598 1838 quatenus
1626 1796 1690 1825 tua
1716 1789 1932 1826 humilitate
1960 1788 2042 1838 ejus
2072 1802 2170 1826 con-

1089 1845 1116 1882 C
1138 1848 1303 1885 tumacia
1324 1857 1495 1894 sanetur,
1519 1849 1549 1886 si
1573 1850 1633 1886 vel
1661 1849 1714 1887 sic
1744 1849 1921 1887 videlicet
1947 1850 2166 1887 adinveniri

1137 1909 1301 1959 poterit,
1320 1910 1519 1959 quomodo
1539 1910 1664 1946 adhuc
1691 1911 1808 1947 semel
1838 1911 2065 1961 regulariter
2083 1924 2166 1948 sus-

1139 1969 1314 2020 cipiatur.
1330 1974 1408 2008 'Nec
1426 1971 1641 2008 timendum
1660 1980 1716 2009 est
1739 1972 1778 2008 in
1807 1971 1878 2009 hac
1894 1973 2167 2009 retractatione

1137 2031 1244 2080 quod
1280 2031 1481 2082 displiceat
1513 2031 1619 2082 justo
1652 2047 1695 2070 ac
1729 2033 1969 2070 misericordi
2005 2036 2103 2081 Deo,
2135 2033 2166 2071 si

1137 2093 1402 2130 misericordia
1422 2095 1734 2144 superexaltetur
1748 2093 1897 2144 judicio
1912 2094 1942 2132 *.
1964 2094 2107 2133 Valete.

1752 2257 2167 2268 xxwxznwx==x=x=xxxxxxvsxzxxwv

1311 2386 1685 2444 EPISTOLA
1749 2377 1991 2444 LXXI.d

1354 2536 1399 2557 AD
1429 2536 1630 2561 MONACHOS
1659 2538 1829 2562 EJUSDEM
1861 2537 1960 2561 LOCI.

49 2636 160 2684 seria,
186 2651 271 2676 mea
296 2647 425 2677 tamen
445 2641 506 2677 vel
534 2641 628 2678 mihi
654 2655 735 2678 non
759 2641 807 2679 sit
827 2641 1067 2678 infructuosa
1084 2646 1117 2680 D
1135 2654 1176 2685 Se
1201 2651 1358 2684 distulisse
1390 2652 1543 2686 hactenus
1576 2655 1806 2695 visitationem,
1840 2665 1906 2686 non
1938 2652 2078 2692 incuria,
2107 2652 2163 2684 sed

49 2695 316 2736 misericordia.
346 2703 392 2737 In
425 2714 542 2750 quam
570 2701 704 2752 utique
734 2701 1038 2739 misericordiam
1056 2730 1065 2748 ,

51 2768 127 2794 non
144 2760 303 2809 propria
319 2761 464 2799 utilitas
480 2761 700 2810 inelinavit,
723 2763 789 2800 sed
810 2763 957 2800 intimis
983 2776 1066 2800 eam

49 2816 251 2857 visceribus
272 2822 442 2871 proximi
471 2822 625 2860 miseria
657 2832 695 2860 et
726 2825 920 2862 fraternus
955 2823 1069 2861 dolor

49 2873 195 2916 inflixit.
226 2881 489 2920 Misericordia
521 2884 667 2934 quippe
699 2885 851 2922 affectio
879 2894 956 2931 cst,
980 2898 1067 2934 quae

52 2941 332 2980 neovoluntate
351 2953 565 2992 coercetur,
582 2959 653 2982 nec
673 2947 814 2983 rationi
835 2945 1040 2995 subjicitur
1059 2960 1066 2982 z

54 3000 204 3048 quando
225 3016 302 3040 non
324 3017 406 3041 eam
424 3005 462 3042 in
483 3019 522 3043 se
543 3006 706 3056 quisque
726 3007 917 3057 pertrahit
934 3007 1071 3043 volun-

51 3060 144 3098 tario
169 3072 276 3101 motu
291 3071 318 3112 ⁶,
345 3065 412 3103 scd
437 3066 520 3117 ipsa
544 3067 627 3117 pias
652 3077 800 3105 mentes
827 3067 874 3104 ad
895 3080 1073 3117 compas-

51 3118 192 3159 sionem
222 3123 434 3164 dolentium
462 3129 679 3166 necessario
705 3129 807 3178 cogit
829 3129 970 3166 affectu
993 3144 1000 3165 :
1022 3129 1074 3165 ita

95 3254 106 3271 ¹
124 3251 234 3285 Ezech.
251 3265 362 3295 xv111,
386 3259 441 3288 20.

1183 2708 1418 2750 exspectatione
1441 2711 1688 2752 opportunitatis
1704 2721 1711 2742 :
1727 2711 1767 2742 de
1780 2709 1909 2752 Rogerii
1928 2708 2052 2741 abbatis
2073 2708 2163 2740 obitu

1184 2774 1237 2795 eos
1251 2763 1443 2795 consolatur.

1189 2883 1304 2931 Quod
1339 2884 1513 2922 nondum
1556 2887 1646 2923 veni
1679 2887 1726 2924 ad
1760 2900 1850 2933 vos,
1888 2898 1969 2923 non
2002 2892 2163 2935 putetur

1136 2943 1296 2982 incuria.
1319 2948 1507 2983 Curamus
1525 2947 1714 2998 siquidem
1731 2961 1802 2984 vos
1819 2956 2000 2997 tanquam
2017 2945 2164 2981 viscera

1138 3013 1284 3042 nostra.
1309 3006 1347 3043 Si
1377 3015 1500 3044 mater
1522 3017 1652 3058 potest
1678 3009 1745 3046 filii
1772 3009 1871 3046 uteri
1893 3007 1950 3045 sui
1971 3005 2163 3055 negligere

1140 3079 1293 3113 curam,
1320 3081 1479 3118 possum
1510 3078 1548 3107 et
1576 3084 1646 3120 ego
1676 3070 1804 3108 forsan
1834 3070 1873 3106 in
1904 3067 2162 3118 suspicionem

1142 3126 1229 3163 duci
1258 3136 1295 3164 et
1317 3130 1426 3179 argui
1445 3131 1698 3182 negligentiae.
1728 3136 1862 3182 Itaque
1890 3126 2162 3180 opportunita-

1140 3263 1155 3279 a
1182 3256 1430 3300 Alias,fue1·at.

92 3301 108 3325 ¹²
131 3312 170 3342 Et
187 3311 254 3344 haec
272 3312 434 3358 inscriptio
459 3316 602 3348 restituta
621 3327 660 3348 ex
684 3317 793 3349 codice
814 3317 1019 3359 Corbeiemi,
1041 3329 1073 3349 11.
1104 3318 1183 3349 553.

95 3367 108 3384 ⁰
134 3364 220 3397 Alias
233 3389 242 3405 ‚
259 3373 348 3400 nutu.
367 3387 411 3392 —
426 3369 443 3390 ‘¹
469 3370 590 3413 Scripta
609 3381 692 3403 anno
709 3371 825 3403 Christi
856 3366 956 3405 1127.
