2517 3920
299 236 396 272 13³3

1065 232 1100 266 S.
1132 228 1385 266 BERNARDI
1415 228 1616 263 ABBATIS

2281 225 2375 262 1344

1309 304 1355 323 ⁵⁹¹
1371 305 1477 355 quod
1500 304 1625 350 deest,
1644 301 1791 353 judicet
1805 300 2099 352 praeferendum.
2121 304 2215 339 Nam
2231 309 2269 338 et
2289 302 2378 352 qui,

651 364 828 404 CAPUT
859 364 956 405 VII.

298 494 371 523 Non
385 491 450 522 sine
463 490 564 522 fructu
588 495 617 521 et
637 489 767 531 praemio
781 489 865 531 diligi
888 492 1011 527 Deum;
1037 496 1067 520 et
1089 490 1221 521 terrenis
1244 500 1308 520 non

513 543 616 575 satiari
633 542 763 574 humani
783 542 886 574 cordis
907 543 1091 585 appetitum.

360 668 418 705 17.
446 671 557 705 Nunc
583 680 660 717 quo
694 674 826 702 nostro
859 665 1064 702 commodo
1095 665 1310 716 diligendus

302 728 370 774 sit,
390 727 599 764 videamus.
622 726 694 763 Sed
711 734 895 775 quantum
913 734 969 763 est
985 734 1022 762 et
1035 726 1073 762 in
1090 726 1162 763 hoc
1180 727 1312 764 videre

303 796 476 825 nostrum
498 787 545 824 ad
560 787 597 823 id
620 786 722 836 quod
737 788 820 822 est?
841 790 918 823 Nec
939 794 1064 823 tamen
1082 787 1186 836 quod
1210 787 1311 824 vide—

305 857 367 884 tur
388 846 590 884 tacendum
614 854 691 891 est,
713 845 783 882 etsi
813 858 889 881 non
914 846 1074 883 omnino
1095 847 1249 883 videtur
1271 855 1314 884 ut

304 916 372 944 est.
395 906 598 957 Superius,
621 918 704 942 cum
722 904 960 954 propositum
977 914 1096 951 esset,
1120 920 1258 956 quare,
1276 916 1314 944 et

305 967 502 1018 quomodo
531 964 744 1015 diligendus
775 965 823 1001 sit
854 967 976 1012 Deus3
1007 965 1199 1017 duplicem
1235 967 1314 1005 dixi

304 1040 440 1077 parere
469 1026 704 1064 intellectum
726 1024 763 1062 id
791 1025 897 1075 quod
926 1027 1130 1076 quaeritur,
1155 1030 1280 1076 Quare
1303 1043 1311 1065 :

304 1097 367 1134 ut,
397 1095 463 1127 aut
481 1099 558 1137 quo
580 1099 648 1123 suo
669 1085 825 1132 merito,
856 1094 922 1124 aut
948 1100 1026 1138 quo
1048 1096 1182 1125 nostro
1209 1101 1315 1125 com—

305 1148 421 1187 modo
451 1146 667 1197 diligendus
699 1146 767 1192 sit,
802 1146 1029 1184 utrumlibet
1054 1148 1174 1197 quaeri
1202 1161 1315 1198 posse

306 1207 466 1260 perinde
482 1206 669 1245 videatur.
691 1206 803 1244 Dicto
821 1206 986 1257 proinde
1002 1207 1049 1244 de
1071 1208 1206 1245 merito
1228 1207 1314 1254 Dei,

306 1283 385 1306 non
400 1276 517 1319 prout
533 1267 689 1317 dignum
704 1268 756 1313 ei,
777 1267 842 1305 sed
858 1277 975 1319 prout
989 1268 1119 1305 datum
1134 1277 1190 1305 est
1204 1269 1315 1316 mihi;

306 1337 480 1380 superest
512 1337 556 1365 ut
590 1328 636 1365 de
664 1328 847 1378 praemio,
879 1328 983 1379 quod
1016 1329 1104 1365 item
1137 1329 1315 1377 dabitur,

307 1389 442 1426 dicam.
465 1393 552 1426 Non
581 1389 682 1425 enim
711 1389 791 1425 sine
812 1389 971 1439 praemio
1001 1389 1170 1438 diligitur
1190 1394 1314 1436 Deus,

307 1449 376 1485 etsi
395 1447 537 1498 absque
554 1448 701 1499 praemii
716 1448 858 1484 intuitu
879 1447 1093 1498 diligendus
1111 1449 1169 1487 sit.
1189 1453 1318 1486 Vacua

307 1522 472 1558 namque
494 1521 585 1544 vera
612 1508 773 1545 charitas
793 1521 873 1545 esse
894 1521 972 1544 non
998 1516 1143 1558 potest,
1166 1523 1235 1546 nec
1256 1517 1315 1546 ta-

307 1582 395 1605 men
426 1568 663 1605 mercenaria
683 1577 761 1615 est3
793 1569 936 1619 quippe
966 1583 1043 1606 non
1065 1571 1203 1619 quaerit
1231 1583 1316 1620 quae

307 1640 374 1664 sua
406 1636 490 1664 sunt
509 1633 533 1664 ¹.
563 1627 735 1665 Affectus
760 1636 836 1673 est,
868 1641 946 1665 non
976 1637 1195 1667 contractus
1217 1645 1225 1667 ε
1248 1643 1317 1666 nec

308 1688 517 1737 acquiritur
530 1697 664 1738 pacto,
684 1702 754 1725 nec
773 1689 946 1739 acquirit.
965 1692 1109 1739 Sponte
1129 1691 1263 1737 afficit,
1281 1699 1319 1727 et

307 1756 562 1798 spontaneum
580 1749 680 1786 facit.
699 1753 820 1787 Verus
837 1763 946 1786 amor
960 1763 999 1786 se
1012 1751 1096 1800 ipso
1115 1759 1319 1787 contentus

309 1817 377 1845 est.
396 1808 522 1845 Habet
538 1810 737 1859 przemium
752 1839 761 1856 ,
780 1809 846 1846 sed
867 1810 905 1846 id
923 1811 1028 1860 quod
1045 1820 1206 1848 amatur.
1224 1815 1320 1848 Nam

1325 366 1355 399 A
1375 363 1483 401 verbi
1511 364 1649 413 gratia,
1678 374 1840 399 uxorem
1860 360 1977 397 habet
2007 361 2236 411 speciosam,
2266 364 2391 412 petu-'

1373 424 1465 461 lanti
1489 425 1603 461 oculo
1623 423 1682 459 vel
1705 422 1834 459 animo
1852 421 2006 471 respicit
2024 422 2283 472 pulchriorem
2307 436 2315 459 :
2343 430 2382 459 et

1374 485 1439 535 qui
1468 493 1572 521 veste
1604 483 1772 534 pretiosa
1807 481 1966 518 indutus
2001 491 2078 528 est,
2115 482 2380 533 pretiosiorem

1374 546 1548 591 affectat,
1582 553 1620 581 et
1645 542 1847 594 possidens
1876 543 2015 579 multas
2035 542 2205 588 divitias,
2235 541 2382 579 invidet

1375 606 1515 643 ditiori.
1542 605 1677 643 Videas
1691 603 1769 654 jam
1795 603 1922 640 multis
1939 603 2093 653 praediis
2118 613 2156 641 et
2175 603 2383 654 possessio—

1378 667 1491 704 nibus
1521 666 1740 717 ampliatos,
1774 664 1898 701 adhuc
1928 672 2055 701 tamen
2085 665 2124 701 in
2144 664 2223 701 dies
2250 676 2383 714 agrum

1379 740 1470 777 agro
1487 727 1668 777 copulare
1679 753 1688 771 ,
1708 733 1820 774 atque
1835 724 1984 761 infinita
2001 724 2210 775 cupiditate
2227 724 2384 761 dilatare

1379 788 1566 824 terminos
1595 799 1695 824 suos.
1717 784 1856 823 Videas
1882 793 1920 821 et
1942 785 2008 835 qui
2031 785 2070 822 in
2098 784 2288 835 regalibus
2311 785 2385 822 do-

1381 847 1525 894 mibus,
1547 847 1759 896 amplisque
1784 845 1958 883 habitant
1992 846 2160 896 palatiis,
2191 845 2387 882 nihilomi-

1381 921 1453 944 nus
1469 907 1642 958 quotidie
1662 905 1895 956 conjungere
1912 906 2070 943 domum
2087 906 2135 944 ad
2151 906 2309 943 domum
2321 934 2331 952 ‚
2350 915 2388 943 et

1379 968 1551 1017 inquieta
1586 966 1806 1003 curiositate
1841 965 2056 1013 aedificare,
2092 966 2269 1015 diruere,
2300 980 2387 1004 mu-

1381 1037 1460 1065 tare
1494 1026 1681 1078 quadrata
1711 1026 1901 1064 rotundis.
1930 1025 2030 1075 Quid
2062 1026 2238 1064 homines
2269 1026 2388 1065 subli-

1334 1094 1362 1128 B
1381 1098 1505 1128 matos
1534 1087 1772 1125 honoribus?
1798 1100 1929 1124 annon
1954 1086 2158 1125 insatiabili
2181 1087 2388 1125 ambitione

1382 1150 1501 1200 magis
1522 1163 1565 1186 ac
1590 1148 1708 1199 magis
1733 1149 1822 1185 totis
1848 1147 1995 1186 viribus
2024 1149 2155 1186 conari
2177 1148 2226 1186 ad
2255 1148 2390 1185 altiora

1380 1210 1584 1247 videmus?
1622 1213 1666 1247 Et
1684 1209 1822 1246 horum
1850 1209 2022 1246 omnium
2048 1210 2194 1247 idcirco
2225 1223 2304 1247 non
2335 1219 2392 1247 est

1382 1272 1468 1308 finis
1479 1301 1488 1318 ,
1507 1271 1596 1322 quia
1613 1271 1665 1308 nil
1683 1271 1722 1308 in
1741 1270 1793 1307 eis
1810 1283 2002 1308 summum
2018 1271 2261 1321 singulariter
2276 1284 2389 1322 repe-

1382 1333 1481 1369 ritur
1494 1333 1553 1369 vel
1576 1332 1778 1382 optimum.
1801 1334 1848 1368 Et
1873 1331 1967 1381 quid
1987 1332 2126 1369 mirum
2147 1331 2178 1369 si
2196 1331 2391 1369 inferiori-

1383 1392 1455 1429 bus
1469 1401 1507 1429 et
1525 1391 1780 1429 deterioribus
1797 1400 2002 1429 contentus
2019 1405 2098 1428 non
2119 1392 2167 1429 sit
2183 1421 2194 1439 ,
2216 1393 2282 1442 qui
2299 1392 2393 1429 citra

1384 1467 1576 1491 summum
1604 1454 1663 1490 vel
1696 1454 1883 1504 optimum
1910 1453 2106 1503 quiescere
2134 1467 2213 1490 non
2239 1454 2393 1504 potest?

1384 1513 1457 1550 Sed
1477 1513 1549 1550 hoc
1570 1513 1729 1550 stultum
1750 1521 1788 1550 et
1813 1522 1995 1550 extremae
2023 1513 2225 1550 dementiae
2242 1522 2323 1559 est,
2351 1527 2395 1550 ea

1384 1588 1538 1625 semper
1571 1582 1772 1625 appetere,
1807 1587 1893 1624 quae
1932 1587 2154 1624 nunquam,
2189 1588 2266 1611 non
2307 1574 2394 1611 dico

1384 1636 1545 1680 satient,
1567 1635 1633 1672 sed
1662 1648 1732 1672 nec
1766 1643 1981 1686 temperent
2011 1635 2224 1685 appetitum
2255 1649 2263 1672 :
2301 1635 2393 1672 dum

1385 1696 1572 1745 quidquid
1614 1697 1745 1734 talium
1785 1695 1964 1733 habueris
1982 1724 1991 1742 ,
2027 1695 2277 1733 nihilominus
2315 1709 2396 1732 non

1387 1756 1516 1794 habita
1547 1758 1816 1808 concupiscas,
1846 1766 1883 1795 et
1903 1757 1950 1794 ad
1983 1770 2145 1807 quaeque
2178 1757 2394 1802 defuerint,

1389 1830 1540 1868 semper
1569 1819 1764 1868 inquietus
1796 1819 1963 1855 anheles.
1991 1821 2048 1855 Ita
2074 1818 2175 1854 enim
2200 1818 2242 1854 fit
2264 1826 2305 1854 ut
2324 1831 2397 1868 per

310 1868 498 1918 quidquid
514 1877 674 1918 propter
690 1869 791 1905 aliud
806 1883 932 1907 amare
953 1870 1134 1917 videaris,
1155 1871 1191 1907 id
1210 1872 1322 1921 plane
1340 1881 1367 1917 C
1390 1878 1495 1914 varia
1514 1886 1552 1915 et
1583 1878 1728 1915 fallacia
1748 1878 1881 1915 mundi
1902 1878 2183 1916 oblectamenta
2202 1878 2398 1928 vagabun-

310 1942 414 1965 amas
426 1958 436 1975 ,
454 1936 530 1978 quo
548 1929 688 1965 amoris
702 1929 786 1965 finis
802 1930 1016 1979 pertendit,
1036 1945 1113 1967 non
1131 1945 1200 1981 per
1217 1932 1321 1981 quod

312 1988 444 2025 tendit.
466 1988 605 2025 Paulus
622 2001 700 2024 non
720 1989 955 2038 evangelizat
975 1998 1016 2026 ut
1038 1990 1233 2036 comedat,
1255 1990 1321 2027 sed

311 2048 479 2086 comedit
505 2056 547 2084 ut
579 2049 848 2098 evangelizet:
880 2062 925 2086 eo
960 2049 1065 2098 quod
1089 2059 1206 2096 amet,
1243 2064 1322 2086 non

312 2106 439 2144 cibum
450 2136 460 2153 ,
478 2106 544 2143 sed
561 2108 809 2157 Evangelium
820 2114 846 2145 ².
861 2112 983 2145 Verus
997 2122 1105 2145 amor
1120 2110 1321 2159 praemium

312 2181 390 2204 non
412 2167 589 2217 requirit,
611 2167 676 2204 sed
698 2176 877 2205 meretur.
899 2169 1099 2206 Praemium
1119 2183 1209 2206 sane
1227 2183 1320 2207 nec-

313 2228 404 2265 dum
427 2228 570 2265 amanti
589 2229 847 2279 proponitur,
870 2231 1012 2267 amanti
1034 2229 1215 2277 debetur,
1237 2244 1322 2281 per-

311 2288 501 2325 severanti
521 2288 706 2325 redditur.
730 2289 906 2339 Denique
926 2290 966 2326 in
988 2289 1102 2327 rebus
1126 2291 1322 2327 inferiori-

312 2346 383 2384 bus
412 2347 636 2393 suadendis,
667 2348 809 2385 invitos
840 2349 1039 2399 promissis
1065 2351 1125 2387 vel
1155 2351 1322 2401 praemiis

312 2407 538 2455 invitamus,
566 2417 604 2445 et
630 2422 708 2446 non
728 2418 974 2459 spontaneos.
996 2411 1088 2459 Quis
1108 2412 1209 2448 enim
1233 2426 1321 2449 mu-

313 2467 527 2504 nerandum
556 2468 750 2506 hominem
782 2478 913 2520 putet,
943 2479 985 2507 ut
1015 2472 1125 2508 faciat
1151 2472 1256 2522 quod
1286 2481 1323 2510 et

313 2536 451 2577 sponte
466 2529 597 2578 cupit?
618 2532 738 2566 Nemo
751 2559 760 2577 ,
776 2530 884 2567 verbi
906 2545 1035 2578 causa,
1058 2532 1238 2570 conducit
1258 2543 1322 2571 aut

313 2587 542 2625 esurientem
563 2597 604 2626 ut
624 2590 823 2637 comedat,
841 2600 907 2628 aut
920 2592 1110 2629 sitientem
1131 2601 1173 2629 ut
1193 2593 1318 2640 bibat,

1390 1937 1461 1974 dus
1491 1938 1641 1974 animus
1661 1938 1765 1975 inani
1798 1937 1930 1975 labore
1951 1938 2169 1976 discurrens
2197 1939 2396 1989 fatigetur,

1390 2011 1466 2035 non
1490 1998 1650 2035 satietur
1677 2014 1685 2036 ε
1718 1999 1810 2036 dum
1842 1999 2031 2050 quidquid
2051 2000 2245 2037 famelicus
2270 2000 2399 2050 inglu—

1390 2058 1512 2105 tierit,
1533 2072 1671 2109 parum
1694 2068 1847 2110 reputet
1875 2060 1922 2097 ad
1942 2060 1981 2097 id
2001 2060 2107 2111 quod
2132 2069 2307 2111 superest
2332 2060 2399 2097 de-

1388 2118 1603 2155 vorandum
1618 2148 1627 2165 ,
1650 2132 1877 2169 semperque
1896 2133 1975 2156 non
1997 2120 2123 2157 minus
2139 2121 2251 2158 anxie
2272 2120 2400 2171 cupiat

1389 2191 1474 2228 quae
1503 2177 1660 2225 desunt,
1681 2192 1796 2229 quam
1824 2192 1910 2229 quae
1930 2179 2070 2216 adsunt
2089 2180 2174 2216 laete
2193 2179 2396 2230 possideat.

1389 2238 1481 2286 Quis
1494 2239 1595 2275 enim
1614 2238 1788 2276 obtineat
1800 2240 2000 2276 universa?
2016 2243 2244 2290 Quanquam
2262 2248 2300 2276 et
2320 2252 2400 2276 mo-

1389 2298 1517 2336 dicum
1549 2299 1587 2336 id
1622 2300 1727 2350 quod
1754 2300 1916 2350 quisque
1943 2313 2029 2337 cum
2058 2299 2189 2337 labore
2221 2299 2400 2337 obtinue-

1389 2359 1457 2405 rit,
1480 2373 1564 2396 cum
1588 2360 1724 2397 timore
1744 2360 1977 2410 possederit,
2000 2368 2126 2397 certus
2145 2359 2301 2410 quidem
2322 2373 2399 2398 non

1389 2420 1436 2457 sit
1458 2420 1614 2469 quando
1644 2434 1730 2457 cum
1759 2420 1896 2457 dolore
1917 2420 2087 2466 amittat,
2119 2429 2245 2457 certus
2273 2428 2398 2457 autem

1390 2480 1495 2531 quod
1525 2480 1757 2530 quandoque
1788 2481 1948 2518 amittat.
1982 2481 2042 2518 Sic
2072 2480 2218 2517 directo
2251 2480 2399 2517 tramite

1388 2541 1568 2577 voluntas
1605 2554 1786 2591 perversa
1823 2540 2023 2578 contendit
2042 2546 2056 2562 ‘¹
2098 2540 2146 2577 ad
2188 2540 2374 2591 optimum
2389 2569 2400 2587 ,

1391 2599 1542 2636 festinat
1563 2600 1608 2636 ad
1631 2600 1670 2636 id
1690 2600 1793 2637 uude
1812 2600 1932 2650 possit
1952 2599 2116 2650 impleri.
2133 2602 2217 2636 Imo
2235 2612 2327 2636 vero
2343 2598 2400 2635 his

313 2655 378 2683 aut
407 2656 508 2685 certe
535 2657 695 2686 matrem
717 2659 760 2687 ut
785 2652 989 2701 parvulum
1023 2654 1173 2690 allactet
1203 2655 1322 2691 filium
1342 2668 1373 2701 D
1393 2659 1627 2697 anfractibus
1648 2660 1746 2696 ludit
1767 2673 1892 2697 secum
1920 2660 2069 2696 vanitas
2085 2688 2095 2706 ,
2117 2659 2302 2696 mentitur
2324 2658 2400 2695 ini-

315 2708 413 2744 uteri
433 2709 501 2745 sui.
525 2713 583 2746 An
609 2723 701 2747 vero
722 2711 806 2760 quis
834 2720 945 2762 putet
969 2726 1082 2762 prece
1112 2715 1171 2750 vel
1200 2716 1323 2764 pretio

316 2768 531 2816 quempiam
553 2770 875 2807 commonendum
908 2785 1013 2809 suam
1036 2773 1155 2823 ipsius
1175 2775 1233 2811 vel
1262 2789 1323 2812 se·

317 2825 398 2874 pire
425 2827 602 2875 vineam,
633 2830 693 2866 vel
723 2830 899 2867 arborem
938 2832 1236 2879 circumfodere,
1264 2836 1324 2872 vel

317 2892 544 2922 structuram
580 2890 747 2938 propriae
782 2891 918 2928 domus
955 2893 1100 2942 erigere
1118 2895 1133 2929 Ρ
1170 2897 1323 2942 Quanto

316 2944 434 2993 magis
453 2948 576 2981 Deum
594 2961 724 2985 amans
745 2951 892 2998 anima,
915 2952 1018 2988 aliud
1042 2961 1183 3002 praeter
1201 2958 1323 2991 Deum

317 3002 375 3039 sui
395 3004 535 3040 amoris
555 3007 755 3054 praemium
776 3022 853 3045 non
873 3011 1056 3060 requirit?
1078 3015 1153 3048 Aut
1174 3012 1204 3048 si
1225 3013 1327 3051 aliud

318 3061 500 3111 requirit,
521 3063 615 3099 illud
637 3077 707 3113 pro
731 3076 854 3114 certo,
876 3082 954 3105 non
974 3073 1096 3106 Deum
1116 3070 1246 3120 diligit.

376 3123 435 3159 18.
460 3126 564 3159 Inest
584 3124 689 3160 omni
703 3128 825 3163 utenti
843 3129 990 3165 ratione
1010 3132 1235 3168 naturaliter
1255 3146 1327 3183 pro

316 3195 383 3218 sua
404 3195 554 3232 semper
571 3183 821 3222 aestimatione
845 3196 957 3237 atque
980 3190 1192 3228 intentione
1213 3206 1328 3244 appe-

318 3249 395 3278 tere
416 3242 585 3292 potiora,
619 3251 655 3279 et
681 3245 784 3281 nulla
818 3259 858 3281 re
891 3260 970 3284 csse
994 3258 1242 3299 contentum,
1265 3255 1326 3290 cui

1287 3327 1305 3337 ,9

365 3369 374 3383 ¹
395 3366 409 3393 I
425 3366 495 3395 Cor.
511 3375 588 3401 xiii,
615 3369 644 3395 ζ).
661 3383 705 3387 -
724 3371 735 3386 ²
750 3365 798 3396 Id.
816 3378 850 3396 1x
864 3370 934 3403 ‚18.

1392 2720 1517 2770 quitas
1538 2719 1621 2757 sibi.
1653 2721 1690 2758 Si
1712 2720 1762 2757 ita
1794 2721 1849 2757 vis
1870 2720 2080 2771 adimplere
2101 2720 2207 2771 quod
2227 2720 2303 2766 vis,
2327 2719 2400 2756 hoc

1393 2788 1447 2817 est
1461 2809 1470 2827 ‚
1492 2781 1522 2817 si
1540 2780 1635 2817 illud
1656 2780 1948 2831 apprehendere
1963 2781 2042 2827 vis,
2062 2794 2140 2830 quo
2161 2780 2399 2831 apprehenso

1394 2841 1447 2877 nil
1466 2840 1545 2889 jam
1568 2841 1731 2891 amplius
1751 2841 1866 2888 velis3
1887 2840 1980 2890 quid
2001 2849 2148 2878 tentare
2173 2854 2271 2891 opus
2292 2848 2401 2877 estet

1393 2902 1555 2937 caetera?
1580 2901 1710 2938 Curris
1732 2915 1802 2952 per
1822 2901 1950 2948 devia,
1972 2909 2009 2938 et
2028 2901 2141 2951 longe
2157 2909 2244 2938 ante
2261 2900 2401 2938 morie-

1393 2961 1463 3007 ris,
1487 2974 1600 3010 quam
1624 2961 1698 2998 hoc
1728 2961 1888 2998 circuitu
1915 2961 2117 3011 pervenias
2143 2961 2191 2998 ad
2215 2968 2398 3011 optatum.

1454 3022 1511 3058 19.
1544 3024 1628 3057 Hoc
1651 3034 1742 3071 ergo
1771 3022 1810 3058 in
1843 3021 2005 3058 circuitu
2036 3021 2145 3072 impii
2177 3021 2398 3067 ambulant,

1397 3082 1622 3118 naturaliter
1643 3090 1867 3132 appetentes
1887 3081 1989 3118 unde
2010 3082 2146 3119 finiant
2167 3082 2397 3133 appetitum,

1395 3149 1433 3177 et
1467 3141 1692 3190 insipienter
1733 3150 1958 3191 respuentes
1998 3142 2100 3179 unde
2137 3142 2400 3193 propinquent

1396 3200 1461 3236 fini
1482 3215 1489 3236 :
1510 3201 1574 3236 lini
1595 3201 1702 3247 (lico,
1720 3215 1798 3238 non
1817 3203 2126 3253 consumptioni,
2144 3203 2210 3240 sed
2227 3213 2400 3239 consum-

1397 3260 1566 3296 mationi.
1597 3261 1857 3308 Quamobrem
1882 3276 1960 3300 non
1990 3262 2103 3301 beato
2125 3265 2199 3300 fine
2219 3273 2400 3299 consum-

1447 3383 1460 3396 ‘¹
1482 3381 1567 3411 Alias
1579 3406 1586 3420 ,
1607 3393 1675 3412 cum
1692 3381 1808 3414 tendit.
