2517 3936
74 214 172 251 106¹.)

717 216 781 250 DE
811 216 1240 254 CONSIDERA'I'mMfi
1270 223 1415 259 LIBER
1448 227 1505 259 lx'.

67 292 265 330 rationem.
286 295 372 329 Non
404 291 454 328 ita
489 291 552 328 ille
584 293 808 342 Eli-gyptius,
837 294 902 343 qui
931 292 1116 343 Joscph⁴¹

2052 227 2147 266 imo

1121 300 1254 333 ”cessu
1282 300 1434 337 illorum
1457 303 1520 351 qui
1542 304 1642 340 circa
1664 313 1698 341 te
1725 314 1832 351 sunt,
1863 307 1952 343 nihil
1984 308 2147 344 residere

69 351 247 390 omnibus
263 352 430 398 traditis,
450 351 650 401 ignorabat
667 354 759 403 quid
777 354 935 391 haberet
954 355 990 391 in
1010 354 1080 391 do-
1096 359 1128 393 A
1146 356 1380 407 impudicum
1394 390 1403 406 ‚
1426 362 1517 398 nihil
1545 363 1725 401 indecens
1754 366 1920 415 patiaris.
1946 367 2097 402 Discant
2129 379 2148 401 a

67 425 131 449 mo
151 425 219 449 sua
239 419 262 449 ¹.
287 411 493 449 Erubescat
518 412 765 458 christianus,
786 415 993 451 christiano
1014 428 1081 451 sua

67 485 146 509 non
167 472 338 510 credens.
361 476 489 509 Homo
510 473 590 509 sine
612 473 706 518 fide,
730 474 843 511 tidem
867 483 992 512 tamen
1010 475 1079 512 ha-

66 532 150 570 huit
168 545 281 570 servo
296 562 306 579 ‚
329 546 445 583 super
465 533 594 570 onmia
616 533 717 570 bona
747 548 814 571 sua
842 536 1080 573 constituens

66 606 154 630 eum
175 607 184 630 :
205 601 243 630 et
262 593 324 630 hie
340 602 421 631 erat
435 593 659 643 alienigena.

121 653 183 690 20.
202 654 299 691 Mira
316 656 394 691 res!
416 654 512 692 Satis
528 667 721 704 superque
741 655 912 705 episcopi
932 654 979 692 ad
999 668 1080 692 ma-

66 726 158 751 num
191 713 355 761 habent,
391 714 531 765 quibus
560 716 703 752 animas
736 716 894 753 credant
923 731 930 752 :
963 725 1000 753 ct
1020 716 1081 752 cui

65 787 151 812 suas
187 776 429 813 committant
462 775 719 821 facultatulas,
755 789 834 813 non
864 777 1080 813 inveniunt.

66 835 211 885 Optimi
231 836 409 874 videlicet
434 837 685 874 aestimatores
716 850 842 874 rerum
860 865 870 883 ,
903 837 969 887 qui
1001 851 1083 874 ma*-

22 915 27 919 ·
65 907 175 944 gnam
195 895 242 932 de
262 896 428 934 minimis
443 927 452 944 ‚
469 910 626 947 parvam
641 906 707 934 aut
724 898 869 934 nullam
887 898 934 935 de
954 898 1077 935 maxi-

65 955 136 993 mis
157 969 288 994 curam
309 966 451 1007 gerant.
476 957 570 1005 Sed,
593 966 635 995 ut
655 958 802 1009 liquido
829 958 941 996 datur
962 959 1078 996 intel-—

65 1016 129 1066 ligi
142 1046 153 1064 ,
172 1019 379 1069 patientius
400 1019 556 1056 ferimus
576 1019 714 1056 Christi
729 1019 918 1069 jacturam
933 1049 942 1065 ,
962 1033 1077 1070 quam

1149 426 1183 453 te
1201 420 1420 471 coepiscopi
1447 424 1499 459 tui
1522 426 1732 462 comatulos
1758 440 1897 475 pucros
1915 436 1952 462 ct
1976 434 2150 476 comptos

1147 477 1406 517 adolescentes
1423 495 1549 519 secum
1572 497 1648 520 non
1666 484 1818 521 habere.
1837 488 1945 522 Certe
1962 486 2059 521 inter
2079 486 2150 521 mi-

1148 544 1267 574 tratos
1294 538 1507 578 discurrere
1540 543 1814 580 calamistratos
1845 556 1922 579 non
1954 543 2072 579 decet.
2107 546 2152 579 Et

1147 607 1340 635 memento
1371 600 1475 649 quod
1500 603 1657 652 Sapiens
1686 604 1867 640 admonet
1903 618 1910 639 :
1945 605 2058 637 Filioe
2089 602 2154 637 tibi

1147 661 1257 694 sunt?
1278 663 1355 695 noli
1378 660 1522 709 faelem
1545 672 1648 699 tuam
1678 665 1832 700 hilarem
1866 665 1920 698 ml
1940 676 2002 697 eas
2031 671 2153 697 oslen-

1147 720 1235 755 clere
1252 718 1278 756 3.

1203 781 1264 818 22.
1283 784 1361 819 Nec
1381 784 1638 821 austeritatem
1672 793 1796 821 tamen
1817 783 1957 820 suadeo
1985 781 2070 826 tibi,
2091 781 2155 817 scd

1149 843 1386 892 gravitatem.
1407 845 1475 881 Illa
1494 845 1723 882 infirmiores
1743 845 1845 894 fugat
1858 874 1866 890 ‚
1883 844 1963 880 haec
1985 842 2158 892 reprimit

1145 903 1319 941 leviores.
1338 905 1406 942 Illa
1420 934 1429 950 ,
1449 906 1479 942 si
1506 905 1624 953 adsit,
1644 905 1845 951 odibilem;
1863 905 1962 950 haec,
1986 904 2015 940 si
2037 903 2154 947 desit,

1146 965 1475 1015 contemptibilem
1497 966 1623 1003 reddit
1641 982 1648 1003 :
1667 964 1905 1003 in¹omnibus
1926 973 2051 1000 tamen
2075 977 2157 999 mo-

1146 1024 1216 1061 dus
1236 1026 1384 1063 melior.
1407 1031 1487 1077 Ego
1506 1041 1575 1064 nec
1598 1027 1769 1064 severius
1785 1026 1899 1062 velim
1914 1053 1923 1070 ,
1946 1038 2015 1061 nec.
2035 1023 2157 1060 disso—

64 1085 247 1116 nostram.
269 1079 520 1128 Quotidianas
549 1093 736 1130 expensas
764 1081 989 1130 quotidiano
1018 1095 1078 1119 re—
1095 1087 1123 1121 B
1144 1086 1272 1123 lutius.
1295 1088 1394 1136 Quid
1415 1089 1484 1125 hac
1502 1088 1764 1125 mediocritate
1785 1086 1945 1136 gratius,
1965 1093 2008 1121 ut
2025 1098 2093 1120 nec
2110 1083 2158 1120 cle

64 1138 305 1189 ciprocamus
324 1141 529 1187 scrutinio,
547 1150 584 1178 et
597 1142 780 1178 continua
798 1142 978 1179 dominici
998 1157 1080 1193 gre-

63 1199 120 1249 gis
146 1199 377 1239 detrimenta
395 1202 598 1240 nescimus.
616 1206 672 1240 De
695 1203 820 1253 pretio
841 1216 1013 1240 escarum
1044 1212 1081 1240 et

63 1273 226 1298 numero
240 1276 384 1313 panum
402 1276 488 1299 cum
505 1263 688 1300 ministris
702 1263 925 1313 quotidiana
940 1263 1082 1301 discus-

63 1320 119 1358 sio
138 1329 195 1358 est
215 1336 223 1359 :
245 1336 331 1360 rara
359 1323 566 1360 admodum
596 1337 682 1360 cum
711 1323 946 1373 presbyteris
979 1326 1080 1361 cele—

62 1380 197 1419 bratur
231 1382 387 1420 collatio
417 1382 464 1419 de
495 1383 661 1433 peccatis
689 1384 939 1433 populorum.
973 1384 1081 1421 Cadit

64 1441 187 1489 asina,
208 1450 247 1479 et
263 1451 320 1480 est
336 1442 403 1493 qui
428 1442 602 1479 sublevet
621 1456 703 1479 eam
724 1457 731 1478 :
754 1443 855 1493 perit
876 1444 1021 1491 anima,
1043 1454 1080 1481 et

64 1518 178 1542 nemo
193 1512 250 1541 est
270 1503 335 1554 qui
349 1511 514 1553 reputet.
537 1506 612 1540 Nec
632 1503 792 1549 mirum,
810 1517 896 1540 cum
918 1518 988 1541 nec
1009 1518 1081 1542 no—

64 1573 162 1603 stros
182 1563 335 1614 quidem
354 1563 527 1600 assiduos
543 1564 751 1600 sentiamus
773 1563 954 1600 defectus.
973 1568 1080 1602 'Non-

64 1638 112 1664 ne
140 1624 188 1662 ad
219 1624 386 1674 singulas
415 1624 713 1674 supputationes
741 1624 831 1660 istas
862 1624 1083 1678 irascimur,

64 1686 236 1731 urimur,
257 1684 481 1721 anxiamur?
508 1687 631 1733 Quam
665 1683 900 1721 tolerabilius
930 1698 1081 1732 rerum,

62 1760 179 1798 quam
195 1745 382 1783 mentium
402 1744 676 1783 sustineremus
701 1745 909 1795 jacturam!
934 1748 1076 1792 Quare,

62 1807 210 1858 inquit,
231 1820 306 1843 non
326 1810 448 1856 magis
457 1804 638 1854 fiwcclem
657 1811 839 1854 pallatini
855 1808 896 1842 ²?
918 1810 1075 1855 QuaeSO,

1147 1149 1347 1185 severitate
1377 1149 1425 1186 sis
1457 1150 1588 1195 oneri,
1610 1162 1679 1185 nec
1709 1147 1756 1184 de
1784 1145 2033 1183 familiaritate
2059 1156 2155 1180 con-

1150 1209 1334 1258 temptui?
1354 1213 1398 1246 In
1419 1210 1560 1259 palatio
1582 1222 1721 1260 papam
1736 1237 1744 1253 ,
1767 1206 1871 1243 domi
1891 1214 1926 1242 te
1944 1203 2153 1254 patremfa-

1150 1268 1272 1305 milias
1293 1268 1443 1306 exhibe.
1466 1274 1606 1307 Ament
1625 1278 1659 1305 te
1682 1266 1879 1304 domestici
1897 1266 1950 1302 tui
1972 1280 1979 1301 :
2002 1265 2031 1301 si
2056 1277 2155 1310 non,

1147 1329 1260 1365 facito
1291 1338 1332 1365 ut
1366 1330 1535 1365 timeant.
1552 1329 1667 1366 [tilis
1696 1340 1847 1377 semper
1868 1324 2037 1362 custodia
2058 1323 2132 1360 oris
2146 1353 2156 1369 ‚

1146 1402 1232 1438 qua?
1260 1398 1386 1425 tamen
1408 1388 1639 1425 affabilitatis
1671 1388 1827 1437 gratiam
1859 1399 1936 1421 non
1968 1383 2155 1421 excludat.

1147 1452 1245 1499 Ergo
1262 1448 1405 1499 ubique
1426 1448 1609 1485 frenanda
1625 1449 1753 1497 lingua
1780 1458 1968 1496 praeceps,
1994 1443 2157 1479 maxime

1147 1518 1273 1546 autem
1302 1510 1342 1546 in
1370 1510 1561 1546 convivio.
1583 1510 1651 1546 Ille
1672 1506 1963 1545 convenientior
1982 1504 2155 1549 habitus,

1147 1572 1177 1608 si
1208 1579 1248 1607 tu
1279 1579 1366 1607 actu
1392 1570 1547 1620 quidem
1576 1582 1731 1606 severus
1754 1568 1820 1613 sis,
1848 1567 1956 1603 vultu
1977 1578 2154 1610 serenus,

1150 1630 1270 1668 verbo
1303 1632 1434 1668 serius.
1469 1629 1680 1680 Capellani,
1702 1637 1739 1665 et
1769 1628 1835 1677 qui
1863 1635 1987 1663 tecum
2014 1624 2158 1674 jugiter

1152 1690 1289 1728 divinis
1314 1692 1505 1728 intersunt
1523 1690 1658 1726 officiis
1672 1718 1680 1734 ,
1706 1702 1781 1725 non
1799 1688 1873 1724 sint
1897 1687 1976 1723 sine
1996 1686 2155 1723 honore.

1151 1755 1272 1788 Tuum
1305 1760 1361 1788 est
1391 1752 1482 1787 tales
1509 1749 1576 1786 tibi
1597 1748 1821 1799 providere,
1847 1747 1912 1796 qui
1935 1746 2038 1795 digni
2070 1746 2155 1783 sint.

1145 1813 1339 1850 Serviatur
1368 1812 1420 1848 eis
1448 1810 1494 1847 ab
1516 1809 1693 1846 omnibus
1714 1817 1893 1857 tanquam
1915 1806 1995 1842 tibi.
2019 1811 2158 1844 Neces-

64 1876 105 1905 Ul
125 1867 193 1918 (11¹i
212 1866 306 1904 aliOS
323 1866 452 1911 doces,
475 1865 571 1903 (10⁰ss
588 1875 624 1903 ῐθ
640 1866 765 1916 ipsum
784 1881 791 1903 :
811 1867 841 1904 Si
859 1875 984 1903 samen
999 1866 1076 1916 jan]
1099 1875 1126 1910 C
1147 1874 1244 1910 saria
1265 1872 1311 1909 de
1333 1885 1449 1908 manu
1479 1879 1542 1907 tua
1565 1870 1762 1919 accipiant.
1795 1868 1861 1904 His
1888 1868 2055 1903 contenti
2084 1868 2159 1904 sint

63 1940 143 1964 non
162 1926 340 1972 docuisti,
359 1925 481 1976 pluris
499 1934 533 1962 te
550 1925 703 1972 habere,
718 1940 833 1976 quam
851 1935 927 1963 tua.
945 1931 1083 1964 Trans-

34 2004 41 2011 *
62 1988 176 2026 itoria
203 1987 297 2035 ista,
326 2000 412 2037 quae
434 1995 534 2024 stare
556 1986 625 2023 tibi
646 1987 754 2024 nullo
780 1996 893 2037 pacto
911 1996 1080 2038 queunt,

63 2049 121 2086 fac
151 2057 195 2086 ut
223 2062 245 2086 a
276 2056 313 2085 te
341 2056 558 2094 transeant,
581 2061 658 2084 non
680 2061 750 2098 per
780 2057 828 2085 te.
859 2049 979 2086 Rivus
1001 2063 1076 2099 qua

63 2110 166 2156 fluit,
189 2117 298 2146 cavat
328 2117 469 2146 terram
492 2124 500 2145 :
522 2109 575 2145 sic
595 2108 788 2146 discursus
809 2110 1076 2160 temporalium

62 2170 334 2208 conscientiam
362 2170 477 2207 rodit.
517 2170 555 2207 Si
579 2178 707 2220 potest
739 2179 890 2208 torrens
910 2171 946 2207 in
968 2184 1080 2221 agros

61 2244 266 2269 excurrere
294 2232 376 2268 sine
414 2230 569 2267 laesione
598 2238 793 2277 satorum3
823 2240 861 2268 et
889 2239 930 2268 tu
955 2239 989 2268 te
1010 2233 1080 2268 ista

61 2292 142 2330 sine
171 2293 332 2329 vulnere
369 2291 508 2328 mentis
535 2304 649 2341 posse
684 2300 847 2328 tractare
881 2292 1078 2329 confidito.

61 2352 304 2391 Omnimodis
330 2353 491 2390 consulo
517 2351 669 2389 studeas
695 2361 868 2390 avertere
885 2366 905 2389 a
926 2361 962 2390 te
983 2366 1080 2390 con-

62 2427 216 2451 cursum
237 2413 390 2450 horum.
424 2413 544 2452 Multa
579 2413 748 2460 nescias,
777 2413 944 2464 plurima
967 2413 1080 2453 dissi-

62 2475 201 2522 mules,
222 2474 410 2512 nonnulla
439 2473 688 2511 obliviscaris.

114 2536 177 2579 21.
196 2539 294 2575 Sunt
309 2544 436 2573 tamen
450 2548 536 2586 quae
548 2534 726 2585 ignorare
743 2542 779 2571 te
795 2535 934 2582 nolim,
949 2549 1076 2573 mores

61 2609 305 2647 quorumque
334 2604 372 2634 et
392 2596 530 2634 studia.
548 2599 633 2634 Non
656 2604 812 2647 oportet
832 2605 876 2633 ut
891 2596 983 2633 vitia
1004 2596 1077 2633 do-

61 2669 145 2695 mus
165 2665 239 2694 tuae
259 2657 416 2694 ultimus
431 2657 550 2695 scias:
574 2657 679 2707 quod
699 2657 993 2707 quamplurimis
1010 2671 1078 2695 no-
1095 2666 1128 2700 D

60 2718 183 2755 vimus
198 2718 413 2768 contigisse.
431 2721 699 2768 Quapropter,
719 2726 761 2754 ut
777 2717 855 2754 dixi
866 2747 875 2764 ,
893 2718 988 2755 alius
1004 2719 1075 2755 alia

61 2776 275 2828 dispenset3
304 2778 351 2815 de
373 2778 572 2829 disciplina
598 2787 637 2815 tu
669 2778 852 2828 provide,
880 2778 975 2815 illud
1005 2793 1073 2816 ne-

61 2837 154 2875 mini
172 2837 317 2875 credas.
339 2838 376 2876 Si
395 2838 625 2875 insolentior
651 2851 781 2874 coram
806 2847 840 2875 te
866 2839 925 2875 vel
946 2852 1072 2875 sermo

60 2898 253 2944 sonuerit,
282 2898 343 2936 vel
373 2898 526 2936 habitus
557 2899 779 2949 apparuerit
804 2914 812 2935 :
842 2912 978 2936 manus
1009 2908 1073 2936 tua

5 2971 7 2984 ¹
61 2970 176 3008 super
203 2957 418 3008 ejusmodi3
449 2967 489 2996 tu
520 2959 703 2996 ulciscere
736 2958 916 3009 injuriam
952 2968 1068 2996 tuam.

59 3020 271 3071 Impunitas
302 3033 437 3058 ausum
471 3021 591 3071 parit,
623 3033 736 3058 ausus
764 3033 977 3058 excessum.
993 3024 1074 3058 Do—

62 3093 166 3118 mum
182 3081 353 3132 episcopi
369 3080 478 3118 decet
491 3081 707 3118 sanctitudo
722 3111 731 3127 ‚
747 3081 855 3117 decet
871 3080 1069 3125 modestia,

62 3139 169 3178 decet
182 3141 363 3178 honestas
382 3156 390 3178 :
409 3141 548 3179 horum
567 3142 770 3192 disciplina
787 3150 927 3178 custos.
945 3145 1072 3179 Sacer—

6 3221 8 3228 *
61 3200 170 3239 dotes
197 3202 416 3250 domestici,
449 3211 514 3240 aut
543 3204 690 3240 caeteris
719 3203 977 3247 honestiores,
1006 3209 1071 3238 aut

62 3260 188 3299 fabula
207 3262 388 3300 omnibus
403 3271 504 3300 sunt.
523 3267 568 3300 In
586 3263 714 3308 vultu,
733 3263 771 3299 in
786 3262 918 3299 habitu
931 3291 940 3308 ,
956 3261 993 3297 in
1011 3262 1069 3297 in—

1150 1947 1235 1984 quae
1253 1942 1292 1969 tu
1309 1931 1524 1982 provideris
1539 1930 1612 1966 illis
1628 1944 1635 1965 z
1655 1937 1695 1965 tu
1711 1927 1797 1964 vide
1814 1941 1862 1963 ne
1876 1935 2021 1976 egeant.
2039 1930 2160 1977 Super

1150 1995 1222 2031 hoc
1240 2006 1352 2044 quem
1374 1992 1471 2028 forte
1488 1990 1535 2027 ab
1556 1988 1850 2027 adventantibus
1874 1997 2002 2038 petere
2023 1988 2160 2038 depre-

1143 2055 1308 2100 hendes,
1335 2053 1465 2103 judica
1482 2052 1666 2090 Giezitam
1684 2051 1697 2077 ⁴'
1718 2066 1724 2087 :
1748 2050 1785 2086 id
1797 2049 1842 2086 de
1859 2050 2041 2094 ostiariis,
2058 2049 2095 2085 id
2113 2050 2159 2087 de

1145 2116 1290 2154 caeteris
1307 2112 1534 2151 officialibus
1551 2110 1848 2148 decernendum.
1865 2115 2006 2148 Verum
2024 2112 2096 2149 hoc
2112 2127 2159 2150 ex

1147 2175 1358 2215 abundanti
1380 2189 1387 2211 :
1410 2187 1497 2210 nam
1530 2173 1689 2208 formam
1726 2172 1833 2208 istam
1858 2171 1937 2220 jam
1967 2172 2057 2208 olim
2080 2186 2103 2209 a
2123 2182 2158 2210 te

1147 2239 1308 2290 positam
1329 2234 1589 2273 recordamur.
1609 2232 1707 2280 Quid
1738 2240 1802 2268 tuo
1823 2232 1972 2282 dignius
2000 2245 2158 2286 aposto-

1147 2300 1225 2336 latu
1238 2300 1252 2334 ,³
1267 2296 1357 2347 quid
1376 2293 1564 2332 salubrius
1583 2292 1630 2329 ad
1648 2293 1918 2330 conscientiam
1934 2323 1944 2339 ,
1961 2295 2156 2334 honestius

1146 2359 1194 2396 ad
1217 2359 1374 2402 famam,
1393 2355 1522 2392 utilius
1549 2352 1597 2389 ad
1625 2353 1869 2402 exemplum?
1896 2356 2070 2404 Optimus
2090 2371 2156 2395 ca-

1145 2433 1224 2458 non
1236 2448 1245 2464 ‚
1265 2418 1330 2468 qui
1348 2415 1500 2467 projicit
1518 2413 1712 2450 avaritiam
1733 2426 1777 2450 ex
1796 2415 2002 2463 calumnia,
2021 2428 2059 2455 et
2075 2433 2155 2459 non

1144 2495 1165 2518 a
1185 2478 1416 2519 conscientia
1434 2483 1594 2513 tantum.

1489 2595 1666 2635 CAPUT
1696 2594 1793 2633 Vll.

1141 2725 1288 2769 Epilogus
1302 2733 1355 2754 seu
1371 2731 1490 2753 summa
1506 2730 1612 2751 eorum
1633 2729 1702 2760 quae
1721 2718 1753 2748 in
1767 2718 1916 2750 Pontifice
1933 2723 2144 2763 requiruntur.

1194 2840 1255 2876 23.
1275 2836 1385 2875 Libet
1401 2834 1479 2884 jam
1497 2842 1534 2870 et
1561 2833 1664 2869 hunc
1686 2830 1862 2868 claudere
1882 2831 2022 2872 librum
2046 2851 2054 2873 :
2077 2839 2142 2876 sed

1139 2901 1176 2937 in
1198 2900 1298 2936 calce
1316 2897 1440 2945 aliqua
1457 2894 1570 2930 velim
1593 2893 1651 2928 vel
1670 2900 1757 2928 ante
1775 2891 1874 2929 dicta
1899 2896 2005 2943 quasi
2023 2899 2145 2948 epilo-

1140 2959 1265 3010 gando
1287 2965 1477 3007 repetere,
1498 2954 1559 2990 vel
1579 2952 1717 2989 addere
1745 2954 2011 3001 praetermissa.
2042 2960 2145 2997 Con-

1139 3020 1281 3058 sideres
1309 3026 1395 3054 ante
1424 3015 1552 3052 omnia
1579 3021 1747 3050 sanctam
1776 3016 1987 3052 Romanam
2014 3021 2145 3057 Eccle-

1139 3081 1250 3123 siam,
1297 3078 1357 3114 cui
1392 3080 1474 3113 Deo
1517 3082 1673 3111 auctore
1713 3086 1855 3123 praees‚
1890 3077 2141 3118 Ecclesiarum

1138 3148 1297 3176 matrem
1312 3150 1411 3177 esse,
1432 3148 1509 3172 non
1525 3134 1718 3170 dominam
1737 3148 1745 3169 z
1763 3142 1798 3169 te
1812 3147 1904 3171 vero
1921 3149 1999 3173 non
2017 3138 2141 3176 domi-

1138 3213 1228 3236 num
1255 3198 1545 3247 episcoporum,
1577 3192 1642 3230 sed
1671 3206 1791 3229 unum
1811 3206 1855 3229 ex
1877 3194 1985 3244 ipsis;
2021 3210 2138 3246 porro

1136 3261 1290 3296 fratrem
1307 3256 1544 3306 diligentium
1558 3258 1678 3292 Deum
1689 3283 1699 3299 7
1716 3262 1752 3291 et
1766 3255 1988 3305 participem
2005 3257 2140 3294 timen-

116 3400 124 3415 ¹
142 3397 220 3426 Gen.
238 3406 358 3434 xxxa,
377 3398 409 3433 Αἰ,
429 3401 459 3427 6.
477 3414 514 3418 ψ
537 3401 549 3416 ²
564 3399 576 3426 1
591 3397 664 3427 Cor.
684 3407 715 3426 vi
729 3420 736 3433 ‚
755 3398 785 3425 7.
803 3413 846 3416 —
868 3394 880 3415 3
896 3394 989 3425 Eccli.
1004 3405 1050 3423 vn
1065 3417 1071 3424 .
1091 3396 1144 3423 20.
1162 3411 1204 3414 ψ
1222 3393 1236 3417 i
1252 3394 1293 3422 IY
1312 3394 1387 3430 Reg.
1407 3401 1438 3422 v.
1457 3390 1572 3419 20-27.
