2565 3952
116 173 188 211 277

1034 167 1301 204 EPISTOLAE.
2140 169 2215 206 278

173 265 203 290 ι.
226 248 353 288 Nostri
381 254 510 284 autem
543 253 732 294 martvres
761 243 925 294 cupiunt
946 242 1167 290 dissolvi,'⁰

114 322 151 351 et
167 324 247 349 esse
267 322 352 346 cum
375 306 550 354 Christ03
572 306 684 352 certi,
707 304 943 354 ubicumque
961 313 1017 341 est
1035 318 1125 341 cor-
1145 305 1176 338 A
1194 324 2215 336 -m-mmmmmmm.--=.mmm-.„.m„.m,mmmm..

113 386 184 426 pus
198 401 208 419 ,
230 372 295 408 illo
315 370 396 407 sine
412 380 522 406 mora
547 375 823 418 congregatum
840 366 887 403 iri
905 374 942 403 et
966 366 1125 416 aquilas.

111 438 225 479 Mox,
247 432 403 481 inquam
418 459 428 476 ,
453 429 508 466 ibi
531 429 726 466 exsultant
741 426 835 477 justi
852 427 890 463 in
913 435 1124 478 conspectu

111 494 201 540 Dei,
223 501 261 530 et
288 492 529 529 delectantur
556 490 596 527 in
627 489 768 526 laetitia.
800 487 880 536 Ibi,
909 487 985 534 ibi,
1016 487 1127 526 beni-

111 554 288 607 gnissime
305 556 395 590 Jesu
408 582 418 599 ,
436 551 490 589 ibi
510 551 657 598 statim,
678 559 721 588 ut
738 549 784 587 de
806 549 879 586 hoc
901 550 1042 586 saeculo
1061 563 1126 587 ne-

111 630 223 668 quam
244 623 397 652 sanctus
416 614 581 664 quisque
606 613 788 663 eripitur,
807 611 1041 662 adimpletur
1061 612 1127 648 lae-

112 678 192 716 titia
208 690 295 714 cum
315 676 427 713 vultu
450 683 529 712 tuo.
552 678 641 713 L'na
660 673 714 711 ibi
729 687 807 711 vox
823 672 950 723 jubilo
972 681 1129 710 resonat

111 737 366 789 sempiterno,
387 750 466 773 vox
485 749 560 773 una
583 735 852 772 exsultationis
878 742 915 771 et
935 733 1067 772 salutis
1086 734 1126 771 in

111 797 364 837 tabernaculis
377 795 572 847 justorum
589 811 596 833 :
615 799 762 832 Anima
783 804 912 832 nostra
928 799 1023 831 sicut
1033 809 1127 844 pas-

111 874 172 897 ser
200 867 330 908 erepta
361 867 416 894 est
444 859 492 894 cle
523 860 658 907 laqueo
688 861 910 893 venantium
925 871 938 901 ;
968 859 1126 905 laqueus

109 925 288 958 contritus
314 930 368 957 est
381 950 394 967 ,
422 928 458 956 et
477 934 545 956 nos
570 919 721 956 liberati
736 932 864 955 manus
883 925 907 954 ¹.
934 917 1131 968 Numquid

108 983 181 1021 hoc
205 981 409 1019 decantare
436 980 582 1019 libebat
602 981 706 1032 apud
736 981 880 1018 inferos
907 979 1130 1017 sedentibus

1385 452 1763 510 EPISTOLA
1806 451 2022 509 XCIX.

1439 615 1485 637 AD
1506 613 1719 637 noxicrum
1736 612 1925 644 Qun-unni
1938 603 1967 634 ³.

1196 732 1248 766 Ob
1266 731 1419 765 Monachi
1445 731 1610 775 cujusdam
1622 741 1640 763 a
1659 741 1716 762 suo
1733 728 1878 762 coenobio
1898 727 2069 759 discessum
2083 724 2193 757 auxius
2206 750 2213 763 ‚

1243 788 1384 831 ejusdem
1400 788 1511 820 litteris
1525 787 1650 819 sinistra
1666 797 1698 819 se
1715 785 1892 829 suspicione
1911 783 2081 815 liberatum
2097 780 2215 812 scribit.

1253 914 1439 952 Nuntium
1461 927 1538 964 quo
1561 921 1596 950 te
1614 912 1707 949 dicis
1726 911 1840 949 fuisse
1859 908 2056 947 turbatum
2069 936 2079 954 ,
2098 906 2216 943 frater

1197 975 1414 1012 lYillelmus
1435 987 1515 1011 non
1534 986 1622 1018 sua,
1646 971 1712 1009 sed
1734 980 1799 1008 tua
1820 968 2044 1007 necessitate
2064 963 2216 1016 putavit

108 1044 149 1082 in
169 1042 339 1081 tenebris
359 1052 397 1081 et
417 1042 556 1080 umbra
577 1043 710 1079 mortis
724 1073 733 1089 ‚
756 1041 847 1079 dum
866 1055 944 1079 non
966 1049 1047 1078 erat
1064 1040 1130 1092 qui
1152 1040 1178 1075 Β
1198 1035 1245 1072 ad
1266 1044 1301 1073 te
1323 1035 1580 1086 dirigendum.
1608 1032 1802 1083 Siquidem
1827 1031 1909 1081 ipse
1931 1042 2000 1066 suo
2017 1039 2125 1064 more
2144 1029 2216 1063 Dei

107 1104 336 1151 redimeret,
364 1117 491 1154 neque
509 1104 575 1154 qui
596 1104 746 1141 salvum
772 1103 914 1140 faceret
936 1117 943 1139 :
968 1102 1125 1153 quando

105 1166 271 1204 necdum
293 1166 514 1203 visitaverat
530 1179 601 1203 nos
617 1166 747 1202 oriens
764 1178 812 1202 ex
825 1165 902 1201 alto
916 1195 924 1211 ,
946 1164 1126 1215 primitiae

105 1228 248 1266 scilicet
262 1227 537 1265 dormientium
554 1227 750 1264 Christus?
765 1226 903 1264 Merito
920 1226 1036 1275 igitur
1054 1228 1126 1262 Ec-

106 1288 244 1334 clesia,
286 1301 372 1338 quae
409 1287 577 1338 gaudere
609 1301 696 1324 cum
731 1286 1010 1336 gaudentibus,
1034 1286 1126 1323 flere

106 1363 191 1388 cum
211 1348 394 1386 flentibus
414 1347 545 1395 novit3
565 1361 662 1398 quos
685 1360 798 1398 pares
814 1345 964 1396 judicat
987 1347 1026 1383 in
1046 1346 1127 1382 vir-

106 1418 208 1457 tute,
240 1409 424 1446 discernit
457 1417 586 1445 tamen
620 1422 669 1446 ex
700 1417 877 1459 tempore
905 1422 913 1444 :
938 1420 1009 1444 nec
1040 1406 1124 1457 pari

104 1479 215 1522 putat
245 1469 561 1522 prosequendum
598 1468 786 1520 obsequio
804 1497 813 1515 ,
846 1477 883 1506 et
921 1469 1124 1506 transitum

108 1531 156 1570 ad
174 1531 292 1568 vitam
307 1561 317 1579 ,
340 1539 378 1568 et
395 1530 625 1568 descensum
647 1530 695 1568 ad
714 1531 872 1567 inferos

158 1594 193 1631 8.
224 1596 358 1643 Itaque
392 1592 623 1642 martyrium
667 1592 756 1630 facit
796 1605 908 1629 causa
922 1621 931 1637 ‚
973 1600 1125 1642 tempus

107 1666 302 1704 genusque
330 1653 567 1692 discernunt,
600 1657 768 1705 Tempus
797 1654 942 1704 quippe
961 1651 1125 1690 'Macha-

104 1713 206 1752 baeos
234 1729 255 1752 a
289 1715 400 1753 novis
427 1715 664 1766 martyribus
694 1714 901 1766 disjungit,
925 1714 1126 1765 conjungit

104 1776 278 1827 antiquis.
298 1779 430 1816 Genus
445 1790 540 1814 vero
558 1777 669 1815 novis
687 1785 885 1828 aggregat,
907 1785 1081 1827 segregat
1103 1790 1124 1814 a

1194 1098 1313 1147 gratia
1334 1098 1484 1135 sortiter
1506 1096 1604 1147 agit,
1627 1095 1790 1132 alienam
1812 1106 1832 1130 a
1853 1106 1892 1130 se
1912 1089 2066 1127 interim
2089 1086 2214 1124 adhuc

1198 1159 1340 1196 faciens
1356 1159 1458 1196 illam
1477 1156 1706 1194 sententiam
1725 1170 1732 1192 :
1756 1156 1822 1190 Vir
1842 1155 1984 1202 duplex
2001 1152 2130 1186 animo
2149 1151 2212 1182 in-

1194 1229 1370 1256 constans
1392 1229 1448 1255 est
1472 1224 1510 1255 in
1534 1217 1706 1254 omnibus
1726 1219 1800 1252 viis
1819 1219 1895 1251 suis
1910 1211 1938 1250 ⁶.
1959 1211 2048 1249 Vias
2068 1207 2213 1259 quippe

1191 1280 1351 1319 Domini
1368 1279 1595 1330 simpliciter
1607 1308 1617 1325 ,
1635 1291 1677 1314 ac
1698 1290 1768 1327 per
1781 1276 1855 1312 hoc
1874 1272 2113 1311 confidenter
2129 1281 2211 1305 am—

1193 1340 1352 1388 bulans,
1381 1353 1460 1377 non
1489 1339 1606 1376 sentit
1630 1337 1727 1374 illud
1753 1340 1841 1382 Vae,
1863 1333 1909 1370 de
1938 1346 2016 1382 quo
2044 1330 2182 1367 dicitur
2205 1342 2212 1364 :

1199 1405 1268 1438 Γαῖ’
1290 1412 1429 1439 terram
1457 1402 1685 1450 ingredienti
1713 1397 1859 1434 duabus
1879 1400 1954 1432 viss
1970 1401 1996 1431 7.
2019 1396 2070 1430 Te
2088 1399 2216 1428 auten]

1192 1463 1438 1501 audieramus
1465 1463 1505 1499 in
1536 1460 1730 1498 discordia
1756 1457 1926 1503 versari,
1957 1455 2117 1492 domum
2145 1463 2214 1487 ve-

1193 1535 1312 1563 stram
1343 1539 1423 1563 non
1450 1524 1531 1562 sine
1562 1523 1671 1574 gravi
1693 1520 1874 1559 scandalo
1898 1516 2046 1555 abbatis
2071 1522 2109 1551 et
2136 1513 2213 1549 fra-

1193 1596 1295 1625 trum
1327 1587 1560 1632 deseruisse,
1582 1585 1786 1634 solumque
1816 1580 1988 1619 habitare
2014 1578 2054 1614 in
2083 1575 2213 1612 nescio

1193 1663 1271 1700 quo
1298 1650 1388 1687 satis
1416 1647 1708 1686 inconvenienti
1735 1646 1834 1682 loco,
1859 1648 1945 1692 Quo
1967 1651 2124 1678 rumore
2144 1650 2212 1673 no-

1192 1710 1252 1749 bis
1284 1710 1494 1763 permotis‚
1528 1709 1720 1759 anxieque
1753 1702 2037 1757 quaerentibus,
2070 1699 2099 1737 si
2131 1711 2208 1763 quo

1192 1773 1311 1810 modo
1341 1771 1412 1810 tibi
1440 1786 1461 1808 a
1487 1769 1600 1808 nobis
1624 1777 1755 1820 posset
1778 1765 1998 1805 consultum
2025 1761 2094 1808 iri·,
2115 1759 2209 1796 nihil

102 1837 307 1876 veteribus.
324 1841 372 1876 Et
386 1839 446 1882 hae
467 1838 623 1889 quidem
645 1839 684 1876 in
704 1838 897 1876 Eecclesia
913 1838 1122 1889 praemissis
1143 1839 1170 1876 C
1191 1834 1364 1885 paratius
1393 1845 1598 1870 occurrere
1630 1830 1778 1882 potuit,
1806 1841 1922 1878 quam
1948 1834 1990 1863 ut
2011 1834 2047 1861 te
2072 1830 2212 1860 vocato

101 1910 150 1935 ex
190 1899 312 1937 causis
349 1898 578 1937 differentiae
617 1899 888 1937 observantur.
929 1902 1119 1938 Caeterum

101 1959 202 2010 apud
221 1963 347 1998 Deum
366 1961 550 1999 universo
571 1961 688 1999 coetui
705 1970 928 1999 sanctorum
948 1975 1121 1999 commu-

101 2031 148 2056 ne
167 2019 348 2070 estquod
379 2029 534 2058 sanctus
559 2021 612 2058 ait
637 2021 831 2071 propheta
853 2036 860 2058 :
885 2023 1059 2057 Pretiosa
1082 2025 1119 2058 in

74 2122 83 2126 ,
100 2091 297 2131 conspectu
317 2085 474 2119 Domini
494 2096 594 2119 mors
620 2092 834 2118 sanctorum
859 2087 942 2128 ejus
961 2088 986 2118 ².
1005 2081 1120 2120 [nde

101 2151 225 2180 autem
246 2143 457 2194 pretiosam
478 2143 640 2191 dixerit,
670 2151 841 2194 exponat
868 2141 992 2180 nobis.
1029 2143 1118 2179 Cum

101 2205 263 2250 dederit,
285 2204 413 2256 inquit
425 2234 434 2252 ,
455 2207 603 2241 dilectis
622 2210 698 2241 sicis
717 2218 889 2241 somnum
903 2233 913 2249 ‚
934 2218 1018 2240 ecce
1037 2205 1120 2240 lne-

101 2268 240 2303 reditas
266 2268 424 2302 Domini
444 2267 552 2314 filii,
584 2279 725 2302 merces
748 2265 899 2315 fructus
931 2270 1076 2302 ventris
1092 2263 1117 2302 3.

99 2328 175 2364 Nec
193 2335 374 2377 putemus
391 2327 494 2364 solos
516 2335 705 2377 martyres
727 2340 809 2364 esse
827 2327 987 2363 dilectos
1000 2357 1009 2373 ,
1028 2340 1114 2363 cum

101 2388 311 2426 recolamus
334 2388 480 2426 dictum
503 2388 550 2425 de
576 2393 744 2436 Lazaro,
772 2392 945 2425 Lazarus
971 2393 1117 2424 amiciis

99 2457 221 2484 noster
245 2449 407 2486 dormi&
428 2464 436 2486 :
457 2449 625 2500 denique
639 2479 649 2496 ,
671 2453 786 2486 Beati
808 2451 947 2486 mortni
976 2455 1044 2499 (sui
1075 2454 1113 2486 in

99 2510 259 2545 Domino
280 2513 492 2546 moriantur
505 2507 532 2546 ⁵.
550 2513 637 2548 Non
655 2510 725 2547 soli
744 2510 810 2561 qui
830 2524 904 2561 pro
920 2510 1091 2548 Domino
1107 2538 1116 2556 ,

99 2568 194 2607 sieut
209 2579 397 2621 martyres
414 2586 423 2617 3
446 2571 514 2608 sed
533 2579 571 2608 et
598 2571 665 2622 qui
688 2571 727 2608 in
744 2572 915 2609 Domino
933 2572 1114 2609 moriun-

1187 1895 1234 1932 ad
1256 1908 1346 1943 nos,
1364 1908 1434 1946 per
1459 1903 1493 1931 te
1515 1893 1561 1930 de
1584 1901 1620 1929 te
1643 1891 1825 1929 certiores
1848 1888 1954 1940 prius
1972 1885 2072 1924 effici
2093 1895 2207 1921 cura-

1187 1969 1316 1994 remus
1339 1971 1346 1993 :
1366 1956 1497 2006 sicque
1517 1954 1624 2005 quod
1641 1954 1678 1990 in
1696 1959 1883 2003 promptu
1900 1957 2019 1994 esset,
2038 1957 2204 1998 praesen-

1188 2026 1244 2056 tes
1262 2018 1443 2068 praesenti
1461 2016 1763 2053 consuleremus.
1781 2012 1854 2051 Sed
1864 2010 1943 2061 jam
1961 2019 2027 2047 tuo
2043 2008 2203 2057 scriptO,

1188 2088 1402 2130 nostroque
1422 2078 1610 2129 rescripto
1627 2106 1637 2123 ,
1660 2085 1918 2124 utrorumque
1950 2071 1997 2109 ab
2024 2071 2209 2107 alterutro

1189 2142 1294 2179 falsae
1317 2140 1548 2191 suspicionis
1569 2139 1708 2175 timore
1729 2136 1891 2186 depulso
1906 2163 1915 2181 ,
1939 2132 2083 2184 pariter
2099 2130 2211 2181 quie-

1189 2216 1351 2241 scamus.
1379 2206 1524 2241 Yerum
1553 2201 1623 2238 hac
1649 2199 1810 2236 falsitate
1836 2209 1951 2247 quam
1978 2207 2072 2231 vera
2091 2191 2139 2229 sit
2161 2189 2206 2227 ad

1189 2279 1261 2303 nos
1282 2265 1450 2302 invicem
1472 2263 1646 2309 dilectio,
1669 2258 1967 2311 comprobatum
1989 2264 2044 2293 est
2062 2270 2069 2292 :
2093 2265 2207 2304 quam

1189 2326 1345 2377 quidem
1379 2325 1625 2362 dilectionem
1656 2336 1727 2373 per
1755 2320 1854 2358 hanc
1882 2327 2055 2356 mutuam
2085 2313 2208 2352 nostri

1184 2386 1506 2432 sollicitudinem,
1536 2399 1615 2422 non
1645 2384 1882 2421 infructuose
1910 2393 2014 2417 nunc
2043 2389 2210 2415 renova-

1187 2458 1264 2486 tam
1297 2461 1378 2486 esse
1410 2446 1650 2498 putaverim,
1682 2443 1792 2494 cujus
1824 2444 1991 2480 fructum
2019 2450 2110 2478 tunc
2136 2451 2207 2475 nos

1186 2509 1344 2561 quidem
1374 2509 1574 2560 copiosum
1618 2518 1860 2557 speraremus
1882 2504 2074 2553 accipere,
2098 2500 2127 2537 si
2157 2499 2209 2536 tui

1185 2570 1298 2609 nobis
1325 2571 1436 2621 copia
1463 2583 1549 2613 cun]
1583 2567 1873 2620 opportunitate
1899 2564 2066 2601 daretur.
2095 2560 2206 2599 Alio-

101 2637 160 2667 tur
179 2661 189 2678 ,
226 2631 324 2668 sicut
358 2630 599 2668 confessores
619 2660 628 2677 ,
670 2632 846 2682 profecto
878 2631 982 2669 beati
1016 2641 1115 2670 sunt.
1135 2638 1169 2672 D
1185 2633 1280 2684 quin
1303 2631 1565 2683 opportunius
1593 2629 1769 2667 ducimus
1795 2640 1866 2664 nos
1893 2633 2025 2663 nostra
2043 2629 2204 2660 conten-

97 2693 189 2729 Duae
211 2691 375 2742 proinde
398 2705 459 2729 res
480 2692 574 2729 mihi
594 2692 779 2730 videntur
799 2701 965 2730 mortem
993 2693 1118 2731 facere

98 2752 301 2802 pretiosam
316 2781 327 2799 ‚
357 2753 437 2791 vita
457 2762 495 2790 et
513 2766 628 2791 causa
641 2769 651 2801 3
687 2754 754 2791 sed
782 2754 947 2804 amplius
971 2768 1087 2792 causa
1103 2785 1113 2803 ,

3 2836 8 2846 ι
58 2855 59 2871 ἦ
98 2825 208 2862 quam
224 2814 314 2851 vita.
340 2817 463 2852 Porro
480 2814 546 2852 illa
570 2815 643 2852 erit
662 2815 942 2866 pretiosissima
958 2845 968 2863 ,
999 2830 1116 2867 quam

98 2880 135 2910 et
150 2887 259 2912 causa
275 2875 522 2913 COlnmendat
543 2884 582 2914 et
600 2877 691 2914 Vita.

1187 2703 1246 2731 tos
1275 2707 1355 2732 esse
1387 2693 1538 2745 inopia,
1562 2705 1677 2743 quam
1700 2691 1924 2741 importuna
1942 2685 2053 2737 copia
2076 2682 2204 2721 abun-

1186 2755 1289 2794 dare,

146 3028 154 3043 ¹
176 3024 257 3056 Psal.
275 3035 395 3064 mur,
413 3028 446 3058 7.
460 3045 508 3049 -
537 3031 551 3047 ²
569 3025 651 3058 Psal.
665 3037 739 3065 cxv,
761 3029 813 3059 15.
832 3045 875 3049 -
892 3024 905 3048 3
919 3027 1001 3059 Psal.
1018 3039 1121 3059 cxxvr
1135 3053 1142 3067 ‚
1166 3032 1183 3060 2
1198 3052 1206 3067 ,
1229 3032 1260 3061 3.
1275 3047 1321 3051 —
1334 3028 1348 3055 4
1369 3031 1466 3061 Joan.
1482 3039 1530 3073 xi,
1551 3029 1604 3059 11.
1625 3044 1664 3049 --
1682 3023 1695 3047 ⁵
1710 3028 1813 3068 Apoc.
1830 3034 1900 3061 ΣΝ,
1921 3023 1974 3054 13.
1994 3039 2038 3045 —
2054 3018 2070 3042 6
2088 3018 2202 3053 Jacobi

99 3079 233 3112 1‚8.—
254 3079 524 3118 7Eccli.11,14.

141 3141 158 3158 ³
172 3140 210 3168 In
224 3138 346 3182 scriptis
364 3150 430 3171 non
446 3140 554 3183 paucis
577 3146 742 3183 sequentes
765 3147 902 3184 quatuor
923 3142 1062 3184 epistolae
1078 3144 1202 3175 nullum
1218 3143 1338 3176 babent
1353 3143 1479 3176 titulum
1496 3149 1610 3186 praeter
1626 3142 1719 3174 istum
1734 3166 1742 3180 ,
1760 3143 1808 3171 De
1827 3136 1948 3175 iisdem,
1965 3136 1997 3167 id
2011 3141 2056 3167 est
2072 3134 2200 3167 Macha-

98 3189 171 3221 baeis
184 3216 192 3230 ,
213 3193 298 3234 quod
311 3193 435 3226 falsum.
460 3195 640 3227 VVillelmus
654 3220 662 3235 ,
676 3196 765 3239 cujus
791 3196 908 3227 mentio
926 3196 1014 3228 initio
1041 3197 1179 3241 epistola:
1191 3221 1200 3237 ‚
1217 3204 1283 3230 erat
1300 3197 1475 3231 monachus
1498 3198 1549 3229 ille
1566 3191 1856 3239 Cla1·ae-Vallensis],
1868 3192 1906 3223 de
1924 3202 1985 3233 quo
2002 3189 2033 3221 in
2051 3194 2198 3231 sequente

99 3243 225 3287 epistola
245 3250 256 3278 1
265 3250 322 3280 03.
