2517 3920
363 253 460 290 1355

362 343 476 367 carne
492 329 643 366 mortali
661 327 810 365 labores
828 341 1010 364 manuum
1028 336 1246 364 nostrarum
1262 326 1400 364 man-³³

1127 253 1161 288 S.
1193 252 1446 287 BERNARDI
1474 249 1678 287 ABBATIS

1405 326 1543 364 ⁸beam
1581 326 1833 364 transcribere
1865 325 1944 375 jam
1981 327 2148 373 dictata,
2186 342 2300 378 quam
2340 343 2440 376 nova

2337 253 2434 292 1356

368 391 575 435 ducamus,
613 402 700 425 cum
735 387 865 425 labore
899 388 1004 438 quod
1039 388 1278 437 glutiendum
1315 395 1371 431 est
1389 390 1419 424 A
1437 387 1574 424 iterum
1599 387 1754 423 dictare.
1781 386 1871 432 Illa,
1905 387 2087 436 inquam,
2118 401 2209 424 vera
2230 397 2268 425 et
2295 389 2441 427 sincera

366 451 630 488 masticantes:
649 458 736 500 post
748 458 910 486 mortem
933 462 1023 485 vero
1042 449 1080 485 in
1097 449 1172 485 vita
1185 448 1372 498 spirituali

361 512 443 562 jam
455 511 622 548 bibimus
634 540 643 556 ,
657 510 877 548 suavissima
894 510 1055 559 quadam
1073 510 1249 546 facilitate
1266 509 1370 559 quod

365 572 577 623 percipitur
595 571 763 608 colantes
785 585 792 606 :
819 570 968 607 tandem
996 569 1176 606 redivivis
1197 569 1373 619 corpori-

364 632 437 669 bus
464 632 503 668 in
524 632 600 668 vita
620 630 825 667 immortali
851 628 1106 676 inebriamur,
1128 629 1225 665 mira
1244 628 1370 678 pleni—

366 693 498 729 tudine
521 691 788 728 exuberantes.
818 694 907 728 Haec
926 703 999 740 pro
1019 702 1065 726 eo
1083 689 1188 739 quod
1209 701 1371 739 sponsus

365 753 405 789 in
427 752 588 790 Canticis
609 751 699 787 dicit
717 766 724 787 ε
750 752 958 796 Comedice,
977 755 1106 794 amici,
1130 759 1166 785 et
1185 749 1317 793 bibite3
1340 758 1375 785 et

366 812 623 855 inebriamini,
636 813 856 847 charissimi.
873 810 1069 847 Comedite
1083 818 1170 846 ante
1188 817 1348 845 mortem
1361 838 1370 854 ,

365 873 486 910 bibite
512 880 600 921 post
635 880 822 915 mortem,
853 869 1095 907 inebriamini
1124 877 1212 919 post
1244 882 1372 905 resur-

365 934 586 969 rectionem.
608 931 745 968 Merito
759 929 836 978 jam
860 930 1091 975 charissimi,
1108 929 1172 978 qui
1190 928 1372 965 charitate

363 993 602 1030 inebriantur
621 1007 628 1028 :
646 1000 682 1027 et
698 991 833 1027 merito
854 990 1050 1035 inebriati,
1069 990 1135 1039 qui
1155 989 1202 1026 ad
1220 990 1372 1039 nuptias

363 1054 461 1102 Agni
489 1051 684 1088 introduci
714 1059 928 1095 merentur,
958 1051 1113 1087 edentes
1134 1059 1172 1087 et
1198 1049 1373 1087 bibentes

365 1126 480 1162 super
501 1124 668 1147 mensam
687 1111 786 1147 illius
811 1110 850 1146 in
873 1124 992 1159 regno
1014 1123 1103 1156 suo,
1125 1110 1281 1159 quando
1302 1109 1372 1147 sibi

1438 456 1494 484 est
1513 448 1673 484 charitas
1687 477 1697 494 ,
1720 455 1758 484 et
1777 447 1936 484 omnino
1955 447 2001 484 de
2023 447 2138 485 corde
2155 461 2277 499 puro,
2297 457 2335 486 et
2354 463 2442 487 con-

1439 508 1595 544 scientia
1629 507 1731 544 hona
1746 536 1755 553 ‚
1790 515 1827 544 et
1861 507 1934 544 fide
1968 521 2044 544 non
2083 509 2168 545 ficta
2201 509 2353 546 fatenda
2386 519 2441 548 est

1439 567 1647 616 procedere
1663 598 1673 614 ,
1713 580 1789 617 qua
1837 567 2004 616 proximi
2047 566 2193 605 bonum
2209 597 2219 616 ,
2257 581 2364 619 aeque
2400 578 2442 607 ut

1440 636 1613 664 nostrum
1631 657 1639 673 ‚
1664 627 1867 678 diligimus.
1888 631 1982 665 Nam
2003 628 2067 678 qui
2093 629 2233 678 magis,
2257 637 2323 666 aut
2341 638 2442 668 certe

1439 689 1561 725 solum
1586 688 1707 738 diligit
1729 701 1838 725 suum
1853 717 1862 734 ,
1887 688 2130 725 convincitur
2158 701 2238 725 non
2259 697 2359 726 caste
2382 689 2442 727 di-

1439 749 1554 798 ligere
1575 748 1721 786 bonum
1742 778 1751 795 ‚
1772 748 1877 798 quod
1903 749 2036 798 utique
2056 756 2217 799 propter
2236 761 2275 785 se
2296 748 2439 799 diligit,

1440 822 1518 845 non
1555 818 1714 858 propter
1751 809 1889 859 ipsum.
1916 811 1964 845 Et
1994 809 2055 846 hic
2088 809 2172 846 talis
2202 822 2281 846 non
2317 817 2444 859 potest

1440 867 1597 906 obedire
1612 869 1824 919 prophetae‚
1840 869 1906 918 qui
1925 869 1976 905 ait
1995 884 2002 905 :
2024 869 2262 916 Confitemini
2273 871 2443 916 Domino,

1440 930 1616 976 quoniam
1635 928 1749 964 bonus
1764 935 1792 964 7.
1819 928 2030 966 Confitetur
2049 928 2202 977 quidem
2219 957 2229 974 ,
2258 927 2349 978 quia
2364 928 2442 965 for-

1440 996 1536 1025 tasse
1553 987 1679 1025 bonus
1695 997 1752 1025 est
1771 987 1864 1033 sibi,
1885 1002 1963 1025 non
1977 997 2104 1025 autem
2122 989 2304 1038 quoniam
2321 987 2443 1026 bonus

1439 1056 1496 1085 est
1514 1049 1553 1085 in
1582 1062 1632 1085 se.
1659 1052 1905 1098 Quapropter
1924 1048 2076 1085 noverit
2097 1049 2137 1085 in
2157 1062 2197 1086 se
2220 1048 2331 1098 dirigi
2350 1049 2443 1086 illud

1440 1108 1487 1145 ab
1507 1108 1642 1145 eodem
1672 1108 1860 1158 propheta
1893 1107 2149 1158 opprobrium
2174 1123 2182 1145 ε
2210 1108 2446 1156 Corfitebitur

363 1171 442 1221 jam
471 1170 625 1208 exhibet
642 1171 845 1219 gloriosam
864 1170 1093 1215 Ecclesiam,
1118 1183 1194 1206 non
1223 1168 1370 1206 haben·
1393 1167 1525 1214 Btibi,
1557 1183 1637 1204 cum
1670 1166 1896 1216 beneficeris
1929 1173 1964 1204 ei
1983 1166 2014 1205 ⁸.
2048 1171 2115 1205 Est
2145 1168 2211 1218 qui
2243 1169 2444 1205 confitetur

364 1241 439 1268 tem
461 1232 644 1268 maculam
661 1260 670 1277 ,
698 1242 821 1279 neque
852 1242 982 1278 rugam
1000 1258 1010 1274 ,
1036 1237 1103 1266 aut
1131 1229 1276 1278 aliquid
1298 1229 1370 1265 hu-

358 1291 529 1341 jusmodi
557 1298 582 1327 ¹.
610 1294 716 1327 Tunc
739 1302 897 1339 prorsus
930 1287 1095 1325 inebriat
1130 1289 1370 1325 charissimos

363 1365 479 1398 suos,
512 1360 604 1388 tunc
636 1358 806 1386 torrente
840 1349 1047 1398 voluptatis
1081 1362 1158 1385 suae
1191 1358 1297 1398 potat
1325 1355 1368 1385 ²:

364 1412 545 1461 quoniam
573 1409 727 1459 quidem
762 1410 799 1445 in
829 1409 1033 1459 complexu
1062 1409 1129 1445 illo
1159 1409 1370 1446 arctissimo

363 1481 399 1508 ct
428 1472 636 1509 castissimo
666 1470 796 1520 sponsi
828 1478 865 1506 et
892 1483 1066 1519 sponsae,
1102 1469 1270 1505 fluminis
1304 1470 1372 1506 im-

362 1541 472 1582 petus
495 1532 657 1568 laetificat
679 1531 869 1567 civitatem
896 1531 965 1566 Dei
986 1529 1011 1565 3.
1035 1529 1147 1578 Quod
1169 1543 1249 1581 non
1269 1530 1371 1566 aliud

363 1606 444 1630 csse
466 1591 634 1629 arbitror
660 1605 774 1641 quam
800 1592 871 1628 Dei
902 1591 1038 1628 Filium
1055 1620 1065 1637 ,
1086 1591 1152 1640 qui
1186 1591 1372 1627 transiens

361 1653 570 1698 ministrat,
605 1652 930 1702 quemadmodum
960 1652 1039 1701 ipse
1061 1650 1237 1701 promisit
1264 1650 1302 1688 t:
1328 1660 1370 1687 ut

362 1727 411 1750 ex
424 1712 497 1749 hoc
516 1712 591 1762 Jam
610 1712 701 1761 justi
722 1713 926 1762 epulentur
946 1719 982 1747 et
1008 1711 1200 1747 exsultent
1220 1710 1258 1746 in
1281 1724 1370 1747 con-
1404 1746 1406 1748 .

361 1781 494 1823 spectu
530 1772 622 1817 Dei,
656 1781 692 1809 et
723 1772 961 1808 delectentur
987 1772 1024 1807 in
1053 1771 1182 1807 laetitia
1212 1769 1237 1807 ⁵.
1272 1771 1370 1807 Hinc

361 1833 424 1870 illa
454 1833 606 1870 satietas
631 1833 711 1869 sine
741 1832 892 1869 fastidio
918 1847 925 1868 ε
948 1832 1036 1868 hinc
1057 1830 1280 1868 insatiabilis
1307 1832 1370 1868 illa

363 1894 444 1930 sine
477 1893 742 1942 inquietudine
777 1893 974 1929 curiositas
1007 1907 1014 1928 :
1057 1892 1145 1929 hinc
1184 1901 1368 1928 aeternum

1437 1228 1605 1265 Domino
1625 1228 1806 1278 quoniam
1835 1235 1972 1283 potens
1993 1235 2051 1264 est
2068 1256 2077 1272 ‚
2100 1235 2138 1264 et
2157 1236 2213 1264 est
2234 1228 2298 1277 qui
2325 1228 2443 1265 confi-

1439 1297 1539 1325 tetur
1558 1289 1740 1337 quoniam
1759 1287 1829 1324 sibi
1846 1286 1972 1324 bonus
1991 1295 2071 1333 est,
2093 1295 2131 1323 et
2150 1287 2240 1324 item
2269 1287 2334 1336 qui
2349 1300 2443 1324 con-

1439 1349 1569 1385 fitetur
1590 1349 1774 1398 quoniam
1795 1348 2020 1398 simpliciter
2045 1347 2172 1384 bonus
2198 1356 2266 1384 est.
2297 1347 2444 1384 Primus

1439 1423 1572 1446 servus
1591 1417 1647 1446 est
1664 1438 1673 1455 ,
1694 1418 1730 1445 et
1758 1410 1866 1446 timet
1886 1408 1981 1456 sibi3
2007 1408 2199 1446 secundus
2214 1438 2224 1456 ,
2247 1421 2443 1445 mercena-

1439 1470 1518 1506 rius
1534 1499 1543 1515 ,
1562 1478 1599 1506 et
1620 1470 1725 1519 cupit
1750 1469 1845 1515 sibi3
1869 1469 2002 1508 tertius
2017 1498 2027 1516 ,
2047 1470 2159 1515 filius,
2178 1478 2216 1506 et
2234 1468 2358 1505 defert
2373 1474 2444 1518 p'a-

1440 1530 1499 1565 tri.
1522 1533 1655 1579 Itaque
1684 1537 1721 1565 et
1749 1529 1814 1578 qui
1845 1528 1963 1572 timet,
1989 1537 2027 1566 et
2055 1529 2174 1579 cupit,
2193 1528 2346 1578 utrique
2371 1540 2443 1578 pro

1439 1602 1478 1625 se
1502 1598 1629 1638 agunt.
1658 1590 1745 1627 Sola
1779 1602 1865 1639 quae
1896 1589 1935 1625 in
1964 1589 2043 1625 filio
2072 1597 2128 1625 est
2157 1588 2340 1634 charitas,
2363 1601 2441 1624 non

1440 1650 1577 1698 quaerit
1613 1662 1698 1698 quae
1731 1663 1797 1686 sua
1825 1657 1914 1686 sunt
1931 1656 1958 1686 9.
1990 1648 2249 1698 Quamobrem
2272 1657 2367 1698 puto
2397 1648 2443 1686 de

1436 1709 1500 1745 illa
1521 1709 1663 1745 (lictum
1681 1738 1690 1755 ,
1712 1712 1795 1744 Lex
1817 1712 1970 1745 Domini
1999 1712 2243 1745 immaculata
2259 1738 2268 1755 ,
2290 1723 2443 1745 com-'er-

1811 1768 1915 1818 quod
1939 1769 2021 1805 sola
2048 1769 2228 1805 videlicet
2258 1769 2330 1814 sit,
2358 1782 2442 1819 quae

1438 1827 1484 1864 ab
1510 1841 1640 1865 amore
1661 1829 1718 1865 sui
1754 1837 1792 1864 et
1812 1829 1947 1865 mundi
1967 1838 2194 1866 convertere
2214 1830 2334 1879 possit
2365 1830 2443 1866 ani-

1437 1903 1541 1925 mum
1559 1918 1568 1934 ,
1590 1898 1627 1925 et
1642 1889 1681 1925 in
1704 1892 1826 1926 Deum
1849 1889 2024 1938 dirigere.
2046 1893 2124 1927 Nec
2142 1890 2256 1927 timor
2276 1890 2441 1940 quippe,

1436 1778 1514 1804 tens
1540 1773 1690 1804 animas
1712 1774 1741 1789 ¹⁰
1769 1783 1777 1804 :

361 1953 455 1990 illud
476 1962 590 2002 atque
616 1952 885 2002 inexplicabile
912 1952 1142 1989 desiderium
1160 1981 1169 1997 ,
1198 1953 1370 1989 nesciens
1389 1950 1416 1985 C
1437 1963 1506 1986 nec
1525 1963 1634 1986 amor
1653 1950 1825 1999 privatus
1846 1958 2076 1986 convertunt
2096 1950 2275 1987 animam.
2294 1953 2442 1987 Mutant

362 2022 593 2063 egestatem:
616 2014 704 2050 hinc
732 2014 896 2063 denique
927 2013 1055 2050 sobria
1084 2014 1148 2049 illa
1180 2012 1368 2058 ebrietas,

361 2086 472 2118 vero,
490 2086 565 2109 non
586 2086 692 2109 mero
710 2072 966 2122 ingurgitans,
986 2086 1064 2108 non
1082 2072 1238 2108 madens
1256 2072 1366 2116 vino,

362 2133 427 2169 sed
442 2133 578 2169 ardens
595 2136 688 2169 Deo.
713 2136 767 2169 Ex
788 2133 859 2169 hoc
875 2132 952 2181 jam
972 2141 1131 2182 quartus
1148 2132 1210 2168 ille
1228 2132 1368 2168 amoris

360 2193 498 2241 gradus
523 2201 710 2242 perpetuo
742 2192 982 2242 possidetur,
1012 2206 1098 2228 cum
1126 2205 1295 2237 summe,
1331 2200 1369 2228 et

358 2253 461 2289 solus
494 2252 662 2301 diligitur
680 2256 812 2289 Deus:
847 2254 935 2302 quia
965 2266 1034 2289 nec
1060 2265 1129 2289 nos
1156 2253 1260 2302 ipsos
1286 2251 1366 2301 jam

358 2314 430 2349 nisi
461 2322 621 2363 propter
640 2314 764 2362 ipsum
786 2313 977 2362 diligimus
991 2342 1000 2359 ,
1026 2321 1068 2349 ut
1088 2313 1135 2349 sit
1166 2313 1246 2362 ipse
1267 2326 1367 2362 prae-

359 2374 473 2409 mium
497 2374 705 2409 amantium
724 2387 782 2420 se,
806 2374 1004 2424 praemium
1027 2382 1213 2410 aeternum
1235 2387 1368 2411 aman-

359 2433 450 2470 tium
473 2434 508 2470 in
534 2442 731 2470 aeternum.

709 2559 888 2598 CAPUT
917 2559 1014 2598 XII.

439 2678 486 2705 De
505 2674 654 2705 charitate
673 2686 710 2705 ex
729 2676 861 2717 epistola
880 2675 919 2706 ad
938 2676 1138 2707 Cartusianos
1158 2677 1282 2718 scripta.

413 2787 473 2822 34.
506 2788 660 2823 Memini
695 2801 754 2824 me
790 2788 935 2825 dudum
966 2789 1013 2825 ad
1049 2798 1200 2826 sanctos
1232 2790 1365 2827 fratres

360 2847 619 2883 (Jartusienses
649 2848 842 2898 scripsisse
883 2849 1108 2899 epistolam,
1146 2863 1189 2886 ac
1225 2849 1272 2885 de
1311 2850 1367 2887 his

360 2905 449 2953 ipsis
473 2906 510 2940 in
539 2919 582 2942 ea
610 2907 789 2955 gradibus
816 2909 914 2944 inter
942 2917 1076 2945 caetera
1099 2909 1319 2946 disseruisse
1336 2909 1364 2945 ⁶.

361 2967 472 3001 Forte
495 2973 619 3001 autem
643 2967 714 3002 alia
734 2967 785 3003 ibi
803 2997 811 3013 ,
834 2969 900 3005 etsi
934 2981 1010 3005 non
1039 2969 1180 3014 aliena,
1202 2969 1247 3005 de
1272 2969 1360 3006 cha-

360 3025 470 3060 ritate
493 3025 639 3061 locutus
663 3040 767 3072 sum;
790 3037 825 3064 et
847 3028 896 3064 ob
923 3029 996 3065 hoc
1014 3030 1188 3079 quaedam
1211 3030 1364 3067 illorum

358 3083 446 3120 huic
465 3090 478 3105 ³
501 3098 654 3133 quoqu<¹
685 3087 850 3123 sermoni
871 3088 1104 3138 subjungere
1132 3103 1209 3126 non
1230 3090 1365 3127 inutile

1435 2009 1629 2046 interdum
1660 2009 1810 2045 vultum
1828 2037 1837 2054 ‚
1868 2009 1926 2045 vel
1960 2017 2112 2056 actum3
2139 2010 2316 2047 affectum
2342 2022 2442 2046 nun—
2481 2030 2503 2052 ,ς

1435 2084 1563 2120 quam.
1591 2070 1698 2107 Facit
1717 2069 1877 2119 quidem
1910 2083 2187 2120 nonnunquam
2218 2071 2330 2107 etiam
2359 2082 2440 2107 ser-

1434 2143 1505 2167 vus
1537 2144 1635 2180 opus
1654 2131 1724 2167 Dei
1759 2146 1766 2167 :
1798 2130 1863 2167 sed
1895 2131 1984 2180 quia
2016 2144 2093 2167 non
2121 2139 2281 2181 sponte,
2302 2130 2340 2168 in
2375 2142 2441 2167 sua

1435 2191 1559 2228 adhuc
1581 2191 1720 2228 duritia
1740 2204 1967 2240 permanere
1997 2193 2253 2242 cognoscitur.
2274 2192 2376 2230 Facit
2403 2199 2440 2228 et

1435 2252 1715 2289 mercenarius:
1734 2251 1800 2288 sed
1817 2252 1906 2301 quia
1922 2265 1999 2289 non
2017 2253 2150 2302 gratis,
2166 2252 2322 2303 propria
2344 2251 2438 2288 trahi

1435 2313 1642 2362 cupiditate
1672 2312 1927 2349 convincitur.
1954 2316 2074 2350 Porro
2103 2312 2170 2350 ubi
2200 2311 2436 2363 proprietas,

1434 2373 1485 2410 ibi
1502 2373 1742 2423 singularitas
1763 2387 1771 2409 ε
1795 2372 1859 2410 ubi
1877 2382 2002 2410 autem
2018 2373 2256 2423 singularitas
2269 2403 2279 2420 ‚
2299 2372 2352 2410 ibi
2370 2385 2439 2410 an·

1434 2433 1544 2482 gulus
1564 2447 1572 2468 :
1591 2431 1657 2468 ubi
1677 2445 1771 2468 vero
1791 2432 1954 2482 angulus
1967 2461 1977 2478 ‚
1998 2432 2052 2470 ibi
2070 2433 2150 2470 sine
2168 2432 2286 2470 dubio
2310 2431 2438 2469 sordes

1433 2494 1512 2530 sive
1536 2492 1686 2542 rubigo.
1718 2493 1771 2529 Sit
1802 2493 1932 2543 itaque
1965 2507 2076 2530 servo
2107 2507 2174 2531 sua
2209 2493 2296 2538 lex,
2328 2493 2439 2529 timor

1432 2553 1513 2602 ipse
1531 2566 1608 2602 quo
1627 2553 1927 2601 constringitur3
1951 2553 1998 2590 sit
2026 2566 2092 2590 sua
2114 2553 2348 2590 mercenario
2376 2564 2438 2588 cu-

1434 2613 1573 2664 piditas
1590 2643 1599 2659 ,
1621 2627 1696 2662 qua
1713 2621 1749 2649 et
1769 2613 1850 2662 ipse
1881 2622 2049 2650 arctatur
2064 2642 2073 2659 ‚
2102 2613 2255 2663 quando
2276 2620 2438 2649 tentatur

1434 2673 1649 2710 abstractus
1680 2681 1717 2709 et
1747 2673 1906 2710 illectus.
1937 2674 2009 2711 Sed
2046 2674 2181 2711 harum
2213 2673 2341 2719 nulla,
2374 2679 2437 2710 aut

1381 2736 1413 2769 D
1434 2733 1513 2769 sine
1536 2733 1683 2769 macula
1700 2741 1756 2769 est
1773 2761 1782 2778 ,
1801 2741 1866 2769 aut
1888 2734 2033 2771 animas
2049 2743 2274 2771 convertere
2301 2740 2435 2784 potest.

1432 2792 1602 2829 Charitas
1633 2806 1725 2828 vero
1756 2794 1946 2830 convertit
1979 2795 2145 2841 animas,
2169 2801 2262 2844 quas
2288 2792 2375 2830 facit
2401 2798 2438 2829 et

1434 2853 1681 2890 voluntarias.

1489 2914 1551 2950 35.
1574 2917 1696 2951 Porro
1719 2915 1757 2951 in
1782 2929 1828 2952 eo
1848 2928 1930 2952 eam
1953 2914 2112 2952 dixerim
2133 2913 2433 2956 immaculatam,

1436 2972 1540 3021 quod
1573 2973 1624 3009 nil
1655 2973 1725 3010 sibi
1758 2974 1804 3011 de
1831 2988 1901 3011 suo
1934 2975 2098 3012 retinere
2129 2972 2339 3011 consuevit.
2368 2969 2435 3010 Cui

1433 3046 1571 3082 nempe
1604 3033 1650 3070 de
1685 3034 1846 3084 proprio
1877 3034 1971 3071 nihil
2000 3043 2078 3081 est,
2109 3042 2231 3071 totum
2266 3031 2436 3083 profecto

1432 3092 1536 3142 quod
1557 3093 1689 3139 habet,
1710 3095 1779 3132 Dei
1799 3102 1856 3131 est
1874 3109 1881 3131 :
1900 3094 2007 3144 quod
2027 3102 2152 3131 autem
2172 3093 2244 3131 Dei
2263 3099 2340 3137 est,
2361 3090 2435 3127 im—

359 3144 457 3181 duco
479 3160 486 3181 :
513 3144 724 3194 praesertim
752 3159 836 3181 cum
869 3148 1013 3185 facilius
1043 3150 1088 3185 ad
1113 3163 1267 3186 manum
1298 3150 1365 3186 ha·
1433 3153 1618 3190 mundum
1641 3167 1721 3192 csse
1738 3168 1815 3192 non
1837 3163 1976 3205 potest.
1994 3158 2075 3192 Lex
2097 3166 2188 3203 ergo
2201 3150 2354 3191 Domini
2369 3149 2436 3186 im-

408 3285 415 3299 1
434 3279 546 3321 Ephes.
570 3291 602 3315 V,
620 3281 673 3310 27.
690 3297 734 3300 —-
752 3284 763 3299 ²
780 3279 858 3309 psal.
883 3290 979 3315 xxxx-5
1006 3286 1037 3312 9,
1054 3300 1096 3303 ,ι
1113 3280 1226 3313 3p5331·
1244 3295 1319 3320 XLV,
1339 3290 1371 3317 g,
1386 3305 1430 3309 ψ
1446 3288 1459 3314 4
1480 3291 1554 3320 Llw·
1583 3300 1644 3326 ΧΗ,
1664 3292 1718 3321 37·
1735 3308 1774 3311 —
1794 3288 1806 3311 5
1822 3290 1902 3321 PSHL
1929 3300 2033 3327 vair,
2055 3292 2084 3322 4·
2099 3308 2131 3312 -
2166 3286 2181 3310 fi
2204 3286 2300 3331 13¹,st
2324 3282 2376 3317 11,v
2393 3299 2434 3306 .,

356 3339 370 3361 7
387 3333 466 3363 l‘sal.
482 3343 569 3362 cxvii
585 3356 592 3367 ,
620 3335 646 3362 1.
663 3351 705 3353 *ἡ
722 3330 735 3351 ⁵²
754 3332 832 3362 Psal.
851 3343 978 3366 xum,
1003 3336 1050 3363 19,
1071 3353 1077 3354 ⁷
1091 3352 1110 3354 -r
1126 3342 1140 3362 τι
1162 3337 1258 3366 Ι(ἶοι·.
1277 3347 1358 3375 xm,
1381 3344 1410 3370 ζ),
1428 3360 1468 3362 -c
1490 3347 1518 3361 ¹0
1535 3342 1613 3372 psal⁴
1629 3331 1715 3372 gun
1731 3367 1738 3375 ἱ
1757 3346 1787 3373 ὃ.

401 3398 416 3413 ²¹
437 3392 541 3430 Alias,
568 3390 669 3433 liujus.
