2565 3952
99 186 170 224 117

93 266 230 302 iterum
260 262 445 308 destruis;
473 262 811 312 praevaricatorem
841 270 876 298 te
900 262 1113 299 constituis.

1024 188 1290 223 EPISTOLAE.

2132 198 2204 233 118

1240 266 1275 301 8.
1297 264 1368 301 Sed
1398 265 1490 314 quid
1521 266 1568 302 ad
1594 280 1653 303 me
1673 267 1719 304 de
1750 267 1903 305 decanis
1933 271 2119 320 magistris
2136 287 2208 310 no-

93 324 238 364 Ambos
257 337 326 360 vos
346 336 500 360 necesse
521 331 576 359 est
596 336 683 360 meo
696 322 843 372 judicio
862 323 1085 373 praesentari
1100 351 1110 368 ,
1133 325 1159 357 A
1181 324 1267 361 stris
1281 353 1289 367 ,
1312 326 1378 375 qui
1400 326 1661 376 principatum
1693 338 1918 366 meruerunt
1946 330 1984 366 in
2014 333 2208 370 ecclesiis?

94 385 227 423 ambos
244 384 418 421 assistere
439 397 525 420 meo
545 383 727 420 tribunali
746 398 754 419 :
777 384 873 420 alter
894 383 940 420 de
958 383 1118 433 propria

94 445 429 497 praevaricatione,
452 445 548 481 alter
565 444 612 481 de
633 445 789 481 alterius
815 444 1040 481 seductione
1055 444 1118 494 ju-

93 505 305 550 dicabitur;
332 515 370 542 et
396 505 499 541 unde
520 505 615 541 alter
642 505 683 541 in
714 505 917 555 iniquitate
949 518 1017 542 sua
1038 519 1118 542 mo-

93 567 234 612 rietur,
253 565 343 603 inde
361 565 562 602 morientis
579 565 733 615 sanguis
758 565 804 602 de
825 579 942 602 manu
961 566 1116 603 alterius

93 627 312 677 requiretur
334 633 358 663 ¹.
379 629 470 663 Haec
493 634 531 662 et
548 626 606 663 his
626 626 782 673 similia,
802 627 1003 676 utriusque
1022 635 1116 664 teste

92 687 346 733 conscientia,
370 687 544 736 utrique,
569 687 737 734 Christe,
761 687 1026 733 invisibiliter,
1051 687 1116 723 sed

92 746 313 785 terribiliter
340 745 568 793 intonabas;
590 747 647 784 his
669 747 786 784 sacris
804 748 960 784 monitis
981 746 1117 784 ambo-

92 821 176 845 rum
199 815 346 844 mentes
364 807 426 857 pie
444 808 627 845 terrendo
648 808 840 858 pulsabas.
857 809 951 857 Quis
972 808 1018 845 ad
1036 809 1116 845 haec

91 882 171 906 non
208 869 380 914 timeret,
421 869 593 906 timendo
634 870 875 920 resipisceret
889 898 898 915 ‚
940 869 1012 906 nisi
1051 870 1116 919 qui

91 943 199 967 more
219 929 360 980 aspidis
393 930 519 967 surdae
548 939 586 968 et
617 930 836 968 obturantis
866 945 977 968 aures
1003 945 1112 977 suas,

90 1005 225 1029 vocem
245 992 407 1029 venefici
436 993 668 1030 incantantis
697 993 916 1043 sapienter,
940 1002 1005 1030 aut
1036 1007 1115 1030 non

90 1051 241 1088 audiret
257 1058 290 1097 ²,
311 1061 377 1090 aut
391 1066 430 1090 se
451 1052 584 1089 audire
602 1052 885 1090 dissimularet?

147 1113 182 1150 7.
205 1112 279 1150 Sed
301 1127 503 1164 usquequo
521 1113 599 1163 jam
629 1114 718 1151 satis
738 1114 798 1150 vel
826 1114 940 1151 nimis
961 1114 1114 1164 longam

88 1174 350 1223 protrahimus
381 1175 605 1225 epistolam,
641 1175 732 1212 dum
765 1175 879 1212 inviti
919 1176 1116 1225 loquimur

89 1247 170 1271 rem
198 1235 348 1272 silentio
379 1235 558 1285 dignam?
582 1238 658 1273 Cur
680 1236 793 1272 tantis
822 1235 1115 1272 circuitionibus

88 1294 136 1331 ad
159 1295 356 1332 veritatem
378 1295 592 1342 ambimus,
613 1295 705 1332 dum
734 1295 919 1345 pudenda
944 1297 1115 1333 revelare

89 1355 294 1392 timemus?
321 1356 454 1393 Dicam
490 1364 638 1402 tamen,
668 1356 791 1392 dicam
823 1370 910 1393 cum
942 1357 1113 1407 pudore,

88 1416 193 1466 quod
214 1417 346 1454 multis
363 1417 560 1467 cognitum
575 1447 584 1464 ,
606 1417 800 1454 occultare
821 1417 891 1454 etsi
908 1418 998 1454 volo
1010 1447 1019 1465 ,
1036 1431 1115 1455 non

87 1477 211 1514 valeo.
229 1478 303 1516 Sed
323 1491 443 1528 quare
464 1491 551 1514 cum
570 1477 748 1528 pudore?
768 1478 917 1528 [tquid
940 1492 1000 1515 me
1017 1480 1114 1516 scri-

87 1537 180 1575 bere
199 1538 364 1589 pudeat,
387 1538 494 1589 quod
515 1539 600 1576 illos
627 1552 706 1576 non
734 1539 876 1589 puduit
905 1540 1055 1577 facere?
1077 1540 1115 1579 Si

88 1598 233 1648 pudeat
259 1598 393 1636 audire
422 1599 530 1649 quod
560 1599 810 1650 impudenter
830 1609 1012 1650 egerunt,
1034 1615 1112 1638 non

88 1659 232 1710 pudeat
260 1659 467 1697 emendare
495 1660 601 1710 quod
631 1660 799 1698 libenter
826 1675 906 1698 non
936 1661 1112 1700 audiunt.

88 1720 189 1757 Proh
208 1720 338 1758 dolor!
360 1729 543 1758 neutrum
566 1722 723 1758 illorum
753 1736 937 1760 revocare
964 1724 1112 1773 potuit,

87 1791 154 1820 aut
168 1783 275 1820 illum
294 1796 315 1820 a
332 1783 558 1820 seductione
579 1784 696 1821 timor
716 1793 754 1821 et
781 1785 879 1821 ratio
895 1800 905 1832 ;
927 1793 993 1822 aut
1012 1785 1115 1821 hunc

1185 386 1337 422 Clavem
1361 387 1528 424 scientiae
1551 396 1703 434 tenent,
1720 397 1758 425 et
1777 390 1921 439 primas
1950 392 2148 429 cathedras
2169 395 2208 430 in

1185 446 1440 483 conventibus
1476 447 1685 497 possident.
1720 449 1895 486 Viderint
1936 451 2007 501 ipsi
2046 453 2210 501 qualiter

1185 506 1359 544 subditos
1388 507 1584 557 judicent,
1614 509 1793 559 fugitivos
1826 522 2027 558 revocent,
2052 526 2210 550 revoca-

1185 576 1262 613 tos,
1285 568 1314 605 si
1336 568 1387 604 ita
1409 569 1625 616 voluerint,
1642 570 1782 606 iterum
1804 571 1995 620 effugent,
2018 572 2210 622 dispersos

1184 628 1385 678 colligant,
1420 630 1601 666 collectos
1636 629 1858 680 dispergant
1888 646 1896 667 :
1928 632 2020 681 quid
2052 633 2099 669 ad
2126 636 2211 670 me?

1184 692 1344 736 Fateor,
1363 690 1603 740 aliquantum
1622 691 1659 727 in
1689 691 1774 727 illos
1792 701 1956 742 propter
1975 701 2009 729 te
2022 722 2031 739 ,
2054 694 2105 730 mi
2124 695 2211 731 Ful-

1185 762 1249 796 co,
1265 750 1424 786 modum
1441 760 1583 788 nostrae.
1599 752 1799 801 parvitatis
1814 753 1977 799 excessi3
1996 753 2087 790 dum
2105 762 2209 790 tuam

1185 809 1232 846 de
1254 811 1327 848 illis
1348 812 1462 862 cupio
1490 813 1649 862 palliare
1672 813 1942 850 verecundiam
1960 843 1968 859 ,
1995 823 2210 864 temperare

1185 871 1350 921 culpam.
1376 873 1521 910 Omitto
1543 886 1635 923 ergo
1664 873 1773 919 illos,
1807 888 1854 911 ne
1874 888 1952 911 non
1977 883 2051 911 tam
2076 888 2211 925 repre-

1184 932 1360 970 hensioni
1375 964 1384 980 ,
1400 948 1514 984 quam
1534 935 1802 985 reprehensori
1816 935 1921 985 juste
1940 936 2209 985 indignentur,

1183 1006 1253 1030 nec
1269 1002 1344 1030 tam
1361 994 1407 1031 de
1425 1008 1492 1032 sua
1509 996 1751 1033 correctione
1769 997 1939 1046 cogitent
1952 1025 1960 1041 ,
1981 1010 2095 1046 quam
2118 997 2212 1035 mihi

1135 1057 1161 1091 B
1184 1054 1231 1091 de
1259 1057 1562 1106 praesumptione
1592 1057 1888 1094 calumnientur.
1913 1061 1997 1095 Non
2031 1059 2209 1096 Ecclesiae

1183 1117 1424 1168 principem,
1462 1118 1528 1155 sed
1557 1132 1721 1169 puerum
1756 1119 1968 1155 scholarem
2004 1118 2211 1169 objurgare

1183 1179 1354 1228 suscepi,
1376 1180 1441 1228 qui
1464 1180 1607 1217 nesciat
1633 1180 1842 1230 indignari,
1861 1194 1939 1216 non
1959 1181 2062 1217 norit
2084 1181 2209 1217 irasci.

1182 1239 1262 1275 Nisi
1285 1239 1382 1275 forte
1413 1248 1450 1276 et
1481 1248 1519 1276 tu
1551 1253 1687 1287 sensu,
1717 1254 1795 1277 non
1829 1241 1972 1277 malitia
2004 1241 2211 1291 parvulus,

1182 1298 1351 1348 idipsum
1376 1300 1470 1336 mihi
1499 1301 1765 1346 calumnieris,
1788 1309 1826 1337 et
1852 1300 1953 1337 dicas
1983 1315 1990 1336 z
2013 1304 2096 1337 Imo
2118 1300 2211 1350 quid

1183 1359 1277 1395 mihi
1306 1368 1342 1396 et
1371 1360 1468 1410 ipsi?
1499 1360 1591 1410 quid
1618 1361 1666 1397 ad
1696 1361 1803 1397 illum
1832 1361 1879 1398 de
1910 1370 2069 1411 peccato
2100 1362 2213 1397 meo?

1183 1420 1379 1470 Numquid
1407 1434 1478 1471 ego
1511 1435 1594 1458 sum
1629 1422 1869 1459 monachus?
1891 1425 1937 1459 Et
1961 1422 2007 1458 ad
2035 1422 2130 1468 hoc,
2153 1422 2211 1458 fa-

1163 1490 1291 1528 'teor,
1315 1482 1421 1532 quod
1452 1483 1709 1533 respondeam
1732 1497 1810 1519 non
1834 1481 1980 1529 habeo,
2004 1483 2077 1519 nisi
2107 1482 2214 1532 quod

1183 1544 1352 1580 confisus
1381 1557 1464 1580 sum
1494 1552 1574 1580 tum
1606 1544 1652 1581 de
1675 1552 1757 1590 tua,
1781 1557 1894 1593 quam
1921 1543 1959 1580 in
1984 1552 2018 1580 te
2040 1543 2212 1590 credidi,

1182 1604 1352 1654 ingenita
1381 1605 1700 1651 mansuetudine,
1732 1614 1811 1641 tum
1844 1604 1890 1641 de
1912 1605 1982 1642 Dei
2006 1604 2211 1650 charitate,

1183 1679 1257 1715 qua
1286 1674 1324 1702 et
1350 1666 1389 1702 in
1412 1666 1604 1717 principio
1633 1667 1806 1716 epistolae
1827 1679 2028 1702 excusasse
2050 1679 2111 1702 me
2133 1679 2213 1701 me-

1184 1726 1290 1763 mini.
1322 1726 1414 1776 Ejus
1446 1728 1527 1764 zelo
1564 1736 1713 1764 tantum
1748 1728 1800 1764 tui
1833 1727 1975 1764 erroris
2005 1727 2206 1770 misertus,

1184 1795 1334 1824 tantum
1362 1797 1437 1826 tuae
1460 1789 1622 1826 miseriae
1651 1801 1874 1839 compassus
1899 1802 2002 1834 sum,
2023 1796 2214 1838 quatenus

88 1855 109 1878 a
123 1842 437 1892 praevaricatione
454 1842 584 1893 pudor
598 1852 636 1880 et
652 1843 965 1894 professio.Quid
978 1845 1116 1895 plura?
1139 1846 1166 1883 C
1186 1861 1302 1898 supra
1329 1849 1489 1886 modum
1512 1858 1548 1886 et
1571 1863 1719 1886 morem
1748 1863 1875 1885 meum
1897 1849 1942 1885 de
1966 1858 2001 1885 te
2023 1862 2100 1885 non
2126 1862 2212 1885 meo

88 1901 207 1939 verba
231 1903 550 1953 praecipitationis
571 1903 780 1940 concinnat
804 1904 935 1954 lingua
951 1904 1086 1942 dolosa
1104 1920 1111 1941 :

89 1965 267 2014 concepit
282 1963 472 2010 dolorem,
489 1973 525 2001 et
541 1964 732 2014 persuasit
747 1965 1002 2015 iniquitatem.
1020 1965 1116 2004 Sub-

88 2025 203 2061 vertit
233 2038 438 2075 perversus
467 2039 696 2062 conversum
730 2041 737 2063 :
770 2027 979 2063 revertitur
1011 2027 1114 2063 canis

88 2085 135 2122 ad
170 2086 360 2122 vomitum
382 2085 408 2122 3.
455 2087 623 2123 Ecclesia
658 2095 786 2123 vestra
817 2101 929 2124 suum
970 2088 1116 2137 recepit

88 2146 308 2193 alumnum,
331 2160 445 2197 quem
477 2148 615 2184 melius
647 2147 813 2185 habebat
835 2148 1028 2185 amissum.
1054 2149 1115 2187 Sic

88 2206 322 2256 Lugdunum
354 2207 470 2254 olim,
495 2208 622 2244 studio
655 2208 830 2245 similiter
859 2217 897 2246 et
926 2209 1115 2247 industria

90 2268 147 2304 sui
171 2267 330 2314 decani,
347 2267 521 2317 ejusdem
544 2268 679 2306 decani
699 2278 880 2320 nepotem
895 2299 905 2316 ,
926 2283 1036 2307 suum
1056 2284 1116 2307 ca—

89 2328 271 2365 nonicum
287 2358 297 2374 ,
317 2342 432 2379 quem
450 2328 548 2366 bene
566 2329 807 2379 perdiderat,
831 2330 929 2367 male
950 2344 1115 2381 recupe-

90 2388 201 2425 ravit.
223 2389 329 2426 Sicut
350 2390 414 2426 ille
434 2391 643 2428 Fulconem
667 2390 781 2427 beato
804 2391 1042 2441 Augustino,
1064 2392 1116 2428 sic

91 2448 320 2487 Othbertum
349 2450 418 2488 iste
449 2460 582 2488 sancto
611 2451 821 2489 Benedicto
855 2451 1061 2502 subripuit.
1085 2456 1116 2490 O

91 2523 207 2560 quam
227 2511 441 2549 ordinatius
458 2512 541 2562 ipse
562 2526 649 2549 cum
667 2521 798 2550 sancto
820 2521 973 2550 sanctus
992 2513 1117 2550 effice-

92 2580 219 2616 retur,
237 2586 352 2623 quam
376 2587 462 2611 cum
485 2587 670 2624 perverso
691 2583 845 2612 sanctus
869 2583 1116 2625 pervertere-

92 2636 176 2670 tur!
205 2647 228 2670 0
255 2647 370 2684 quam
392 2635 592 2685 pulchrius
611 2648 742 2672 senem
769 2636 991 2672 saecularem
1019 2649 1118 2686 puer

91 2695 290 2745 religiosus
318 2695 367 2733 ad
388 2710 426 2733 se
457 2697 647 2742 traheret,
677 2706 715 2734 et
732 2697 784 2734 sic
804 2697 980 2734 vinceret
1006 2706 1115 2734 uter—

92 2767 188 2804 que,
208 2770 324 2806 quam
352 2757 573 2807 religiosum
603 2759 794 2795 saecularis
816 2758 863 2795 ad
886 2772 925 2795 se
946 2758 1118 2795 retrahe-

92 2824 171 2863 ret,
207 2817 246 2853 in
286 2831 364 2867 quo
406 2818 530 2855 victus
572 2827 630 2855 est
673 2822 858 2868 uterque!
903 2822 934 2857 O
986 2832 1116 2856 senem

93 2875 281 2914 infelicem
300 2880 308 2914 ἔ
341 2891 365 2915 ο
404 2879 639 2916 avunculum
683 2879 900 2917 crudelem!
938 2880 1005 2929 qui
1036 2879 1116 2929 jam

94 2935 329 2989 decrepitus,
359 2940 484 2977 statim
510 2941 740 2987 moriturus,
764 2941 918 2991 nepotis
950 2940 1117 2977 animam

93 2997 200 3046 prius
228 2999 443 3047 interfecit;
468 3014 583 3051 quem
611 3009 653 3038 ut
675 3010 925 3052 peccatorum
956 3015 1117 3038 suorum

94 3055 251 3095 haberet
270 3059 480 3108 haeredem,
497 3074 519 3097 a
541 3060 680 3099 Christi
700 3070 803 3099 sorte
830 3062 1016 3112 privavit!
1043 3062 1118 3099 Sed

94 3117 161 3165 qui
181 3117 253 3155 sibi
269 3133 435 3170 nequam
457 3119 534 3167 est,
552 3122 613 3159 cui
634 3121 761 3160 bonus
777 3121 791 3148 ⁴¹
803 3124 817 3159 Ρ
830 3122 966 3160 Maluit
984 3123 1022 3159 in
1040 3123 1117 3159 suis

94 3174 336 3217 facultatibus
352 3179 495 3217 habere
515 3195 795 3228 successorem,
815 3195 931 3232 quam
950 3196 1021 3233 pro
1040 3182 1116 3219 ini-

95 3237 305 3286 quitatibus
324 3241 631 3286 intercessorem.

1183 1923 1244 1947 me
1267 1910 1557 1947 intromiserim.
1580 1911 1717 1949 Gravis
1736 1911 1863 1960 lapsus
1884 1919 1970 1947 tuus
1990 1924 2032 1946 ac
2054 1910 2212 1946 misera-

1182 1970 1268 2008 bilis
1286 1985 1394 2009 casus
1412 1962 1642 2022 provocavit
1655 1986 1716 2009 me
1735 1981 1777 2009 ut
1794 1972 1866 2009 hoe
1882 1971 2208 2022 praesumpserim·

1182 2034 1305 2079 Quem
1343 2033 1446 2069 enim
1477 2041 1762 2070 coaetaneorum
1794 2041 1950 2069 tuorum
1987 2046 2047 2068 mc
2078 2031 2210 2068 vidisti

1183 2095 1369 2142 arguere?
1397 2094 1458 2130 cui
1482 2094 1540 2130 vel
1570 2093 1815 2131 brevissimas
1836 2093 2044 2144 aliquando
2066 2093 2211 2129 litteras

1184 2154 1392 2190 direxisse?
1414 2158 1499 2191 Non
1522 2163 1649 2191 tamen
1667 2155 1774 2204 quod
1796 2168 1931 2191 omues
1950 2162 2108 2190 caeteros
2126 2166 2209 2189 san—
2232 2160 2235 2162 '

1183 2222 1265 2250 ctos
1285 2215 1522 2264 putaverim,
1545 2223 1610 2251 aut
1635 2215 1729 2251 nihil
1755 2215 1794 2251 in
1826 2215 1879 2251 eis
1908 2213 2210 2264 reprehensione

1184 2274 1341 2324 dignum
1358 2275 1586 2312 invenerim.

1239 2337 1275 2373 9.
1290 2339 1483 2386 Cui-erge,
1496 2337 1637 2386 inquis,
1658 2337 1903 2386 singulariter
1917 2350 1977 2373 me
1996 2335 2210 2385 reprehen-

1185 2396 1255 2442 dis,
1281 2411 1365 2433 cum
1389 2406 1426 2435 et
1446 2398 1485 2434 in
1506 2398 1588 2434 aliis
1605 2397 1735 2434 videas
1753 2397 1858 2447 quod
1880 2397 2022 2447 justius
2050 2396 2209 2432 forsitan

1185 2457 1470 2507 reprehendere
1498 2458 1648 2508 possis?
1677 2457 1737 2495 Ad
1766 2458 1872 2507 quod
1903 2471 1973 2507 ego
2005 2472 2012 2494 :
2045 2460 2210 2506 Propter

1185 2518 1489 2567 singularitatem
1510 2518 1652 2555 erroris
1686 2518 1766 2563 tui,
1799 2526 1962 2568 propter
1989 2517 2208 2554 immanita-

1187 2586 1261 2614 tem
1292 2579 1439 2628 peccati
1470 2578 1535 2615 tui.
1566 2581 1661 2615 Nam
1690 2577 1759 2614 etsi
1779 2578 1954 2627 plerique
1975 2577 2037 2613 alii
2058 2575 2208 2626 perdite

1185 2640 1347 2686 vivunt,
1376 2641 1444 2677 etsi
1476 2639 1687 2677 inordinati
1721 2648 1758 2676 et
1792 2639 2065 2689 indisciplinati
2096 2645 2208 2683 sunt,

1135 2701 1166 2734 D
1186 2701 1359 2739 nondum
1377 2711 1503 2738 tamen
1519 2701 1696 2738 ordinem
1712 2709 1776 2738 aut
1791 2700 2030 2751 disciplinam
2047 2698 2209 2750 professi

1186 2772 1287 2800 sunt.
1309 2766 1405 2800 Sunt
1423 2763 1579 2813 quidem
1598 2771 1821 2814 peccatores
1837 2792 1845 2808 ,
1871 2761 1935 2798 sed
1955 2775 2032 2798 non
2056 2773 2208 2811 praeva-

1185 2826 1380 2862 ricatores
1417 2829 1473 2862 Tu
1509 2838 1602 2862 vero
1643 2823 1929 2874 quantumlibet
1963 2822 2135 2859 modeste
2170 2830 2209 2858 et

1184 2886 1346 2923 honeste
1366 2887 1497 2933 vivas3
1529 2886 1559 2923 si
1594 2894 1717 2933 caste,
1753 2886 1783 2922 si
1814 2884 1963 2930 sobrie,
1995 2884 2024 2920 si
2045 2883 2206 2920 omniuo

1185 2948 1361 2997 religiose
1383 2956 1419 2984 te
1446 2947 1587 2984 habeas
1610 2962 1617 2984 :
1655 2950 1736 2984 Deo
1760 2955 1887 2983 tamen
1906 2946 2032 2982 minus
2052 2951 2206 2993 accepta

1186 3017 1242 3045 est
1266 3018 1330 3046 tua
1358 3009 1493 3058 religio
1511 3038 1519 3055 ,
1545 3022 1659 3059 quam
1680 3008 1861 3059 deturpat
1879 3007 1961 3043 voti
1981 3004 2208 3057 praevarica-

1186 3071 1252 3107 tio.
1281 3069 1449 3117 Idcirco,
1485 3070 1724 3116 charissime,
1745 3083 1793 3106 ne
1828 3078 1862 3106 te
1895 3068 1969 3105 tuis
2003 3065 2204 3103 coaetaneis

1185 3144 1407 3181 compares,
1431 3146 1452 3168 a
1482 3131 1622 3182 quibus
1652 3131 1841 3182 professio
1876 3139 1911 3166 te
1940 3135 2108 3179 separat3
2133 3138 2203 3161 uec

1186 3201 1363 3242 respectu
1381 3193 1622 3230 saecularium
1639 3193 1686 3230 de
1703 3201 1767 3229 tua
1788 3191 1856 3229 tibi
1878 3192 1974 3227 forte
1988 3189 2103 3239 paulo
2120 3199 2204 3235 gra-

1184 3252 1281 3289 viori
1303 3252 1541 3290 continentia
1560 3252 1790 3297 blandiaris,
1814 3264 1900 3288 cum
1921 3249 1988 3286 tibi
2011 3246 2202 3285 Dominus

146 3380 156 3396 ²
174 3376 365 3417 Ezech.111‚
389 3382 442 3411 18.
462 3399 508 3403 -
526 3386 538 3401 ²
554 3381 742 3420 Psal.Lv11,
762 3385 798 3420 5,
818 3385 849 3413 6.
872 3402 916 3406 -—
935 3382 948 3405 ⁵
963 3386 1157 3421 IlPetr.11,
1179 3386 1233 3414 22.
1250 3400 1292 3404 —
1307 3381 1321 3408 ⁴
1338 3382 1433 3414 Eccli.
1455 3393 1529 3421 xm,
1553 3386 1584 3413 ζ).
