2517 3936
78 215 176 254 1009

733 219 799 254 DE
829 219 1255 259 CONSIDERATIONE
1283 226 1428 263 LIBER
1456 229 1484 263 I.

72 295 286 344 immergas.
307 296 467 335 Vereor,
488 293 662 342 inquam,
683 307 730 332 ne
752 295 790 332 in
814 296 947 333 mediis
966 301 1218 345 occu·⁴⁰⁹rae‚
1251 301 1355 349 quod
1389 304 1603 352 corpusculi
1634 307 1841 354 pausationi
1877 312 2052 348 sufficiat-

2031 240 2126 275 1010

2046 343 2054 358 ,
2090 325 2125 351 ct

72 354 313 408 pationibus,
333 354 515 405 quoniam
532 355 660 392 multae
681 365 790 401 sunt,
814 357 904 393 dum
930 357 1070 395 diffidis
1089 364 1122 397 A
1142 372 1292 395 rursum
1324 360 1370 396 ad
1401 360 1524 410 jurgia
1555 364 1730 412 surgitur.
1765 367 1851 401 Dii-s
1877 369 1948 404 divi
1975 382 2126 409 cruciat

72 419 188 456 finem
201 445 212 463 ‚
243 416 406 453 frontem
439 415 553 453 dures
566 443 575 461 ,
598 424 636 453 et
655 417 706 453 ita
726 418 863 455 sensim
895 427 930 456 te
950 420 1075 470 ipsum

72 476 359 531 quodammodo
379 489 492 513 sensu
509 476 637 527 prives
653 476 747 525 justi
764 479 941 528 utilisque
964 480 1076 517 dolo—

73 539 137 578 ris.
166 537 289 576 Multo
313 536 542 587 prudentius
566 545 601 573 te
621 537 694 573 illis
721 537 921 575 subtrahas
940 540 1000 576 rel
1029 540 1075 577 ad

73 609 243 649 tempus,
266 610 382 647 quam
408 596 554 647 patiare
582 597 680 634 trahi
707 597 754 634 ab
777 598 889 648 ipsis,
921 608 958 636 et
989 599 1076 637 duci

72 667 174 698 certe
188 657 372 709 paulatim
389 670 466 707 quo
485 665 526 693 tu
545 669 624 693 non
645 657 712 694 vis.
732 658 878 705 Quaeris
895 660 996 708 quo?
1017 660 1077 697 Ad

71 733 139 759 cor
157 718 310 756 durum.
326 721 405 756 Nec
420 729 556 768 pergas
571 730 743 767 quaerere
754 747 764 764 ,
781 718 875 767 quid
890 719 985 756 illud
1003 721 1050 757 sit
1066 736 1074 758 :

71 780 104 818 si
118 792 198 817 non
217 778 427 830 expavisti,
448 785 555 815 tuum
576 777 650 814 hoc
670 785 738 814 est.
771 778 901 815 Solum
928 788 984 816 est
1010 794 1076 817 cor

72 840 232 888 durum,
255 838 361 891 quod
383 839 629 889 semetipsum
653 851 732 874 non
755 838 957 885 exhorret,
987 841 1076 890 quia

69 914 142 940 nec
158 900 284 938 sentit.
303 899 406 949 Quid
427 912 487 936 me
502 899 742 948 interrogas?
759 902 957 949 Interroga
978 901 1075 938 Pha-

68 973 240 999 raonem.
254 964 376 998 Nemo
396 958 482 996 duri
499 958 626 996 cordis
645 958 804 995 salutem
821 973 990 1010 unquam
1012 961 1076 998 ad-

9 1029 19 1037 “
69 1029 182 1072 eptus
202 1029 278 1067 est,
303 1020 377 1058 nisi
392 1032 507 1070 quem
527 1019 626 1056 forte
646 1019 830 1057 miserans
848 1023 951 1057 Deus
964 1049 972 1065 ,
989 1020 1075 1059 abs-

17 1100 46 1133 ρ
69 1081 156 1125 tulit
178 1079 314 1128 abeo,
341 1079 454 1130 juxta
480 1080 730 1131 prophetam,
761 1094 828 1117 cor
856 1081 1070 1131 lapideum,

1143 417 1249 462 lites,
1281 427 1318 455 ct
1347 433 1423 455 nox
1455 422 1554 457 nocti
1589 423 1727 459 indicat
1761 427 1934 462 malitiam
1971 443 1977 463 :
2013 443 2127 479 usquc

1143 476 1237 514 adeo
1259 492 1334 515 non
1355 488 1409 515 est
1431 481 1614 529 respirare
1635 483 1669 518 in
1695 482 1822 528 bonis,
1846 499 1919 520 uon
1941 496 1994 522 est
2014 490 2125 525 altri·-

1143 551 1229 575 nam
1251 553 1445 589 capessere
1467 542 1655 591 requiem,
1678 557 1752 579 non
1775 545 1830 580 rel
1857 559 1937 581 rara
1959 547 2125 585 interseri

1143 598 1231 635 otia.
1254 602 1336 636 Non
1361 600 1510 650 ambigo
1532 610 1565 639 te
1582 616 1732 651 quoque
1756 604 1822 640 ista
1843 603 2038 653 deplorare
2062 622 2068 642 :
2094 617 2129 643 at

1143 658 1283 695 frustra
1311 659 1432 706 istud,
1467 661 1496 697 si
1527 675 1603 698 non
1636 671 1673 698 et
1695 663 1896 700 emendare
1929 665 2126 703 studueris.

1142 718 1299 754 Interim
1321 727 1444 756 tamen
1465 721 1516 757 sic
1542 735 1690 771 semper
1708 723 1819 759 facias
1838 723 1987 769 hortor,
2009 738 2075 759 nec
2097 734 2130 762 te

1143 789 1309 826 unquam
1332 778 1377 815 ad
1394 780 1463 816 ista
1479 779 1672 817 duraveris
1693 782 1860 830 quolibet
1881 795 1948 818 usu
1968 784 2023 818 vel
2045 784 2131 819 assi-

1142 836 1294 874 duitate.
1327 840 1499 875 Percussi
1533 855 1614 885 eos,
1649 850 1683 876 ct
1712 856 1784 877 ηοη
1820 844 2015 877 doluerunt
2036 871 2046 885 ,
2083 844 2131 879 ait

1140 896 1309 936 Deus3s.
1344 900 1442 937 Nihil
1473 900 1562 947 tibi,
1592 910 1628 938 et
1660 902 1742 938 illis.
1776 903 1870 938 Justi
1909 903 2034 951 potius
2066 903 2131 939 tibi

1141 967 1270 1008 aptare
1303 969 1432 997 curato
1459 970 1495 997 et
1528 962 1787 1008 affectionem,
1812 971 1848 999 et
1879 976 2032 1008 rocem,
2065 965 2128 1012 qui

1140 1020 1190 1055 ait
1209 1034 1216 1055 :
1244 1022 1340 1065 thoe
1359 1030 1410 1056 est
1432 1026 1528 1057 enim
1543 1021 1727 1070 sortiendo
1749 1036 1830 1058 meu
1851 1031 1890 1058 ut
1907 1026 2131 1059 Allsll‘llctlm?

1140 1090 1205 1116 aut
1223 1081 1432 1130 quisfitzis‘l
1453 1096 1578 1128 meusg
1612 1093 1648 1119 ut
1669 1088 1860 1131 patienter
1884 1097 1991 1131 agam
2005 1086 2024 1119 ‚³
2055 1085 2129 1117 Νιγ-

39 1178 42 1180 ,
67 1149 107 1179 et
124 1139 231 1178 dedit
249 1153 317 1178 cor
334 1154 514 1178 carneum
529 1148 555 1178 ¹.
576 1140 678 1189 Quid
704 1154 796 1190 ergo
816 1154 883 1177 cor
908 1141 1074 1178 durum?
1095 1144 1123 1178 B
1136 1138 1318 1187 fortitudo
1336 1143 1502 1190 lapidum
1515 1141 1719 1189 ‘fortitudo
1738 1158 1819 1178 mea
1832 1172 1844 1187 ,
1863 1158 1929 1178 [ΝΤ
1944 1157 2030 1178 carn
2049 1158 2129 1178 tuen

66 1205 198 1253 Ipsum
222 1210 280 1239 est
306 1201 412 1252 quod
440 1215 512 1239 nec
534 1201 833 1251 compunctione
872 1201 1076 1249 scinditur,

69 1274 141 1299 nec
166 1261 308 1312 pietate
336 1261 528 1307 mollitur,
562 1275 634 1298 nec
663 1269 842 1298 movetur
868 1261 1076 1310 precibus:

70 1322 184 1359 minis
202 1335 281 1359 non
303 1321 422 1369 cedit,
449 1321 604 1372 flagellis
623 1321 796 1358 duratur.
818 1324 1013 1370 Ingratum
1032 1320 1079 1357 ad

71 1381 260 1420 beneficia
287 1391 364 1430 est,
390 1382 439 1420 ad
459 1383 618 1420 consilia
645 1381 833 1428 infidum,
865 1381 911 1418 ad
935 1380 1081 1431 judicia

71 1457 216 1482 saevum
231 1450 263 1490 ²¹,
283 1443 588 1481 inverecundum
607 1443 655 1480 ad
673 1443 818 1493 turpia,
841 1442 1079 1493 impavidum

71 1504 119 1542 ad
144 1504 332 1555 pericula,
356 1504 608 1541 inhumanum
635 1503 683 1541 ad
705 1504 892 1548 humana,
915 1511 1080 1539 temera-

70 1564 172 1603 rium
205 1565 246 1602 in
277 1561 455 1610 divina¹³‚
489 1565 777 1615 praeteritorum
815 1562 1045 1600 obliviscens
1067 1591 1077 1610 ,

69 1625 275 1676 praesentia
308 1625 504 1675 negligens
522 1654 532 1672 ,
569 1625 697 1662 futura
735 1638 814 1662 non
854 1623 1076 1675 providens.

70 1690 203 1737 Ipsum
222 1695 300 1733 est,
326 1686 386 1724 cui
405 1687 691 1737 praeteritorum
706 1716 715 1733 ,
740 1694 880 1736 praeter
901 1685 998 1722 solas
1019 1685 1079 1720 in-

68 1745 212 1797 jurias,
232 1747 327 1784 nihil
349 1747 508 1784 omnino
527 1760 605 1784 non
625 1746 813 1797 praeterit;
833 1745 1079 1796 praesentium

72 1808 168 1846 nihil
187 1821 267 1845 non
288 1808 411 1859 perit3
433 1809 650 1846 futurorum
668 1808 794 1855 nulla,
822 1807 895 1844 nisi
916 1807 1013 1843 forte
1033 1805 1080 1842 ad

70 1868 352 1915 ulciscendum,
371 1869 591 1919 prospectio
612 1882 678 1906 seu
696 1867 926 1919 praeparatio
943 1875 1011 1904 est.
1034 1870 1082 1904 Et

1143 1215 1251 1236 oeneu
1285 1202 1377 1238 esci.
1408 1206 1542 1251 Magna
1571 1204 1689 1239 virtus
1720 1204 1936 1253 patientiae:
1958 1203 2021 1239 sed
2055 1217 2131 1239 non

1143 1260 1240 1297 hanc
1259 1260 1325 1298 tibi
1341 1262 1387 1298 ad
1405 1263 1472 1299 ista
1490 1264 1712 1311 optaverim.
1728 1263 1920 1300 Interdum
1939 1264 2134 1313 impatien-

1146 1329 1220 1357 tem
1242 1334 1340 1366 esse,
1370 1321 1616 1371 probabilius.
1641 1326 1745 1359 Tune
1775 1322 1961 1372 approbes
1982 1323 2132 1358 illorum

1146 1382 1385 1431 patientiam,
1415 1383 1553 1433 quibus
1578 1384 1715 1420 Paulus
1747 1383 1893 1419 dicebat
1923 1398 1930 1419 ;
1966 1382 2137 1417 Libenter

1146 1440 1309 1489 suffertis
1341 1447 1576 1491 insipientes,
1610 1457 1689 1479 cum
1714 1448 1793 1479 sitis
1824 1446 1894 1490 ipsi
1919 1442 2135 1490 sapientes?

1146 1502 1192 1539 Ni
1213 1502 1342 1548 fallor,
1363 1503 1485 1539 ironia
1505 1512 1584 1540 erat
1600 1532 1609 1549 ,
1631 1512 1667 1540 et
1686 1516 1762 1540 non
1786 1503 1886 1548 laus,
1912 1501 1976 1538 sed
1996 1499 2135 1548 suggil-

1146 1561 1235 1598 latio
1249 1563 1500 1612 quorumdam
1516 1563 1830 1607 mansuetudinis,
1847 1562 1909 1610 qui
1923 1560 2026 1610 quasi
2043 1559 2137 1595 datis

1146 1623 1321 1660 manibus
1346 1624 1699 1674 pseudoapostolis,
1721 1637 1741 1660 a
1761 1622 1898 1673 quibus
1927 1630 1963 1657 et
1990 1619 2133 1656 seducti

1147 1691 1275 1728 erant,
1298 1683 1345 1720 ad
1365 1698 1524 1734 quaeque
1544 1685 1713 1734 ipsorum
1739 1682 1935 1733 peregrina
1958 1689 1994 1717 et
2018 1692 2134 1728 prava

1146 1742 1322 1792 dogmata
1343 1745 1439 1780 trahi
1459 1758 1497 1781 se
1513 1744 1782 1794 patientissime
1801 1744 1952 1779 ferrent.
1971 1739 2080 1777 [nde
2100 1747 2136 1773 tt

1146 1802 1330 1849 subdens,
1354 1805 1544 1840 sustinetis
1563 1810 1681 1848 enim,
1700 1803 1844 1852 inquit,
1864 1806 1894 1837 si
1915 1805 1996 1849 quis
2011 1812 2075 1834 vos
2097 1803 2135 1833 in

1145 1868 1352 1899 servitutem
1385 1867 1522 1912 redigit
1535 1863 1561 1901 ⁵.
1592 1868 1677 1901 >ion
1701 1863 1803 1900 bona
1831 1860 2028 1912 patientia,
2051 1871 2135 1895 cum

73 1935 116 1966 ut
133 1927 243 1966 brevi
256 1937 393 1966 cuncta
406 1928 600 1966 horribilis
613 1929 702 1966 mali
716 1929 816 1966 mala
833 1928 1078 1978 complectar,
1099 1929 1126 1965 C
1145 1924 1266 1973 possis
1296 1937 1374 1960 esse
1401 1923 1518 1971 liber,
1548 1937 1697 1961 servum
1729 1931 1764 1959 te
1797 1920 2013 1972 permittere
2044 1917 2136 1954 lieri.

71 1988 198 2040 ipsum
218 1997 276 2027 est
294 1989 400 2039 quod
417 2003 488 2027 nec
503 1994 626 2027 Deum
647 1990 775 2036 timet,
795 2002 865 2026 nec
881 1988 1078 2025 hominem

73 2058 284 2088 reveretur.
305 2054 364 2088 En
384 2064 462 2100 quo
484 2051 634 2088 trahere
655 2059 691 2087 te
717 2049 861 2087 habent
881 2049 939 2086 hae
961 2062 1078 2085 occu-

16 2135 20 2138 ·
72 2103 248 2160 pationes
271 2110 484 2148 maledictae
506 2126 514 2148 :
536 2111 567 2148 si
587 2119 714 2148 tamen
736 2110 882 2160 pergis,
903 2118 946 2146 ut
966 2109 1082 2158 coepi-

73 2169 142 2216 sti,
165 2170 218 2208 ita
241 2170 333 2208 dare
364 2179 401 2208 te
429 2179 553 2208 totum
584 2171 678 2217 illis,
702 2171 757 2207 nil
788 2170 843 2207 tui
873 2169 942 2206 tibi
962 2169 1082 2205 relin-

73 2243 209 2280 quens·
239 2231 373 2269 Perdis
399 2240 581 2282 tempus:
604 2232 635 2269 si
665 2231 754 2268 licet
782 2244 887 2267 nunc
919 2230 1081 2266 alterum

72 2303 135 2327 me
150 2289 223 2327 tibi
236 2291 417 2328 exhibere
432 2295 453 2329 J
456 2292 586 2339 ethro,
607 2300 648 2329 tu
663 2305 818 2341 quoque
831 2291 869 2327 in
890 2290 947 2326 his
968 2289 1082 2326 stulto

73 2349 206 2388 labore
223 2353 486 2390 consumeris²
500 2381 510 2399 ‚
530 2366 615 2403 quae
631 2366 710 2390 non
732 2360 821 2390 sunt
836 2352 910 2388 nisi
928 2350 1083 2387 afflictio

74 2410 254 2461 spiritus,
277 2413 502 2450 evisceratio
528 2413 687 2460 mentis,
715 2412 913 2450 evacuatio
939 2411 1080 2461 gratiae.

73 2472 169 2509 Nam
189 2471 334 2510 fructus
352 2472 493 2511 horum
511 2473 604 2524 quid
617 2502 627 2520 ,
644 2473 716 2511 nisi
731 2485 955 2511 aranearum
972 2471 1082 2507 telae?

430 2597 610 2638 CAPUT
639 2600 718 2639 111.

1145 1986 1242 2023 Nolo
1263 1986 1475 2023 dissimules
1504 1986 1743 2031 servitutem,
1775 1984 1810 2020 in
1839 1995 1951 2032 quam
1979 1988 2078 2017 certe
2101 1979 2138 2014 in

1147 2045 1247 2092 dies,
1281 2046 1372 2083 dum
1406 2046 1525 2082 nescis
1539 2074 1548 2091 ,
1583 2044 1775 2094 redigeris.
1807 2041 1982 2080 Hebetati
2015 2038 2138 2076 cordis

1148 2105 1329 2142 indicium
1357 2114 1431 2152 est,
1452 2106 1646 2155 propriam
1667 2118 1743 2142 non
1764 2103 1901 2140 sentire
1923 2101 2139 2138 continuam

1148 2167 1402 2203 vexationem.
1433 2168 1591 2202 I‘esatio
1626 2168 1690 2201 dat
1721 2166 1936 2201 intellectum
1971 2162 2138 2203 auditui,

1150 2227 1201 2262 ait
1218 2226 1369 2276 quidam
1381 2225 1409 2263 ⁶.
1426 2230 1565 2263 Verum
1583 2234 1656 2271 est,
1672 2224 1737 2261 sed
1754 2224 1783 2260 si
1800 2222 1914 2259 nimia
1928 2233 2003 2257 non
2017 2218 2140 2255 fuerit.

1150 2291 1243 2324 Nam
1263 2287 1293 2323 si
1313 2287 1377 2333 sit,
1396 2300 1472 2322 non
1490 2287 1600 2336 plane
1617 2285 1846 2322 intellectum
1865 2282 1948 2326 dat,
1965 2278 2029 2316 sed
2049 2290 2140 2313 con-

1151 2355 1348 2396 temptum.
1382 2346 1553 2395 Denique
1576 2345 1714 2394 impius
1735 2356 1818 2379 cum
1849 2342 1888 2377 in
1909 2336 2138 2389 profundum

1150 2408 1336 2444 malorum
1370 2406 1516 2442 venerit
1535 2435 1543 2451 ,
1577 2404 1783 2441 contemnit
1804 2410 1829 2438 T.
1867 2398 2135 2449 Expergiscere

1149 2482 1257 2517 ergo,
1280 2476 1316 2504 et
1342 2467 1511 2517 pessimae
1532 2465 1721 2502 servitutis
1734 2462 1866 2511 jugum
1890 2459 1966 2508 jam
1982 2457 2137 2506 jamque

1148 2528 1368 2573 imminens,
1390 2528 1465 2563 imo
1481 2526 1557 2576 jam
1577 2539 1652 2562 non
1675 2523 1823 2560 modice
1843 2530 2036 2570 premens,
2059 2528 2136 2551 non

1151 2597 1296 2625 tantum
1321 2600 1432 2632 cave,
1457 2587 1522 2623 sed
1549 2586 1673 2621 horre.
1695 2588 1753 2620 An
1782 2581 1866 2618 ideo
1889 2591 1963 2615 non
1988 2587 2138 2618 servus,

1151 2649 1238 2698 quia
1260 2661 1336 2684 non
1357 2647 1423 2683 uni
1449 2646 1585 2691 servis,
1607 2644 1671 2681 sed
1693 2641 1891 2679 omnibus?
1919 2637 2027 2675 Nulla
2054 2644 2138 2670 tur-

73 2716 242 2761 h‘flgmlm
260 2719 445 2761 proceribus
463 2721 610 2754 Ecclesiae
625 2746 633 2760 ‚
664 2722 812 2753 continue
837 2721 936 2753 causis
964 2719 1082 2761 litigan-
1099 2709 1132 2742 D
1150 2709 1235 2759 pior
1255 2708 1416 2745 servitus
1435 2706 1651 2756 graviorve,
1675 2716 1785 2752 quam
1806 2707 1964 2737 servitus
1981 2700 1998 2733 J
2005 2695 2136 2731 udaeo-

214 2773 293 2805 tium
315 2774 478 2807 audiendis
494 2781 527 2807 et
550 2776 729 2808 decidendis
747 2775 938 2807 incumbere.

126 2885 164 2923 4.
183 2889 321 2935 Quaeso
339 2895 398 2934 te,
420 2890 533 2938 quale
549 2899 605 2927 est
619 2890 721 2928 istud
734 2920 744 2936 ‚
765 2890 812 2927 de
833 2902 942 2926 mane
961 2901 1080 2937 usque

73 2943 338 2996 adivesperain
358 2948 505 2998 litigare
518 2978 528 2996 ‚
558 2959 624 2987 aut
642 2951 832 3000 litigantes
853 2949 1009 2986 audire?
1034 2951 1080 2984 Et

73 3003 220 3043 utinam
252 3007 445 3045 sufficeret
477 3009 553 3046 diei
582 3011 726 3047 malitia
760 3012 846 3047 sual
880 3022 957 3045 non
994 3016 1080 3044 sunt

74 3062 202 3102 liberae
222 3075 366 3105 noctes.
384 3068 457 3106 Vix
479 3069 712 3120 relinquitur
729 3069 942 3106 necessitati
963 3075 1077 3104 natu-

1147 2782 1250 2815 rum,
1273 2781 1384 2817 quam
1406 2778 1645 2816 quocumque
1665 2763 1775 2799 ierint
1798 2768 1884 2810 post
1904 2771 1942 2794 se
1964 2755 2133 2797 trahunt,

1148 2837 1184 2865 et
1204 2827 1345 2877 ubique
1366 2827 1539 2863 dominos
1555 2820 1778 2861 offenduntf
1797 2832 1895 2857 suos.
1913 2821 1967 2854 Tu
1984 2826 2134 2864 quoque

1148 2888 1229 2934 dic,
1259 2900 1406 2936 quaeso,
1436 2885 1501 2921 ubi
1523 2897 1689 2933 unquam
1720 2882 1767 2919 sis
1786 2879 1901 2924 liber,
1923 2875 1987 2913 ubi
2008 2881 2109 2910 tutus
2123 2899 2132 2915 ,

1149 2948 1211 2985 ubi
1234 2949 1344 2984 tuus?
1376 2946 1526 2995 [bique
1551 2944 1746 2993 strepitus,
1767 2940 1908 2988 ubique
1933 2934 2132 2977 tumultus,

1146 3007 1286 3058 ubique
1302 3007 1436 3056 jugum
1459 3014 1529 3042 tuae
1551 3003 1741 3042 servitutis
1763 3010 1796 3037 te
1814 2998 1961 3050 premit.

119 3212 138 3235 .²
157 3207 273 3240 Ezech.
288 3220 416 3249 mvr,
443 3214 499 3243 26.
517 3230 562 3235 ——
578 3218 590 3234 ²
606 3212 706 3244 Exod.
724 3223 830 3249 xvxix,
858 3214 909 3242 18.
926 3217 971 3233 Ξ-
986 3208 1000 3232 3
1016 3213 1133 3242 Jerem.
1150 3221 1182 3249 v,
1201 3213 1233 3242 3.
1249 3227 1294 3232 —
1309 3209 1324 3235 4'
1339 3208 1402 3241 Job
1417 3211 1550 3246 x-1,11‚
1578 3211 1628 3239 12.
1642 3225 1685 3229 ——
1701 3204 1714 3228 5
1729 3210 1759 3237 Π
1773 3207 1843 3237 Cor.
1862 3213 1915 3237 Χῖ,
1942 3201 1978 3229 19
1993 3220 2000 3234 ,
2020 3197 2072 3226 20.
2092 3209 2133 3214 —-

76 3256 93 3280 ⁶
108 3259 181 3292 Isai.
197 3272 330 3301 xxvnt,
353 3266 407 3295 19.
424 3283 471 3287 —
485 3271 499 3295 7
517 3268 611 3296 Prov.
630 3277 716 3296 xvni
731 3289 738 3302 ,
761 3269 790 3296 3.

122 3317 138 3334 a
150 3312 239 3345 Alias
251 3337 260 3352 ,
275 3314 415 3348 surdum.
428 3335 475 3340 ——
487 3318 502 3339 ὓ
519 3318 607 3349 Alias
620 3342 627 3355 ,
648 3317 693 3349 ad
713 3316 831 3348 divina.
849 3336 894 3339 —
910 3321 923 3337 c
937 3315 1024 3348 Alias
1036 3341 1043 3354 ‚
1067 3314 1231 3360 propheta.
1250 3335 1294 3339 —
1312 3316 1327 3336 d
1346 3315 1432 3347 Alias
1443 3340 1450 3353 ‚
1470 3322 1527 3346 aut
1543 3326 1611 3359 quse
1623 3312 1758 3356 fiducia.
1775 3328 1819 3332 --
1831 3313 1843 3328 ⁰
1866 3306 1949 3338 Alias
1962 3327 1969 3341 ,
1994 3301 2134 3332 lateram.

124 3358 136 3382 f
148 3365 186 3398 Id
198 3372 245 3398 est
256 3390 264 3405 ,
286 3367 461 3402 inveniunt.
479 3370 642 3403 Glossema
658 3370 717 3403 hoe
735 3370 765 3402 in
781 3369 965 3412 quibusdam
979 3369 1099 3412 scriptis
1111 3369 1264 3400 invectum
1279 3368 1311 3400 iu
1332 3375 1459 3400 textum.
