2533 3920
329 186 365 206 xi
1242 166 1482 201 EPISTOLA.

330 248 605 297 maximam
642 263 818 294 curam
860 256 909 293 et
943 241 1353 292 sollicitudinem
1394 242 1566 307 exigat
1607 259 1616 288 2
1658 239 1789 289 adeo
1833 251 1886 288 ut
1926 238 1972 286 ei
2012 249 2219 287 censeat
2255 238 2381 287 orbe

327 321 659 380 exeundum,
700 320 790 389 qui
828 318 962 368 forte
997 318 1137 367 volet
1172 318 1472 385 explorare,
1512 335 1629 385 quae
1674 333 1781 365 11011
1821 314 1886 364 ad
1926 326 2069 364 tuam
2116 315 2384 382 pertinent

328 416 506 448 curam
540 400 571 444 ¹.

397 474 470 523 Te
494 491 617 522 vero
637 511 647 531 ,
688 470 1017 520 Sanctissime
1044 469 1212 528 Pater,
1252 467 1318 517 ad
1350 479 1554 517 tantum
1587 466 1799 535 pondus
1827 463 2194 515 sustinendum
2231 463 2386 514 finxit

330 550 506 600 divina
535 546 884 617 providentia,
913 563 1032 594 cum
1056 544 1324 611 ingenium
1349 543 1517 603 facile,
1546 542 1791 602 sublime,
1824 540 2219 609 amplissimum,
2243 539 2385 608 judi-

328 626 467 675 cium
491 622 978 692 exquisitissimum,
1019 618 1355 688 prudentiam
1383 630 1434 668 et
1463 618 1795 684 sagacitatem
1821 614 2185 666 incredibilem
2209 614 2307 667 tibi
2330 615 2387 664 li-

299 700 572 750 'beraliter
615 698 888 748 concessit.
942 697 1179 746 Innatam
1215 694 1553 762 prudentiam
1601 692 1930 742 confirmavit
1980 692 2169 758 longus
2210 708 2386 739 rerum

329 774 650 841 agendarum
688 791 840 829 usus,
885 790 1003 819 cum
1036 789 1130 839 per
1165 770 1399 835 singulos
1428 770 1691 818 honorum
1723 767 1916 835 gradus
1953 766 2244 827 deductus,
2276 784 2387 815 non

330 851 476 919 prius
501 868 563 898 ex
588 847 927 897 inferioribus
955 857 1233 914 provectus
1260 864 1312 894 es
1329 884 1339 904 ,
1371 862 1530 913 quam
1556 843 1804 908 congruis
1835 842 2032 891 meritis
2062 840 2264 890 aditum
2289 839 2386 890 tibi

330 944 562 994 parasses
597 923 663 973 ad
702 923 929 972 altiores.
962 922 1019 970 In
1055 933 1267 970 actuosa
1305 919 1410 968 vita
1447 936 1652 986 semper
1687 936 1904 985 compos
1940 917 2042 977 tui,
2083 917 2137 965 in
2183 916 2388 985 privata

329 1019 599 1069 nunquam
639 999 880 1048 remissus
913 1009 1003 1046 aut
1037 997 1254 1045 otiosus.
1290 995 1349 1042 In
1383 994 1621 1042 maximis
1657 1005 1708 1042 et
1737 992 1915 1042 arduis
1951 991 2131 1054 rebus,
2171 991 2264 1041 ubi
2300 992 2386 1040 alii

329 1075 426 1125 sub
459 1076 659 1125 sarcina
694 1084 936 1140 gemunt,
967 1084 1025 1121 tu
1059 1072 1193 1138 ipse,
1227 1069 1377 1138 quasi
1415 1069 1545 1116 nihil
1582 1067 1819 1134 agendo,
1856 1068 2033 1117 onmia
2068 1067 2387 1136 tranquillus

329 1151 627 1219 exsequeris
657 1168 666 1197 :
702 1160 752 1197 et
779 1166 896 1216 quae
931 1147 1043 1195 aliis
1079 1145 1274 1194 laboris
1305 1143 1710 1212 impatientiam,
1740 1144 1932 1211 quietis
1969 1161 2027 1192 ac
2068 1144 2253 1193 inertis
2291 1143 2387 1192 otii

330 1244 560 1275 amorem
599 1224 788 1273 afferre
821 1223 952 1272 solet
987 1233 1235 1290 provecta
1271 1232 1417 1281 aetas;
1458 1231 1560 1269 tuae
1597 1218 1871 1269 Sanctitati
1899 1230 2084 1269 contra
2112 1218 2307 1287 quietis
2337 1230 2388 1268 et

327 1302 421 1351 otii
452 1300 855 1369 impatientiam,
891 1298 1086 1347 laboris
1116 1314 1345 1346 amorem
1371 1314 1428 1345 ac
1463 1294 1789 1360 diligentiam
1820 1295 2069 1362 inspirat,
2101 1306 2381 1363 augetque.

326 1376 416 1426 Isti
444 1375 706 1425 sedulitati
733 1393 841 1423 non
867 1373 977 1423 dies
1001 1374 1098 1423 toti
1127 1371 1415 1422 sufficiunt.
1448 1371 1618 1439 Ipsius
1642 1371 1795 1420 etiam
1821 1370 1991 1420 noctis
2015 1369 2256 1420 inducias
2284 1382 2387 1422 tuae

331 1452 555 1521 requieti
586 1450 855 1511 subducis,
885 1449 1126 1499 dictitare
1151 1449 1353 1509 solitus,
1384 1446 1656 1512 diligentia
1681 1458 1730 1496 et
1760 1446 2095 1496 festinatione
2119 1464 2254 1515 opus
2278 1464 2387 1496 esse

328 1528 383 1576 in
407 1528 505 1577 ista
532 1540 698 1589 aetate,
728 1527 811 1576 cui
841 1527 1020 1586 multa,
1053 1538 1103 1575 et
1126 1524 1342 1594 quidem
1370 1523 1614 1583 maxima,
1634 1521 1836 1590 agenda
1865 1521 2213 1584 incumbunt3
2243 1534 2387 1573 ratus

326 1622 445 1653 cum
483 1603 781 1664 Bernardo,
826 1621 935 1652 11011
984 1620 1091 1652 esse
1133 1603 1307 1651 locum
1344 1600 1484 1660 otio,
1526 1599 1618 1650 ubi
1655 1598 1837 1649 sedula
1883 1611 2035 1666 urget
2081 1598 2386 1649 sollicitudo

326 1681 562 1730 omnium
601 1680 948 1730 Ecclesiarum
986 1676 1021 1727 ².
1064 1679 1145 1727 Sic
1182 1678 1424 1747 exemplo
1460 1688 1553 1725 tuo
1585 1676 1737 1745 jubes
1773 1676 2024 1726 facessere
2058 1677 2227 1744 leges,
2268 1695 2386 1746 quae

327 1756 574 1824 majorem
599 1757 749 1806 annis
774 1756 1045 1823 sexaginta
1069 1755 1179 1804 otio
1208 1754 1443 1804 reddunt
1466 1753 1501 1803 3.

398 1833 529 1882 Cum
555 1833 626 1882 sic
651 1851 678 1881 a
704 1844 914 1892 natura,
950 1850 977 1880 a
1004 1831 1192 1897 gratia,
1228 1829 1292 1879 ab
1330 1830 1442 1898 ipsa
1466 1847 1642 1879 rerum
1666 1828 1991 1897 experientia
2018 1828 2087 1878 sis
2114 1846 2386 1898 compara-

329 1919 411 1956 tus
431 1948 441 1968 ,
482 1909 633 1958 Pater
663 1907 1024 1966 Sanctissime,
1063 1907 1117 1955 in
1141 1906 1237 1956 ista
1263 1917 1438 1956 tamen
1465 1922 1707 1975 suprema
1741 1903 1999 1972 dignitate
2023 1904 2382 1974 procuranda,

326 2001 435 2032 non
461 1996 564 2033 tam
590 1985 693 2034 tuis
721 1997 770 2034 te
796 1982 965 2033 credis
994 1982 1249 2042 consiliis,
1278 2000 1436 2051 quam
1465 1981 1665 2031 alienis.
1700 1980 1838 2029 Hinc
1865 1981 1962 2031 ista
1987 1980 2054 2030 ad
2079 1980 2387 2031 Cardinales

326 2076 455 2120 vox,
488 2059 716 2108 maximo
743 2071 882 2108 certe
906 2058 1159 2107 Pontifice
1185 2056 1369 2124 digna,
1400 2058 1529 2106 nihil
1559 2076 1585 2107 e
1610 2075 1664 2106 re
1690 2056 1974 2106 christiana
1999 2069 2049 2107 te
2076 2057 2386 2108 moliturum

327 2145 561 2197 unquam
598 2141 688 2178 aut
720 2129 1012 2187 facturum,
1045 2126 1191 2197 quod
1220 2126 1285 2175 ad
1312 2145 1494 2177 eorum
1521 2126 1800 2177 consilium
1831 2127 1980 2195 prius
2016 2144 2127 2176 non
2162 2127 2386 2178 relatum

323 2201 500 2254 fuerit.
533 2204 693 2267 Quod
722 2205 761 2253 si
788 2223 944 2273 quem
973 2204 1131 2252 alium
1158 2204 1374 2272 insuper
1398 2203 1757 2253 consiliarium
1782 2203 2006 2253 maxime
2034 2201 2380 2271 prudentem,

325 2291 706 2348 expertumque
737 2281 791 2328 111
822 2280 977 2329 15111111
1014 2297 1218 2328 sacrum
1244 2279 1493 2329 Senatum
1518 2278 1770 2329 adhibere
1806 2278 1946 2328 volet
1975 2278 2234 2329 Sanctitas
2265 2290 2380 2340 tua,

326 2356 529 2404 nullum
557 2357 719 2422 magis
755 2354 1005 2405 idoneum
1037 2355 1515 2424 incorruptumque
1553 2354 1808 2413 inveniet,
1837 2372 1997 2423 quam
2022 2353 2380 2415 Bernardum3

324 2430 472 2497 cujus
496 2432 573 2479 vel
606 2431 701 2479 soli
734 2430 798 2479 de
828 2430 1264 2480 Consideratione
1298 2430 1444 2491 libri,
1480 2430 1634 2498 plane
1659 2427 1819 2478 cedro
1845 2428 2018 2496 digni,
2053 2441 2131 2480 tot
2158 2431 2385 2480 oraculis

323 2505 499 2555 referti
535 2518 681 2566 sunt,
722 2518 780 2555 ut
815 2505 877 2555 ad
919 2505 1227 2573 dirigendos
1262 2523 1493 2554 summos
1527 2504 1831 2565 Pontifices,
1868 2506 1973 2555 imo
2007 2505 2073 2556 ad
2099 2505 2384 2573 regendam

323 2581 615 2630 universam
630 2582 931 2642 Ecclesiam,
951 2582 1100 2650 quasi
1117 2580 1370 2630 divinitus
1396 2580 1577 2631 dictati
1594 2599 1702 2630 esse
1725 2580 2023 2632 videantur.
2053 2581 2112 2633 Id
2138 2601 2262 2633 sane
2284 2602 2383 2652 pro

323 2668 592 2724 comperto
629 2657 733 2723 jam
766 2656 970 2706 dudum
1008 2655 1238 2705 habuere
1267 2657 1576 2706 sanctissimi
1614 2656 1911 2708 decessores
1948 2659 2045 2718 tui,
2086 2677 2195 2709 non
2222 2658 2383 2710 modo

328 2732 588 2797 Eugenius
614 2732 707 2791 ΙΙΙ,
737 2730 801 2779 ad
828 2750 982 2799 quem
1014 2732 1195 2800 scripti
1222 2744 1368 2791 sunt,
1397 2732 1486 2782 sed
1513 2751 1620 2801 prae
1646 2734 1844 2783 caeteris
1868 2735 1988 2785 Pius
2012 2737 2078 2797 V,
2107 2747 2158 2786 et
2181 2736 2384 2804 Grego-

323 2807 430 2856 rius
443 2807 578 2867 XIII,
597 2807 689 2875 qui
712 2825 883 2855 sacros
900 2808 1014 2856 illos
1029 2806 1190 2856 libros
1209 2808 1341 2857 tanti
1362 2808 1641 2867 faciebant,
1662 2822 1718 2859 ut
1733 2828 1915 2859 eorum
1933 2811 2210 2861 lectionem
2228 2812 2383 2862 etiam

321 2900 509 2932 mensae
530 2881 858 2932 adhiberent.
880 2882 938 2930 111
967 2882 1161 2931 cisdcm
1189 2902 1348 2951 porro
1374 2883 1540 2943 libris,
1561 2897 1718 2954 atque
1743 2886 1796 2934 in
1823 2887 1935 2936 aliis
1960 2886 2193 2956 ejusdem
2217 2887 2383 2937 sancti

321 2957 564 3006 Doctoris
592 2957 823 3024 scriptis,
865 2957 1131 3007 invenient
1157 2975 1337 3008 onmes
1362 2959 1491 3027 quid
1519 2959 1750 3027 fugiant,
1782 2961 1912 3031 quid
1938 2974 2246 3032 sequantur,
2277 2981 2384 3013 car-

323 3032 552 3092 dinales,
594 3032 859 3100 episcopi,
900 3033 1092 3101 aliique
1136 3034 1445 3084 inferiorum
1482 3035 1732 3085 ordinum
1780 3039 2023 3089 ministri.
2065 3038 2147 3088 Ab
2186 3038 2382 3091 eisdem

322 3108 475 3158 etiam
502 3126 646 3174 reges
674 3119 724 3156 et
750 3107 1014 3175 principes
1047 3107 1249 3159 discent
1275 3111 1410 3176 leges
1445 3113 1726 3179 regnandi,
1756 3115 1963 3184 ipsique
1991 3115 2181 3184 plebeii
2219 3116 2383 3166 homi-

378 3295 383 3310 1
411 3286 461 3327 Dc
479 3283 807 3330 (3111151111·1’111111111·,
831 3284 891 3320 1111.
914 3284 954 3326 2,
976 3298 1056 3333 (κη).
1087 3289 1113 3321 l.
1139 3307 1185 3313 —
1211 3294 1218 3307 ²
1245 3288 1336 3323 111111.
1361 3303 1440 3338 cap.
1465 3292 1498 3325 G.
1520 3312 1566 3317 —
1597 3289 1781 3336 ²1‘liuius,
1807 3290 1868 3326 lib.
1902 3291 1932 3335 i,
1955 3291 2062 3339 epist.
2086 3292 2146 3327 253.
