<?xml version="1.0" encoding="UTF-8"?>
<!DOCTYPE html PUBLIC "-//W3C//DTD XHTML 1.0 Transitional//EN"
    "http://www.w3.org/TR/xhtml1/DTD/xhtml1-transitional.dtd">
<html xmlns="http://www.w3.org/1999/xhtml" xml:lang="en" lang="en">
 <head>
  <title>
</title>
<meta http-equiv="Content-Type" content="text/html;charset=utf-8" />
  <meta name='ocr-system' content='tesseract 3.04.00' />
  <meta name='ocr-capabilities' content='ocr_page ocr_carea ocr_par ocr_line ocrx_word'/>
</head>
<body>
  <div class='ocr_page' id='page_1' title='image "./operaomniapostho01bernuoft/operaomniapostho01bernuoft_0218.png"; bbox 0 0 2533 3920; ppageno 0'>
   <div class='ocr_carea' id='block_1_1' title="bbox 335 206 416 241">
    <p class='ocr_par' dir='ltr' id='par_1_1' title="bbox 335 206 416 241">
     <span class='ocr_line' id='line_1_1' title="bbox 335 206 416 241; baseline 0.012 -1"><span class='ocrx_word' id='word_1_1' title='bbox 335 206 416 241; x_wconf 53' lang='grc' dir='ltr'>μ419</span> 
     </span>
    </p>
   </div>
   <div class='ocr_carea' id='block_1_2' title="bbox 1102 207 1656 246">
    <p class='ocr_par' dir='ltr' id='par_1_2' title="bbox 1102 207 1656 246">
     <span class='ocr_line' id='line_1_2' title="bbox 1102 207 1656 246; baseline -0.009 -1"><span class='ocrx_word' id='word_1_2' title='bbox 1102 211 1139 246; x_wconf 87' lang='lat' dir='ltr'>S.</span> <span class='ocrx_word' id='word_1_3' title='bbox 1168 208 1423 244; x_wconf 66' lang='lat' dir='ltr'><strong>BERNARDI</strong></span> <span class='ocrx_word' id='word_1_4' title='bbox 1451 207 1656 242; x_wconf 82' lang='lat' dir='ltr'><strong>ABBATIS</strong></span> 
     </span>
    </p>
   </div>
   <div class='ocr_carea' id='block_1_3' title="bbox 2345 206 2422 244">
    <p class='ocr_par' dir='ltr' id='par_1_3' title="bbox 2345 206 2422 244">
     <span class='ocr_line' id='line_1_3' title="bbox 2345 206 2422 244; baseline 0.026 -2"><span class='ocrx_word' id='word_1_5' title='bbox 2345 206 2422 244; x_wconf 73' lang='lat'>420</span> 
     </span>
    </p>
   </div>
   <div class='ocr_carea' id='block_1_4' title="bbox 393 279 2424 396">
    <p class='ocr_par' dir='ltr' id='par_1_4' title="bbox 393 279 2424 396">
     <span class='ocr_line' id='line_1_4' title="bbox 393 279 2424 332; baseline 0 -13"><span class='ocrx_word' id='word_1_6' title='bbox 393 285 675 324; x_wconf 73' lang='lat' dir='ltr'>venerabilibus</span> <span class='ocrx_word' id='word_1_7' title='bbox 694 285 894 332; x_wconf 84' lang='lat' dir='ltr'>fratribus,</span> <span class='ocrx_word' id='word_1_8' title='bbox 914 290 1094 323; x_wconf 64' lang='lat' dir='ltr'>Hi-:xmco</span> <span class='ocrx_word' id='word_1_9' title='bbox 1114 283 1398 330; x_wconf 72' lang='lat' dir='ltr'>Senonensi,&#39;⁸“</span> <span class='ocrx_word' id='word_1_10' title='bbox 1414 283 1596 328; x_wconf 90' lang='lat' dir='ltr'>tendunt,</span> <span class='ocrx_word' id='word_1_11' title='bbox 1628 281 1729 317; x_wconf 90' lang='lat' dir='ltr'>inter</span> <span class='ocrx_word' id='word_1_12' title='bbox 1764 287 1898 315; x_wconf 82' lang='lat' dir='ltr'>caetera</span> <span class='ocrx_word' id='word_1_13' title='bbox 1934 279 1986 315; x_wconf 86' lang='lat' dir='ltr'>sic</span> <span class='ocrx_word' id='word_1_14' title='bbox 2021 280 2214 329; x_wconf 84' lang='lat' dir='ltr'>loquitur,</span> <span class='ocrx_word' id='word_1_15' title='bbox 2249 281 2377 319; x_wconf 88' lang='lat' dir='ltr'>dicens</span> <span class='ocrx_word' id='word_1_16' title='bbox 2415 300 2424 321; x_wconf 78' lang='lat'>2</span> 
     </span>
     <span class='ocr_line' id='line_1_5' title="bbox 394 339 2422 396; baseline -0.005 -15"><span class='ocrx_word' id='word_1_17' title='bbox 394 347 559 382; x_wconf 48' lang='lat' dir='ltr'>Samson</span> <span class='ocrx_word' id='word_1_18' title='bbox 579 347 757 384; x_wconf 76' lang='lat' dir='ltr'>Remensi</span> <span class='ocrx_word' id='word_1_19' title='bbox 771 376 780 392; x_wconf 91' lang='lat'>,</span> <span class='ocrx_word' id='word_1_20' title='bbox 800 345 1116 396; x_wconf 78' lang='lat' dir='ltr'>archiepiscopis,</span> <span class='ocrx_word' id='word_1_21' title='bbox 1137 358 1349 394; x_wconf 87' lang='lat' dir='ltr'>eorumque</span> <span class='ocrx_word' id='word_1_22' title='bbox 1372 346 1400 377; x_wconf 87' lang='lat' dir='ltr'>A</span> <span class='ocrx_word' id='word_1_23' title='bbox 1420 361 1433 375; x_wconf 83' lang='lat'>«</span> <span class='ocrx_word' id='word_1_24' title='bbox 1455 346 1575 379; x_wconf 70' lang='lat' dir='ltr'>Nemo</span> <span class='ocrx_word' id='word_1_25' title='bbox 1596 342 1772 385; x_wconf 86' lang='lat' dir='ltr'>clericus,</span> <span class='ocrx_word' id='word_1_26' title='bbox 1805 339 1865 374; x_wconf 74' lang='lat' dir='ltr'>vel</span> <span class='ocrx_word' id='word_1_27' title='bbox 1892 339 2083 385; x_wconf 87' lang='lat' dir='ltr'>militaris,</span> <span class='ocrx_word' id='word_1_28' title='bbox 2104 340 2165 376; x_wconf 85' lang='lat' dir='ltr'>vel</span> <span class='ocrx_word' id='word_1_29' title='bbox 2185 340 2339 378; x_wconf 86' lang='lat' dir='ltr'>alterius</span> <span class='ocrx_word' id='word_1_30' title='bbox 2358 356 2422 380; x_wconf 66' lang='lat' dir='ltr'>cu„</span> 
     </span>
    </p>
   </div>
   <div class='ocr_carea' id='block_1_5' title="bbox 394 405 1350 566">
    <p class='ocr_par' dir='ltr' id='par_1_5' title="bbox 394 405 1350 566">
     <span class='ocr_line' id='line_1_6' title="bbox 394 405 1350 455; baseline 0 -15"><span class='ocrx_word' id='word_1_31' title='bbox 394 406 664 455; x_wconf 81' lang='lat' dir='ltr'>suffraganeis,</span> <span class='ocrx_word' id='word_1_32' title='bbox 696 415 732 442; x_wconf 88' lang='lat' dir='ltr'>et</span> <span class='ocrx_word' id='word_1_33' title='bbox 766 406 986 443; x_wconf 87' lang='lat' dir='ltr'>charissimo</span> <span class='ocrx_word' id='word_1_34' title='bbox 1017 406 1055 442; x_wconf 92' lang='lat' dir='ltr'>in</span> <span class='ocrx_word' id='word_1_35' title='bbox 1091 405 1240 443; x_wconf 88' lang='lat' dir='ltr'>Christo</span> <span class='ocrx_word' id='word_1_36' title='bbox 1272 405 1350 440; x_wconf 79' lang='lat' dir='ltr'>filio</span> 
     </span>
     <span class='ocr_line' id='line_1_7' title="bbox 394 458 1350 505; baseline 0.001 -13"><span class='ocrx_word' id='word_1_37' title='bbox 394 461 597 495; x_wconf 58' lang='lat' dir='ltr'>Bam-Anno</span> <span class='ocrx_word' id='word_1_38' title='bbox 638 459 894 496; x_wconf 68' lang='lat' dir='ltr'>Clarae-Vallis</span> <span class='ocrx_word' id='word_1_39' title='bbox 929 458 1078 505; x_wconf 86' lang='lat' dir='ltr'>abbati,</span> <span class='ocrx_word' id='word_1_40' title='bbox 1118 458 1277 495; x_wconf 88' lang='lat' dir='ltr'>salutem</span> <span class='ocrx_word' id='word_1_41' title='bbox 1313 466 1350 493; x_wconf 92' lang='lat' dir='ltr'>et</span> 
     </span>
     <span class='ocr_line' id='line_1_8' title="bbox 394 518 983 566; baseline 0.002 -13"><span class='ocrx_word' id='word_1_42' title='bbox 394 519 641 566; x_wconf 87' lang='lat' dir='ltr'>apostolicam</span> <span class='ocrx_word' id='word_1_43' title='bbox 662 518 983 555; x_wconf 76' lang='lat' dir='ltr'><strong>benedictionem.</strong></span> 
     </span>
    </p>
   </div>
   <div class='ocr_carea' id='block_1_6' title="bbox 337 637 1349 1044">
    <p class='ocr_par' dir='ltr' id='par_1_6' title="bbox 337 637 1349 1044">
     <span class='ocr_line' id='line_1_9' title="bbox 398 637 1347 688; baseline -0.001 -15"><span class='ocrx_word' id='word_1_44' title='bbox 398 639 429 673; x_wconf 91' lang='lat'>1.</span> <span class='ocrx_word' id='word_1_45' title='bbox 451 641 626 675; x_wconf 88' lang='lat' dir='ltr'>Testante</span> <span class='ocrx_word' id='word_1_46' title='bbox 646 640 855 688; x_wconf 77' lang='lat' dir='ltr'>Apostolo,</span> <span class='ocrx_word' id='word_1_47' title='bbox 887 639 985 675; x_wconf 85' lang='lat' dir='ltr'>sicut</span> <span class='ocrx_word' id='word_1_48' title='bbox 1009 651 1108 675; x_wconf 87' lang='lat' dir='ltr'>unus</span> <span class='ocrx_word' id='word_1_49' title='bbox 1134 637 1323 674; x_wconf 84' lang='lat' dir='ltr'>Dominus</span> <span class='ocrx_word' id='word_1_50' title='bbox 1337 665 1347 682; x_wconf 86' lang='lat'>,</span> 
     </span>
     <span class='ocr_line' id='line_1_10' title="bbox 340 696 1348 748; baseline 0.001 -17"><span class='ocrx_word' id='word_1_51' title='bbox 340 696 390 732; x_wconf 77' lang='lat' dir='ltr'>ita</span> <span class='ocrx_word' id='word_1_52' title='bbox 407 710 483 734; x_wconf 87' lang='lat' dir='ltr'>una</span> <span class='ocrx_word' id='word_1_53' title='bbox 501 698 593 735; x_wconf 85' lang='lat' dir='ltr'>fides</span> <span class='ocrx_word' id='word_1_54' title='bbox 614 711 694 735; x_wconf 89' lang='lat' dir='ltr'>esse</span> <span class='ocrx_word' id='word_1_55' title='bbox 714 699 948 748; x_wconf 78' lang='lat' dir='ltr'>dignoscitur</span> <span class='ocrx_word' id='word_1_56' title='bbox 967 705 1001 745; x_wconf 79' lang='lat'>¹3</span> <span class='ocrx_word' id='word_1_57' title='bbox 1020 699 1058 735; x_wconf 92' lang='lat' dir='ltr'>in</span> <span class='ocrx_word' id='word_1_58' title='bbox 1079 712 1154 747; x_wconf 85' lang='lat' dir='ltr'>qua</span> <span class='ocrx_word' id='word_1_59' title='bbox 1168 706 1348 747; x_wconf 83' lang='lat' dir='ltr'>tanquam</span> 
     </span>
     <span class='ocr_line' id='line_1_11' title="bbox 339 756 1349 808; baseline 0.001 -17"><span class='ocrx_word' id='word_1_60' title='bbox 339 756 377 791; x_wconf 89' lang='lat' dir='ltr'>in</span> <span class='ocrx_word' id='word_1_61' title='bbox 410 756 597 794; x_wconf 84' lang='lat' dir='ltr'>immobili</span> <span class='ocrx_word' id='word_1_62' title='bbox 629 758 898 805; x_wconf 86' lang='lat' dir='ltr'>fundamento,</span> <span class='ocrx_word' id='word_1_63' title='bbox 932 766 1071 808; x_wconf 80' lang='lat' dir='ltr'>praeter</span> <span class='ocrx_word' id='word_1_64' title='bbox 1092 757 1202 807; x_wconf 64' lang='lat' dir='ltr'>&gt;quod</span> <span class='ocrx_word' id='word_1_65' title='bbox 1235 770 1349 793; x_wconf 89' lang='lat' dir='ltr'>nemo</span> 
     </span>
     <span class='ocr_line' id='line_1_12' title="bbox 338 817 1348 868; baseline 0.001 -17"><span class='ocrx_word' id='word_1_66' title='bbox 338 825 466 865; x_wconf 85' lang='lat' dir='ltr'>potest</span> <span class='ocrx_word' id='word_1_67' title='bbox 486 818 589 854; x_wconf 88' lang='lat' dir='ltr'>aliud</span> <span class='ocrx_word' id='word_1_68' title='bbox 610 832 772 868; x_wconf 89' lang='lat' dir='ltr'>ponere,</span> <span class='ocrx_word' id='word_1_69' title='bbox 792 819 948 855; x_wconf 86' lang='lat' dir='ltr'>firmitas</span> <span class='ocrx_word' id='word_1_70' title='bbox 965 818 1158 854; x_wconf 75' lang='lat' dir='ltr'>catholicae</span> <span class='ocrx_word' id='word_1_71' title='bbox 1174 817 1348 854; x_wconf 84' lang='lat' dir='ltr'>Ecclesiae</span> 
     </span>
     <span class='ocr_line' id='line_1_13' title="bbox 339 876 1348 926; baseline -0.002 -13"><span class='ocrx_word' id='word_1_72' title='bbox 339 878 520 914; x_wconf 84' lang='lat' dir='ltr'>inviolata</span> <span class='ocrx_word' id='word_1_73' title='bbox 549 879 731 915; x_wconf 83' lang='lat' dir='ltr'><strong>consistit.</strong></span> <span class='ocrx_word' id='word_1_74' title='bbox 750 878 844 915; x_wconf 89' lang='lat' dir='ltr'>Inde</span> <span class='ocrx_word' id='word_1_75' title='bbox 864 886 920 914; x_wconf 85' lang='lat' dir='ltr'>est</span> <span class='ocrx_word' id='word_1_76' title='bbox 939 877 1042 926; x_wconf 90' lang='lat' dir='ltr'>quod</span> <span class='ocrx_word' id='word_1_77' title='bbox 1063 876 1196 914; x_wconf 86' lang='lat' dir='ltr'>beatus</span> <span class='ocrx_word' id='word_1_78' title='bbox 1214 880 1348 913; x_wconf 85' lang='lat' dir='ltr'>Petrus</span> 
     </span>
     <span class='ocr_line' id='line_1_14' title="bbox 337 935 1348 987; baseline -0.003 -13"><span class='ocrx_word' id='word_1_79' title='bbox 337 939 613 987; x_wconf 81' lang='lat' dir='ltr'>Apostolorum</span> <span class='ocrx_word' id='word_1_80' title='bbox 634 938 835 987; x_wconf 86' lang='lat' dir='ltr'>princeps,</span> <span class='ocrx_word' id='word_1_81' title='bbox 859 951 931 987; x_wconf 93' lang='lat' dir='ltr'>pro</span> <span class='ocrx_word' id='word_1_82' title='bbox 952 937 1090 973; x_wconf 76' lang='lat' dir='ltr'>eximia</span> <span class='ocrx_word' id='word_1_83' title='bbox 1117 936 1231 985; x_wconf 88' lang='lat' dir='ltr'>hujus</span> <span class='ocrx_word' id='word_1_84' title='bbox 1260 935 1348 972; x_wconf 83' lang='lat' dir='ltr'>fidei</span> 
     </span>
     <span class='ocr_line' id='line_1_15' title="bbox 339 998 1347 1044; baseline -0.003 -10"><span class='ocrx_word' id='word_1_85' title='bbox 339 998 596 1043; x_wconf 87' lang='lat' dir='ltr'>confessione,</span> <span class='ocrx_word' id='word_1_86' title='bbox 613 1012 634 1034; x_wconf 92' lang='lat' dir='ltr'>a</span> <span class='ocrx_word' id='word_1_87' title='bbox 652 998 819 1044; x_wconf 86' lang='lat' dir='ltr'>Domino</span> <span class='ocrx_word' id='word_1_88' title='bbox 840 1011 883 1034; x_wconf 88' lang='lat' dir='ltr'>ac</span> <span class='ocrx_word' id='word_1_89' title='bbox 903 998 1098 1035; x_wconf 87' lang='lat' dir='ltr'>Salvatore</span> <span class='ocrx_word' id='word_1_90' title='bbox 1120 1005 1253 1032; x_wconf 87' lang='lat' dir='ltr'>nostro</span> <span class='ocrx_word' id='word_1_91' title='bbox 1283 1009 1347 1032; x_wconf 88' lang='lat' dir='ltr'>au-</span> 
     </span>
    </p>
   </div>
   <div class='ocr_carea' id='block_1_7' title="bbox 1415 399 2427 1051">
    <p class='ocr_par' dir='ltr' id='par_1_7' title="bbox 1416 399 2425 919">
     <span class='ocr_line' id='line_1_16' title="bbox 1418 399 2424 452; baseline 0.004 -17"><span class='ocrx_word' id='word_1_92' title='bbox 1418 421 1431 436; x_wconf 71' lang='lat'>»</span> <span class='ocrx_word' id='word_1_93' title='bbox 1449 402 1607 452; x_wconf 86' lang='lat' dir='ltr'>juslibet</span> <span class='ocrx_word' id='word_1_94' title='bbox 1628 399 1875 445; x_wconf 88' lang='lat' dir='ltr'>conditionis,</span> <span class='ocrx_word' id='word_1_95' title='bbox 1899 399 1944 436; x_wconf 91' lang='lat' dir='ltr'>de</span> <span class='ocrx_word' id='word_1_96' title='bbox 1966 399 2039 435; x_wconf 85' lang='lat' dir='ltr'>fide</span> <span class='ocrx_word' id='word_1_97' title='bbox 2054 400 2255 436; x_wconf 88' lang='lat' dir='ltr'>christiana</span> <span class='ocrx_word' id='word_1_98' title='bbox 2273 401 2424 451; x_wconf 87' lang='lat' dir='ltr'>publice</span> 
     </span>
     <span class='ocr_line' id='line_1_17' title="bbox 1419 460 2422 509; baseline 0.002 -11"><span class='ocrx_word' id='word_1_99' title='bbox 1419 481 1432 495; x_wconf 72' lang='grc' dir='ltr'>υ</span> <span class='ocrx_word' id='word_1_100' title='bbox 1456 471 1616 498; x_wconf 86' lang='lat' dir='ltr'>tractare</span> <span class='ocrx_word' id='word_1_101' title='bbox 1646 469 1809 497; x_wconf 87' lang='lat' dir='ltr'>conetur</span> <span class='ocrx_word' id='word_1_102' title='bbox 1829 460 1867 495; x_wconf 89' lang='lat' dir='ltr'>in</span> <span class='ocrx_word' id='word_1_103' title='bbox 1898 467 2108 509; x_wconf 86' lang='lat' dir='ltr'>posterum.</span> <span class='ocrx_word' id='word_1_104' title='bbox 2130 463 2223 496; x_wconf 65' lang='lat' dir='ltr'>Nam</span> <span class='ocrx_word' id='word_1_105' title='bbox 2248 460 2422 509; x_wconf 85' lang='lat' dir='ltr'>injuriam</span> 
     </span>
     <span class='ocr_line' id='line_1_18' title="bbox 1417 519 2424 571; baseline 0 -12"><span class='ocrx_word' id='word_1_106' title='bbox 1417 541 1431 556; x_wconf 83' lang='lat'>»</span> <span class='ocrx_word' id='word_1_107' title='bbox 1453 523 1540 559; x_wconf 86' lang='lat' dir='ltr'>facit</span> <span class='ocrx_word' id='word_1_108' title='bbox 1567 521 1715 571; x_wconf 87' lang='lat' dir='ltr'>judicio</span> <span class='ocrx_word' id='word_1_109' title='bbox 1749 519 2073 557; x_wconf 75' lang='lat' dir='ltr'>reverendissimae</span> <span class='ocrx_word' id='word_1_110' title='bbox 2103 520 2260 569; x_wconf 79' lang='lat' dir='ltr'>synodi,</span> <span class='ocrx_word' id='word_1_111' title='bbox 2283 521 2313 557; x_wconf 87' lang='lat' dir='ltr'>si</span> <span class='ocrx_word' id='word_1_112' title='bbox 2341 523 2424 571; x_wconf 85' lang='lat' dir='ltr'>quis</span> 
     </span>
     <span class='ocr_line' id='line_1_19' title="bbox 1416 579 2425 631; baseline 0.001 -12"><span class='ocrx_word' id='word_1_113' title='bbox 1416 601 1430 616; x_wconf 62' lang='grc' dir='ltr'>υ</span> <span class='ocrx_word' id='word_1_114' title='bbox 1451 583 1565 619; x_wconf 74' lang='lat' dir='ltr'>semel</span> <span class='ocrx_word' id='word_1_115' title='bbox 1585 582 1755 631; x_wconf 83' lang='lat' dir='ltr'>judicata</span> <span class='ocrx_word' id='word_1_116' title='bbox 1775 589 1811 617; x_wconf 92' lang='lat' dir='ltr'>et</span> <span class='ocrx_word' id='word_1_117' title='bbox 1827 589 1928 617; x_wconf 87' lang='lat' dir='ltr'>recte</span> <span class='ocrx_word' id='word_1_118' title='bbox 1949 579 2133 630; x_wconf 87' lang='lat' dir='ltr'>disposita</span> <span class='ocrx_word' id='word_1_119' title='bbox 2154 581 2370 628; x_wconf 80' lang='lat' dir='ltr'>revolvere,</span> <span class='ocrx_word' id='word_1_120' title='bbox 2387 591 2425 620; x_wconf 88' lang='lat' dir='ltr'>et</span> 
     </span>
     <span class='ocr_line' id='line_1_20' title="bbox 1416 640 2425 692; baseline 0.002 -15"><span class='ocrx_word' id='word_1_121' title='bbox 1416 661 1431 677; x_wconf 84' lang='lat'><strong><em>»</em></strong></span> <span class='ocrx_word' id='word_1_122' title='bbox 1453 643 1590 679; x_wconf 83' lang='lat' dir='ltr'>iterum</span> <span class='ocrx_word' id='word_1_123' title='bbox 1624 642 1818 692; x_wconf 87' lang='lat' dir='ltr'>disputare</span> <span class='ocrx_word' id='word_1_124' title='bbox 1852 640 2051 677; x_wconf 83' lang='lat' dir='ltr'>contendit</span> <span class='ocrx_word' id='word_1_125' title='bbox 2079 655 2087 676; x_wconf 75' lang='lat' dir='ltr'><strong><em>z</em></strong></span> <span class='ocrx_word' id='word_1_126' title='bbox 2120 648 2158 677; x_wconf 90' lang='lat' dir='ltr'>et</span> <span class='ocrx_word' id='word_1_127' title='bbox 2183 640 2223 676; x_wconf 89' lang='lat' dir='ltr'>in</span> <span class='ocrx_word' id='word_1_128' title='bbox 2252 649 2425 679; x_wconf 89' lang='lat' dir='ltr'>contem-</span> 
     </span>
     <span class='ocr_line' id='line_1_21' title="bbox 1418 701 2422 753; baseline 0 -14"><span class='ocrx_word' id='word_1_129' title='bbox 1418 721 1432 736; x_wconf 87' lang='lat'>»</span> <span class='ocrx_word' id='word_1_130' title='bbox 1452 712 1582 753; x_wconf 89' lang='lat' dir='ltr'>ptores</span> <span class='ocrx_word' id='word_1_131' title='bbox 1620 702 1733 752; x_wconf 87' lang='lat' dir='ltr'>hujus</span> <span class='ocrx_word' id='word_1_132' title='bbox 1765 702 1875 751; x_wconf 84' lang='lat' dir='ltr'>legis,</span> <span class='ocrx_word' id='word_1_133' title='bbox 1915 710 2096 750; x_wconf 88' lang='lat' dir='ltr'>tanquam</span> <span class='ocrx_word' id='word_1_134' title='bbox 2125 701 2166 737; x_wconf 91' lang='lat' dir='ltr'>in</span> <span class='ocrx_word' id='word_1_135' title='bbox 2196 702 2422 751; x_wconf 86' lang='lat' dir='ltr'>sacrilegos,</span> 
     </span>
     <span class='ocr_line' id='line_1_22' title="bbox 1417 760 2424 812; baseline 0.001 -13"><span class='ocrx_word' id='word_1_136' title='bbox 1417 776 1569 812; x_wconf 80' lang='lat' dir='ltr'>»poena</span> <span class='ocrx_word' id='word_1_137' title='bbox 1597 776 1675 799; x_wconf 92' lang='lat' dir='ltr'>non</span> <span class='ocrx_word' id='word_1_138' title='bbox 1705 762 1837 799; x_wconf 86' lang='lat' dir='ltr'>deerit.</span> <span class='ocrx_word' id='word_1_139' title='bbox 1863 762 1980 811; x_wconf 87' lang='lat' dir='ltr'>Igitur</span> <span class='ocrx_word' id='word_1_140' title='bbox 2008 761 2038 797; x_wconf 88' lang='lat' dir='ltr'>si</span> <span class='ocrx_word' id='word_1_141' title='bbox 2059 760 2218 797; x_wconf 88' lang='lat' dir='ltr'>clericus</span> <span class='ocrx_word' id='word_1_142' title='bbox 2238 760 2328 807; x_wconf 89' lang='lat' dir='ltr'>erit,</span> <span class='ocrx_word' id='word_1_143' title='bbox 2360 763 2424 811; x_wconf 84' lang='lat' dir='ltr'>qui</span> 
     </span>
     <span class='ocr_line' id='line_1_23' title="bbox 1416 821 2423 873; baseline -0.001 -14"><span class='ocrx_word' id='word_1_144' title='bbox 1416 842 1431 857; x_wconf 61' lang='grc' dir='ltr'><strong>υ</strong></span> <span class='ocrx_word' id='word_1_145' title='bbox 1452 823 1603 873; x_wconf 87' lang='lat' dir='ltr'>publice</span> <span class='ocrx_word' id='word_1_146' title='bbox 1639 832 1799 859; x_wconf 82' lang='lat' dir='ltr'>tractare</span> <span class='ocrx_word' id='word_1_147' title='bbox 1833 823 1879 859; x_wconf 87' lang='lat' dir='ltr'>de</span> <span class='ocrx_word' id='word_1_148' title='bbox 1913 821 2097 871; x_wconf 80' lang='lat' dir='ltr'>religione</span> <span class='ocrx_word' id='word_1_149' title='bbox 2136 833 2251 857; x_wconf 88' lang='lat' dir='ltr'>ausus</span> <span class='ocrx_word' id='word_1_150' title='bbox 2285 821 2423 868; x_wconf 88' lang='lat' dir='ltr'>fuerit,</span> 
     </span>
     <span class='ocr_line' id='line_1_24' title="bbox 1417 879 2266 919; baseline -0.004 0"><span class='ocrx_word' id='word_1_151' title='bbox 1417 900 1431 915; x_wconf 87' lang='lat'>»</span> <span class='ocrx_word' id='word_1_152' title='bbox 1453 883 1648 919; x_wconf 88' lang='lat' dir='ltr'>consortio</span> <span class='ocrx_word' id='word_1_153' title='bbox 1669 883 1893 918; x_wconf 88' lang='lat' dir='ltr'>clericorum</span> <span class='ocrx_word' id='word_1_154' title='bbox 1916 880 2178 918; x_wconf 83' lang='lat' dir='ltr'>removebitur</span> <span class='ocrx_word' id='word_1_155' title='bbox 2191 879 2222 917; x_wconf 92' lang='lat'>*.</span> <span class='ocrx_word' id='word_1_156' title='bbox 2251 897 2266 912; x_wconf 45' lang='lat'>&gt;⁷</span> 
     </span>
    </p>

    <p class='ocr_par' dir='ltr' id='par_1_8' title="bbox 1415 940 2427 1051">
     <span class='ocr_line' id='line_1_25' title="bbox 1470 940 2425 991; baseline -0.003 -12"><span class='ocrx_word' id='word_1_157' title='bbox 1470 944 1505 979; x_wconf 90' lang='grc'>3.</span> <span class='ocrx_word' id='word_1_158' title='bbox 1537 942 1721 978; x_wconf 87' lang='lat' dir='ltr'>Dolemus</span> <span class='ocrx_word' id='word_1_159' title='bbox 1750 950 1898 986; x_wconf 88' lang='lat' dir='ltr'>autem,</span> <span class='ocrx_word' id='word_1_160' title='bbox 1929 941 2130 991; x_wconf 88' lang='lat' dir='ltr'>quoniam,</span> <span class='ocrx_word' id='word_1_161' title='bbox 2153 940 2252 977; x_wconf 84' lang='lat' dir='ltr'>sicut</span> <span class='ocrx_word' id='word_1_162' title='bbox 2279 940 2425 977; x_wconf 87' lang='lat' dir='ltr'>littera-</span> 
     </span>
     <span class='ocr_line' id='line_1_26' title="bbox 1415 1001 2427 1051; baseline 0.001 -14"><span class='ocrx_word' id='word_1_163' title='bbox 1415 1015 1499 1038; x_wconf 91' lang='lat' dir='ltr'>rum</span> <span class='ocrx_word' id='word_1_164' title='bbox 1522 1010 1733 1037; x_wconf 82' lang='lat' dir='ltr'>vestrarum</span> <span class='ocrx_word' id='word_1_165' title='bbox 1762 1002 2021 1051; x_wconf 88' lang='lat' dir='ltr'>inspectione,</span> <span class='ocrx_word' id='word_1_166' title='bbox 2044 1010 2082 1038; x_wconf 87' lang='lat' dir='ltr'>et</span> <span class='ocrx_word' id='word_1_167' title='bbox 2104 1001 2226 1038; x_wconf 88' lang='lat' dir='ltr'>missis</span> <span class='ocrx_word' id='word_1_168' title='bbox 2253 1014 2275 1037; x_wconf 84' lang='lat' dir='ltr'>a</span> <span class='ocrx_word' id='word_1_169' title='bbox 2301 1008 2427 1038; x_wconf 76' lang='lat' dir='ltr'>vestra·</span> 
     </span>
    </p>
   </div>
   <div class='ocr_carea' id='block_1_8' title="bbox 337 1054 2426 1111">
    <p class='ocr_par' dir='ltr' id='par_1_9' title="bbox 337 1054 2426 1111">
     <span class='ocr_line' id='line_1_27' title="bbox 337 1054 2426 1111; baseline -0.002 -18"><span class='ocrx_word' id='word_1_170' title='bbox 337 1057 417 1093; x_wconf 87' lang='lat' dir='ltr'>(lire</span> <span class='ocrx_word' id='word_1_171' title='bbox 437 1057 576 1093; x_wconf 86' lang='lat' dir='ltr'>meruit</span> <span class='ocrx_word' id='word_1_172' title='bbox 593 1072 600 1094; x_wconf 91' lang='lat'>:</span> <span class='ocrx_word' id='word_1_173' title='bbox 620 1058 672 1092; x_wconf 75' lang='lat' dir='ltr'>Tu</span> <span class='ocrx_word' id='word_1_174' title='bbox 686 1071 736 1102; x_wconf 75' lang='lat' dir='ltr'>es,</span> <span class='ocrx_word' id='word_1_175' title='bbox 755 1057 898 1106; x_wconf 91' lang='lat' dir='ltr'>inquit,</span> <span class='ocrx_word' id='word_1_176' title='bbox 915 1058 1062 1100; x_wconf 73' lang='lat' dir='ltr'>Petras,</span> <span class='ocrx_word' id='word_1_177' title='bbox 1080 1066 1114 1092; x_wconf 81' lang='lat' dir='ltr'>et</span> <span class='ocrx_word' id='word_1_178' title='bbox 1128 1056 1350 1104; x_wconf 73' lang='lat' dir='ltr'>superlecmc</span> <span class='ocrx_word' id='word_1_179' title='bbox 1368 1056 1397 1090; x_wconf 92' lang='grc' dir='ltr'>Β</span> <span class='ocrx_word' id='word_1_180' title='bbox 1413 1062 1667 1099; x_wconf 74' lang='lat' dir='ltr'>Fraternitate</span> <span class='ocrx_word' id='word_1_181' title='bbox 1693 1060 1805 1097; x_wconf 86' lang='lat' dir='ltr'>nobis</span> <span class='ocrx_word' id='word_1_182' title='bbox 1825 1074 1998 1098; x_wconf 87' lang='lat' dir='ltr'>errorum</span> <span class='ocrx_word' id='word_1_183' title='bbox 2018 1061 2193 1111; x_wconf 86' lang='lat' dir='ltr'>capitulis</span> <span class='ocrx_word' id='word_1_184' title='bbox 2207 1067 2222 1082; x_wconf 58' lang='grc' dir='ltr'><strong>ὃ</strong></span> <span class='ocrx_word' id='word_1_185' title='bbox 2241 1054 2426 1110; x_wconf 68' lang='lat' dir='ltr'>cognovi-⁴</span> 
     </span>
    </p>
   </div>
   <div class='ocr_carea' id='block_1_9' title="bbox 328 1116 1347 1826">
    <p class='ocr_par' dir='ltr' id='par_1_10' title="bbox 328 1116 1347 1826">
     <span class='ocr_line' id='line_1_28' title="bbox 329 1116 1347 1166; baseline -0.001 -13"><span class='ocrx_word' id='word_1_186' title='bbox 329 1127 479 1166; x_wconf 75' lang='lat' dir='ltr'>petram</span> <span class='ocrx_word' id='word_1_187' title='bbox 514 1116 715 1163; x_wconf 69' lang='lat' dir='ltr'>aedificabo</span> <span class='ocrx_word' id='word_1_188' title='bbox 752 1119 963 1153; x_wconf 77' lang='lat' dir='ltr'>Ecclesiam</span> <span class='ocrx_word' id='word_1_189' title='bbox 994 1131 1116 1153; x_wconf 80' lang='lat' dir='ltr'>meam</span> <span class='ocrx_word' id='word_1_190' title='bbox 1136 1123 1148 1138; x_wconf 80' lang='lat'>²</span> <span class='ocrx_word' id='word_1_191' title='bbox 1168 1132 1175 1153; x_wconf 94' lang='lat'>:</span> <span class='ocrx_word' id='word_1_192' title='bbox 1198 1125 1347 1166; x_wconf 86' lang='lat' dir='ltr'>petram</span> 
     </span>
     <span class='ocr_line' id='line_1_29' title="bbox 335 1176 1347 1226; baseline -0.001 -13"><span class='ocrx_word' id='word_1_193' title='bbox 335 1178 468 1226; x_wconf 89' lang='lat' dir='ltr'>utique</span> <span class='ocrx_word' id='word_1_194' title='bbox 501 1178 715 1213; x_wconf 84' lang='lat' dir='ltr'>firmitatem</span> <span class='ocrx_word' id='word_1_195' title='bbox 749 1177 856 1223; x_wconf 90' lang='lat' dir='ltr'>fidei,</span> <span class='ocrx_word' id='word_1_196' title='bbox 897 1186 934 1214; x_wconf 88' lang='lat' dir='ltr'>et</span> <span class='ocrx_word' id='word_1_197' title='bbox 966 1176 1160 1213; x_wconf 81' lang='lat' dir='ltr'>catholicae</span> <span class='ocrx_word' id='word_1_198' title='bbox 1193 1176 1347 1213; x_wconf 87' lang='lat' dir='ltr'>unitatis</span> 
     </span>
     <span class='ocr_line' id='line_1_30' title="bbox 336 1237 1346 1287; baseline 0 -13"><span class='ocrx_word' id='word_1_199' title='bbox 336 1237 563 1274; x_wconf 82' lang='lat' dir='ltr'>soliditatem</span> <span class='ocrx_word' id='word_1_200' title='bbox 587 1238 783 1274; x_wconf 88' lang='lat' dir='ltr'>manifeste</span> <span class='ocrx_word' id='word_1_201' title='bbox 808 1238 1020 1287; x_wconf 81' lang='lat' dir='ltr'>designans.</span> <span class='ocrx_word' id='word_1_202' title='bbox 1047 1242 1138 1275; x_wconf 81' lang='lat' dir='ltr'>Haec</span> <span class='ocrx_word' id='word_1_203' title='bbox 1159 1237 1346 1287; x_wconf 84' lang='lat' dir='ltr'>siquidem</span> 
     </span>
     <span class='ocr_line' id='line_1_31' title="bbox 334 1297 1347 1348; baseline 0 -14"><span class='ocrx_word' id='word_1_204' title='bbox 334 1306 391 1334; x_wconf 83' lang='lat' dir='ltr'>est</span> <span class='ocrx_word' id='word_1_205' title='bbox 409 1298 649 1334; x_wconf 83' lang='lat' dir='ltr'>inconsutilis</span> <span class='ocrx_word' id='word_1_206' title='bbox 673 1298 802 1335; x_wconf 87' lang='lat' dir='ltr'>tunica</span> <span class='ocrx_word' id='word_1_207' title='bbox 820 1298 1090 1348; x_wconf 88' lang='lat' dir='ltr'>Redemptoris</span> <span class='ocrx_word' id='word_1_208' title='bbox 1117 1297 1260 1343; x_wconf 84' lang='lat' dir='ltr'>nostri,</span> <span class='ocrx_word' id='word_1_209' title='bbox 1283 1311 1347 1334; x_wconf 90' lang='lat' dir='ltr'>su-</span> 
     </span>
     <span class='ocr_line' id='line_1_32' title="bbox 334 1357 1346 1409; baseline -0.001 -14"><span class='ocrx_word' id='word_1_210' title='bbox 334 1372 405 1409; x_wconf 85' lang='lat' dir='ltr'>per</span> <span class='ocrx_word' id='word_1_211' title='bbox 429 1372 505 1408; x_wconf 91' lang='lat' dir='ltr'>qua</span> <span class='ocrx_word' id='word_1_212' title='bbox 526 1358 663 1395; x_wconf 83' lang='lat' dir='ltr'>milites</span> <span class='ocrx_word' id='word_1_213' title='bbox 685 1359 806 1395; x_wconf 90' lang='lat' dir='ltr'>sortiti</span> <span class='ocrx_word' id='word_1_214' title='bbox 831 1367 941 1405; x_wconf 89' lang='lat' dir='ltr'>sunt,</span> <span class='ocrx_word' id='word_1_215' title='bbox 967 1358 1031 1395; x_wconf 88' lang='lat' dir='ltr'>sed</span> <span class='ocrx_word' id='word_1_216' title='bbox 1062 1371 1144 1395; x_wconf 90' lang='lat' dir='ltr'>eam</span> <span class='ocrx_word' id='word_1_217' title='bbox 1175 1357 1346 1394; x_wconf 84' lang='lat' dir='ltr'>dividere</span> 
     </span>
     <span class='ocr_line' id='line_1_33' title="bbox 334 1417 1346 1469; baseline 0 -14"><span class='ocrx_word' id='word_1_218' title='bbox 334 1419 492 1455; x_wconf 87' lang='lat' dir='ltr'>minime</span> <span class='ocrx_word' id='word_1_219' title='bbox 509 1427 719 1468; x_wconf 90' lang='lat' dir='ltr'>potuerunt</span> <span class='ocrx_word' id='word_1_220' title='bbox 739 1417 752 1440; x_wconf 79' lang='lat'>3</span> <span class='ocrx_word' id='word_1_221' title='bbox 775 1434 783 1455; x_wconf 75' lang='grc' dir='ltr'><em>τ</em></span> <span class='ocrx_word' id='word_1_222' title='bbox 807 1428 941 1456; x_wconf 87' lang='lat' dir='ltr'>contra</span> <span class='ocrx_word' id='word_1_223' title='bbox 960 1433 1074 1469; x_wconf 90' lang='lat' dir='ltr'>quam</span> <span class='ocrx_word' id='word_1_224' title='bbox 1092 1419 1130 1455; x_wconf 92' lang='lat' dir='ltr'>in</span> <span class='ocrx_word' id='word_1_225' title='bbox 1147 1419 1256 1455; x_wconf 89' lang='lat' dir='ltr'>initio</span> <span class='ocrx_word' id='word_1_226' title='bbox 1275 1420 1346 1456; x_wconf 86' lang='lat' dir='ltr'>fre-</span> 
     </span>
     <span class='ocr_line' id='line_1_34' title="bbox 333 1480 1342 1529; baseline 0.001 -14"><span class='ocrx_word' id='word_1_227' title='bbox 333 1487 516 1516; x_wconf 89' lang='lat' dir='ltr'>muerunt</span> <span class='ocrx_word' id='word_1_228' title='bbox 532 1487 675 1528; x_wconf 77' lang='lat' dir='ltr'>gentes,</span> <span class='ocrx_word' id='word_1_229' title='bbox 695 1488 732 1515; x_wconf 91' lang='lat' dir='ltr'>et</span> <span class='ocrx_word' id='word_1_230' title='bbox 747 1480 883 1529; x_wconf 91' lang='lat' dir='ltr'>populi</span> <span class='ocrx_word' id='word_1_231' title='bbox 901 1480 1071 1517; x_wconf 89' lang='lat' dir='ltr'>meditati</span> <span class='ocrx_word' id='word_1_232' title='bbox 1088 1489 1177 1517; x_wconf 90' lang='lat' dir='ltr'>sunt</span> <span class='ocrx_word' id='word_1_233' title='bbox 1194 1480 1342 1527; x_wconf 78' lang='lat' dir='ltr'>inania3</span> 
     </span>
     <span class='ocr_line' id='line_1_35' title="bbox 332 1539 1345 1590; baseline 0.002 -14"><span class='ocrx_word' id='word_1_234' title='bbox 332 1539 561 1576; x_wconf 79' lang='lat' dir='ltr'>adstiterunt</span> <span class='ocrx_word' id='word_1_235' title='bbox 584 1552 690 1588; x_wconf 84' lang='lat' dir='ltr'>reges</span> <span class='ocrx_word' id='word_1_236' title='bbox 711 1548 841 1586; x_wconf 83' lang='lat' dir='ltr'>terrae,</span> <span class='ocrx_word' id='word_1_237' title='bbox 863 1549 900 1577; x_wconf 90' lang='lat' dir='ltr'>et</span> <span class='ocrx_word' id='word_1_238' title='bbox 925 1540 1119 1590; x_wconf 84' lang='lat' dir='ltr'>principes</span> <span class='ocrx_word' id='word_1_239' title='bbox 1149 1554 1345 1578; x_wconf 89' lang='lat' dir='ltr'>convene—</span> 
     </span>
     <span class='ocr_line' id='line_1_36' title="bbox 330 1599 1344 1650; baseline 0.003 -15"><span class='ocrx_word' id='word_1_240' title='bbox 330 1608 421 1636; x_wconf 86' lang='lat' dir='ltr'>runt</span> <span class='ocrx_word' id='word_1_241' title='bbox 440 1599 479 1635; x_wconf 89' lang='lat' dir='ltr'>in</span> <span class='ocrx_word' id='word_1_242' title='bbox 508 1612 628 1635; x_wconf 89' lang='lat' dir='ltr'>unum</span> <span class='ocrx_word' id='word_1_243' title='bbox 645 1600 672 1635; x_wconf 63' lang='lat'>4.</span> <span class='ocrx_word' id='word_1_244' title='bbox 694 1603 836 1636; x_wconf 77' lang='lat' dir='ltr'>Verum</span> <span class='ocrx_word' id='word_1_245' title='bbox 858 1601 1054 1650; x_wconf 82' lang='lat' dir='ltr'>Apostoli,</span> <span class='ocrx_word' id='word_1_246' title='bbox 1078 1600 1193 1637; x_wconf 89' lang='lat' dir='ltr'>duces</span> <span class='ocrx_word' id='word_1_247' title='bbox 1217 1601 1344 1638; x_wconf 89' lang='lat' dir='ltr'>domi-</span> 
     </span>
     <span class='ocr_line' id='line_1_37' title="bbox 328 1659 1342 1710; baseline 0.002 -15"><span class='ocrx_word' id='word_1_248' title='bbox 328 1660 403 1696; x_wconf 88' lang='lat' dir='ltr'>nici</span> <span class='ocrx_word' id='word_1_249' title='bbox 421 1659 561 1709; x_wconf 80' lang='lat' dir='ltr'>gregis,</span> <span class='ocrx_word' id='word_1_250' title='bbox 579 1668 761 1695; x_wconf 85' lang='lat' dir='ltr'>eteorum</span> <span class='ocrx_word' id='word_1_251' title='bbox 777 1673 1014 1697; x_wconf 88' lang='lat' dir='ltr'>successores</span> <span class='ocrx_word' id='word_1_252' title='bbox 1028 1661 1227 1710; x_wconf 86' lang='lat' dir='ltr'>apostolici</span> <span class='ocrx_word' id='word_1_253' title='bbox 1248 1661 1342 1707; x_wconf 82' lang='lat' dir='ltr'>viri,</span> 
     </span>
     <span class='ocr_line' id='line_1_38' title="bbox 331 1719 1342 1767; baseline 0.001 -11"><span class='ocrx_word' id='word_1_254' title='bbox 331 1720 470 1757; x_wconf 85' lang='lat' dir='ltr'>ardore</span> <span class='ocrx_word' id='word_1_255' title='bbox 501 1719 695 1756; x_wconf 88' lang='lat' dir='ltr'>charitatis</span> <span class='ocrx_word' id='word_1_256' title='bbox 722 1728 759 1756; x_wconf 91' lang='lat' dir='ltr'>et</span> <span class='ocrx_word' id='word_1_257' title='bbox 787 1720 869 1757; x_wconf 90' lang='lat' dir='ltr'>zelo</span> <span class='ocrx_word' id='word_1_258' title='bbox 891 1721 1129 1758; x_wconf 86' lang='lat' dir='ltr'>rectitudinis</span> <span class='ocrx_word' id='word_1_259' title='bbox 1149 1722 1342 1767; x_wconf 80' lang='lat' dir='ltr'>succensi,</span> 
     </span>
     <span class='ocr_line' id='line_1_39' title="bbox 330 1778 1344 1826; baseline 0 -9"><span class='ocrx_word' id='word_1_260' title='bbox 330 1781 446 1817; x_wconf 85' lang='lat' dir='ltr'>fidem</span> <span class='ocrx_word' id='word_1_261' title='bbox 477 1779 702 1826; x_wconf 86' lang='lat' dir='ltr'>defendere,</span> <span class='ocrx_word' id='word_1_262' title='bbox 724 1778 769 1816; x_wconf 82' lang='lat' dir='ltr'>ct</span> <span class='ocrx_word' id='word_1_263' title='bbox 782 1793 863 1816; x_wconf 87' lang='lat' dir='ltr'>eam</span> <span class='ocrx_word' id='word_1_264' title='bbox 897 1781 935 1817; x_wconf 89' lang='lat' dir='ltr'>in</span> <span class='ocrx_word' id='word_1_265' title='bbox 969 1780 1150 1817; x_wconf 86' lang='lat' dir='ltr'>cordibus</span> <span class='ocrx_word' id='word_1_266' title='bbox 1181 1781 1344 1818; x_wconf 87' lang='lat' dir='ltr'>aliorum</span> 
     </span>
    </p>
   </div>
   <div class='ocr_carea' id='block_1_10' title="bbox 1411 1120 2428 1652">
    <p class='ocr_par' dir='ltr' id='par_1_11' title="bbox 1411 1120 2428 1652">
     <span class='ocr_line' id='line_1_40' title="bbox 1414 1120 2424 1171; baseline 0.001 -14"><span class='ocrx_word' id='word_1_267' title='bbox 1414 1135 1518 1167; x_wconf 90' lang='lat' dir='ltr'>mus,</span> <span class='ocrx_word' id='word_1_268' title='bbox 1540 1121 1580 1157; x_wconf 91' lang='lat' dir='ltr'>in</span> <span class='ocrx_word' id='word_1_269' title='bbox 1599 1121 1815 1158; x_wconf 87' lang='lat' dir='ltr'>novissimis</span> <span class='ocrx_word' id='word_1_270' title='bbox 1836 1120 1989 1168; x_wconf 88' lang='lat' dir='ltr'>diebus,</span> <span class='ocrx_word' id='word_1_271' title='bbox 2017 1120 2172 1171; x_wconf 89' lang='lat' dir='ltr'>quando</span> <span class='ocrx_word' id='word_1_272' title='bbox 2193 1121 2337 1157; x_wconf 89' lang='lat' dir='ltr'>instant</span> <span class='ocrx_word' id='word_1_273' title='bbox 2355 1134 2424 1170; x_wconf 90' lang='lat' dir='ltr'>pe—</span> 
     </span>
     <span class='ocr_line' id='line_1_41' title="bbox 1414 1180 2426 1232; baseline 0.001 -15"><span class='ocrx_word' id='word_1_274' title='bbox 1414 1181 1579 1218; x_wconf 88' lang='lat' dir='ltr'>riculosa</span> <span class='ocrx_word' id='word_1_275' title='bbox 1599 1190 1791 1232; x_wconf 86' lang='lat' dir='ltr'>tempora,</span> <span class='ocrx_word' id='word_1_276' title='bbox 1808 1182 1848 1218; x_wconf 90' lang='lat' dir='ltr'>in</span> <span class='ocrx_word' id='word_1_277' title='bbox 1866 1181 1968 1219; x_wconf 87' lang='lat' dir='ltr'>Petri</span> <span class='ocrx_word' id='word_1_278' title='bbox 1987 1180 2191 1219; x_wconf 89' lang='lat' dir='ltr'>Abaelardi</span> <span class='ocrx_word' id='word_1_279' title='bbox 2211 1180 2426 1230; x_wconf 89' lang='lat' dir='ltr'>perniciosa</span> 
     </span>
     <span class='ocr_line' id='line_1_42' title="bbox 1414 1241 2425 1292; baseline 0.001 -14"><span class='ocrx_word' id='word_1_280' title='bbox 1414 1242 1589 1278; x_wconf 86' lang='lat' dir='ltr'>doctrina</span> <span class='ocrx_word' id='word_1_281' title='bbox 1609 1250 1646 1278; x_wconf 90' lang='lat' dir='ltr'>et</span> <span class='ocrx_word' id='word_1_282' title='bbox 1666 1242 1940 1292; x_wconf 87' lang='lat' dir='ltr'>praedictorum</span> <span class='ocrx_word' id='word_1_283' title='bbox 1968 1242 2151 1288; x_wconf 70' lang='lat' dir='ltr'>haereses,</span> <span class='ocrx_word' id='word_1_284' title='bbox 2181 1249 2220 1278; x_wconf 90' lang='lat' dir='ltr'>et</span> <span class='ocrx_word' id='word_1_285' title='bbox 2247 1241 2319 1278; x_wconf 87' lang='lat' dir='ltr'>alia</span> <span class='ocrx_word' id='word_1_286' title='bbox 2338 1255 2425 1292; x_wconf 88' lang='lat' dir='ltr'>per—</span> 
     </span>
     <span class='ocr_line' id='line_1_43' title="bbox 1413 1300 2426 1351; baseline 0.001 -13"><span class='ocrx_word' id='word_1_287' title='bbox 1413 1314 1523 1338; x_wconf 74' lang='lat' dir='ltr'>versa</span> <span class='ocrx_word' id='word_1_288' title='bbox 1549 1301 1726 1351; x_wconf 81' lang='lat' dir='ltr'>dogmata</span> <span class='ocrx_word' id='word_1_289' title='bbox 1745 1302 1940 1342; x_wconf 71' lang='lat' dir='ltr'>catholicae</span> <span class='ocrx_word' id='word_1_290' title='bbox 1966 1301 2052 1338; x_wconf 84' lang='lat' dir='ltr'>fidei</span> <span class='ocrx_word' id='word_1_291' title='bbox 2075 1300 2271 1338; x_wconf 85' lang='lat' dir='ltr'>obviantia</span> <span class='ocrx_word' id='word_1_292' title='bbox 2296 1303 2426 1351; x_wconf 88' lang='lat' dir='ltr'>pullu-</span> 
     </span>
     <span class='ocr_line' id='line_1_44' title="bbox 1411 1361 2428 1411; baseline 0.002 -14"><span class='ocrx_word' id='word_1_293' title='bbox 1411 1361 1490 1397; x_wconf 89' lang='lat' dir='ltr'>lare</span> <span class='ocrx_word' id='word_1_294' title='bbox 1511 1369 1724 1411; x_wconf 67' lang='lat' dir='ltr'>coeperunt.</span> <span class='ocrx_word' id='word_1_295' title='bbox 1745 1365 1887 1399; x_wconf 90' lang='lat' dir='ltr'>Verum</span> <span class='ocrx_word' id='word_1_296' title='bbox 1905 1362 1945 1398; x_wconf 90' lang='lat' dir='ltr'>in</span> <span class='ocrx_word' id='word_1_297' title='bbox 1971 1361 2044 1398; x_wconf 90' lang='lat' dir='ltr'>hoc</span> <span class='ocrx_word' id='word_1_298' title='bbox 2064 1361 2229 1398; x_wconf 85' lang='lat' dir='ltr'>maxime</span> <span class='ocrx_word' id='word_1_299' title='bbox 2250 1363 2428 1399; x_wconf 87' lang='lat' dir='ltr'>consola—</span> 
     </span>
     <span class='ocr_line' id='line_1_45' title="bbox 1412 1421 2427 1472; baseline 0.002 -14"><span class='ocrx_word' id='word_1_300' title='bbox 1412 1435 1512 1468; x_wconf 88' lang='lat' dir='ltr'>mur,</span> <span class='ocrx_word' id='word_1_301' title='bbox 1541 1430 1578 1458; x_wconf 92' lang='lat' dir='ltr'>et</span> <span class='ocrx_word' id='word_1_302' title='bbox 1600 1422 1856 1472; x_wconf 87' lang='lat' dir='ltr'>omnipotenti</span> <span class='ocrx_word' id='word_1_303' title='bbox 1887 1426 1970 1460; x_wconf 87' lang='lat' dir='ltr'>Deo</span> <span class='ocrx_word' id='word_1_304' title='bbox 2000 1421 2139 1471; x_wconf 82' lang='lat' dir='ltr'>gratias</span> <span class='ocrx_word' id='word_1_305' title='bbox 2167 1421 2331 1471; x_wconf 81' lang='lat' dir='ltr'>agimus,</span> <span class='ocrx_word' id='word_1_306' title='bbox 2361 1422 2427 1472; x_wconf 86' lang='lat' dir='ltr'>qui</span> 
     </span>
     <span class='ocr_line' id='line_1_46' title="bbox 1412 1481 2427 1533; baseline 0.001 -15"><span class='ocrx_word' id='word_1_307' title='bbox 1412 1483 1452 1518; x_wconf 91' lang='lat' dir='ltr'>in</span> <span class='ocrx_word' id='word_1_308' title='bbox 1488 1482 1660 1532; x_wconf 85' lang='lat' dir='ltr'>partibus</span> <span class='ocrx_word' id='word_1_309' title='bbox 1696 1483 1834 1519; x_wconf 81' lang='lat' dir='ltr'>vestris</span> <span class='ocrx_word' id='word_1_310' title='bbox 1870 1496 1943 1532; x_wconf 85' lang='lat' dir='ltr'>pro</span> <span class='ocrx_word' id='word_1_311' title='bbox 1983 1481 2159 1533; x_wconf 85' lang='lat' dir='ltr'>patribus</span> <span class='ocrx_word' id='word_1_312' title='bbox 2201 1482 2294 1519; x_wconf 86' lang='lat' dir='ltr'>tales</span> <span class='ocrx_word' id='word_1_313' title='bbox 2328 1482 2427 1520; x_wconf 89' lang='lat' dir='ltr'>filios</span> 
     </span>
     <span class='ocr_line' id='line_1_47' title="bbox 1411 1541 2426 1593; baseline 0.001 -14"><span class='ocrx_word' id='word_1_314' title='bbox 1411 1543 1625 1589; x_wconf 82' lang='lat' dir='ltr'>suscitavit,</span> <span class='ocrx_word' id='word_1_315' title='bbox 1649 1552 1686 1579; x_wconf 90' lang='lat' dir='ltr'>et</span> <span class='ocrx_word' id='word_1_316' title='bbox 1707 1551 1880 1593; x_wconf 90' lang='lat' dir='ltr'>tempore</span> <span class='ocrx_word' id='word_1_317' title='bbox 1900 1542 2137 1592; x_wconf 89' lang='lat' dir='ltr'>apostolatus</span> <span class='ocrx_word' id='word_1_318' title='bbox 2155 1542 2277 1579; x_wconf 87' lang='lat' dir='ltr'>nostri</span> <span class='ocrx_word' id='word_1_319' title='bbox 2298 1541 2337 1578; x_wconf 90' lang='lat' dir='ltr'>in</span> <span class='ocrx_word' id='word_1_320' title='bbox 2354 1545 2426 1580; x_wconf 90' lang='lat' dir='ltr'>Ec-</span> 
     </span>
     <span class='ocr_line' id='line_1_48' title="bbox 1411 1601 2423 1652; baseline 0 -13"><span class='ocrx_word' id='word_1_321' title='bbox 1411 1603 1523 1639; x_wconf 88' lang='lat' dir='ltr'>clesia</span> <span class='ocrx_word' id='word_1_322' title='bbox 1545 1616 1612 1639; x_wconf 90' lang='lat' dir='ltr'>sua</span> <span class='ocrx_word' id='word_1_323' title='bbox 1641 1611 1717 1639; x_wconf 87' lang='lat' dir='ltr'>tam</span> <span class='ocrx_word' id='word_1_324' title='bbox 1745 1603 1950 1652; x_wconf 86' lang='lat' dir='ltr'>praeclaros</span> <span class='ocrx_word' id='word_1_325' title='bbox 1978 1601 2103 1638; x_wconf 90' lang='lat' dir='ltr'>voluit</span> <span class='ocrx_word' id='word_1_326' title='bbox 2124 1614 2206 1639; x_wconf 87' lang='lat' dir='ltr'>esse</span> <span class='ocrx_word' id='word_1_327' title='bbox 2225 1609 2423 1652; x_wconf 87' lang='lat' dir='ltr'>pastores,</span> 
     </span>
    </p>
   </div>
   <div class='ocr_carea' id='block_1_11' title="bbox 1411 1661 2485 1830">
    <p class='ocr_par' dir='ltr' id='par_1_12' title="bbox 1411 1661 2485 1830">
     <span class='ocr_line' id='line_1_49' title="bbox 1411 1661 2481 1712; baseline -0.001 -13"><span class='ocrx_word' id='word_1_328' title='bbox 1411 1663 1476 1712; x_wconf 91' lang='lat' dir='ltr'>qui</span> <span class='ocrx_word' id='word_1_329' title='bbox 1503 1663 1593 1700; x_wconf 88' lang='lat' dir='ltr'>novi</span> <span class='ocrx_word' id='word_1_330' title='bbox 1621 1663 1790 1699; x_wconf 82' lang='lat' dir='ltr'>haeretici</span> <span class='ocrx_word' id='word_1_331' title='bbox 1821 1662 2021 1699; x_wconf 88' lang='lat' dir='ltr'>calumniis</span> <span class='ocrx_word' id='word_1_332' title='bbox 2047 1661 2225 1699; x_wconf 88' lang='lat' dir='ltr'>studeant</span> <span class='ocrx_word' id='word_1_333' title='bbox 2245 1661 2426 1708; x_wconf 77' lang='lat' dir='ltr'>obviare,</span> <span class='ocrx_word' id='word_1_334' title='bbox 2478 1697 2481 1707; x_wconf 73' lang='grc'>,</span> 
     </span>
     <span class='ocr_line' id='line_1_50' title="bbox 1411 1721 2481 1771; baseline -0.001 -13"><span class='ocrx_word' id='word_1_335' title='bbox 1411 1730 1449 1758; x_wconf 91' lang='lat' dir='ltr'>et</span> <span class='ocrx_word' id='word_1_336' title='bbox 1484 1722 1766 1759; x_wconf 87' lang='lat' dir='ltr'>immaculatam</span> <span class='ocrx_word' id='word_1_337' title='bbox 1803 1735 1985 1771; x_wconf 86' lang='lat' dir='ltr'>sponsam</span> <span class='ocrx_word' id='word_1_338' title='bbox 2019 1721 2088 1758; x_wconf 88' lang='lat' dir='ltr'>uni</span> <span class='ocrx_word' id='word_1_339' title='bbox 2120 1721 2207 1758; x_wconf 87' lang='lat' dir='ltr'>viro</span> <span class='ocrx_word' id='word_1_340' title='bbox 2240 1721 2426 1771; x_wconf 85' lang='lat' dir='ltr'>virginem</span> <span class='ocrx_word' id='word_1_341' title='bbox 2478 1740 2481 1758; x_wconf 58' lang='lat' dir='ltr'>i</span> 
     </span>
     <span class='ocr_line' id='line_1_51' title="bbox 1412 1779 2485 1830; baseline -0.001 -12"><span class='ocrx_word' id='word_1_342' title='bbox 1412 1790 1551 1819; x_wconf 90' lang='lat' dir='ltr'>castam</span> <span class='ocrx_word' id='word_1_343' title='bbox 1569 1781 1749 1818; x_wconf 89' lang='lat' dir='ltr'>exhibere</span> <span class='ocrx_word' id='word_1_344' title='bbox 1768 1782 1930 1819; x_wconf 88' lang='lat' dir='ltr'>Christo.</span> <span class='ocrx_word' id='word_1_345' title='bbox 1948 1785 2025 1819; x_wconf 70' lang='lat' dir='ltr'>Nos</span> <span class='ocrx_word' id='word_1_346' title='bbox 2043 1781 2171 1830; x_wconf 88' lang='lat' dir='ltr'>itaque</span> <span class='ocrx_word' id='word_1_347' title='bbox 2184 1781 2251 1830; x_wconf 88' lang='lat' dir='ltr'>qui</span> <span class='ocrx_word' id='word_1_348' title='bbox 2268 1781 2307 1817; x_wconf 91' lang='lat' dir='ltr'>in</span> <span class='ocrx_word' id='word_1_349' title='bbox 2324 1779 2425 1818; x_wconf 85' lang='lat' dir='ltr'>beati</span> <span class='ocrx_word' id='word_1_350' title='bbox 2477 1786 2485 1823; x_wconf 63' lang='grc' dir='ltr'>ξ’</span> 
     </span>
    </p>
   </div>
   <div class='ocr_carea' id='block_1_12' title="bbox 330 1840 2479 1890">
    <p class='ocr_par' dir='ltr' id='par_1_13' title="bbox 330 1840 2479 1890">
     <span class='ocr_line' id='line_1_52' title="bbox 330 1840 2479 1890; baseline 0 -13"><span class='ocrx_word' id='word_1_351' title='bbox 330 1840 481 1890; x_wconf 86' lang='lat' dir='ltr'>proprii</span> <span class='ocrx_word' id='word_1_352' title='bbox 502 1840 694 1888; x_wconf 84' lang='lat' dir='ltr'>sanguinis</span> <span class='ocrx_word' id='word_1_353' title='bbox 715 1840 901 1876; x_wconf 86' lang='lat' dir='ltr'>effusione</span> <span class='ocrx_word' id='word_1_354' title='bbox 929 1841 1102 1890; x_wconf 87' lang='lat' dir='ltr'>plantare</span> <span class='ocrx_word' id='word_1_355' title='bbox 1124 1854 1201 1877; x_wconf 93' lang='lat' dir='ltr'>non</span> <span class='ocrx_word' id='word_1_356' title='bbox 1231 1840 1345 1877; x_wconf 92' lang='lat' dir='ltr'>dubi-</span> <span class='ocrx_word' id='word_1_357' title='bbox 1365 1841 1391 1877; x_wconf 93' lang='lat' dir='ltr'>C</span> <span class='ocrx_word' id='word_1_358' title='bbox 1411 1842 1512 1879; x_wconf 86' lang='lat' dir='ltr'>Petri</span> <span class='ocrx_word' id='word_1_359' title='bbox 1545 1843 1743 1889; x_wconf 78' lang='lat' dir='ltr'>cathedra,</span> <span class='ocrx_word' id='word_1_360' title='bbox 1776 1842 1837 1879; x_wconf 89' lang='lat' dir='ltr'>cui</span> <span class='ocrx_word' id='word_1_361' title='bbox 1866 1856 1887 1878; x_wconf 91' lang='lat' dir='ltr'>a</span> <span class='ocrx_word' id='word_1_362' title='bbox 1913 1842 2081 1879; x_wconf 87' lang='lat' dir='ltr'>Domino</span> <span class='ocrx_word' id='word_1_363' title='bbox 2102 1850 2159 1878; x_wconf 89' lang='lat' dir='ltr'>est</span> <span class='ocrx_word' id='word_1_364' title='bbox 2191 1841 2355 1889; x_wconf 91' lang='lat' dir='ltr'>dictum,</span> <span class='ocrx_word' id='word_1_365' title='bbox 2376 1844 2427 1878; x_wconf 81' lang='lat' dir='ltr'>Et</span> <span class='ocrx_word' id='word_1_366' title='bbox 2475 1854 2479 1866; x_wconf 75' lang='lat'><strong>¹</strong></span> 
     </span>
    </p>
   </div>
   <div class='ocr_carea' id='block_1_13' title="bbox 331 1900 1346 2612">
    <p class='ocr_par' dir='ltr' id='par_1_14' title="bbox 331 1900 1346 2069">
     <span class='ocr_line' id='line_1_53' title="bbox 331 1900 1343 1950; baseline 0.001 -14"><span class='ocrx_word' id='word_1_367' title='bbox 331 1908 474 1936; x_wconf 88' lang='lat' dir='ltr'>tarunt.</span> <span class='ocrx_word' id='word_1_368' title='bbox 504 1903 669 1936; x_wconf 89' lang='lat' dir='ltr'>Demum</span> <span class='ocrx_word' id='word_1_369' title='bbox 699 1908 870 1936; x_wconf 78' lang='lat' dir='ltr'>cessante</span> <span class='ocrx_word' id='word_1_370' title='bbox 900 1910 1188 1950; x_wconf 86' lang='lat' dir='ltr'>persecutorum</span> <span class='ocrx_word' id='word_1_371' title='bbox 1215 1900 1343 1948; x_wconf 83' lang='lat' dir='ltr'>rabie,</span> 
     </span>
     <span class='ocr_line' id='line_1_54' title="bbox 332 1960 1346 2009; baseline 0.001 -13"><span class='ocrx_word' id='word_1_372' title='bbox 332 1960 536 2009; x_wconf 73' lang='lat' dir='ltr'>imperavit</span> <span class='ocrx_word' id='word_1_373' title='bbox 563 1960 752 1996; x_wconf 84' lang='lat' dir='ltr'>Dominus</span> <span class='ocrx_word' id='word_1_374' title='bbox 781 1961 923 2007; x_wconf 80' lang='lat' dir='ltr'>ventis,</span> <span class='ocrx_word' id='word_1_375' title='bbox 944 1969 981 1997; x_wconf 92' lang='lat' dir='ltr'>et</span> <span class='ocrx_word' id='word_1_376' title='bbox 1002 1962 1097 1998; x_wconf 86' lang='lat' dir='ltr'>facta</span> <span class='ocrx_word' id='word_1_377' title='bbox 1125 1969 1181 1998; x_wconf 86' lang='lat' dir='ltr'>est</span> <span class='ocrx_word' id='word_1_378' title='bbox 1210 1961 1249 1997; x_wconf 92' lang='lat' dir='ltr'>in</span> <span class='ocrx_word' id='word_1_379' title='bbox 1271 1964 1346 1997; x_wconf 86' lang='lat' dir='ltr'>Ec-</span> 
     </span>
     <span class='ocr_line' id='line_1_55' title="bbox 333 2019 890 2069; baseline 0.002 -14"><span class='ocrx_word' id='word_1_380' title='bbox 333 2019 446 2056; x_wconf 88' lang='lat' dir='ltr'>clesia</span> <span class='ocrx_word' id='word_1_381' title='bbox 468 2019 721 2068; x_wconf 86' lang='lat' dir='ltr'>tranquillitas</span> <span class='ocrx_word' id='word_1_382' title='bbox 742 2033 890 2069; x_wconf 81' lang='lat' dir='ltr'>magna.</span> 
     </span>
    </p>

    <p class='ocr_par' dir='ltr' id='par_1_15' title="bbox 331 2080 1346 2612">
     <span class='ocr_line' id='line_1_56' title="bbox 387 2080 1345 2131; baseline 0.002 -15"><span class='ocrx_word' id='word_1_383' title='bbox 387 2080 423 2116; x_wconf 78' lang='lat'>2.</span> <span class='ocrx_word' id='word_1_384' title='bbox 454 2080 528 2118; x_wconf 85' lang='lat' dir='ltr'>Sed</span> <span class='ocrx_word' id='word_1_385' title='bbox 562 2080 650 2129; x_wconf 86' lang='lat' dir='ltr'>quia</span> <span class='ocrx_word' id='word_1_386' title='bbox 684 2080 803 2117; x_wconf 89' lang='lat' dir='ltr'>hostis</span> <span class='ocrx_word' id='word_1_387' title='bbox 832 2081 989 2118; x_wconf 87' lang='lat' dir='ltr'>humani</span> <span class='ocrx_word' id='word_1_388' title='bbox 1017 2081 1166 2131; x_wconf 84' lang='lat' dir='ltr'>generis</span> <span class='ocrx_word' id='word_1_389' title='bbox 1195 2094 1345 2131; x_wconf 83' lang='lat' dir='ltr'>semper</span> 
     </span>
     <span class='ocr_line' id='line_1_57' title="bbox 332 2140 1345 2191; baseline 0.002 -15"><span class='ocrx_word' id='word_1_390' title='bbox 332 2140 469 2177; x_wconf 85' lang='lat' dir='ltr'>circuit</span> <span class='ocrx_word' id='word_1_391' title='bbox 503 2154 678 2190; x_wconf 63' lang='lat' dir='ltr'>quaerens</span> <span class='ocrx_word' id='word_1_392' title='bbox 711 2154 825 2190; x_wconf 83' lang='lat' dir='ltr'>quem</span> <span class='ocrx_word' id='word_1_393' title='bbox 846 2141 1022 2187; x_wconf 78' lang='lat' dir='ltr'>devoret,</span> <span class='ocrx_word' id='word_1_394' title='bbox 1045 2141 1092 2178; x_wconf 88' lang='lat' dir='ltr'>ad</span> <span class='ocrx_word' id='word_1_395' title='bbox 1112 2142 1345 2191; x_wconf 81' lang='lat' dir='ltr'>impugnan-</span> 
     </span>
     <span class='ocr_line' id='line_1_58' title="bbox 332 2200 1344 2246; baseline 0.002 -10"><span class='ocrx_word' id='word_1_396' title='bbox 332 2200 418 2236; x_wconf 86' lang='lat' dir='ltr'>dam</span> <span class='ocrx_word' id='word_1_397' title='bbox 452 2201 707 2237; x_wconf 83' lang='lat' dir='ltr'>sinceritatem</span> <span class='ocrx_word' id='word_1_398' title='bbox 731 2202 838 2246; x_wconf 89' lang='lat' dir='ltr'>fidei,</span> <span class='ocrx_word' id='word_1_399' title='bbox 875 2202 1156 2238; x_wconf 84' lang='lat' dir='ltr'>fraudulentam</span> <span class='ocrx_word' id='word_1_400' title='bbox 1188 2202 1344 2239; x_wconf 65' lang='lat' dir='ltr'>haereti-</span> 
     </span>
     <span class='ocr_line' id='line_1_59' title="bbox 332 2260 1344 2312; baseline 0.004 -16"><span class='ocrx_word' id='word_1_401' title='bbox 332 2274 463 2297; x_wconf 85' lang='lat' dir='ltr'>corum</span> <span class='ocrx_word' id='word_1_402' title='bbox 496 2260 679 2297; x_wconf 84' lang='lat' dir='ltr'>fallaciam</span> <span class='ocrx_word' id='word_1_403' title='bbox 710 2261 944 2298; x_wconf 78' lang='lat' dir='ltr'>subinduxit.</span> <span class='ocrx_word' id='word_1_404' title='bbox 975 2265 1117 2300; x_wconf 85' lang='lat' dir='ltr'>Contra</span> <span class='ocrx_word' id='word_1_405' title='bbox 1146 2275 1243 2312; x_wconf 84' lang='lat' dir='ltr'>quos</span> <span class='ocrx_word' id='word_1_406' title='bbox 1272 2262 1344 2300; x_wconf 68' lang='lat' dir='ltr'>viri</span> 
     </span>
     <span class='ocr_line' id='line_1_60' title="bbox 331 2321 1345 2372; baseline 0.002 -15"><span class='ocrx_word' id='word_1_407' title='bbox 331 2321 585 2357; x_wconf 76' lang='lat' dir='ltr'>E‹,·clesiarum</span> <span class='ocrx_word' id='word_1_408' title='bbox 607 2330 779 2371; x_wconf 86' lang='lat' dir='ltr'>pastores</span> <span class='ocrx_word' id='word_1_409' title='bbox 809 2322 970 2358; x_wconf 84' lang='lat' dir='ltr'>viriliter</span> <span class='ocrx_word' id='word_1_410' title='bbox 995 2323 1255 2372; x_wconf 80' lang='lat' dir='ltr'>insurgentes,</span> <span class='ocrx_word' id='word_1_411' title='bbox 1279 2336 1345 2359; x_wconf 86' lang='lat' dir='ltr'>eo-</span> 
     </span>
     <span class='ocr_line' id='line_1_61' title="bbox 333 2381 1344 2432; baseline 0.002 -15"><span class='ocrx_word' id='word_1_412' title='bbox 333 2394 417 2417; x_wconf 84' lang='lat' dir='ltr'>rum</span> <span class='ocrx_word' id='word_1_413' title='bbox 448 2395 565 2431; x_wconf 69' lang='lat' dir='ltr'>prava</span> <span class='ocrx_word' id='word_1_414' title='bbox 594 2381 772 2431; x_wconf 82' lang='lat' dir='ltr'>dogmata</span> <span class='ocrx_word' id='word_1_415' title='bbox 802 2396 888 2419; x_wconf 89' lang='lat' dir='ltr'>cum</span> <span class='ocrx_word' id='word_1_416' title='bbox 918 2383 1088 2432; x_wconf 86' lang='lat' dir='ltr'>ipsorum</span> <span class='ocrx_word' id='word_1_417' title='bbox 1123 2382 1344 2420; x_wconf 87' lang='lat' dir='ltr'>auctoribus</span> 
     </span>
     <span class='ocr_line' id='line_1_62' title="bbox 332 2442 1346 2493; baseline 0.003 -16"><span class='ocrx_word' id='word_1_418' title='bbox 332 2442 650 2479; x_wconf 86' lang='lat' dir='ltr'>condemnarunt.</span> <span class='ocrx_word' id='word_1_419' title='bbox 672 2446 716 2479; x_wconf 92' lang='lat' dir='ltr'>In</span> <span class='ocrx_word' id='word_1_420' title='bbox 745 2456 880 2492; x_wconf 87' lang='lat' dir='ltr'>magna</span> <span class='ocrx_word' id='word_1_421' title='bbox 899 2457 1065 2493; x_wconf 85' lang='lat' dir='ltr'>namque</span> <span class='ocrx_word' id='word_1_422' title='bbox 1082 2444 1234 2481; x_wconf 62' lang='lat' dir='ltr'>Nicaena</span> <span class='ocrx_word' id='word_1_423' title='bbox 1252 2457 1346 2493; x_wconf 83' lang='lat' dir='ltr'>syn-</span> 
     </span>
     <span class='ocr_line' id='line_1_63' title="bbox 333 2502 1346 2541; baseline 0.002 -3"><span class='ocrx_word' id='word_1_424' title='bbox 333 2502 409 2539; x_wconf 91' lang='lat' dir='ltr'>odo</span> <span class='ocrx_word' id='word_1_425' title='bbox 441 2503 554 2540; x_wconf 84' lang='lat' dir='ltr'>Arius</span> <span class='ocrx_word' id='word_1_426' title='bbox 586 2502 786 2540; x_wconf 79' lang='lat' dir='ltr'>haereticus</span> <span class='ocrx_word' id='word_1_427' title='bbox 815 2513 871 2540; x_wconf 89' lang='lat' dir='ltr'>cst</span> <span class='ocrx_word' id='word_1_428' title='bbox 908 2504 1122 2541; x_wconf 89' lang='lat' dir='ltr'>damnatus.</span> <span class='ocrx_word' id='word_1_429' title='bbox 1155 2507 1346 2541; x_wconf 88' lang='lat' dir='ltr'>Constan-</span> 
     </span>
     <span class='ocr_line' id='line_1_64' title="bbox 334 2563 1344 2612; baseline 0.001 -13"><span class='ocrx_word' id='word_1_430' title='bbox 334 2563 585 2612; x_wconf 89' lang='lat' dir='ltr'>tinopolitana</span> <span class='ocrx_word' id='word_1_431' title='bbox 621 2563 792 2612; x_wconf 69' lang='lat' dir='ltr'>synodus</span> <span class='ocrx_word' id='word_1_432' title='bbox 837 2564 1090 2601; x_wconf 84' lang='lat' dir='ltr'>Manichaeum</span> <span class='ocrx_word' id='word_1_433' title='bbox 1123 2564 1344 2600; x_wconf 78' lang='lat' dir='ltr'>haereticum</span> 
     </span>
    </p>
   </div>
   <div class='ocr_carea' id='block_1_14' title="bbox 1412 1899 2423 1952">
    <p class='ocr_par' dir='ltr' id='par_1_16' title="bbox 1412 1899 2423 1952">
     <span class='ocr_line' id='line_1_65' title="bbox 1412 1899 2423 1952; baseline -0.003 -12"><span class='ocrx_word' id='word_1_434' title='bbox 1412 1913 1450 1940; x_wconf 77' lang='lat' dir='ltr'>tu</span> <span class='ocrx_word' id='word_1_435' title='bbox 1476 1906 1681 1952; x_wconf 79' lang='lat' dir='ltr'>aliquando</span> <span class='ocrx_word' id='word_1_436' title='bbox 1710 1916 1902 1939; x_wconf 77' lang='lat' dir='ltr'>conversus</span> <span class='ocrx_word' id='word_1_437' title='bbox 1927 1902 2110 1949; x_wconf 80' lang='lat' dir='ltr'>confirma</span> <span class='ocrx_word' id='word_1_438' title='bbox 2128 1899 2273 1949; x_wconf 60' lang='lat' dir='ltr'>fluct-es</span> <span class='ocrx_word' id='word_1_439' title='bbox 2298 1911 2379 1937; x_wconf 77' lang='lat' dir='ltr'>tuos</span> <span class='ocrx_word' id='word_1_440' title='bbox 2393 1900 2423 1948; x_wconf 83' lang='lat'>⁵,</span> 
     </span>
    </p>
   </div>
   <div class='ocr_carea' id='block_1_15' title="bbox 1396 1962 2475 2615">
    <p class='ocr_par' dir='ltr' id='par_1_17' title="bbox 1396 1962 2475 2615">
     <span class='ocr_line' id='line_1_66' title="bbox 1413 1962 2425 2013; baseline -0.002 -13"><span class='ocrx_word' id='word_1_441' title='bbox 1413 1964 1501 2001; x_wconf 89' lang='lat' dir='ltr'>licet</span> <span class='ocrx_word' id='word_1_442' title='bbox 1532 1963 1679 2013; x_wconf 89' lang='lat' dir='ltr'>indigni</span> <span class='ocrx_word' id='word_1_443' title='bbox 1710 1963 1877 2000; x_wconf 90' lang='lat' dir='ltr'>residere</span> <span class='ocrx_word' id='word_1_444' title='bbox 1898 1962 2159 2012; x_wconf 86' lang='lat' dir='ltr'>conspicimur</span> <span class='ocrx_word' id='word_1_445' title='bbox 2180 1976 2189 1998; x_wconf 79' lang='lat' dir='ltr'>z</span> <span class='ocrx_word' id='word_1_446' title='bbox 2210 1963 2425 1999; x_wconf 88' lang='lat' dir='ltr'>communi-</span> 
     </span>
     <span class='ocr_line' id='line_1_67' title="bbox 1412 2022 2446 2073; baseline 0.001 -14"><span class='ocrx_word' id='word_1_447' title='bbox 1412 2032 1495 2059; x_wconf 87' lang='lat' dir='ltr'>cato</span> <span class='ocrx_word' id='word_1_448' title='bbox 1516 2023 1675 2060; x_wconf 81' lang='lat' dir='ltr'>fratrum</span> <span class='ocrx_word' id='word_1_449' title='bbox 1698 2031 1920 2059; x_wconf 87' lang='lat' dir='ltr'>nostrorum</span> <span class='ocrx_word' id='word_1_450' title='bbox 1951 2023 2223 2073; x_wconf 86' lang='lat' dir='ltr'>episcoporum</span> <span class='ocrx_word' id='word_1_451' title='bbox 2243 2031 2281 2059; x_wconf 83' lang='lat' dir='ltr'>et</span> <span class='ocrx_word' id='word_1_452' title='bbox 2299 2022 2424 2060; x_wconf 82' lang='lat' dir='ltr'>cardi-</span> <span class='ocrx_word' id='word_1_453' title='bbox 2442 2035 2446 2039; x_wconf 88' lang='lat'>·</span> 
     </span>
     <span class='ocr_line' id='line_1_68' title="bbox 1412 2082 2475 2130; baseline 0.001 -11"><span class='ocrx_word' id='word_1_454' title='bbox 1412 2083 1554 2120; x_wconf 89' lang='lat' dir='ltr'>nalium</span> <span class='ocrx_word' id='word_1_455' title='bbox 1572 2083 1751 2130; x_wconf 87' lang='lat' dir='ltr'>consilio,</span> <span class='ocrx_word' id='word_1_456' title='bbox 1768 2083 1954 2120; x_wconf 89' lang='lat' dir='ltr'>destinata</span> <span class='ocrx_word' id='word_1_457' title='bbox 1974 2082 2086 2120; x_wconf 89' lang='lat' dir='ltr'>nobis</span> <span class='ocrx_word' id='word_1_458' title='bbox 2105 2095 2126 2119; x_wconf 87' lang='lat' dir='ltr'>a</span> <span class='ocrx_word' id='word_1_459' title='bbox 2141 2091 2269 2120; x_wconf 88' lang='lat' dir='ltr'>vestra</span> <span class='ocrx_word' id='word_1_460' title='bbox 2287 2083 2424 2120; x_wconf 84' lang='lat' dir='ltr'>discre-</span> <span class='ocrx_word' id='word_1_461' title='bbox 2473 2084 2475 2089; x_wconf 88' lang='grc'><strong>’</strong></span> 
     </span>
     <span class='ocr_line' id='line_1_69' title="bbox 1413 2143 2425 2194; baseline 0 -14"><span class='ocrx_word' id='word_1_462' title='bbox 1413 2144 1516 2180; x_wconf 91' lang='lat' dir='ltr'>tione</span> <span class='ocrx_word' id='word_1_463' title='bbox 1535 2144 1722 2194; x_wconf 86' lang='lat' dir='ltr'>capitula,</span> <span class='ocrx_word' id='word_1_464' title='bbox 1739 2151 1776 2180; x_wconf 90' lang='lat' dir='ltr'>et</span> <span class='ocrx_word' id='word_1_465' title='bbox 1791 2143 1972 2180; x_wconf 84' lang='lat' dir='ltr'>universa</span> <span class='ocrx_word' id='word_1_466' title='bbox 1991 2143 2110 2193; x_wconf 92' lang='lat' dir='ltr'>ipsius</span> <span class='ocrx_word' id='word_1_467' title='bbox 2129 2143 2230 2180; x_wconf 88' lang='lat' dir='ltr'>Petri</span> <span class='ocrx_word' id='word_1_468' title='bbox 2245 2156 2425 2193; x_wconf 85' lang='lat' dir='ltr'>perversa</span> 
     </span>
     <span class='ocr_line' id='line_1_70' title="bbox 1411 2204 2423 2254; baseline 0 -14"><span class='ocrx_word' id='word_1_469' title='bbox 1411 2204 1590 2254; x_wconf 84' lang='lat' dir='ltr'>dogmata</span> <span class='ocrx_word' id='word_1_470' title='bbox 1611 2213 1830 2241; x_wconf 89' lang='lat' dir='ltr'>sanctorum</span> <span class='ocrx_word' id='word_1_471' title='bbox 1862 2217 2055 2240; x_wconf 88' lang='lat' dir='ltr'>canonum</span> <span class='ocrx_word' id='word_1_472' title='bbox 2078 2204 2307 2241; x_wconf 88' lang='lat' dir='ltr'>auctoritate</span> <span class='ocrx_word' id='word_1_473' title='bbox 2338 2217 2423 2241; x_wconf 86' lang='lat' dir='ltr'>cum</span> 
     </span>
     <span class='ocr_line' id='line_1_71' title="bbox 1411 2265 2473 2315; baseline 0 -14"><span class='ocrx_word' id='word_1_474' title='bbox 1411 2278 1481 2301; x_wconf 90' lang='lat' dir='ltr'>suo</span> <span class='ocrx_word' id='word_1_475' title='bbox 1501 2274 1655 2302; x_wconf 89' lang='lat' dir='ltr'>auctore</span> <span class='ocrx_word' id='word_1_476' title='bbox 1678 2265 1962 2310; x_wconf 86' lang='lat' dir='ltr'>damnavimus,</span> <span class='ocrx_word' id='word_1_477' title='bbox 1995 2265 2106 2315; x_wconf 89' lang='lat' dir='ltr'>eique</span> <span class='ocrx_word' id='word_1_478' title='bbox 2135 2272 2315 2314; x_wconf 86' lang='lat' dir='ltr'>tanquam</span> <span class='ocrx_word' id='word_1_479' title='bbox 2344 2265 2423 2302; x_wconf 84' lang='lat' dir='ltr'>hae-</span> <span class='ocrx_word' id='word_1_480' title='bbox 2470 2271 2473 2278; x_wconf 98' lang='grc'>’</span> 
     </span>
     <span class='ocr_line' id='line_1_72' title="bbox 1410 2325 2424 2376; baseline 0 -14"><span class='ocrx_word' id='word_1_481' title='bbox 1410 2326 1530 2362; x_wconf 88' lang='lat' dir='ltr'>retico</span> <span class='ocrx_word' id='word_1_482' title='bbox 1559 2334 1789 2376; x_wconf 89' lang='lat' dir='ltr'>perpetuum</span> <span class='ocrx_word' id='word_1_483' title='bbox 1817 2326 2009 2362; x_wconf 87' lang='lat' dir='ltr'>silentium</span> <span class='ocrx_word' id='word_1_484' title='bbox 2037 2325 2304 2375; x_wconf 89' lang='lat' dir='ltr'>imposuimus.</span> <span class='ocrx_word' id='word_1_485' title='bbox 2325 2325 2424 2363; x_wconf 86' lang='lat' dir='ltr'>Uni-</span> 
     </span>
     <span class='ocr_line' id='line_1_73' title="bbox 1396 2384 2424 2435; baseline -0.001 -13"><span class='ocrx_word' id='word_1_486' title='bbox 1396 2397 1542 2423; x_wconf 59' lang='lat' dir='ltr'>·versos</span> <span class='ocrx_word' id='word_1_487' title='bbox 1570 2400 1725 2435; x_wconf 90' lang='lat' dir='ltr'>quoque</span> <span class='ocrx_word' id='word_1_488' title='bbox 1754 2386 1896 2422; x_wconf 83' lang='lat' dir='ltr'>erroris</span> <span class='ocrx_word' id='word_1_489' title='bbox 1930 2386 1987 2422; x_wconf 89' lang='lat' dir='ltr'>sui</span> <span class='ocrx_word' id='word_1_490' title='bbox 2011 2394 2216 2422; x_wconf 83' lang='lat' dir='ltr'>sectatores</span> <span class='ocrx_word' id='word_1_491' title='bbox 2235 2393 2274 2421; x_wconf 92' lang='lat' dir='ltr'>et</span> <span class='ocrx_word' id='word_1_492' title='bbox 2291 2384 2424 2421; x_wconf 90' lang='lat' dir='ltr'>defen-</span> 
     </span>
     <span class='ocr_line' id='line_1_74' title="bbox 1412 2444 2421 2494; baseline -0.001 -12"><span class='ocrx_word' id='word_1_493' title='bbox 1412 2459 1538 2492; x_wconf 90' lang='lat' dir='ltr'>sores,</span> <span class='ocrx_word' id='word_1_494' title='bbox 1583 2460 1604 2482; x_wconf 88' lang='lat' dir='ltr'>a</span> <span class='ocrx_word' id='word_1_495' title='bbox 1644 2445 1813 2482; x_wconf 87' lang='lat' dir='ltr'>fidelium</span> <span class='ocrx_word' id='word_1_496' title='bbox 1858 2445 2054 2482; x_wconf 87' lang='lat' dir='ltr'>consortio</span> <span class='ocrx_word' id='word_1_497' title='bbox 2101 2444 2421 2494; x_wconf 89' lang='lat' dir='ltr'>sequestrandos,</span> 
     </span>
     <span class='ocr_line' id='line_1_75' title="bbox 1411 2504 2469 2555; baseline -0.002 -13"><span class='ocrx_word' id='word_1_498' title='bbox 1411 2506 1896 2555; x_wconf 85' lang='lat' dir='ltr'>excommunicationisque</span> <span class='ocrx_word' id='word_1_499' title='bbox 1912 2505 2067 2541; x_wconf 74' lang='lat' dir='ltr'>vinculo</span> <span class='ocrx_word' id='word_1_500' title='bbox 2085 2504 2329 2541; x_wconf 89' lang='lat' dir='ltr'>innodandos</span> <span class='ocrx_word' id='word_1_501' title='bbox 2344 2516 2424 2541; x_wconf 89' lang='lat' dir='ltr'>esse</span> <span class='ocrx_word' id='word_1_502' title='bbox 2467 2532 2469 2534; x_wconf 87' lang='lat'>-</span> 
     </span>
     <span class='ocr_line' id='line_1_76' title="bbox 1412 2559 2469 2615; baseline 0.002 -13"><span class='ocrx_word' id='word_1_503' title='bbox 1412 2579 1622 2602; x_wconf 87' lang='lat' dir='ltr'>censemus.</span> <span class='ocrx_word' id='word_1_504' title='bbox 1663 2569 1804 2603; x_wconf 88' lang='lat' dir='ltr'>Datum</span> <span class='ocrx_word' id='word_1_505' title='bbox 1844 2564 2022 2603; x_wconf 88' lang='lat' dir='ltr'>Laterani</span> <span class='ocrx_word' id='word_1_506' title='bbox 2067 2564 2217 2603; x_wconf 89' lang='lat' dir='ltr'>decimo</span> <span class='ocrx_word' id='word_1_507' title='bbox 2260 2565 2423 2615; x_wconf 90' lang='lat' dir='ltr'>septimo</span> <span class='ocrx_word' id='word_1_508' title='bbox 2466 2559 2469 2604; x_wconf 69' lang='lat' dir='ltr'><strong><em>J</em></strong></span> 
     </span>
    </p>
   </div>
   <div class='ocr_carea' id='block_1_16' title="bbox 331 2621 1773 2676">
    <p class='ocr_par' dir='ltr' id='par_1_18' title="bbox 331 2621 1773 2676">
     <span class='ocr_line' id='line_1_77' title="bbox 331 2621 1773 2676; baseline 0.003 -18"><span class='ocrx_word' id='word_1_509' title='bbox 331 2621 459 2659; x_wconf 86' lang='lat' dir='ltr'>debita</span> <span class='ocrx_word' id='word_1_510' title='bbox 506 2623 693 2659; x_wconf 88' lang='lat' dir='ltr'>sententia</span> <span class='ocrx_word' id='word_1_511' title='bbox 732 2623 1016 2660; x_wconf 78' lang='lat' dir='ltr'>condemnavit.</span> <span class='ocrx_word' id='word_1_512' title='bbox 1065 2627 1108 2660; x_wconf 89' lang='lat' dir='ltr'>In</span> <span class='ocrx_word' id='word_1_513' title='bbox 1153 2623 1589 2672; x_wconf 84' lang='lat' dir='ltr'>EphesinaDcalendas</span> <span class='ocrx_word' id='word_1_514' title='bbox 1610 2625 1773 2676; x_wconf 85' lang='lat' dir='ltr'>augusti.</span> 
     </span>
    </p>
   </div>
   <div class='ocr_carea' id='block_1_17' title="bbox 327 2682 1348 3216">
    <p class='ocr_par' dir='ltr' id='par_1_19' title="bbox 327 2682 1348 3216">
     <span class='ocr_line' id='line_1_78' title="bbox 333 2682 1347 2732; baseline 0 -13"><span class='ocrx_word' id='word_1_515' title='bbox 333 2682 483 2731; x_wconf 68' lang='lat' dir='ltr'>synodo</span> <span class='ocrx_word' id='word_1_516' title='bbox 502 2683 701 2720; x_wconf 78' lang='lat' dir='ltr'>Nestorius</span> <span class='ocrx_word' id='word_1_517' title='bbox 729 2683 957 2732; x_wconf 86' lang='lat' dir='ltr'>condignam</span> <span class='ocrx_word' id='word_1_518' title='bbox 989 2683 1048 2719; x_wconf 89' lang='lat' dir='ltr'>sui</span> <span class='ocrx_word' id='word_1_519' title='bbox 1076 2683 1216 2719; x_wconf 85' lang='lat' dir='ltr'>erroris</span> <span class='ocrx_word' id='word_1_520' title='bbox 1237 2682 1347 2719; x_wconf 90' lang='lat' dir='ltr'>dam-</span> 
     </span>
     <span class='ocr_line' id='line_1_79' title="bbox 333 2742 1348 2792; baseline 0.001 -14"><span class='ocrx_word' id='word_1_521' title='bbox 333 2743 529 2778; x_wconf 84' lang='lat' dir='ltr'>nationem</span> <span class='ocrx_word' id='word_1_522' title='bbox 559 2743 722 2792; x_wconf 72' lang='lat' dir='ltr'>cxcepit.</span> <span class='ocrx_word' id='word_1_523' title='bbox 745 2742 1063 2779; x_wconf 86' lang='lat' dir='ltr'>Chalcedonensis</span> <span class='ocrx_word' id='word_1_524' title='bbox 1084 2755 1238 2791; x_wconf 87' lang='lat' dir='ltr'>quoque</span> <span class='ocrx_word' id='word_1_525' title='bbox 1255 2755 1348 2791; x_wconf 85' lang='lat' dir='ltr'>syn—</span> 
     </span>
     <span class='ocr_line' id='line_1_80' title="bbox 330 2801 1345 2851; baseline 0.002 -14"><span class='ocrx_word' id='word_1_526' title='bbox 330 2801 427 2837; x_wconf 88' lang='lat' dir='ltr'>odus</span> <span class='ocrx_word' id='word_1_527' title='bbox 466 2802 730 2839; x_wconf 76' lang='lat' dir='ltr'>Nestorianam</span> <span class='ocrx_word' id='word_1_528' title='bbox 772 2803 965 2848; x_wconf 83' lang='lat' dir='ltr'>haeresim,</span> <span class='ocrx_word' id='word_1_529' title='bbox 995 2811 1034 2838; x_wconf 89' lang='lat' dir='ltr'>et</span> <span class='ocrx_word' id='word_1_530' title='bbox 1068 2802 1345 2851; x_wconf 80' lang='lat' dir='ltr'>Eutychianam</span> 
     </span>
     <span class='ocr_line' id='line_1_81' title="bbox 330 2861 1347 2912; baseline 0.002 -15"><span class='ocrx_word' id='word_1_531' title='bbox 330 2875 416 2897; x_wconf 80' lang='lat' dir='ltr'>cum</span> <span class='ocrx_word' id='word_1_532' title='bbox 452 2863 640 2899; x_wconf 90' lang='lat' dir='ltr'>Dioscoro</span> <span class='ocrx_word' id='word_1_533' title='bbox 673 2871 710 2898; x_wconf 92' lang='lat' dir='ltr'>et</span> <span class='ocrx_word' id='word_1_534' title='bbox 745 2861 826 2911; x_wconf 83' lang='lat' dir='ltr'>ejus</span> <span class='ocrx_word' id='word_1_535' title='bbox 859 2862 1110 2912; x_wconf 90' lang='lat' dir='ltr'>complicibus</span> <span class='ocrx_word' id='word_1_536' title='bbox 1138 2862 1347 2911; x_wconf 88' lang='lat' dir='ltr'>justissima</span> 
     </span>
     <span class='ocr_line' id='line_1_82' title="bbox 330 2922 1348 2972; baseline 0.003 -16"><span class='ocrx_word' id='word_1_537' title='bbox 330 2922 517 2957; x_wconf 87' lang='lat' dir='ltr'>sententia</span> <span class='ocrx_word' id='word_1_538' title='bbox 536 2922 757 2958; x_wconf 80' lang='lat' dir='ltr'>confutavit.</span> <span class='ocrx_word' id='word_1_539' title='bbox 788 2923 1003 2959; x_wconf 87' lang='lat' dir='ltr'>Marcianus</span> <span class='ocrx_word' id='word_1_540' title='bbox 1033 2931 1235 2972; x_wconf 83' lang='lat' dir='ltr'>praeterea,</span> <span class='ocrx_word' id='word_1_541' title='bbox 1258 2922 1348 2959; x_wconf 87' lang='lat' dir='ltr'>licet</span> 
     </span>
     <span class='ocr_line' id='line_1_83' title="bbox 329 2981 1346 3032; baseline 0.002 -15"><span class='ocrx_word' id='word_1_542' title='bbox 329 2981 467 3027; x_wconf 86' lang='lat' dir='ltr'>laicus,</span> <span class='ocrx_word' id='word_1_543' title='bbox 499 2981 832 3018; x_wconf 88' lang='lat' dir='ltr'>christianissimus</span> <span class='ocrx_word' id='word_1_544' title='bbox 863 2990 989 3018; x_wconf 86' lang='lat' dir='ltr'>tamen</span> <span class='ocrx_word' id='word_1_545' title='bbox 1020 2985 1249 3032; x_wconf 88' lang='lat' dir='ltr'>Imperator,</span> <span class='ocrx_word' id='word_1_546' title='bbox 1280 2996 1346 3019; x_wconf 85' lang='lat' dir='ltr'>ca-</span> 
     </span>
     <span class='ocr_line' id='line_1_84' title="bbox 332 3040 1345 3092; baseline 0.004 -16"><span class='ocrx_word' id='word_1_547' title='bbox 332 3040 481 3077; x_wconf 78' lang='lat' dir='ltr'>tholicae</span> <span class='ocrx_word' id='word_1_548' title='bbox 517 3040 605 3077; x_wconf 88' lang='lat' dir='ltr'>fidei</span> <span class='ocrx_word' id='word_1_549' title='bbox 648 3054 778 3078; x_wconf 87' lang='lat' dir='ltr'>amore</span> <span class='ocrx_word' id='word_1_550' title='bbox 811 3055 1035 3088; x_wconf 89' lang='lat' dir='ltr'>succensus,</span> <span class='ocrx_word' id='word_1_551' title='bbox 1072 3043 1345 3092; x_wconf 60' lang='lat' dir='ltr'>praedecessori</span> 
     </span>
     <span class='ocr_line' id='line_1_85' title="bbox 327 3101 1346 3151; baseline 0.004 -15"><span class='ocrx_word' id='word_1_552' title='bbox 327 3109 460 3137; x_wconf 92' lang='lat' dir='ltr'>nostro</span> <span class='ocrx_word' id='word_1_553' title='bbox 490 3101 727 3137; x_wconf 86' lang='lat' dir='ltr'>sanctissimo</span> <span class='ocrx_word' id='word_1_554' title='bbox 762 3115 871 3151; x_wconf 84' lang='lat' dir='ltr'>papae</span> <span class='ocrx_word' id='word_1_555' title='bbox 903 3103 1040 3139; x_wconf 89' lang='lat' dir='ltr'>Joanni</span> <span class='ocrx_word' id='word_1_556' title='bbox 1077 3102 1246 3140; x_wconf 86' lang='lat' dir='ltr'>scribens</span> <span class='ocrx_word' id='word_1_557' title='bbox 1278 3104 1346 3140; x_wconf 86' lang='lat' dir='ltr'>ad—</span> 
     </span>
     <span class='ocr_line' id='line_1_86' title="bbox 329 3161 1345 3216; baseline 0.003 -19"><span class='ocrx_word' id='word_1_558' title='bbox 329 3173 462 3197; x_wconf 78' lang='lat' dir='ltr'>versus</span> <span class='ocrx_word' id='word_1_559' title='bbox 490 3174 556 3198; x_wconf 90' lang='lat' dir='ltr'>eos</span> <span class='ocrx_word' id='word_1_560' title='bbox 584 3161 650 3211; x_wconf 86' lang='lat' dir='ltr'>qui</span> <span class='ocrx_word' id='word_1_561' title='bbox 678 3174 784 3216; x_wconf 80' lang='lat' dir='ltr'>sacra</span> <span class='ocrx_word' id='word_1_562' title='bbox 815 3163 996 3211; x_wconf 87' lang='lat' dir='ltr'>mysteria</span> <span class='ocrx_word' id='word_1_563' title='bbox 1025 3163 1230 3213; x_wconf 85' lang='lat' dir='ltr'>profanare</span> <span class='ocrx_word' id='word_1_564' title='bbox 1251 3177 1345 3201; x_wconf 89' lang='lat' dir='ltr'>con-</span> 
     </span>
    </p>
   </div>
   <div class='ocr_carea' id='block_1_18' title="bbox 376 3285 2254 3330">
    <p class='ocr_par' dir='ltr' id='par_1_20' title="bbox 376 3285 2254 3330">
     <span class='ocr_line' id='line_1_87' title="bbox 376 3285 2254 3330; baseline 0.004 -13"><span class='ocrx_word' id='word_1_565' title='bbox 376 3292 385 3306; x_wconf 87' lang='lat'>¹</span> <span class='ocrx_word' id='word_1_566' title='bbox 409 3285 524 3329; x_wconf 85' lang='lat' dir='ltr'>Ephes.</span> <span class='ocrx_word' id='word_1_567' title='bbox 539 3298 587 3325; x_wconf 77' lang='lat' dir='ltr'>xv,</span> <span class='ocrx_word' id='word_1_568' title='bbox 609 3292 640 3319; x_wconf 85' lang='lat'>5.</span> <span class='ocrx_word' id='word_1_569' title='bbox 657 3307 702 3312; x_wconf 90' lang='lat'>—</span> <span class='ocrx_word' id='word_1_570' title='bbox 721 3294 734 3309; x_wconf 85' lang='lat'><strong>²</strong></span> <span class='ocrx_word' id='word_1_571' title='bbox 750 3288 866 3321; x_wconf 86' lang='lat' dir='ltr'>Matth.</span> <span class='ocrx_word' id='word_1_572' title='bbox 882 3300 956 3327; x_wconf 74' lang='lat' dir='ltr'>xvi,</span> <span class='ocrx_word' id='word_1_573' title='bbox 977 3292 1032 3320; x_wconf 90' lang='lat'>18.</span> <span class='ocrx_word' id='word_1_574' title='bbox 1052 3309 1090 3312; x_wconf 93' lang='lat'>—</span> <span class='ocrx_word' id='word_1_575' title='bbox 1113 3288 1127 3312; x_wconf 88' lang='lat'>3</span> <span class='ocrx_word' id='word_1_576' title='bbox 1147 3292 1241 3322; x_wconf 85' lang='lat' dir='ltr'>Joan.</span> <span class='ocrx_word' id='word_1_577' title='bbox 1261 3301 1340 3329; x_wconf 78' lang='lat' dir='ltr'>xxx,</span> <span class='ocrx_word' id='word_1_578' title='bbox 1365 3293 1426 3329; x_wconf 83' lang='lat'>23,</span> <span class='ocrx_word' id='word_1_579' title='bbox 1450 3293 1506 3323; x_wconf 65' lang='lat'>2²1,</span> <span class='ocrx_word' id='word_1_580' title='bbox 1524 3311 1566 3315; x_wconf 40' lang='lat' dir='ltr'>‘r</span> <span class='ocrx_word' id='word_1_581' title='bbox 1585 3291 1598 3318; x_wconf 70' lang='grc'><strong><em>4</em></strong></span> <span class='ocrx_word' id='word_1_582' title='bbox 1620 3293 1700 3323; x_wconf 80' lang='lat' dir='ltr'>Psal.</span> <span class='ocrx_word' id='word_1_583' title='bbox 1720 3303 1765 3330; x_wconf 88' lang='lat'>11,</span> <span class='ocrx_word' id='word_1_584' title='bbox 1790 3296 1819 3328; x_wconf 86' lang='lat'>1,</span> <span class='ocrx_word' id='word_1_585' title='bbox 1840 3295 1872 3324; x_wconf 89' lang='lat'>2.</span> <span class='ocrx_word' id='word_1_586' title='bbox 1891 3311 1936 3316; x_wconf 89' lang='lat'>—</span> <span class='ocrx_word' id='word_1_587' title='bbox 1955 3291 1968 3315; x_wconf 86' lang='lat'><strong>5</strong></span> <span class='ocrx_word' id='word_1_588' title='bbox 1985 3294 2060 3324; x_wconf 89' lang='lat' dir='ltr'>Luc.</span> <span class='ocrx_word' id='word_1_589' title='bbox 2079 3303 2175 3330; x_wconf 82' lang='lat' dir='ltr'>xxn,</span> <span class='ocrx_word' id='word_1_590' title='bbox 2197 3294 2254 3324; x_wconf 84' lang='lat'>32.</span> 
     </span>
    </p>
   </div>
   <div class='ocr_carea' id='block_1_19' title="bbox 373 3344 1083 3390">
    <p class='ocr_par' dir='ltr' id='par_1_21' title="bbox 373 3344 1083 3390">
     <span class='ocr_line' id='line_1_88' title="bbox 373 3344 1083 3390; baseline 0.006 -15"><span class='ocrx_word' id='word_1_591' title='bbox 373 3350 385 3365; x_wconf 73' lang='lat' dir='ltr'>a</span> <span class='ocrx_word' id='word_1_592' title='bbox 405 3348 480 3377; x_wconf 58' lang='lat' dir='ltr'>Haec</span> <span class='ocrx_word' id='word_1_593' title='bbox 493 3344 590 3377; x_wconf 85' lang='lat' dir='ltr'>habes</span> <span class='ocrx_word' id='word_1_594' title='bbox 607 3353 691 3378; x_wconf 87' lang='lat' dir='ltr'>tomo</span> <span class='ocrx_word' id='word_1_595' title='bbox 708 3351 740 3386; x_wconf 85' lang='lat'>2,</span> <span class='ocrx_word' id='word_1_596' title='bbox 757 3347 797 3379; x_wconf 87' lang='lat' dir='ltr'>ad</span> <span class='ocrx_word' id='word_1_597' title='bbox 813 3348 1008 3390; x_wconf 86' lang='lat' dir='ltr'>Opusculum</span> <span class='ocrx_word' id='word_1_598' title='bbox 1030 3353 1040 3379; x_wconf 86' lang='grc'>1</span> <span class='ocrx_word' id='word_1_599' title='bbox 1054 3352 1063 3379; x_wconf 89' lang='grc'>1</span> <span class='ocrx_word' id='word_1_600' title='bbox 1077 3374 1083 3379; x_wconf 95' lang='grc'><em>.</em></span> 
     </span>
    </p>
   </div>
  </div>
 </body>
</html>
