2517 3936
65 178 136 217 961

63 257 116 302 qui
128 256 230 299 primo
244 255 301 287 fuit
316 255 488 287 monachus
511 258 647 290 coenobii
666 261 905 293 Sancti-Nicolai
917 287 925 300 ,
946 264 978 295 in
993 265 1069 297 dioe-

63 310 124 343 cesi
148 308 366 348 Laudunenst,
397 316 505 352 postea
537 322 612 342 vero
642 311 740 344 abbas
768 315 982 359 Sancti-Eligii
1009 322 1071 351 No-

62 362 245 400 viomensis,
272 372 309 393 ac
333 361 460 393 demum
487 363 627 404 pontifex
649 365 868 398 Ambiauensis
890 379 908 399 a
922 372 1071 403 Samsone

63 421 234 450 Remorum
259 415 495 458 archiepiscopo
515 425 711 450 consecratus
728 430 790 452 uno
813 432 896 453 anno
913 431 982 466 post
999 436 1070 457 con-

61 469 266 503 secrationem
285 468 440 500 Guidonis
461 469 715 510 Catalaunensis‚
736 472 768 504 id
790 480 835 505 est
858 485 942 507 anno
966 480 1065 516 1145,

61 534 100 556 ex
117 522 199 555 libro
225 522 318 553 tertio
344 522 519 553 Hermanni
547 523 586 554 de
607 525 769 557 Miraculis
795 529 826 557 S.
857 529 968 560 Μαι-ἰαὶ
990 533 1069 561 Lau-

61 576 226 614 dunensis,
259 586 328 618 cap.
361 579 418 608 26.
448 576 530 608 Huic
566 577 706 620 epistolae
735 580 903 622 respondet
930 582 1067 624 ejusdem

61 628 248 664 Theudorici
261 628 407 671 epistola,
428 629 510 661 inter
534 631 719 672 Sugerianas
743 635 786 664 24
812 633 853 664 ad
879 635 1067 676 Sugerium:

60 683 92 716 in
107 693 169 726 qua
187 688 389 721 contestatur,
407 692 441 714 se
455 682 494 714 ad
512 682 743 725 expeditionem
761 686 877 727 regiam
891 688 1066 720 nullatenus

59 737 211 772 sufficere.
233 737 381 779 Ejusdem
397 743 443 769 est
459 737 553 769 etiam
566 738 697 780 epistola
715 738 829 770 ibidem
847 743 900 772 34.

107 793 173 825 792
187 794 226 823 Β.
245 793 404 822 Praeterea
423 790 564 833 quinque
578 791 734 824 duntaxat
747 793 895 825 abbatias
911 794 943 825 in
956 801 1063 828 nostra

59 845 184 880 dioecesi
209 845 330 889 reperi.
350 865 397 869 —-
414 848 540 888 Nempe
559 846 843 880 Sancti-Vincentii
861 849 901 880 ad
927 850 1061 889 urbem3

59 899 344 936 sancti-Michaelis
363 899 398 931 in
417 900 564 932 Terascia
582 925 590 939 ‚
615 901 861 934 Sancti-Nicolai
880 903 913 934 iu
940 906 1040 936 Bosco
1054 929 1061 943 ,

58 953 307 990 Sanctae—Mariae
332 953 372 985 de
393 953 574 997 Novigento
587 979 595 993 ‚
620 954 868 987 Sancti-Nicolai
895 956 927 988 in
946 961 1039 990 Prato
1053 983 1062 996 ‚

58 1008 198 1042 virorum
215 1019 223 1047 3
256 1012 374 1051 praeter
402 1007 618 1051 parthenones
651 1008 903 1040 Sancti—Joannis
938 1009 970 1041 in
997 1011 1063 1054 ipsa

57 1062 137 1095 urbe
152 1086 161 1102 ,
186 1067 219 1093 et
231 1060 496 1094 Auriniacensem
514 1061 549 1093 in
564 1061 675 1093 eadem
695 1061 833 1094 dioecesi.

107 1118 172 1148 792
199 1117 233 1147 B.
262 1117 387 1147 Novem
408 1115 539 1158 insuper
565 1126 656 1147 novae
682 1115 846 1158 religionis
872 1118 1063 1151 monasteria

57 1167 173 1214 passim
195 1167 229 1199 in
243 1167 358 1200 eadem
380 1168 508 1200 dioecesi
525 1174 600 1200 sunt
617 1168 761 1201 fundata.
781 1188 826 1192 —
840 1173 917 1201 Haec
935 1181 1063 1202 enume-

56 1229 106 1256 rat
119 1225 323 1254 Hermannus
334 1221 555 1254 Laudunensis
566 1222 598 1254 in
611 1222 694 1254 libro
713 1223 807 1254 tertio
821 1223 860 1254 de
873 1223 1059 1256 Miraculis:

57 1275 176 1309 scilicet
196 1279 518 1315 Praemonstratense,
543 1275 801 1308 Sancti-Martini
817 1275 850 1307 in
878 1276 957 1308 urbe
971 1302 979 1315 ‚
1001 1280 1061 1309 Te-

55 1330 198 1363 noliense
212 1354 222 1370 ,
255 1331 562 1364 Clara-Fontanense
573 1356 581 1370 ‚
614 1337 645 1363 et
678 1331 898 1364 Cuissiacense
932 1333 1062 1364 Ordinis

56 1384 369 1418 Praemonstratensis
381 1409 390 1423 ‚
414 1385 659 1418 Fusciniacense
671 1410 679 1426 ,
705 1386 894 1429 Spinetense
906 1411 914 1425 ‚
942 1392 974 1418 et
990 1388 1064 1419 Val-

55 1437 216 1478 clarense,
235 1437 315 1470 Ord.
347 1438 585 1478 Cistercimsis,
616 1439 757 1471 virorum
773 1449 781 1471 :
808 1439 924 1482 quibus
942 1451 1062 1473 nonum

55 1490 96 1524 ad
112 1489 233 1523 radices
246 1491 362 1523 montis
378 1491 598 1530 Laudunensis
611 1491 727 1536 adjecit
744 1492 989 1524 Monsteriolum
1005 1505 1062 1537 pro

37 1567 40 1570 ι
55 1544 350 1578 sanctimonialibus
365 1545 508 1588 ejusdem
525 1545 664 1578 instituti
683 1556 691 1578 ε
709 1557 773 1589 quo
789 1556 854 1577 uno
870 1547 1063 1579 monasterio

55 1604 164 1631 censet
179 1601 384 1631 Hermannus
398 1599 645 1632 Laudunensem
671 1599 839 1632 ecclesiam
863 1600 984 1633 eaeteris
1011 1602 1064 1634 dc-

55 1651 133 1685 bere
151 1648 317 1696 pmffirri,
339 1653 426 1696 quod
447 1659 523 1685 ante
544 1653 625 1685 illud
645 1653 732 1685 nulla
747 1653 970 1696 hujuscemodi
992 1656 1063 1688 reli-

55 1706 156 1750 gionis
174 1706 302 1740 abbatia
318 1707 511 1740 feminarum
528 1707 699 1740 exstiterit.
713 1724 728 1735 ιι
749 1711 807 1739 Hae
824 1707 975 1750 depositis
997 1720 1064 1742 om-

19 1774 25 1779 ·
57 1777 72 1791 ι
87 1761 181 1794 nibus
199 1761 292 1794 lineis
305 1761 513 1802 indumentis,
537 1778 550 1792 n
571 1762 674 1805 inquit
692 1762 778 1794 idem
797 1768 924 1801 auctor,
942 1779 955 1790 κ
970 1769 1062 1807 atque

215 3417 307 3442 Tom.
343 3420 370 3443 1.

538 181 805 219 LECTIONES
835 185 1113 225 VARIANTES
1145 193 1204 227 ET
1234 195 1376 230 ,NOTAE
1406 197 1649 236 FUSIORES.

2057 215 2131 250 9132

1138 284 1151 295 ι·
1170 270 1317 312 pelliciis,
1337 274 1410 305 solis
1436 276 1550 308 tunicis
1570 279 1665 310 laneis
1687 282 1864 321 utebantur,
1886 293 1914 316 vt
1944 298 2004 320 non
2028 293 2125 324 solutu

1137 338 1152 347 ›-
1170 323 1274 355 ncndo
1290 326 1335 356 vel
1356 329 1491 360 texendo
1503 353 1510 364 .
1528 330 1582 361 sed
1603 332 1696 364 etiam
1713 333 1742 364 in
1758 337 1838 376 agris
1859 338 2010 371 fodiendis
2024 365 2030 377 ,
2046 344 2126 374 silvis

1136 390 1152 401 υ
1169 377 1394 419 exstirpandis,
1425 382 1658 425 monendisque
1674 386 1770 427 spinis
1796 395 1826 418 ct
1847 391 1990 431 vepribus
2005 418 2012 430 ,
2032 397 2129 427 niani-

1137 442 1149 454 ιι
1170 428 1228 459 bus
1252 430 1376 463 assiduev
1392 432 1572 466 laborantes
1590 447 1659 467 cuni
1678 438 1800 470 silentio
1813 463 1820 476 ,
1838 441 1895 472 sibi
1915 443 2029 475 victum
2046 457 2128 488 qum-

1136 495 1148 506 »
1165 481 1279 513 rebant
1293 486 1436 527 exemplo
1453 488 1764 522 Clam-Vallensium
1781 495 2017 529 monachornm.
2041 514 2054 526 »

1183 537 1247 567 793
1274 540 1315 568 Λ.
1335 540 1400 569 Cur
1426 550 1518 581 crgo,
1543 548 1576 572 ut
1602 543 1712 581 audio,
1741 545 1884 577 dominns
1914 550 2127 584 laudunensis

1132 586 1200 618 sine
1218 589 1346 621 testibus
1366 591 1481 623 bellum
1508 600 1607 635 parat.
1622 614 1665 618 —-
1688 597 1916 630 Bartlloloniaeo
1938 608 2005 642 post
2030 614 2127 635 annos

1132 639 1292 681 regiminis
1310 643 1435 685 triginta
1457 651 1528 676 octo
1546 648 1695 680 successit
1722 661 1806 681 anno
1833 655 1910 684 1151
1939 655 2103 686 Gualterm
2117 683 2125 694 ‚

1132 703 1171 724 ex
1188 694 1288 736 primo
1304 696 1418 729 abbate
1432 699 1679 733 Sancti-Martini
1701 702 1730 733 in
1758 703 1834 735 urbe
1854 716 1861 736 :
1888 707 2038 738 (maliem
2058 716 2125 750 post

1130 757 1229 779 annos
1250 756 1310 781 tres
1339 752 1508 784 Gualterus
1530 754 1629 794 alter,
1650 756 1688 786 dc
1714 759 1907 790 Mauritania
1939 760 2058 799 dictus,
2087 775 2124 794 cx

1130 800 1252 834 decano
1277 805 1415 836 eccle-sim
1432 808 1667 846 Laudunensis,
1694 810 1747 852 qui
1773 812 1852 843 lianc
1869 813 1952 844 litent
1971 815 2126 847 Bartholo-

1130 866 1207 887 maeo
1221 863 1286 888 tum
1307 859 1460 891 monacho
1481 860 1645 893 facessivit.
1667 866 1836 907 Quousque
1855 877 1927 897 voro
1944 867 1979 897 lis
1999 874 2029 898 vt
2056 880 2126 899 con-

1130 911 1278 943 troversia
1298 912 1363 945 haec
1377 938 1384 951 ‚
1412 915 1584 956 praesertim
1610 917 1759 949 adversus
1784 922 2095 954 Prwmonstratcnses
2112 948 2119 958 ,

1129 964 1182 1005 qui
1215 966 1434 998 Bartholomzei
1465 968 1613 1001 beneficia
1637 971 1667 1001 in
1691 971 1797 1013 primis
1827 975 1946 1016 experti
1976 975 2096 1007 fuerant
2113 1002 2120 1013 ,

1128 1018 1276 1059 perducta
1296 1020 1357 1058 sit,
1381 1021 1563 1064 intelligitur
1587 1036 1624 1054 vx
1656 1025 1787 1057 Adriani
1803 1030 1848 1057 IV
1874 1038 1977 1069 paprr,
2005 1029 2116 1061 litteris

1127 1071 1166 1102 ad
1192 1073 1386 1106 Ludovicuni
1413 1077 1580 1108 Juniorenr
1604 1079 1749 1119 scriptis,
1776 1091 1844 1120 qua)
1869 1081 1897 1111 in
1928 1082 2121 1113 Bibliotheca

1128 1128 1414 1160 Praemonstratcnsi
1430 1130 1623 1162 referuntur.

1177 1182 1241 1212 793
1264 1184 1299 1212 Β.
1316 1194 1472 1214 TURSTINI
1495 1196 1732 1217 ARCHKEPISCON
1759 1199 1971 1219 Enomcexsis
1989 1202 2029 1219 ,11)
2051 1202 2123 1221 ivn.-

1126 1242 1268 1263 mzmmm
1288 1246 1567 1268 cmrumrmsmi
1591 1250 1804 1271 rosrfficmx.
1823 1260 1866 1264 —
1892 1245 1936 1271 Dc
1956 1241 2046 1283 hujus
2060 1245 2122 1285 epi-

1126 1286 1212 1316 stolae
1232 1295 1419 1328 argumento
1441 1290 1512 1322 vide
1529 1293 1681 1323 Bernardi
1702 1293 1847 1335 epistolas
1868 1298 1908 1325 91
1928 1301 1958 1325 ct
1977 1299 2054 1327 313.
2072 1297 2123 1328 Ad

1127 1340 1314 1372 Turstinum
1337 1342 1461 1385 scriptze
1483 1350 1555 1375 sunt
1572 1346 1711 1387 epistolae
1728 1351 1770 1378 95
1790 1353 1821 1378 et
1837 1351 1902 1379 319
1917 1373 1924 1386 ‚
1948 1348 1977 1379 in
1991 1359 2123 1390 quarum

1126 1392 1230 1435 priore
1246 1396 1425 1427 Bernardus
1441 1397 1542 1428 eidem
1568 1398 1608 1429 ol)
1624 1398 1683 1430 hoc
1707 1399 1820 1431 sactum
1840 1401 2019 1441 gratulatur.

1176 1450 1241 1479 814
1267 1450 1302 1480 C.
1322 1449 1535 1482 collectionem
1552 1458 1711 1491 nostram,
1736 1464 1829 1494 quam
1845 1453 1942 1485 beatae
1967 1456 2126 1486 momoriae

1127 1502 1331 1534 Innocentius
1349 1515 1430 1547 papa
1449 1506 1611 1548 privilegio
1636 1507 1812 1549 apostolicae
1834 1507 2024 1539 auctoritatis
2055 1518 2126 1540 con-

1127 1556 1273 1589 firmavit.
1289 1575 1334 1580 -—
1357 1558 1440 1590 Hinc
1466 1565 1572 1601 patet,
1601 1560 1819 1602 capitulorum
1848 1561 2038 1604 generalium
2064 1563 2124 1592 Or-

1128 1610 1209 1641 dinis
1220 1612 1252 1642 S.
1272 1611 1431 1644 Benedicti
1448 1612 1600 1655 originem
1620 1613 1659 1645 ad
1676 1614 1895 1647 Innocentium
1910 1613 2105 1645 reserandam
2119 1626 2125 1646 :

1128 1676 1266 1707 quorum
1285 1665 1423 1708 primum
1447 1666 1542 1699 fuisse
1569 1667 1691 1699 videtur
1713 1669 1933 1700 Suessionense
1948 1692 1956 1706 ‚
1980 1667 2019 1699 ad
2039 1669 2127 1710 cujus

1124 1719 1257 1751 abbates
1268 1721 1444 1752 Bernardus
1457 1721 1580 1764 scripsit
1597 1722 1759 1764 epistolam
1773 1726 1826 1754 91.
1841 1726 1972 1764 Magnos
1986 1723 2128 1754 Conven-

1128 1780 1180 1805 tus
1194 1780 1282 1805 vocat
1297 1777 1408 1806 Petrus
1417 1775 1614 1807 Venerabilis
1628 1798 1636 1814 ,
1647 1787 1739 1818 supra
1752 1776 1784 1807 in
1796 1775 1924 1819 epistola
1935 1777 2010 1812 229,
2025 1785 2056 1806 n.
2073 1777 2127 1805 30.

1897 3388 1940 3424 31
