2517 3920
325 220 398 257 927

322 307 429 333 contra
443 297 665 340 Gigniacenses
679 293 709 324 in
723 302 814 324 causa
835 291 965 322 fratrum
987 288 1026 319 de
1047 284 1227 318 Mirtum-io.
1245 285 1323 313 Cum

322 355 404 387 enim
419 352 610 384 deeimarum
625 346 782 389 exemptio
799 344 839 375 ab
861 341 1046 375 Innocentio
1070 335 1327 371 Cisterciensibus

321 417 466 440 concessa
477 431 484 444 ,
505 401 756 436 Cluniacensium
771 398 889 429 animos
903 396 1034 427 multum
1049 396 1276 433 exasperasset,
1294 394 1328 418 ut

322 462 439 494 dictum
459 465 507 490 cst
526 455 651 488 innotis
672 454 711 485 ad
728 452 889 495 epistolam
911 452 975 480 228
989 472 995 483 ,
1016 447 1049 477 in
1064 445 1172 488 primis
1190 454 1262 474 vero
1278 441 1330 472 Gi-

322 515 500 558 guiacenses
525 496 652 541 Ordinis
672 504 883 539 Cluniacensis
906 503 938 533 in
960 501 1106 532 comitatu
1127 495 1326 537 Burgundiae,

322 568 469 601 adversus
484 565 600 596 vicinos
616 562 674 593 sibi
693 559 910 592 Cistercienses
924 556 962 586 de
980 553 1144 586 Miratorio
1157 576 1164 589 ,
1182 556 1330 589 utrosque

322 620 491 665 provincice
506 614 736 659 Lugdunensis,
757 623 794 643 eo
815 620 911 651 usque
937 609 1061 639 illorum
1084 603 1229 636 efferbuit
1249 611 1333 632 com-

323 675 418 706 motio
429 698 436 711 ‚
457 679 491 703 ut
505 670 633 713 quidam
648 679 686 699 ex
709 662 965 707 Gigniacensibus
982 658 1137 692 Miratcrii
1155 654 1332 687 coenobium

323 738 437 769 susque
451 726 552 766 deque
578 728 698 753 vertere
722 729 786 749 non
803 714 1026 747 dubitaverint.
1043 710 1137 753 Quod
1158 716 1191 740 ut
1211 707 1334 739 rescivit

325 780 480 822 Eugenius
491 803 498 816 ,
517 787 602 808 acres
622 772 791 805 admodum
804 769 921 800 litteras
936 766 1020 798 dedit
1033 765 1072 796 ad
1087 767 1213 794 Petrum
1230 764 1332 791 Vene-

325 835 455 868 rabilem
469 857 476 871 ,
497 841 576 872 quo,
605 828 684 858 sacta
701 822 929 866 quamprimum
947 820 1133 850 damnorum
1156 824 1335 856 compensa-

323 890 408 922 tione
428 881 682 918 Cisterciensibus
703 878 789 908 fieret
806 876 878 906 satis
890 899 897 912 ,
922 874 997 904 alias
1013 871 1111 913 rigide
1130 869 1161 900 in
1178 879 1248 899 reos
1269 868 1335 898 ani-

326 938 581 974 madvertendum
597 932 782 964 denuntians
793 955 799 967 ,
816 927 979 960 commissa
996 922 1195 966 Lugdunensi
1215 921 1334 953 archie-

326 997 452 1038 piscopo
479 990 623 1021 facultate
646 982 866 1016 ecclesiasticas
890 977 1061 1011 adhibendi
1084 986 1248 1013 censuras,
1275 975 1334 1005 nisi

326 1050 404 1079 intra
418 1043 526 1086 viginti
541 1041 605 1072 dies
621 1039 658 1069 (16
673 1037 794 1068 damnis
807 1034 898 1065 illatis
916 1032 1157 1075 paciscerentur.
1173 1032 1238 1060 Has
1252 1028 1334 1060 litte-

322 1113 370 1133 ras
385 1097 517 1140 vulgavit
533 1093 691 1127 Mauricus
705 1102 742 1121 ex
752 1087 940 1121 monasterio
955 1083 1228 1118 Vallis-LucentiS.
1244 1089 1277 1114 ut
1291 1083 1335 1113 vi-

328 1155 400 1185 dere
428 1158 471 1183 est
497 1150 529 1180 in
551 1145 736 1190 Appendice
763 1142 838 1175 tomi
864 1139 993 1172 secundi
1010 1139 1192 1171 Annalium.
1214 1139 1335 1169 Conve-

323 1218 397 1238 nere
415 1203 498 1247 apud
517 1201 699 1234 Cluniacum
716 1197 774 1227 viri
788 1193 972 1227 sanctissimi
986 1192 1163 1224 Bernardus
1181 1197 1211 1223 et
1225 1195 1334 1223 Petrus

323 1257 519 1291 Venerabilis
541 1256 606 1297 ejus
632 1252 675 1283 rei
693 1250 790 1293 gratia
810 1260 817 1280 :
835 1247 1002 1290 quatriduo
1025 1257 1073 1277 res
1096 1245 1227 1287 agitata,
1249 1245 1334 1276 dam-

324 1323 460 1354 numque
474 1310 657 1342 aestimatum
670 1306 750 1336 ultra
767 1303 892 1345 triginta
907 1300 1079 1332 solidorum
1097 1299 1203 1330 millia.
1219 1302 1262 1331 At
1281 1299 1335 1331 Gi-

324 1364 541 1409 gniacensibus
570 1359 729 1393 sententia¹
754 1368 864 1400 parere
888 1353 1106 1386 cunctantibus
1121 1378 1128 1392 ‚
1157 1353 1335 1384 Bernardus

323 1420 503 1451 dilationem
530 1414 668 1457 Eugenio
695 1412 754 1443 bac
779 1410 909 1453 epistola
943 1408 1140 1449 significavit.
1174 1407 1334 1439 Bernardo

325 1480 466 1508 mortuo,
486 1472 566 1501 inter
587 1467 747 1508 utriusque
766 1464 825 1495 loci
848 1461 1017 1494 monachos
1043 1461 1081 1492 de
1098 1461 1226 1492 decimis
1254 1460 1335 1493 sacta

324 1525 506 1569 compositio
524 1530 569 1555 est
592 1532 673 1553 anno
697 1523 781 1551 1155
799 1543 806 1557 ,
823 1517 922 1559 qualis
948 1515 1081 1547 refertur
1095 1515 1179 1558 apud
1202 1515 1336 1547 Guiche-

324 1591 438 1612 nonem
461 1579 491 1609 iu
508 1576 646 1609 Historia
663 1573 833 1605 Sebusiana
848 1596 855 1609 ,
872 1581 944 1614 pag.
971 1572 982 1601 1
996 1572 1046 1601 13.
1063 1570 1214 1610 Quamvis
1230 1575 1334 1600 autem

323 1646 379 1665 nos
396 1635 489 1665 lateat
512 1628 724 1672 compensatio
740 1637 795 1669 per
813 1625 1034 1667 Giguiacenses
1056 1623 1153 1661 facta,
1171 1634 1235 1653 non
1261 1623 1335 1654 latet

322 1696 444 1724 tamen,
461 1693 494 1717 ut
515 1684 677 1717 Mauricus
702 1680 819 1712 notavit
832 1704 839 1717 ‚
866 1679 945 1710 facta
968 1689 1025 1721 per
1047 1681 1173 1709 Petrum
1194 1680 1334 1708 Venera-

323 1742 416 1773 bilem
443 1741 474 1771 in
499 1737 716 1771 Cistercienses
742 1732 953 1765 munificentia
980 1743 1017 1762 ex
1044 1731 1188 1773 deposito
1204 1730 1333 1761 Baronis

322 1793 457 1826 Romani
477 1789 658 1823 subdiaconi
674 1814 680 1827 ‚
698 1787 780 1830 quod
801 1786 941 1818 Cluniaci
958 1786 1119 1823 relictum,
1138 1790 1262 1814 mortuo
1276 1786 1333 1814 Ba-

322 1859 398 1879 rone
416 1851 524 1878 Petrus
542 1841 799 1877 Cistercieusibus
819 1839 990 1871 liberaliter
1006 1839 1142 1881 resiguax
1152 1838 1172 1868 it
1184 1862 1192 1875 ,
1208 1844 1242 1868 ut
1258 1848 1332 1868 con-

322 1908 381 1932 stat
394 1913 431 1932 ex
445 1899 582 1942 epistolis
598 1897 692 1928 modo
711 1899 776 1927 388
793 1901 822 1925 et
848 1898 926 1925 380.

372 1958 436 1986 569
453 1956 487 1986 C.
504 1951 658 1984 Dominus
678 1947 904 1980 Atrebatensis.
919 1965 960 1969 ——
975 1945 1185 1977 Godcscalcus
1197 1970 1204 1983 ,
1222 1944 1260 1975 de
1273 1955 1335 1986 quo

322 2010 352 2039 in
373 2007 510 2050 epistolis
534 2008 599 2037 214
625 2011 655 2035 et
681 2007 759 2040 253,
780 2002 889 2034 Alviso
911 2001 999 2042 cujus
1019 1999 1135 2030 mentio
1152 1999 1183 2029 in
1200 1999 1336 2041 epistolis

325 2066 366 2093 65
385 2068 412 2092 et
430 2065 493 2093 395
514 2058 657 2091 successit
675 2067 758 2087 anuo
780 2059 881 2087 1150.
898 2056 999 2087 Causa
1016 2053 1054 2084 de
1074 2063 1135 2095 qua
1154 2052 1204 2083 hic
1221 2053 1333 2094 agitur,

322 2115 445 2146 ridetur
476 2125 541 2145 esse
572 2123 642 2143 cum
669 2110 820 2142 Guerrico
846 2108 960 2139 abbate
985 2106 1255 2144 Sancti-vedasti,
1287 2105 1336 2136 cui

322 2168 442 2210 scripsit
471 2167 626 2208 Eugenius
640 2190 647 2203 ‚
678 2170 709 2195 ut
740 2163 933 2195 Godescalco
964 2177 975 2187 «
1004 2161 1214 2191 obedientiam
1243 2170 1336 2190 manu

325 2238 337 2248 ιι
360 2221 553 2263 promitteret
571 2219 609 2250 de
626 2218 673 2249 his
688 2242 694 2255 ,
715 2227 783 2258 qua*
809 2215 848 2246 ab
866 2215 996 2246 ecclesia
1012 2213 1212 2246 Atrebatensi
1237 2212 1335 2254 possi-

328 2292 339 2302 „
360 2274 451 2305 debat
466 2298 473 2312 ,
493 2289 506 2299 »ι
522 2279 553 2303 111
571 2273 698 2314 legimus
718 2271 750 2301 in
766 2270 875 2301 litteris
893 2268 1121 2310 manuscriptis.

373 2331 436 2359 569
455 2329 491 2358 C.
508 2326 616 2357 Abbas
636 2325 673 2355 de
691 2328 862 2356 Aurei-uri.
880 2341 922 2344 —
941 2322 1074 2353 Indubie
1093 2326 1250 2357 Aacourss
1268 2330 1336 2361 quae

326 2381 453 2412 abbatia
467 2387 510 2411 est
524 2379 745 2410 canonicorum
761 2377 949 2419 regularium
964 2374 1250 2417 Sancti-Augustini
1265 2384 1338 2416 pro-

323 2446 361 2477 pe
385 2434 566 2476 Bapalmas,
587 2430 802 2474 Aviufficurlis
822 2437 852 2461 et
875 2428 1075 2472 Altelficurtis
1093 2430 1176 2461 dicta
1204 2428 1236 2459 in
1252 2434 1336 2459 vete-

322 2488 408 2518 ribus
429 2486 655 2523 mouumentis,
678 2485 771 2516 niodo
791 2486 1050 2528 Aquce-Cartum.

373 2544 438 2573 570
456 2544 494 2571 A.
514 2543 580 2570 Hac
598 2539 778 2570 necessitate
804 2538 926 2580 abjecto
947 2538 998 2568 illo
1019 2537 1183 2579 (sigillo),
1212 2535 1337 2566 nox'ello

322 2594 406 2636 quod
429 2594 552 2625 cernitis
577 2593 615 2623 de.
642 2603 723 2623 noxo
749 2592 887 2630 utimur,
910 2591 1090 2622 continente
1115 2595 1145 2620 et
1171 2589 1336 2630 imaginem

321 2653 459 2677 nostram
484 2654 513 2678 et
531 2658 658 2677 nomen.
676 2664 719 2667 —
740 2646 822 2676 Hinc
849 2651 933 2687 patet
959 2655 1023 2675 non
1043 2653 1266 2684 usquequaque
1285 2653 1336 2673 ve-

322 2711 391 2730 rum
417 2711 482 2731 esse
501 2700 584 2741 quod
605 2700 646 2730 ait
667 2700 851 2730 Guillelmus
873 2699 938 2740 ejus
959 2697 1093 2728 nominis
1113 2696 1220 2727 tertius
1239 2695 1336 2726 abbas

323 2753 552 2791 Cisterciensis,
572 2753 604 2783 in
624 2753 754 2794 epistola
777 2752 827 2783 hic
845 2752 926 2783 edita
946 2752 986 2783 ad
1004 2749 1222 2782 Theobatdmu
1249 2751 1337 2781 Cam-

326 2806 426 2847 pauize
443 2806 607 2843 comitem,
628 2817 740 2848 nempe
765 2806 877 2837 falsum
902 2817 967 2836 esse
995 2805 1130 2847 sigillum
1156 2803 1278 2835 abbatis
1298 2803 1337 2834 (16

325 2858 458 2894 Buzeio,
487 2869 593 2889 recens
616 2865 689 2889 tuuc
718 2865 895 2901 repertum,
925 2859 957 2889 in
983 2869 1044 2900 quo
1072 2868 1189 2887 nomen
1214 2856 1336 2888 abbatis

324 2911 507 2952 impressum
522 2917 605 2941 erat:
624 2922 761 2943 asserens
773 2913 804 2943 in
817 2913 902 2943 nullo
917 2912 1015 2954 sigillo
1031 2911 1159 2943 Ordinis
1172 2911 1336 2953 proprium

324 2974 438 2994 nomen
456 2963 576 2993 abbatis
592 2975 727 3005 unquam
744 2965 927 3006 impressum
946 2966 1050 2996 fuisse.
1067 2967 1158 2997 Certe
1176 2965 1206 2995 in
1227 2964 1335 2995 charta

324 3015 473 3047 lternardi
508 3016 602 3057 ipsius
632 3028 687 3058 pro
708 3019 931 3059 compositione
958 3019 1018 3050 litis
1042 3019 1123 3050 intcr
1149 3018 1335 3049 monasteria

324 3068 630 3102 Sanctae-Genovesae
648 3076 677 3100 et
700 3071 973 3111 Sancti-Victoris,
995 3084 1169 3115 appensum
1188 3078 1234 3103 est
1263 3075 1336 3103 Ber-

323 3122 413 3154 nardi
427 3122 560 3163 sigillum
577 3133 645 3152 cum
661 3123 726 3164 ejus
742 3124 867 3155 nomine
885 3132 915 3156 et
933 3126 1033 3167 effigie
1047 3151 1054 3163 ‚
1075 3127 1189 3157 librum
1203 3125 1312 3157 dextra
1324 3151 1331 3164 ,

322 3176 438 3219 pedum
457 3175 583 3206 sinistra
600 3181 736 3206 tenente.

829 214 879 248 IN
909 210 1089 247 TOMUM
1118 204 1319 243 PRIMUM
1347 198 1554 237 OPERUM
1584 197 1619 231 S.
1652 192 1905 228 BERNARDI

2333 190 2408 227 928

1442 280 1532 309 Nous
1553 274 1670 304 dex-ons
1691 272 1707 302 a
1731 270 1936 311 l'obligeance
1955 268 1995 299 de
2019 271 2067 299 Μ.
2088 268 2228 304 Deville,
2245 269 2412 300 Directeiu·

1397 331 1439 361 du
1456 328 1569 360 11111566.
1585 322 1796 365 d'Antiquites
1814 322 1852 353 de
1870 325 2000 359 Rouen,
2021 320 2059 351 de
2077 322 2210 363 pontoir
2227 322 2411 363 reproduire

1395 384 1425 414 la
1444 385 1528 414 Note
1548 380 1691 411 suivaute
1703 402 1710 415 ‚
1731 386 1806 407 avec
1831 375 1860 405 16
1885 375 1988 405 dessin
2006 380 2095 404 exact
2112 374 2153 405 du
2171 385 2262 406 sceau
2277 375 2316 406 de
2331 375 2410 407 saint

1398 434 1539 466 Bel-nard
1550 458 1558 472 ,
1579 432 1655 463 dont
1673 431 1693 461 il
1711 436 1757 461 est
1773 428 1861 471 parle
1881 427 1959 458 dans
1974 433 2055 458 cette
2070 432 2156 458 note.

1788 549 2022 585 NOTICE

1840 678 1902 698 SUR
1929 679 1969 697 LE

1474 786 1675 835 SCEAU
1699 787 1782 833 DE
1807 785 1950 833 SAIN
1956 788 1996 832 T
2020 786 2338 834 BERNARD.

1802 935 1818 936 ἡ
1827 929 2021 943 ἣέπϋ-

1584 1034 1695 1057 copus
1726 1022 1845 1058 D’UNE
1876 1036 2018 1059 LETTRE
2046 1023 2228 1058 ADREssiiE

1401 1096 1419 1116 A
1449 1095 1489 1117 M.
1521 1095 1564 1117 LE
1594 1084 1825 1118 seem-imme
1870 1086 2087 1119 PERPETUEL
2114 1096 2163 1117 m:
2191 1081 2414 1118 L'Acamimiss

1717 1155 1786 1178 Des
1828 1156 2100 1180 mscmPTmNs.

1998 1260 2096 1284 Rouen
2107 1277 2114 1290 ‚
2130 1257 2156 1283 16
2169 1257 2200 1283 16
2211 1258 2278 1283 nont
2293 1259 2364 1291 ¹837·

1594 1364 1774 1392 Moxsmmi
1785 1386 1792 1400 ‚

1452 1479 1464 1490 α
1485 1466 1557 1494 Une
1572 1463 1727 1495 heureuse
1741 1464 1954 1496 circonstance
1970 1464 2056 1496 vient
2072 1464 2111 1495 de
2126 1469 2238 1495 mettre
2253 1468 2340 1494 entre
2354 1474 2418 1496 mes

1405 1534 1417 1545 »ι
1440 1518 1538 1549 mains
1558 1518 1586 1549 16.
1605 1529 1697 1549 sceau
1717 1528 1754 1548 en
1781 1524 1893 1549 nature
1919 1518 1958 1549 de
1980 1518 2061 1549 saint
2084 1517 2236 1549 Bernard.
2258 1517 2418 1549 L'Acade-

1405 1587 1419 1598 n
1437 1571 1499 1602 mie
1520 1571 1733 1613 n'apprendra
1747 1581 1820 1613 pas,
1840 1582 1910 1602 sans
1928 1570 2040 1609 doute,
2064 1581 2135 1602 sans
2157 1570 2291 1609 interet,
2313 1582 2374 1613 que
2390 1572 2418 1603 le

1404 1640 1419 1651 »ι
1440 1624 1549 1656 cachet
1576 1624 1615 1655 de
1639 1631 1688 1655 cet
1712 1624 1839 1656 homme
1862 1625 2005 1664 celebre,
2028 1625 2081 1667 qui
2100 1625 2177 1667 jona
2201 1636 2244 1656 un
2271 1625 2296 1656 si
2322 1625 2419 1668 grand

1404 1693 1419 1704 »
1439 1678 1506 1709 role
1523 1678 1600 1709 dans
1614 1678 1657 1709 les
1676 1677 1877 1710 evenemems
1893 1678 2061 1720 politiques
2077 1684 2109 1709 et
2129 1678 2279 1720 religieux
2301 1678 2340 1709 de
2362 1689 2418 1709 son

1404 1746 1416 1757 »
1437 1737 1557 1773 temps,
1589 1730 1722 1761 subsiste
1750 1741 1881 1769 encore;
1908 1737 1938 1762 et
1960 1731 2019 1762 elle
2041 1742 2092 1762 me
2113 1737 2285 1773 permettra
2310 1730 2349 1762 de
2375 1732 2419 1762 lui

1403 1800 1415 1811 a
1436 1779 1634 1815 transmettre
1651 1784 1800 1826 quelques
1817 1784 1926 1816 details
1939 1795 1992 1815 sur
2005 1795 2040 1816 ce
2058 1784 2135 1826 petit
2152 1791 2355 1823 monument,
2376 1796 2416 1816 un

1402 1853 1415 1864 υ
1436 1838 1489 1869 (165
1510 1838 1580 1880 plus
1597 1837 1764 1880 piceieiix,
1784 1848 1855 1869 sans
1876 1838 2048 1876 contredit,
2067 1837 2107 1869 de
2127 1849 2205 1869 ceux
2229 1849 2289 1880 que
2307 1849 2386 1869 nous
2402 1849 2421 1869 a

1404 1907 1416 1918 ιι
1435 1891 1543 1934 legiies
1561 1892 1589 1922 le
1608 1897 1676 1922 xne
1696 1891 1800 1922 siecle.

1451 1960 1464 1972 »
1484 1947 1526 1977 Ce
1541 1955 1632 1976 sceau
1649 1951 1695 1976 est
1709 1956 1748 1976 en
1762 1944 1869 1975 cuivre
1883 1945 1997 1986 jaune,
2018 1950 2048 1976 et
2065 1944 2104 1976 de
2116 1943 2217 1976 forme
2233 1945 2340 1984 ova1e3
2363 1946 2386 1977 il
2402 1956 2420 1976 a

1405 2014 1418 2025 »
1442 2001 1485 2029 40
1503 1998 1696 2029 millimetres
1713 1997 1751 2029 de
1768 1997 1842 2040 long
1859 1998 1918 2040 (17
1939 1997 2051 2040 lignes)
2074 2008 2128 2028 sur
2150 2001 2194 2030 30
2211 1997 2289 2029 dans
2303 2009 2335 2029 sa
2351 1999 2421 2041 plus

1405 2067 1420 2078 n
1440 2052 1556 2093 grande
1585 2052 1709 2094 largeur
1736 2051 1795 2094 (13
1826 2051 1950 2094 lignes).
1984 2055 2049 2084 Son
2074 2051 2233 2094 epaisseur
2261 2058 2307 2083 est
2334 2052 2373 2084 de
2401 2057 2419 2085 5

1405 2120 1419 2131 »
1440 2105 1653 2143 millimetres3
1673 2105 1695 2136 il
1712 2104 1785 2147 pese
1804 2108 1847 2137 30
1862 2105 2095 2147 decagrammes
2113 2105 2140 2146 (t
2165 2115 2243 2136 once
2259 2105 2417 2149 environ).

1452 2175 1465 2186 »
1487 2163 1537 2191 On
1556 2171 1575 2203 y
1594 2159 1657 2190 voit
1684 2158 1884 2201 1·ep1·('=sente'‚
1914 2158 2008 2201 grave
2035 2170 2075 2190 en
2098 2170 2211 2198 creux,
2240 2159 2319 2190 saint
2345 2162 2420 2191 Ber-

1405 2229 1417 2239 »
1439 2213 1518 2244 nard
1531 2238 1539 2252 ,
1562 2224 1601 2245 eu
1619 2219 1759 2244 costume
1775 2214 1936 2252 monacal,
1961 2213 1992 2244 la
2011 2214 2075 2244 tete
2090 2212 2238 2244 tonsuree
2261 2219 2292 2244 et
2314 2224 2376 2245 nue
2393 2220 2418 2252 ¹,

1406 2282 1419 2294 ι»
1439 2267 1468 2298 le
1487 2273 1616 2298 menton
1636 2278 1704 2305 ras,
1724 2273 1754 2298 et
1779 2267 1854 2298 assis
1879 2278 1932 2298 sur
1954 2279 1997 2298 un
2019 2267 2119 2310 pliant
2135 2267 2211 2299 dont
2234 2268 2277 2299 les
2299 2267 2373 2300 bras
2389 2279 2422 2300 se

1405 2336 1419 2347 »ι
1440 2321 1605 2353 terminent
1627 2333 1667 2352 en
1689 2322 1752 2352 tete
1771 2321 1810 2352 de
1823 2327 1960 2364 serpent.
1976 2324 2019 2352 Le
2043 2321 2123 2353 saint
2146 2321 2223 2353 tient
2238 2322 2277 2353 de
2293 2322 2320 2352 la
2336 2323 2420 2353 main

1406 2390 1419 2400 n
1440 2374 1541 2406 droite
1553 2400 1560 2414 ,
1583 2375 1636 2416 qui
1652 2374 1778 2406 devient
1794 2375 1822 2405 la
1837 2374 1956 2417 gauche
1969 2375 1986 2406 a
2000 2375 2209 2417 l'impression
2219 2399 2227 2414 ,
2244 2386 2305 2406 une
2318 2387 2421 2407 crosse

1406 2444 1418 2455 »
1439 2428 1500 2459 fort
1526 2428 1655 2470 simple,
1681 2428 1697 2459 a
1722 2429 1954 2465 enroulement,
1984 2428 2062 2459 dans
2089 2429 2118 2460 le
2143 2440 2237 2471 genre
2262 2429 2304 2460 du
2327 2430 2420 2461 lituus

1405 2498 1419 2508 n
1439 2483 1585 2524 antique,
1607 2488 1653 2519 et,
1672 2482 1710 2513 de
1732 2482 1761 2512 la
1778 2483 1862 2513 main
1880 2482 2017 2524 gaudie,
2043 2481 2096 2524 qui
2118 2489 2164 2514 est
2186 2482 2321 2514 etendue
2342 2483 2420 2515 ainsi

1405 2553 1419 2563 n
1440 2548 1501 2578 que
1514 2537 1543 2567 la
1557 2536 1657 2567 droite
1667 2560 1675 2574 ,
1693 2546 1735 2566 un
1749 2535 1833 2578 objet
1845 2560 1852 2574 ,
1870 2547 1930 2578 que
1945 2536 1974 2567 la
1991 2535 2175 2578 grossierete
2188 2543 2218 2568 et
2231 2537 2261 2567 la
2274 2537 2420 2579 petitesse

1405 2606 1417 2617 »
1438 2590 1480 2620 du
1498 2589 1609 2621 travail
1628 2600 1667 2619 ne
1684 2595 1873 2631 permettent
1891 2589 2088 2631 d'apprecier
2101 2600 2162 2631 que
2179 2589 2392 2622 diflicilement
2409 2601 2417 2623 :

1404 2658 1416 2670 υ
1434 2644 1466 2686 je
1479 2643 1559 2674 crois
1573 2654 1590 2685 y
1604 2642 1802 2673 reconnaitre
1817 2654 1876 2673 une
1890 2649 1980 2684 porte
1994 2634 2137 2684 deglise,
2154 2643 2271 2675 divisee
2284 2654 2323 2674 en
2336 2644 2418 2676 deux

1404 2712 1416 2724 n
1438 2703 1575 2727 ventaux
1600 2707 1658 2738 par
1683 2706 1744 2727 une
1770 2696 1926 2727 colonette
1952 2696 2005 2739 qui
2024 2703 2077 2728 -est
2103 2696 2283 2729 surmontee
2305 2697 2344 2729 de
2361 2709 2418 2729 son

1405 2766 1417 2777 »
1438 2750 1603 2792 chapiteau
1620 2755 1646 2780 ².

1451 2819 1464 2830 »
1484 2803 1704 2845 L'inscription
1733 2803 1875 2834 suivante
1905 2809 1951 2835 est
1975 2802 2081 2835 tracee
2109 2815 2162 2835 sur
2186 2804 2216 2835 la
2242 2803 2350 2846 frange
2375 2804 2417 2836 du

1404 2874 1416 2885 »
1437 2868 1546 2896 sceau,
1576 2863 1689 2889 autour
1716 2856 1754 2887 de
1781 2857 1810 2888 la
1836 2856 1933 2898 figure
1958 2856 2035 2899 (une
2054 2857 2150 2900 petite
2175 2857 2281 2896 croix,
2310 2858 2418 2900 place'e

1404 2928 1416 2939 ‚³
1436 2912 1595 2942 ειη-(1655115
1620 2911 1658 2942 (16
1685 2911 1714 2941 la
1740 2911 1804 2941 1616
1829 2910 1869 2941 (111
1897 2911 1996 2950 saint,
2026 2910 2155 2953 indique
2183 2922 2240 2942 son
2266 2911 2355 2953 point
2378 2910 2418 2943 de

1404 2981 1416 2992 »ι
1438 2965 1583 3008 dt'part),
1605 2965 1633 2995 la
1655 2964 1734 2995 x‘oici
1755 2974 1762 2995 z

1495 3072 1520 3112 ψ
1537 3082 1697 3102 SIGILLUM
1718 3081 1725 3101 Σ
1746 3081 1914 3101 BERNARDt
1932 3082 1939 3102 Σ
1958 3082 2093 3102 ΑΒΒΑΤΙΒ
2110 3082 2320 3104 CLARAEVALL.

1451 3196 1462 3206 »
1484 3183 1512 3211 A
1538 3179 1724 3220 l'exception
1742 3178 1783 3209 du
1803 3180 1831 3209 G
1855 3178 1896 3209 du
1915 3185 1981 3210 mot
1999 3177 2156 3222 sigIllum,
2179 3178 2222 3210 du
2238 3182 2268 3210 D
2285 3179 2324 3210 de
2342 3182 2415 3210 Ber-

360 3311 367 3326 ¹
385 3309 462 3334 Saint
475 3308 615 3337 Bernard,
631 3315 680 3338 par
693 3306 831 3331 humilitc'
842 3327 848 3339 ,
863 3316 898 3332 ne
913 3308 1012 3333 voulut
1027 3311 1126 3342 jamais
1139 3319 1166 3335 56
1181 3312 1271 3336 servir
1286 3312 1358 3337 dela
1373 3314 1472 3344 mitre,
1490 3312 1597 3346 quoles
1611 3311 1697 3336 abbc's
1710 3312 1937 3344 commencaient
1950 3311 1963 3336 a
1977 3312 2174 3338 ambitionner
2188 3313 2221 3337 dc
2235 3321 2285 3338 son
2303 3316 2412 3346 temps:

325 3349 346 3374 il
363 3348 463 3374 s'e'leva
477 3356 543 3372 avec
557 3347 634 3372 force
646 3350 743 3371 contre
755 3350 826 3371 66116
841 3348 1017 3373 innovatiou.
1033 3350 1097 3373 Yoir
1112 3358 1161 3374 son
1183 3352 1343 3377 :hastatus
1356 3353 1390 3377 de
1407 3352 1537 3377 moribus
1555 3356 1581 3376 el
1598 3350 1691 3383 ‹gffirio
1704 3351 1921 3385 episcoporum,
1937 3359 1996 3383 cap.
2010 3359 2037 3385 9.

360 3403 370 3417 ²
387 3400 528 3425 Mabillon
540 3408 552 3424 a
564 3399 622 3432 pris
633 3402 674 3423 cet
687 3399 763 3432 otijct
776 3407 847 3431 pour
863 3408 900 3423 un
918 3399 950 3423 Ιὶ1
961 3409 989 3424 re
999 3408 1004 3423 z
1014 3401 1042 3432 jo
1056 3410 1139 3432 penst-
1152 3410 1207 3434 quc
1219 3402 1280 3426 c'est
1296 3403 1309 3427 a
1322 3407 1386 3429 tort.
1399 3405 1435 3427 La
1448 3412 1491 3434 pe:
1501 3411 1590 3428 sonno
1603 3403 1636 3426 (16
1649 3402 1737 3435 quije
1748 3402 1823 3427 tiens
1836 3401 1864 3427 le
1878 3410 1958 3428 sceau
1968 3421 1975 3434 ‚
1987 3402 2013 3427 lc
2028 3403 2139 3435 prenait
2152 3411 2226 3435 pour
2239 3411 2278 3428 un
2297 3402 2414 3429 sablier.
