2565 3952
94 216 161 254 177

1007 217 1269 254 EPISTOLAE.

88 294 231 332 exitum
258 293 503 342 ignoramus,
528 292 718 329 desectum
747 292 952 329 metuimus
972 308 979 330 :
1003 307 1102 343 quo-
1120 296 1152 315 ’ὅ

2116 225 2189 262 178

88 355 187 392 niam
207 354 363 404 quidem
393 353 489 391 sicut
509 353 648 390 sanctis
675 361 712 389 et
740 353 870 390 electis
898 353 1097 392 tribulatio
1115 361 1149 395 A
1165 377 2185 392 ======================================================================

86 424 268 466 operatur
305 414 527 465 patientiam
551 443 560 460 ‚
603 414 787 464 patientia
830 413 1101 464 probationem

84 475 262 528 probatio
282 489 403 526 spem,
420 489 507 526 spes
530 484 656 512 autem
677 488 756 511 non
777 475 1028 524 confundit¹;
1048 477 1102 514 sic

86 535 310 573 damnandis
333 544 370 572 et
403 535 579 586 reprobis
602 535 798 572 tribulatio
818 537 920 586 parit
951 550 971 573 e
1007 551 1101 574 con-

85 597 201 635 trario
225 596 601 648 1.)usillani1nitate1n,
626 596 918 646 pusillanimitas
949 606 1101 647 pertur-

82 659 289 707 bationem,
304 658 544 710 perturbatio
566 658 889 709 desperationem,
908 667 946 696 et
965 659 1028 696 illa
1045 659 1100 696 in-

81 720 233 760 terimit.

137 783 172 820 2.
195 786 250 820 Ne
267 795 358 832 ergo
377 781 459 819 haec
477 790 514 818 te
531 789 607 818 tam
627 781 820 819 horrenda
842 780 855 833 <
872 781 975 831 quod
995 786 1098 819 Deus

81 851 227 882 avertat
250 842 262 894 )
290 842 487 893 demergat
512 851 718 894 tempestas
746 857 879 893 aquae,
907 856 955 879 ne
982 842 1097 893 hujus

81 913 155 941 tam
189 903 397 941 tremendae
431 902 557 953 abyssi
585 903 792 941 absorbeat
827 903 1092 954 profundum,

80 978 175 1002 neve
194 973 328 1015 urgeat
343 977 460 1015 super
481 973 516 1001 te
537 973 612 1001 tam
631 964 875 1015 inexplebilis
895 974 1035 1015 puteus
1053 980 1095 1004 os

79 1040 189 1064 suum
215 1042 223 1064 :
245 1026 405 1064 sollicite
431 1027 582 1064 studeat
610 1027 766 1064 humilis
792 1026 1000 1077 prudentia
1029 1036 1094 1066 tua

78 1100 157 1124 non
176 1087 279 1124 vinci
299 1101 319 1124 a
340 1088 462 1133 malo,
486 1087 552 1125 sed
572 1089 727 1125 vincere
749 1089 788 1125 in
812 1088 918 1125 bono
940 1090 1097 1128 malum.
1121 1094 1149 1129 Β

78 1148 214 1186 Vinccs
231 1157 358 1185 autem
371 1178 380 1195 ,
401 1162 509 1199 spem
526 1157 631 1186 tuam
647 1150 686 1186 in
704 1153 787 1187 Deo
808 1149 959 1186 fortiter
978 1151 1098 1200 figen-

77 1208 128 1245 do
142 1238 152 1255 ‚
173 1217 211 1246 et
242 1210 298 1246 rei
320 1210 433 1246 [inem
459 1211 727 1260 longanimiter
747 1211 1020 1261 exspectando,
1050 1216 1097 1250 Et

76 1270 106 1306 si
127 1270 283 1319 quidem
304 1270 367 1307 ille
391 1271 614 1320 resipuerit,
636 1271 715 1308 sive
736 1271 787 1308 ob
809 1272 862 1308 tui
891 1272 1067 1309 timorem
1086 1303 1095 1320 ,

76 1330 155 1368 sive
181 1330 231 1367 ob
258 1344 370 1368 suum
393 1331 590 1378 laborem3
611 1331 736 1369 bene:
759 1332 816 1369 sin
845 1341 973 1369 autem
990 1363 999 1380 ,
1019 1333 1095 1371 bo-

76 1405 168 1429 num
185 1400 242 1428 est
257 1391 325 1428 tibi
338 1391 531 1428 humiliari
552 1392 623 1429 sub
641 1393 791 1443 potenti
811 1406 926 1429 manu
947 1394 1038 1441 Dei,
1057 1404 1095 1432 et

76 1465 319 1503 nequaquam
338 1452 438 1489 velle
467 1452 643 1490 resistere
669 1466 848 1504 supernae
876 1453 1094 1504 dispositio-

76 1513 137 1560 ni3
167 1513 255 1563 quia
278 1513 309 1550 si
340 1526 388 1550 ex
415 1517 499 1550 Deo
522 1522 603 1559 est,
635 1527 714 1551 non
744 1515 890 1565 poterit
921 1515 1092 1554 dissolvi.

76 1574 302 1612 Conandum
327 1583 384 1612 est
403 1574 534 1625 potius
560 1574 647 1622 tibi,
680 1583 754 1612 tuae
783 1575 871 1612 licet
889 1574 1004 1625 justae
1030 1577 1093 1613 in-

76 1636 307 1686 dignationis
339 1636 515 1673 stimulos
542 1636 606 1673 illa
638 1637 851 1687 reprimere
876 1638 1091 1683 sententia,

75 1712 189 1749 quam
211 1697 369 1748 quidam
391 1706 614 1735 sanctorum
638 1698 677 1735 in
699 1698 812 1735 simili
837 1699 958 1736 fertur
980 1713 1094 1736 causa

75 1759 290 1810 protulisse.
313 1758 511 1809 Siquidem
530 1759 802 1809 instigantibus
819 1773 905 1797 eum
930 1759 1091 1810 quibus—

74 1819 161 1857 dam
190 1819 372 1857 fratribus
399 1828 514 1870 atque
543 1820 856 1871 increpantibus,
888 1835 958 1858 cur
978 1835 1090 1859 suum

1314 502 1693 559 EPISTOLA
1752 494 2062 560 XXXIII.h

1266 665 1312 687 AD
1342 664 1528 687 HL‘GONEM
1558 664 1883 689 PONTINIACENSEM
1913 665 2093 688 ABBATEM.

1170 785 1296 818 Planius
1322 791 1460 816 mentem
1483 796 1571 816 suam
1592 784 1757 828 perscribit
1775 784 1814 815 de
1843 784 2039 826 susceptione
2067 787 2190 825 Droga-

1212 841 1261 872 nis
1274 865 1281 879 ‚
1305 846 1335 872 et
1353 851 1479 872 omnem
1500 851 1517 871 a
1537 852 1570 872 se
1585 840 1743 871 sinistram
1765 839 1976 882 suspicionem
1996 838 2137 881 depellit.

1161 959 1420 997 Dilectissimo
1441 974 1511 997 suo
1541 960 1686 997 domno
1706 963 1862 997 Huoon
1890 958 2042 1005 abbati,
2066 958 2183 995 frater

1215 1025 1443 1058 Bizmtmncs
1462 1021 1509 1058 de
1530 1021 1784 1068 Clara-Valle,
1802 1020 1904 1057 idem
1922 1020 2026 1071 quod
2044 1019 2127 1057 sibi.

1222 1156 1254 1192 1.
1292 1158 1336 1192 In
1374 1155 1514 1192 nostris
1545 1153 1740 1205 prioribus
1778 1153 1946 1191 litterisc
1980 1160 2046 1190 aut
2078 1165 2149 1202 ego
2172 1182 2182 1199 ‚

1165 1224 1353 1267 quantum
1377 1229 1424 1252 ex
1444 1216 1580 1253 vestris
1602 1215 1881 1266 perpenditur,
1905 1215 2032 1251 minus
2053 1222 2185 1264 aperte

1166 1277 1301 1327 scripsi
1326 1276 1432 1326 quod
1462 1276 1586 1322 volui3
1612 1284 1676 1312 aut
1695 1289 1766 1312 vos
1792 1276 1902 1311 aliter
1928 1275 2011 1311 illas
2030 1274 2184 1310 intelle-

1162 1338 1268 1377 xistis
1296 1351 1410 1387 quam
1441 1336 1637 1373 debuistis.
1672 1336 1868 1386 Siquidem
1890 1349 1976 1385 quae
2001 1334 2111 1371 vobis
2138 1334 2186 1370 de

1162 1400 1341 1438 monachi
1357 1399 1457 1435 illius
1472 1398 1716 1448 susceptione
1737 1405 1923 1433 eventura
1938 1395 2184 1442 denuntiavi,

1161 1462 1352 1499 veraciter
1371 1460 1423 1497 ita
1444 1459 1578 1506 timui,
1603 1468 1641 1496 et
1663 1458 1789 1496 adhuc
1811 1458 1946 1504 timeo,
1962 1465 2006 1493 ut
2031 1456 2181 1506 scripsi.

1161 1526 1247 1561 Non
1270 1531 1398 1559 tamen
1417 1521 1464 1558 ad
1488 1520 1562 1557 hoc
1583 1521 1646 1557 illa
1664 1519 1776 1557 vobis
1796 1518 2006 1569 praedicere
2026 1517 2155 1554 studui
2173 1546 2182 1562 ,

1162 1596 1240 1634 quo
1255 1583 1315 1620 vel
1333 1581 1535 1620 suaderem
1551 1612 1560 1628 ,
1582 1582 1642 1618 vel
1662 1581 1926 1626 consulerem3
1943 1579 2003 1616 vel
2025 1586 2126 1615 certe
2140 1586 2183 1614 ut

1161 1643 1345 1689 scribitis,
1369 1656 1564 1680 censerem
1584 1642 1693 1679 illum
1718 1641 1859 1678 debere
1885 1639 1993 1677 reddi
2011 1655 2018 1676 z
2037 1639 2182 1689 quippe

1161 1706 1227 1756 qui
1260 1706 1380 1756 ipsius
1407 1703 1640 1755 jamdudum
1678 1702 2003 1739 ferventissimum
2037 1700 2183 1737 deside-

1159 1767 1260 1804 rium
1283 1767 1392 1812 novi,
1415 1775 1453 1803 et
1473 1766 1507 1803 ei
1527 1765 1677 1816 potius,
1699 1764 1805 1814 quod
1826 1777 1928 1800 nunc
1949 1762 2042 1799 illud
2060 1761 2182 1799 adim-

1158 1829 1344 1878 pleverit,
1365 1826 1488 1864 debeo
1515 1825 1788 1875 congratulari.
1817 1824 1889 1863 Sed
1911 1838 1999 1861 cum
2024 1837 2045 1860 a
2068 1823 2180 1860 sami-

73 1880 112 1917 iss
130 1880 188 1917 SUi
210 1878 389 1930 injuriam
411 1879 458 1917 ab
480 1881 552 1918 alia
573 1889 794 1932 SUSCCPtum
810 1882 979 1918 Ecclesia
994 1882 1091 1932 fugi-
1113 1887 1139 1923 C
1160 1889 1363 1926 liarissimo
1378 1888 1490 1926 nobis
1506 1887 1643 1925 abbate
1658 1887 1760 1937 ejus,
1777 1896 1815 1924 et
1828 1886 1874 1923 ab
1891 1885 2183 1935 archiepiscopo

75 1940 193 1977 tivum
222 1954 301 1978 non
321 1941 536 1991 requireret
554 1957 562 1979 :
586 1958 601 1975 «
619 1945 870 1992 Nequaquam
885 1971 894 1988 ,
920 1960 934 1975 »
952 1943 1090 1993 inquit.

73 2019 88 2035 α
110 2001 352 2052 Ubicumque
369 2002 471 2038 enim
490 2010 566 2048 est,
583 2003 615 2040 si
628 2002 756 2040 bonus
773 2012 848 2049 est,
870 2017 978 2041 meus
994 2014 1062 2042 est.
1076 2023 1090 2038 »

126 2064 162 2100 3.
193 2062 473 2100 Fraudulenter
494 2062 562 2100 tibi
582 2073 620 2100 et
637 2078 715 2101 non
732 2065 896 2102 fideliter
913 2067 1087 2113 consulo,

34 2125 41 2128 ”
72 2126 101 2162 si
119 2124 286 2176 idipsum
304 2138 324 2162 a
345 2138 406 2161 ine
424 2125 508 2175 ipso
530 2138 609 2162 non
630 2126 862 2176 exigo.Nam
879 2140 967 2163 cum
990 2140 1090 2164 unus

73 2194 203 2223 noster
232 2199 311 2222 non
339 2185 465 2222 solum
498 2186 684 2235 religione
707 2186 926 2236 professus,
957 2187 1021 2224 scd
1053 2196 1091 2224 et

72 2261 184 2284 carne
203 2247 448 2298 propinquus
462 2252 476 2268 ³
488 2276 498 2293 ,
524 2247 694 2283 Cluniaei
714 2260 774 2284 me
795 2247 916 2284 invito
939 2257 977 2285 et
1006 2262 1091 2285 sus-

73 2316 205 2359 ceptus
233 2308 303 2353 sit,
333 2316 372 2344 et
407 2307 646 2354 detineatur3
682 2307 796 2345 doleo
819 2308 996 2358 quidem,
1025 2309 1092 2346 scd

72 2369 164 2406 sileo
182 2398 192 2416 ,
216 2381 331 2406 orans
351 2376 389 2405 et
408 2381 481 2418 pro
506 2368 580 2405 illis
603 2377 647 2405 ut
668 2369 790 2405 velint
809 2368 978 2407 ablatum
1001 2371 1091 2407 red-

73 2430 183 2478 dere,
201 2439 240 2468 et
254 2443 326 2481 pro
341 2430 409 2467 illo
425 2438 468 2467 ut
480 2430 722 2481 velitsponte
739 2430 865 2468 redire
884 2446 891 2468 :
906 2431 963 2468 sin
981 2446 1089 2479 vero,

73 2505 227 2530 servans
250 2492 284 2529 ei
303 2491 514 2528 vindictam
535 2491 603 2541 qui
623 2491 793 2529 facturus
819 2501 876 2529 est
896 2492 1087 2542 judicium

71 2553 248 2602 injuriam
269 2551 526 2604 patientibus,
545 2561 583 2589 et
603 2566 764 2602 arguere
780 2552 896 2590 habet
916 2556 955 2590 in
974 2556 1090 2605 aequi-

73 2623 146 2652 tate
163 2628 235 2666 pro
252 2613 461 2651 mansuetis
478 2622 602 2650 terrae.
624 2617 796 2651 Fratrem
818 2618 1022 2665 Hugonem
1041 2616 1088 2653 de

71 2679 271 2714 Lausanna
293 2688 360 2713 ore
384 2683 450 2712 tuo
463 2704 473 2722 ,
492 2683 530 2712 et
546 2683 681 2712 nostro
699 2675 837 2724 spiritu
859 2689 1088 2714 commone—

72 2750 154 2774 mus
174 2750 251 2774 non
272 2736 379 2774 omni
398 2736 552 2786 spiritui
576 2735 754 2782 credere,
778 2744 815 2773 et
835 2750 882 2773 ne
902 2737 978 2774 cito
1001 2751 1086 2775 mo-

70 2807 204 2836 veatur
223 2807 327 2836 certa
346 2811 418 2848 pro
439 2797 595 2834 incertis
621 2796 798 2835 deserere
813 2827 822 2845 ,
852 2798 975 2835 sciens
1002 2799 1086 2837 dia-

72 2857 203 2896 bolum
240 2858 311 2896 soli
353 2871 506 2908 semper
547 2858 845 2908 perseverantiae
881 2859 1052 2897 insidiari
1071 2889 1081 2907 ,

73 2932 185 2969 quam
213 2920 332 2956 solam
358 2919 546 2956 virtutum
573 2919 682 2956 novit
710 2920 918 2958 coronari:
942 2921 1086 2959 tutius-

74 2992 146 3029 que
162 2993 242 3017 esse
261 2980 301 3016 in
321 2993 366 3017 ea
385 2979 591 3017 vocatione
614 2994 691 3030 qua
714 2989 872 3018 vocatus
893 2990 969 3029 est,
991 2983 1085 3019 sim-

73 3039 221 3090 pliciter
249 3054 496 3091 perseverare
519 3070 528 3087 ,
565 3054 681 3091 quam
713 3041 785 3079 sub
820 3042 946 3092 specie
979 3044 1087 3093 quasi

74 3100 238 3138 melioris
256 3100 351 3139 boni
367 3131 376 3148 ,
397 3101 436 3138 id
457 3101 614 3152 quidem
640 3102 746 3152 quod
761 3100 841 3151 jam
863 3103 1002 3153 coepit,
1026 3103 1087 3140 di-

75 3162 244 3210 mittere,
273 3177 344 3201 nec
375 3163 423 3201 ad
455 3163 495 3201 id
529 3163 635 3214 quod
664 3163 884 3214 praesumit,
918 3164 1087 3203 fortassis

75 3222 257 3261 sufficere.

124 3361 132 3376 ¹
150 3359 242 3388 Rom.
264 3370 296 3397 v,
317 3361 334 3389 3
358 3362 388 3391 5.

1158 1949 1365 1989 Remensid
1382 1979 1391 1996 ,
1422 1958 1564 1988 nostrae
1595 1950 1731 1986 litterae
1754 1949 1802 1986 ad
1830 1946 2106 2001 requirendum
2134 1947 2183 1983 il-

1158 2012 1238 2049 lum
1260 2012 1509 2049 vehementer
1539 2011 1805 2060 exigerentur3
1827 2018 1870 2046 ut
1897 2023 1917 2046 a
1941 2022 2019 2055 me,
2043 2008 2071 2045 si
2100 2008 2183 2045 fieri

1157 2081 1308 2123 posset,
1332 2085 1488 2109 omnem
1508 2070 1741 2121 depellerem
1763 2070 2042 2120 suspicionem,
2064 2069 2179 2114 tales,

1157 2143 1275 2185 prout
1300 2135 1416 2181 scivi,
1439 2134 1582 2171 dictare
1604 2133 1759 2178 curavi,
1784 2131 1924 2182 quibus
1946 2140 1983 2168 et
2006 2131 2097 2181 ipsis
2118 2144 2180 2167 sa-

1161 2195 1394 2242 tisfacerem,
1417 2204 1454 2232 et
1476 2208 1544 2232 vos
1565 2202 1700 2231 contra
1722 2192 1947 2230 eorumdem
1975 2192 2180 2228 imminen-

1160 2264 1215 2294 tes
1246 2256 1475 2302 calumnias,
1499 2254 1610 2292 vol)is
1636 2255 1720 2291 illas
1753 2268 1832 2291 non
1863 2252 2047 2299 tacendo,
2080 2265 2180 2302 pree—

1160 2317 1368 2354 munirem.
1399 2320 1492 2354 Haec
1519 2329 1580 2352 me
1603 2316 1654 2352 ita
1681 2316 1720 2352 in
1749 2316 1822 2352 illis
1849 2315 1985 2351 litteris
2016 2313 2176 2350 sensisse

1159 2386 1325 2414 vestram
1349 2377 1590 2427 sagacitatem
1619 2377 1681 2414 vel
1702 2390 1747 2413 ex
1775 2390 1821 2413 eo
1843 2375 2043 2413 advertere
2067 2387 2180 2425 posse

1159 2439 1325 2484 credidi,
1351 2438 1457 2488 quod
1483 2438 1523 2474 in
1543 2438 1618 2475 fine
1642 2438 1793 2474 illarum
1817 2436 1991 2487 posuisse
2017 2448 2078 2472 me
2099 2448 2181 2471 me—

1156 2500 1274 2546 mini,
1300 2501 1329 2537 si
1348 2509 1474 2536 tamen
1492 2513 1538 2536 eo
1555 2512 1576 2536 a
1592 2498 1702 2535 vobis
1723 2498 1836 2535 oculo
1857 2498 2072 2547 legeretur,
2100 2509 2178 2546 quo

1156 2574 1174 2598 a
1195 2574 1255 2598 me
1277 2561 1460 2611 scriptum
1482 2560 1564 2597 fuit.
1586 2562 1681 2597 Nam
1701 2573 1788 2596 cum
1811 2558 2044 2596 denuntiatis
2066 2557 2174 2594 malis

1156 2635 1242 2672 quae
1267 2635 1346 2659 non
1377 2622 1571 2659 immerito
1601 2620 1712 2658 vobis
1743 2619 1990 2665 metuebam,
2020 2619 2175 2656 tandem

1107 2683 1361 2730 Dinserrem,
1393 2701 1407 2716 «
1439 2682 1554 2732 Quod
1585 2682 1615 2719 si
1647 2682 1727 2718 haec
1760 2681 1890 2718 omnia
1923 2680 2003 2731 pati
2038 2680 2173 2716 melius

1153 2763 1168 2778 »
1191 2744 1349 2790 ducitis,
1373 2758 1489 2794 quam
1506 2744 1615 2780 illum
1632 2743 1825 2789 amittere3
1845 2756 1928 2779 mea
1945 2742 2039 2778 nihil
2055 2742 2173 2778 inter-

1155 2823 1169 2838 »
1191 2813 1269 2852 est,
1294 2818 1365 2842 vos
1390 2804 1564 2841 videritis
1582 2819 1590 2841 z
1611 2822 1626 2837 »
1650 2811 1714 2841 aut
1731 2803 1833 2840 enim
1851 2803 1932 2853 ipsa
1951 2815 2034 2839 mea
2057 2801 2177 2838 verba

1152 2874 1243 2902 sunt
1265 2866 1345 2902 haec
1358 2895 1367 2912 ‚
1394 2874 1460 2902 aut
1480 2865 1638 2916 proprie
1658 2865 1742 2915 ipsa
1759 2879 1767 2901 ε
1788 2877 1874 2901 cum
1896 2864 2026 2913 itaque
2046 2863 2119 2899 hoc
2138 2863 2176 2899 in

1153 2927 1230 2963 fine
1252 2926 1352 2974 dixi,
1374 2926 1467 2977 quid
1495 2927 1599 2964 aliud
1626 2926 1738 2964 vobis
1755 2939 1871 2976 quam
1889 2925 1954 2961 illa
1974 2924 2176 2974 superiora

1155 2987 1435 3038 dispensatorie
1467 2987 1479 3039 (
1502 2996 1544 3025 ut
1571 3001 1650 3025 non
1681 2987 1804 3024 dicam
1822 3016 1832 3033 ,
1859 2983 2124 3035 simulatorie)
2154 2997 2174 3020 a

1154 3061 1215 3086 me
1234 3049 1285 3086 ita
1304 3049 1446 3099 scripta
1467 3048 1581 3086 fuisse
1607 3049 1771 3085 latenter
1786 3047 1991 3084 intimavi?

1209 3109 1245 3146 2.
1279 3109 1392 3158 Quod
1420 3123 1513 3147 vero
1540 3109 1743 3160 scripsistis
1762 3139 1771 3156 ,
1805 3122 1865 3145 me
1896 3121 1966 3158 per
1995 3106 2173 3144 nuntium

1153 3170 1279 3207 eidem
1308 3170 1499 3208 monacho
1529 3170 1577 3207 de
1608 3169 1842 3220 quaerenda,
1873 3168 1902 3205 si
1934 3168 1982 3205 ad
2012 3180 2082 3203 nos
2114 3166 2174 3202 di—

1155 3231 1353 3278 vertisset,
1378 3231 1500 3282 ipsius
1521 3230 1764 3269 absolutione
1781 3229 1961 3281 privatim
1985 3228 2175 3264 insinuas-

121 3421 135 3438 ἃ
149 3416 305 3450 Robertus
319 3443 326 3457 ‚
347 3420 386 3451 ad
403 3431 497 3464 quem
511 3422 643 3466 epistola
664 3427 693 3456 1.
714 3443 759 3448 —
776 3418 792 3442 l,
806 3426 927 3469 Scripta
941 3426 1022 3459 circa
1039 3439 1157 3460 aunum
1178 3432 1189 3460 1
1204 3432 1279 3461 120.
1300 3449 1342 3453 —
1362 3435 1375 3450 e
1395 3428 1583 3461 Excidemm
1603 3428 1650 3459 11ae
1668 3428 1790 3458 litteras.
1812 3444 1851 3448 -—
1872 3426 1885 3445 ¹¹
1905 3423 2040 3456 hadulfo
2056 3423 2169 3454 Viridi.
