2565 3952
78 143 150 182 585

79 293 1061 314 ...............................................................
1067 274 1142 307 *A

236 419 616 479 EPISTOLA
676 418 922 476 CCCII.a

150 587 298 614 moa-1⁸15
326 584 562 610 APos'rOLlcts
581 600 590 617 ‚
623 584 695 608 PRO
725 585 1024 608 tuicumplscopo

452 645 681 669 mocchixo
694 633 722 669 *.

84 772 214 804 Causam
238 764 478 807 Archiepiscopi
509 763 550 795 ab
579 763 766 795 adversariis
795 764 915 806 gravati
939 774 1099 795 commen-

555 819 621 850 dat.

85 945 258 986 Dominis
301 951 339 980 et
380 941 558 994 patribus
596 942 819 980 reverendis
834 973 842 989 ‚
879 943 1101 994 apostolicae

136 1006 242 1046 sedis
267 1009 429 1044 Luca-ris
445 1034 454 1052 ,
473 1018 571 1055 puer
598 1005 817 1042 Sanctitatis
840 1018 976 1041 eorum
1002 1009 1102 1042 Bssn-
1125 1003 1149 1037 Β

135 1080 280 1106 mimus
297 1065 556 1104 Clarae-vallis
577 1074 736 1102 vocatus
757 1064 875 1105 abbas
892 1095 901 1111 ‚
926 1079 996 1116 per
1015 1080 1096 1103 om·

138 1129 200 1167 nia
232 1132 316 1166 Deo
343 1128 519 1178 placere,
551 1135 590 1164 et
625 1136 754 1177 gratos
789 1128 994 1164 fructuosae
1026 1141 1104 1165 suae

137 1189 338 1240 legationis
359 1188 578 1238 manipulos
600 1196 811 1238 reportare.

137 1320 217 1359 Etsi
253 1331 420 1369 corpore
462 1317 624 1364 remoti,
651 1316 717 1354 sed
752 1317 892 1355 affectu
926 1327 963 1356 et
1001 1318 1105 1356 bona

89 1382 282 1422 voluntate
324 1377 437 1416 vobis
476 1377 818 1428 appropiavimus,
855 1387 1035 1429 optantes
1068 1388 1106 1416 et

89 1450 239 1482 orantes
267 1439 379 1489 dirigi
409 1447 518 1475 actus
545 1446 584 1475 et
607 1438 735 1475 studia
762 1447 891 1476 vestra
915 1438 962 1476 ad
991 1452 1106 1476 omne

89 1503 191 1556 quod
209 1502 317 1539 decet
339 1509 378 1538 et
393 1499 563 1552 expedit.
582 1499 677 1537 Inde
701 1509 758 1537 est
775 1500 882 1550 quod
906 1500 1107 1538 audientes

90 1562 345 1604 miserandum
386 1562 493 1599 illum
539 1561 875 1612 archiepiscopum
910 1562 1108 1611 Mogunti-

91 1638 243 1664 nensem
275 1653 285 1670 ‚
322 1631 504 1660 vocatum
543 1622 591 1660 ad
626 1631 793 1660 vestram
832 1606 1105 1673 praesentiam,

90 1686 218 1738 ibique
247 1697 525 1735 responsurum
548 1683 777 1721 adversariis
806 1684 910 1730 suis3
941 1685 1023 1721 ausi
1044 1697 1108 1721 su-

92 1761 174 1786 mus
191 1755 356 1784 vestram
383 1758 457 1796 pro
481 1758 527 1782 eo
548 1746 794 1796 interpellare
819 1745 1047 1783 bonitatem.
1064 1750 1108 1783 In

90 1809 162 1847 hoc
192 1807 296 1845 enim
333 1806 527 1844 credimus
560 1806 815 1844 honorificari
849 1807 1106 1844 ministerium
1130 1801 1157 1837 C

91 1879 257 1909 vestrum
273 1899 283 1917 ,
304 1869 361 1916 si,
386 1876 580 1920 quatenus
600 1869 706 1906 salva
723 1868 873 1919 justitia
892 1870 981 1906 licet
998 1899 1008 1915 ‚
1037 1883 1109 1920 pa-

68 1931 175 1970 rrieti
203 1931 388 1969 inclinato
430 1938 469 1977 et
504 1931 680 1968 maceriae
716 1930 887 1981 depulsae
926 1930 1109 1967 humeros

68 2000 224 2030 ,vestrae
257 1991 497 2029 auctoritatis
528 1991 772 2042 supponitis;
808 2005 880 2028 nec
918 1991 1107 2028 calamum

69 2075 71 2078 ·
93 2061 307 2105 quassatum
332 2052 510 2098 conteri,
530 2066 601 2090 nec
617 2053 740 2090 linum
772 2053 962 2103 fumigans
982 2053 1110 2105 (quod

69 2115 132 2153 ¹in
158 2113 268 2153 vobis
297 2114 384 2166 est)
420 2114 614 2164 exstingui
652 2115 888 2165 permittitis.
937 2115 1110 2159 Sentiat,

94 2175 357 2223 obsecramus,
376 2175 447 2213 sihi
471 2176 663 2226 profuisse
682 2184 720 2212 et
739 2189 893 2226 precem
913 2183 1084 2211 nostram
1101 2203 1110 2219 ,

70 2262 71 2266 =
94 2245 130 2275 et
149 2251 254 2275 suam
277 2237 562 2288 simplicitatem
579 2266 589 2284 ,
608 2236 659 2273 ob
681 2250 797 2286 quam
829 2236 952 2273 fertur
969 2250 990 2273 a
1013 2236 1113 2273 falsis

97 2297 274 2336 fratribus
295 2298 584 2336 circumventus
604 2298 735 2348 potius
750 2327 759 2344 ‚
788 2311 904 2348 quam
931 2297 1112 2334 inventus

71 2389 73 2394 .
96 2358 134 2397 in
148 2359 280 2411 aliquo
300 2358 437 2410 dignus
452 2359 719 2411 depositionis.

72 2496 73 2500 ¹
98 2499 501 2511 ηἱνιιιιιιηιιικιςιιιιιηιαιιηα

504 2501 1118 2511 ιιικςηιιιαιιιικκιιιιςιςςιῑιιιπιηιιιικικιιι

1139 2593 1170 2626 D

252 2635 631 2692 EPISTOLA
696 2634 951 2693 CCCIII.

216 2801 410 2825 LUDOVICO
439 2801 596 2824 JUNIORI
627 2800 720 2824 REGI
751 2801 993 2826 FRANCORL'M.

105 2916 189 2960 Quid
203 2917 362 2960 agendum
376 2918 458 2961 Regi
484 2929 579 2950 causa
605 2917 772 2961 cujusdam
794 2919 834 2951 de
859 2919 1022 2951 Britannia
1039 2918 1126 2950 adul-

409 2980 469 3006 teri
486 2980 517 3006 et
530 2975 809 3006 excommunicati.

157 3094 195 3131 Si
220 3095 338 3134 homo
369 3096 433 3134 ille
464 3096 512 3134 de
541 3097 739 3134 Britannia
776 3097 971 3135 dimittere
1010 3097 1128 3134 vellet

109 3154 318 3194 adulteram
331 3187 341 3206 ‚
361 3166 406 3196 ut
422 3167 555 3210 posset
571 3160 670 3197 solvi
690 3160 945 3197 anathematis
969 3160 1127 3198 vinculo

160 3284 169 3299 ¹
186 3280 268 3312 Psal.
284 3292 366 3311 xux
379 3307 386 3319 ‚
417 3285 469 3314 18.

160 3341 173 3356 ²
194 3340 317 3383 Scripta
335 3353 419 3374 anno
438 3342 555 3375 Christi
574 3349 585 3377 1
600 3348 676 3377 153.
694 3364 736 3367 —
756 3338 771 3361 ι’
788 3346 909 3389 Scripta
927 3346 1038 3378 eodem
1059 3358 1156 3378 anno.

998 135 1263 170 EPISTOLAE.

1104 212 1154 229 211¹!

2106 128 2183 165 58ss

1165 225 1244 261 quo
1262 219 1431 255 tenetur,
1450 217 1487 245 et
1501 209 1564 244 illa
1580 217 1779 258 paternam
1799 207 2061 243 haereditatem
2077 219 2182 242 suain

1162 270 1375 309 secundum
1407 270 1636 306 divisionem
1668 281 1798 313 suam,
1828 281 1944 317 quam
1978 267 2066 303 fecit
2094 279 2179 301 cum

1163 333 1280 369 fratre
1317 344 1387 368 suo
1403 361 1411 377 ‚
1435 344 1456 367 a
1486 328 1598 366 vobis
1629 329 1872 379 requireret3
1895 328 1965 364 etsi
1998 327 2072 363 hoc
2098 327 2182 376 ipso

1162 392 1321 442 indigna
1342 420 1351 437 ,
1389 405 1468 428 non
1498 399 1598 428 esset
1632 390 1792 426 forsitan
1827 387 2086 425 recusandum
2110 416 2119 431 ,
2142 394 2185 422 ut

1163 453 1330 504 proinde
1363 452 1534 503 potentis
1571 451 1645 488 viri
1685 450 1884 488 servitium
1925 457 1963 486 et
1998 447 2184 485 auxilium

1164 515 1368 553 haberetis.
1394 514 1578 564 Alioquin
1606 526 1685 549 non
1715 521 1772 550 est
1802 511 2005 549 consilium
2034 508 2189 546 humilis

1166 577 1288 614 fidelis
1313 576 1433 614 vestri
1455 574 1617 612 concedi
1640 574 1833 611 ullatenus
1861 580 1927 609 aut
1950 580 2090 608 terrani
2119 582 2188 605 ex-

1166 646 1325 683 traneo,
1348 646 1414 674 aut
1435 636 1554 674 vestri
1578 636 1750 672 favorem
1779 632 1940 670 dominii
1961 643 2188 668 excommu—

1167 699 1296 736 nicato
1317 708 1355 736 et
1374 699 1595 735 incestuoso
1620 713 1628 734 :
1652 710 1700 733 ne
1722 695 1853 747 (quod
1879 698 1984 732 Deus
2015 690 2190 740 avertat)

1168 760 1405 812 quandoque
1426 768 1464 797 et
1484 773 1553 796 vos
1574 758 1736 796 audiatis
1750 788 1759 804 ‚
1784 758 1824 793 Si
1852 755 2011 793 videbas
2031 752 2161 802 fierem
2179 780 2188 795 ‚

1171 821 1347 858 currebas
1372 835 1454 857 cum
1479 835 1546 867 er),
1583 829 1618 856 et
1649 834 1733 855 cum
1765 820 1949 855 adulteris
1980 820 2193 866 portionem

1495 890 1519 919 ¹.
1553 885 1632 919 Nec
1662 889 1791 917 tamen
1821 877 1984 915 verbum
2015 874 2196 926 praecipi-

1172 953 1309 991 tanter,
1333 952 1369 981 et
1389 943 1498 994 quasi
1519 957 1564 980 ex
1591 942 1760 992 abrupto
1784 952 1964 990 rumpere
1985 937 2194 974 consulue-

1169 1007 1252 1043 rim.
1272 1005 1474 1056 Agendum
1495 1013 1620 1042 autem
1640 1017 1709 1054 per
1727 1003 1879 1040 fidelem
1903 1010 1940 1037 et
1960 998 2191 1050 prudentem

1170 1067 1371 1113 nuntium,
1395 1075 1586 1118 quatenus
1602 1096 1610 1111 ‚
1630 1066 1659 1102 si
1679 1065 1760 1101 fieri
1780 1071 1931 1115 potest,
1956 1060 2191 1103 inducietur,

1171 1138 1209 1167 et
1230 1138 1383 1180 tempus
1402 1129 1628 1166 redimatur.
1648 1126 1763 1176 Quod
1787 1126 1818 1162 si
1837 1133 1874 1161 et
1890 1124 1963 1160 lioc
1980 1123 2042 1159 ille
2060 1133 2195 1158 renue-

1173 1191 1243 1236 rit,
1258 1199 1295 1227 et
1312 1190 1514 1239 malignari
1532 1189 1733 1233 maluerit3
1754 1185 1952 1223 fidendum
1970 1185 2006 1220 in
2026 1181 2198 1220 Domino

1171 1252 1261 1301 quia
1282 1264 1362 1288 non
1383 1249 1610 1300 praevalebit
1627 1265 1634 1286 :
1655 1249 1840 1299 quoniam
1857 1245 2015 1296 quidem
2028 1243 2196 1294 justitia,

1172 1325 1258 1362 quae
1280 1325 1366 1348 cum
1390 1315 1493 1360 Rege
1514 1319 1582 1356 est,
1599 1310 1672 1347 erit
1691 1323 1762 1359 pro
1781 1312 1898 1357 Rege.
1914 1306 2051 1343 Nescio
2069 1312 2198 1340 autem

1174 1385 1239 1410 an*
1254 1373 1461 1424 episcopus
1479 1372 1495 1386 *
1526 1371 1572 1408 ad
1615 1371 1689 1407 hoc
1726 1368 1962 1406 conveniens
1985 1395 1994 1411 ,
2033 1365 2199 1414 satisque

1175 1434 1339 1472 idoneus
1357 1434 1404 1471 sit
1422 1449 1429 1470 ε
1448 1446 1526 1470 non
1549 1432 1639 1483 quia
1658 1431 1780 1468 fidelis
1800 1443 1879 1466 non
1900 1429 1966 1474 sit,
1985 1436 2022 1463 et
2041 1426 2198 1476 quidem

1177 1496 1441 1542 fidelissimus;
1460 1494 1527 1532 sed
1547 1494 1637 1544 quia
1658 1493 1741 1530 odit
1762 1493 1869 1529 illum
1882 1520 1891 1537 ‚
1911 1503 1982 1526 nec
2003 1502 2116 1526 suum
2132 1517 2141 1533 ‚
2160 1497 2202 1524 ut

1175 1572 1328 1603 vereor,
1352 1556 1556 1593 consilium
1576 1554 1708 1591 credet
1725 1554 1771 1590 ei.
1791 1556 1878 1603 Ipse
1897 1560 2026 1588 tamen
2045 1557 2202 1600 paratus

1177 1629 1233 1656 est
1253 1632 1325 1670 pro
1354 1626 1481 1654 vestra
1511 1617 1710 1654 voluntate
1740 1614 1787 1651 ad
1818 1626 1933 1651 omne
1953 1642 1962 1657 ‚
1986 1610 2093 1661 quod
2114 1623 2201 1647 cum

1176 1681 1248 1719 Dei
1267 1680 1468 1717 voluntate
1500 1679 1626 1715 facere
1655 1677 1811 1728 poterit.
1837 1675 1875 1713 Si
1896 1673 1989 1724 quid
2016 1680 2073 1709 est
2097 1671 2204 1721 quod

1177 1743 1285 1792 quasi
1302 1755 1347 1778 ex
1364 1749 1474 1792 parte
1492 1753 1577 1776 mea
1597 1738 1709 1775 vobis
1732 1736 1869 1774 secreti
1884 1742 2085 1784 suggerat,
2102 1746 2123 1769 a
2144 1746 2204 1768 me

1174 1804 1248 1841 hoc
1269 1802 1365 1840 illud
1386 1802 1578 1852 accepisse
1607 1800 1756 1844 sciatis,
1781 1807 1819 1835 et
1848 1806 2031 1846 tanquam
2063 1808 2110 1832 ex
2138 1808 2204 1831 ore

1178 1879 1264 1902 meo
1283 1865 1321 1902 id
1339 1863 1546 1914 accipiatis.
1567 1866 1696 1900 Homo
1716 1869 1772 1897 est
1787 1860 1889 1896 enim
1908 1870 2023 1907 quem
2040 1856 2204 1892 inultum

1178 1926 1314 1976 diligo,
1337 1934 1375 1962 ct
1396 1925 1484 1962 satis
1513 1923 1630 1961 credo
1661 1924 1696 1959 ei
1719 1937 1726 1958 :
1746 1933 1894 1971 vosque
1920 1919 1996 1963 illi,
2021 1917 2059 1953 ni
2082 1917 2204 1963 fallor,

1178 1988 1336 2025 credere
1357 1987 1463 2037 quod
1482 1985 1703 2030 volueritis,
1725 1996 1859 2020 secure
1883 1980 2055 2031 potestis.

1171 893 1274 920 tuam
1297 882 1471 932 ponebas

1182 2138 1201 2146 ν
1212 2128 2208 2146 ιιιιιιιιιιιιιιιιιιιιιιιιιιιιιιιιιιιιιιιιιιιιιιιιιιιιιιιιιιιιιιι

1341 2266 1722 2326 EPISTOLA
1786 2252 2063 2323 CCCIV.¹’

1632 2431 1767 2454 EIDEM.

1189 2553 1317 2586 Gaudet
1336 2552 1552 2584 valetudinem
1576 2561 1665 2582 suani
1693 2548 1772 2590 Regi
1803 2557 1870 2579 esse
1895 2556 2003 2580 curae2
2038 2544 2214 2576 Robertum

1430 2607 1525 2650 Regis
1551 2616 1735 2649 germanum
1757 2600 1971 2635 commendat.

1243 2736 1287 2770 In
1309 2731 1467 2776 litteris,
1491 2742 1586 2780 quas
1608 2728 1709 2765 misit
1730 2725 1909 2777 Dignatio
1930 2732 2070 2769 vestra,
2091 2723 2217 2759 laetiti-

1191 2794 1306 2832 castis
1324 2793 1491 2830 animam
1513 2804 1636 2828 meam
1656 2805 1663 2826 :
1686 2789 1852 2826 laetilicet
1874 2799 1944 2823 vos
1962 2786 2067 2835 ipse,
2090 2784 2156 2834 qui
2178 2783 2218 2819 in

1192 2867 1307 2892 causa
1329 2861 1405 2899 est,
1424 2856 1540 2890 Deus.
1564 2851 1658 2900 Quis
1678 2862 1761 2887 sum
1779 2861 1868 2898 ego,
1889 2855 1954 2883 aut
1974 2859 2060 2896 quae
2081 2844 2221 2881 domus

1193 2915 1313 2967 patris
1330 2914 1429 2959 mei,
1452 2921 1495 2950 ut
1516 2912 1563 2949 de
1585 2919 1730 2957 morte‚
1753 2910 1814 2946 vel
1844 2908 1920 2944 vita
1943 2920 2028 2943 mea
2044 2904 2223 2954 Majestas

1194 2976 1297 3026 regia
1318 2975 1482 3025 cogitet?
1504 2977 1551 3011 Et
1581 2986 1684 3010 nunc
1706 2971 1796 3022 quia
1817 2969 1913 3007 tanti
1942 2966 2097 3004 habitus
2118 2979 2223 3011 sum,

1194 3046 1237 3075 ut
1254 3037 1301 3074 de
1325 3050 1412 3073 meo
1430 3049 1512 3073 esse
1531 3035 1629 3072 scire
1651 3033 1813 3079 curetis;
1829 3030 1955 3068 sciatis
1972 3042 2033 3066 me
2054 3029 2226 3078 aliquan-

1195 3100 1319 3136 tulum
1344 3097 1584 3134 convaluisse
1609 3103 1636 3141 ⁰,
1669 3103 1725 3140 et,
1756 3101 1800 3130 ut
1829 3105 1890 3129 me
1921 3088 2068 3135 sentio,
2091 3087 2225 3124 mortis

1196 3160 1351 3197 interim
1387 3167 1566 3209 ereptum
1593 3155 1790 3208 periculo,
1813 3153 1980 3191 debilem
2015 3159 2162 3194 tamen,
2190 3157 2228 3183 et

1187 3365 1232 3369 ——
1248 3352 1260 3368 ⁶
1282 3346 1365 3377 vide
1379 3344 1544 3388 epistolam
1563 3345 1643 3381 307,
1667 3353 1698 3373 n.
1720 3345 1751 3372 2.
