2517 3920
346 169 443 206 1027

1111 169 1145 204 S.
1176 168 1433 205 BERNARDI
1463 166 1666 203 ABBATIS

2330 166 2426 205 1028

340 254 433 287 Nam
455 249 561 298 quod
578 247 740 299 amplius
755 255 830 293 est,
854 260 875 284 a
891 246 991 283 malo
1008 255 1076 283 cst.
1095 246 1204 282 Disce
1220 257 1345 282 exem-
1358 242 1566 287 ⁴¹⁹habuit,
1586 242 1659 278 1100
1678 239 1805 285 dedit,
1835 239 2150 286 sollicitudinem,
2173 249 2215 277 ut
2235 241 2312 278 dixi
2329 272 2338 289 ‚
2366 257 2428 281 su-

339 313 405 362 plo
430 310 655 361 prophetico
682 309 887 359 praesidere
911 322 989 345 non
1014 317 1088 344 tam
1110 308 1157 344 ad
1187 305 1345 355 imperi-
1370 306 1401 340 A
1419 316 1489 352 per
1516 301 1714 338 Ecclesias.
1744 299 1939 349 Numquid
1969 299 2303 338 dominationem?
2327 302 2426 341 Audi

341 371 523 418 tandum,
552 383 668 419 quam
700 368 747 405 ad
780 368 1027 405 factitandum
1060 366 1165 417 quod
1200 374 1350 414 tempus

340 431 516 481 requirit.
535 431 655 481 uDisce
676 430 827 466 sarculo
849 428 915 465 tibi
933 441 1033 478 opus
1050 440 1130 465 esse
1143 455 1152 473 ‚
1171 438 1249 462 non
1265 437 1349 460 sce-

340 502 447 544 ptro,
466 501 510 529 ut
537 503 634 541 opus
663 490 775 527 facias
805 489 1016 539 prophetae.
1046 491 1094 524 Et
1114 485 1268 536 quidem
1288 484 1350 520 ille

339 568 417 591 non
456 560 682 602 regnaturus
720 550 911 596 ascendit,
948 548 1013 585 sed
1054 547 1344 596 exstirpaturus.

337 619 501 653 Putasne
523 622 560 650 et
579 622 618 649 tu
636 611 829 648 1111001113ιῚ
850 609 993 659 aliquid
1014 606 1289 645 elaborandum
1308 605 1347 640 in

337 688 429 725 agro
462 672 616 711 Domini
648 671 737 708 tui?
769 674 816 707 Et
851 670 1074 720 plurimum.
1105 671 1191 704 Non
1234 666 1348 715 plane

339 743 461 772 totum
494 733 652 783 quivere
677 728 912 767 emundareb
945 728 1145 778 Prophetae
1172 741 1180 763 ε
1205 724 1349 775 aliquid

337 795 422 831 filiis
447 794 521 831 suis
542 792 735 843 Apostolis
760 790 866 840 quod
898 797 1058 839 agerent
1085 787 1346 836 reliquerunt;

336 854 480 904 aliquid
507 853 579 902 ipsi
614 859 791 902 parentes
820 850 875 886 tui
909 848 987 885 tibi.
1026 847 1100 885 Sed
1130 859 1200 882 nec
1229 853 1270 881 tu
1300 843 1348 880 ad

337 927 452 951 omne
472 912 647 950 sufficies.
678 909 835 959 Aliquid
858 908 1033 958 profecto
1057 915 1121 942 tuo
1145 904 1348 941 relicturus

336 988 376 1011 es
396 971 604 1010 successori
623 1000 632 1016 ,
655 979 693 1007 ct
716 970 780 1006 ille
798 968 879 1006 aliis
897 997 906 1013 ‚
924 976 961 1004 et
980 966 1042 1003 alii
1065 966 1146 1002 aliis
1167 977 1289 1014 usque
1309 964 1347 1000 in

1417 363 1556 411 ipsum.
1581 362 1665 395 Non
1688 362 1947 404 dominantes,
1965 360 2042 407 ait,
2063 365 2101 396 in
2121 363 2239 406 clem,
2265 362 2428 410 sedfor-

1418 435 1479 457 mu
1501 419 1601 467 succi
1616 424 1741 469 gregis
1761 419 1786 456 5.
1812 422 1858 455 Et
1887 432 1934 455 ne
1955 419 2098 457 dictum
2121 421 2200 458 sola
2216 421 2428 462 humilitate

1418 490 1529 531 putes
1547 510 1556 527 ,
1578 494 1657 517 non
1680 480 1794 516 etiam
1821 479 2001 525 veritate,
2030 493 2108 517 vox
2138 481 2293 518 Domini
2309 491 2365 519 est
2389 484 2427 522 in

1418 542 1646 591 Evangelio,
1669 543 1786 589 Reges
1815 545 1982 589 gentium
2005 543 2250 577 dominantur
2274 556 2398 580 eorum
2416 573 2426 588 ,

1417 611 1454 637 et
1469 606 1531 649 qui
1543 609 1765 649 potestatem
1784 599 1921 636 liabent
1940 614 2051 649 super
2067 614 2126 636 eos
2140 630 2151 646 ‚
2183 600 2338 649 bemfici
2359 617 2428 639 vo-

1417 671 1550 698 cantur
1566 676 1577 696 :
1597 669 1633 697 et
1650 661 1783 707 infert,
1808 663 1880 697 Vos
1897 670 2022 697 autem
2041 675 2115 697 non
2139 665 2192 697 sic
2209 659 2239 698 ⁶.
2270 662 2428 700 Planum

1416 731 1473 759 est
1497 737 1504 759 ε
1525 722 1721 772 Apostolis
1739 722 1983 759 interdicitur
2003 722 2233 760 dominatus.

1475 783 1531 818 ll.
1561 786 1578 819 I
1602 795 1692 831 ergo
1717 791 1756 818 tn
1771 811 1780 827 ‚
1803 790 1840 819 et
1858 782 1926 819 tibi
1944 796 2135 833 usurpare.
2149 782 2247 819 aude
2276 791 2340 820 aut
2362 783 2430 821 do-

1416 843 1565 879 minans
1595 843 1875 893 apostolatum,
1899 851 1964 879 aut
1988 843 2224 893 apostolicus
2251 842 2430 881 domina-

1417 911 1509 939 tum.
1539 903 1655 940 Plane
1677 902 1725 939 ab
1743 904 1931 940 alterutro
1954 903 2185 953 prohiberis.
2214 903 2252 941 Si
2279 911 2430 941 utrum-

1416 976 1491 1013 que
1529 963 1639 1000 simul
1678 962 1820 1000 habere
1853 964 1962 1000 voles
1985 993 1996 1010 ,
2034 963 2172 1014 perdes
2206 972 2425 1014 utrumque.

334 1034 461 1070 finem.
488 1032 594 1070 Circa
622 1030 866 1067 undecimam
901 1027 1066 1076 denique
1091 1026 1225 1062 horam
1248 1037 1345 1074 ope·
1368 1020 1394 1054 Β
1413 1025 1595 1074 Alioquin
1627 1038 1706 1061 non
1734 1033 1770 1061 te
1804 1033 2007 1075 exceptum
2034 1024 2052 1048 ‘¹
2082 1025 2238 1062 illorum
2270 1038 2430 1062 numero

333 1093 423 1130 rarii
449 1092 516 1130 otii
544 1099 772 1141 arguuntur,
803 1098 841 1126 et
871 1089 1077 1125 mittuntur
1108 1086 1148 1122 in
1177 1085 1342 1122 vineam.

333 1159 605 1192 Antecessores
657 1151 710 1187 tui
753 1149 929 1200 Apostoli
975 1147 1181 1185 audierunt
1208 1174 1218 1192 ‚
1256 1145 1346 1195 quia

334 1219 462 1252 messis
493 1215 644 1262 quidem
679 1214 795 1247 multa
811 1241 821 1257 ,
856 1213 1024 1259 operarii
1061 1221 1152 1245 vero
1177 1210 1297 1256 pauci
1320 1213 1345 1242 ¹.

332 1280 534 1314 Paternam
574 1273 640 1310 tibi
671 1272 864 1310 vindicato
891 1269 1168 1307 haereditatem.
1193 1271 1288 1305 Nam
1315 1265 1346 1303 si

332 1337 431 1374 filius
446 1365 455 1382 ,
479 1344 517 1372 et
536 1335 657 1372 haeres
672 1341 697 1371 ².
719 1337 773 1371 Ut
802 1331 943 1383 probes
969 1329 1160 1367 haeredem
1177 1357 1186 1374 ,
1210 1327 1347 1377 evigila

330 1397 378 1434 ad
398 1409 527 1433 curam
542 1411 551 1442 3
568 1403 606 1431 et
622 1407 701 1431 non
720 1393 799 1430 otio
829 1402 1001 1442 torpeas,
1024 1404 1072 1427 nc
1091 1398 1129 1426 et
1151 1388 1217 1426 tibi
1240 1388 1345 1425 dica—

332 1466 394 1494 tur
412 1472 419 1493 :
437 1455 537 1504 Quid
558 1455 618 1492 hic
635 1463 710 1492 stas
731 1461 811 1491 tota
833 1452 901 1490 die
923 1451 1067 1488 otiosus
1081 1450 1122 1486 ³?

388 1519 447 1555 10.
467 1517 590 1554 Multo
611 1516 737 1552 minus
757 1513 922 1551 inveniri
943 1519 1098 1562 oportet
1115 1518 1180 1547 aut
1200 1509 1346 1546 deliciis

331 1579 540 1616 resolutum
552 1606 561 1624 ,
580 1584 644 1613 aut
659 1574 882 1625 resupinum
900 1572 1065 1623 pompis.
1087 1570 1188 1609 Nihil
1205 1570 1345 1606 horum

330 1637 398 1674 tibi
420 1637 558 1674 tabulae
576 1635 767 1673 testatoris
787 1635 991 1683 assignant.
1014 1631 1087 1670 Sed
1105 1630 1221 1681 quid?
1243 1630 1280 1669 Si
1297 1629 1344 1665 il·-

330 1699 453 1735 larum
474 1706 608 1734 tenore
634 1703 835 1733 contentus
856 1694 927 1741 sis,
954 1706 1085 1730 curam
1110 1690 1241 1741 potius
1263 1690 1344 1726 hae-

331 1757 514 1795 reditabis
534 1765 572 1794 et
592 1769 770 1806 operam,
793 1767 908 1804 quam
931 1752 1090 1803 gloriam
1119 1759 1158 1787 et
1182 1749 1344 1786 divitias.

1413 1092 1524 1134 putes
1539 1113 1548 1130 ,
1564 1083 1611 1120 de
1627 1083 1769 1133 quibus
1789 1085 1966 1134 queritur
1982 1088 2087 1122 Deus
2104 1085 2157 1121 sic
2173 1099 2181 1121 ε
2202 1087 2278 1133 Ipsi
2295 1097 2428 1132 regna-

1413 1153 1567 1190 verunt,
1599 1153 1634 1180 et
1664 1158 1738 1180 non
1767 1158 1817 1180 ex
1846 1158 1930 1189 nze;
1955 1149 2153 1194 principes
2178 1149 2426 1190 exstiterunt,

1415 1215 1451 1240 et
1464 1218 1530 1253 ego
1551 1219 1624 1241 non
1642 1210 1795 1255 cognovi
1803 1212 1830 1242 7,
1850 1209 1934 1243 Jam
1955 1205 1986 1242 si
2004 1218 2164 1255 regnare
2182 1205 2262 1243 sine
2278 1209 2359 1243 Deo
2372 1203 2431 1254 ju-

1413 1274 1497 1311 vat,
1518 1264 1636 1302 habes
1659 1265 1838 1315 gloriam,
1857 1265 1922 1303 sed
1943 1279 2022 1303 non
2043 1265 2147 1317 apud
2166 1270 2303 1303 Deum.
2325 1269 2376 1303 At
2399 1265 2430 1303 si

1413 1326 1661 1363 interdictum
1690 1335 1884 1372 tenemus,
1910 1326 2110 1363 audiamus
2139 1326 2319 1363 edictum.
2357 1327 2434 1373 Qui

1413 1392 1539 1433 major
1553 1396 1606 1423 cst
1625 1396 1787 1423 vestrum
1799 1415 1812 1432 ,
1821 1387 1900 1434 fiat
1918 1391 2013 1423 sicut
2023 1388 2159 1433 junior
2165 1401 2179 1430 ;
2195 1395 2230 1422 et
2248 1390 2314 1435 qui
2328 1399 2430 1435 proe-

1414 1461 1536 1483 sessor
1551 1457 1624 1494 est,
1646 1452 1741 1484 sicut
1759 1452 1823 1496 qui
1844 1452 2045 1484 ministrat.
2064 1451 2203 1486 Forma
2220 1446 2428 1497 apostolica

1414 1508 1494 1545 haec
1514 1517 1571 1545 est
1603 1523 1611 1545 :
1643 1508 1856 1545 dominatio
1876 1508 2139 1554 interdicitur,
2160 1507 2344 1545 indicitur
2362 1506 2430 1544 mi-

1413 1568 1606 1614 nistratio,
1632 1582 1717 1618 quae
1738 1577 1776 1605 et
1797 1567 2090 1605 commendatur
2106 1567 2226 1618 ipsius
2251 1566 2428 1617 exemplo

1412 1628 1678 1678 Legislatoris,
1709 1628 1774 1678 qui
1795 1637 1948 1666 secutus
1968 1627 2143 1678 adjungit
2165 1643 2173 1665 :
2194 1629 2276 1677 Ego
2306 1636 2430 1664 autem

1414 1694 1452 1724 in
1474 1691 1597 1725 medio
1614 1699 1775 1725 vestrum
1796 1702 1899 1732 sum,
1920 1698 2104 1737 tanquam
2120 1694 2188 1737 qui
2203 1686 2428 1725 ministrat&

1413 1749 1505 1796 Quis
1525 1762 1563 1785 se
1581 1748 1660 1798 jam
1684 1749 1796 1785 titulo
1815 1749 1889 1785 hoc.
1912 1748 2119 1798 inglorium
2141 1756 2270 1798 putet,
2297 1761 2375 1798 quo
2391 1760 2430 1784 se

330 1817 532 1855 Blanditur
551 1816 756 1854 cathedra?
782 1814 943 1864 Specula
964 1821 1032 1849 est.
1065 1811 1158 1849 Inde
1180 1810 1344 1859 denique
1366 1807 1392 1842 C
1414 1809 1523 1858 prior
1542 1810 1731 1846 Dominus
1747 1809 1879 1858 gloriae
1898 1809 2159 1860 praesignivit?
2179 1809 2317 1846 Merito
2337 1811 2432 1845 Pau-

329 1876 612 1928 superintendis
626 1906 635 1923 ‚
654 1888 793 1913 sonans
812 1874 878 1912 tibi
897 1873 1068 1924 episcopi
1088 1872 1245 1909 nomine
1266 1884 1344 1907 non

330 1938 543 1975 dominium
558 1967 567 1984 ,
593 1936 660 1975 sed
678 1936 861 1973 officium.
880 1933 1023 1983 Quidni
1038 1932 1176 1970 loceris
1196 1932 1235 1968 in
1253 1931 1344 1967 emi—

328 1998 457 2045 nenti,
478 1997 580 2035 unde
600 2005 822 2048 prospectes
847 1995 996 2042 omnia,
1025 1994 1092 2044 qui
1124 1993 1343 2044 speculator

331 2071 447 2108 super
483 2058 612 2095 onmia
641 2057 914 2094 constitueris?
942 2056 1147 2092 Enimvero
1178 2065 1342 2103 prospe-

328 2127 412 2155 ctus
430 2118 499 2155 iste
516 2118 756 2168 procinctum
778 2116 898 2166 parit,
914 2128 992 2151 non
1015 2114 1148 2150 otium.
1167 2117 1340 2161 Quomo-

330 2179 380 2216 do
397 2186 410 2201 *
431 2178 524 2215 libet
548 2178 732 2228 gloriari,
766 2176 831 2214 ubi
861 2175 973 2212 otiari
1004 2187 1082 2211 non
1118 2173 1235 2210 licet?
1264 2176 1342 2210 Nec

329 2239 438 2275 locus
474 2247 529 2275 est
572 2238 651 2275 otio
668 2267 677 2284 ,
722 2237 787 2274 ubi
822 2236 953 2273 sedula
985 2243 1095 2284 urget
1124 2232 1342 2270 sollicitudo

330 2299 502 2336 omnium
523 2299 789 2336 Ecclesiarum.
820 2300 916 2335 Nam
937 2295 1028 2346 quid
1048 2294 1115 2331 tibi
1144 2293 1247 2331 aliud
1280 2293 1342 2329 di-

328 2360 430 2396 misit
446 2368 597 2397 sanctus
622 2359 859 2409 Apostolus?
888 2359 1000 2404 Quod
1019 2354 1158 2400 habeo,
1191 2353 1339 2403 inquit,

328 2420 397 2455 lzoc
418 2419 486 2456 tibi
509 2422 568 2457 (lo.
592 2420 693 2468 Quid
712 2417 836 2456 illud?
872 2421 1001 2456 Unum
1023 2416 1101 2453 scio
1136 2430 1143 2452 ε
1176 2427 1256 2451 11011
1288 2422 1344 2450 est

329 2493 466 2517 aurum
485 2493 609 2530 neque
633 2487 829 2529 argentum
844 2508 853 2525 ,
876 2491 964 2514 cum
984 2477 1066 2527 ipse
1095 2476 1195 2512 dicat
1226 2489 1234 2512 :
1266 2476 1343 2509 Ar—

325 2551 477 2590 gentum
502 2551 536 2578 ct
551 2555 683 2578 aurum
702 2555 776 2576 non
794 2550 847 2577 est
864 2539 954 2575 milii
970 2538 998 2574 4.
1035 2537 1073 2576 Si
1089 2536 1231 2573 habere
1256 2548 1346 2572 con-

1414 1870 1472 1906 lus
1507 1870 1694 1919 gloriatur
1722 1870 1759 1905 in
1798 1882 1845 1906 eo
1863 1898 1873 1915 ‚
1909 1869 2068 1907 dicens:
2091 1872 2262 1906 Ministri
2298 1870 2432 1906 Christi

1411 1939 1517 1974 sunt,
1548 1940 1584 1966 ec
1607 1944 1685 1978 ego,
1713 1933 1761 1966 Et
1777 1929 1883 1966 addit
1905 1944 1913 1967 :
1938 1931 1986 1966 Ue
2002 1935 2128 1967 neinus
2147 1933 2300 1981 sapiens
2319 1932 2402 1966 dico
2415 1959 2426 1976 ,

1405 1993 1494 2038 plus
1514 2005 1593 2040 ego.
1629 1993 1674 2026 In
1704 1990 1891 2026 laboribus
1914 1993 2115 2040 plurimis,
2150 1995 2189 2027 in
2217 1990 2430 2027 carceribus

1409 2050 1689 2095 abundantius,
1712 2055 1751 2086 in
1769 2054 1895 2101 plagis
1926 2062 2042 2100 supra
2063 2053 2211 2088 modum
2227 2081 2238 2097 ,
2265 2055 2303 2087 in
2324 2049 2440 2088 mor-'

1408 2109 1502 2146 tibus
1522 2110 1744 2159 frequenter
1759 2118 1786 2148 9.
1822 2114 1855 2149 Ο
1886 2112 2115 2161 praeclarum
2148 2111 2427 2148 ministerium!

1409 2174 1494 2219 Quo
1519 2185 1596 2208 non
1628 2171 1667 2208 id
1691 2172 1894 2222 gloriosius
1922 2172 2171 2223 principatu?
2201 2172 2239 2210 Si
2275 2170 2430 2222 gloriari

1411 2240 1588 2282 oportet,
1608 2232 1732 2269 forma
1753 2232 1820 2269 tibi
1837 2241 2058 2270 sanctorum
2076 2232 2288 2283 praefigitur
2301 2262 2311 2278 ,
2328 2236 2430 2282 Apo-

1410 2292 1597 2329 stolorum
1630 2294 1865 2344 proponitur
1898 2294 2031 2343 gloria.
2065 2297 2236 2331 Parvane
2268 2292 2336 2329 tibi
2367 2292 2429 2329 illa

1410 2352 1594 2389 videtur?
1615 2354 1708 2401 Quis
1728 2354 1822 2391 1111111
1848 2354 1993 2391 tribuat
2010 2355 2172 2392 similem
2190 2354 2273 2391 fieri
2296 2353 2335 2390 in
2352 2353 2430 2404 glo-

1412 2412 1466 2448 ria
1488 2415 1736 2449 sanctorum?
1762 2414 1908 2451 Clamat
1937 2414 2129 2464 propheta
2152 2427 2160 2449 ι
2181 2414 2284 2449 Mihi
2303 2421 2428 2452 autem

1412 2477 1526 2508 nimis
1549 2474 1791 2520 honorificati
1808 2483 1897 2510 sunt
1914 2479 2030 2510 atnici
2049 2479 2103 2510 tui
2116 2504 2127 2520 ,
2151 2478 2254 2511 Deus
2266 2489 2280 2518 ;
2314 2478 2427 2510 nimis

1413 2531 1641 2580 confortatus
1658 2543 1711 2569 cst
1721 2539 1957 2583 principatus
1973 2548 2097 2570 eorum
2111 2541 2152 2571 ¹⁰.
2170 2535 2316 2571 Clamat
2327 2538 2428 2584 Apo-

329 2602 468 2652 tingat,
492 2611 599 2639 utere
620 2615 699 2638 non
719 2614 792 2652 pro
810 2600 922 2637 libitu
937 2629 946 2646 ‚
969 2598 1034 2636 sed
1057 2611 1128 2648 pro
1152 2605 1339 2646 tempore.
1362 2602 1395 2636 D
1413 2594 1532 2631 stolus
1554 2607 1561 2629 :
1580 2595 1682 2631 Mun·
1702 2605 1826 2631 autem
1852 2595 1949 2632 ahs-u
1966 2597 2128 2645 gloriari
2145 2599 2222 2632 nisi
2251 2599 2290 2631 in
2321 2607 2428 2630 cruce

329 2662 388 2699 Sic
409 2662 484 2699 eris
500 2671 612 2699 utens
631 2662 727 2709 illis,
754 2661 861 2711 quasi
882 2673 960 2696 non
978 2667 1101 2695 utens.
1135 2661 1222 2707 Ipsa
1252 2656 1340 2706 qui—

331 2722 417 2758 dem
433 2751 442 2769 ,
464 2722 568 2772 quod
585 2722 631 2759 ad
649 2722 765 2759 animi
787 2721 933 2758 bonum
957 2726 1121 2769 spectat,
1142 2730 1213 2753 nec
1239 2715 1342 2752 bona

331 2790 441 2829 sunt,
471 2795 541 2819 nec
573 2784 706 2820 mala:
734 2795 826 2819 usus
862 2789 988 2817 tamen
1020 2779 1160 2815 horum
1188 2775 1315 2813 bonus
1332 2805 1341 2823 ,

331 2841 464 2879 abusio
488 2843 586 2879 mala
603 2872 612 2889 ,
650 2841 867 2879 sollicitudo
900 2839 1034 2890 pejor,
1063 2845 1231 2887 quaestus
1261 2844 1343 2872 tur-

331 2902 431 2952 pior.
456 2905 546 2939 Esto
560 2931 569 2949 ,
588 2910 630 2938 ut
645 2903 716 2939 alia
736 2914 978 2951 quacumque
999 2899 1146 2936 ratione
1168 2898 1249 2934 haec
1274 2895 1344 2932 tibi

332 2962 503 3000 vindices
527 2962 622 2999 :sed
653 2975 730 2998 non
763 2961 975 3011 apostolico
1006 2959 1106 3009 jure.
1134 2962 1211 2995 Nec
1241 2957 1342 2993 enim

335 3021 402 3059 tibi
434 3022 498 3059 ille
526 3021 616 3058 dare
643 3022 746 3071 quod
785 3035 862 3058 non
891 3020 1025 3057 habuit
1056 3018 1197 3069 potuit.
1232 3016 1344 3065 Quod

1409 2655 1566 2690 Domini
1582 2659 1698 2690 nostri
1713 2658 1803 2691 Jesu
1827 2656 1961 2692 Christi
1979 2655 2032 2707 ¹¹.}

1467 2715 1525 2752 12.
1558 2719 1641 2752 IIoc
1676 2717 1851 2766 glorieris
1882 2726 1976 2768 opto
2004 2731 2156 2768 semper
2186 2716 2335 2767 optimo
2355 2728 2421 2765 ge-

1410 2788 1501 2811 nere
1522 2776 1674 2825 gloriae,
1710 2777 1816 2827 quod
1850 2777 2049 2827 Apostoli,
2089 2776 2195 2827 quod
2224 2775 2425 2825 Prophetae

1411 2835 1584 2886 delegere
1606 2837 1698 2886 sibi,
1729 2839 1973 2875 transmisere
1997 2845 2011 2861 Θ
2039 2837 2120 2875 tibi.
2141 2841 2316 2887 Agnosce
2345 2834 2421 2868 hae-

1410 2896 1611 2934 reditatem
1633 2906 1734 2935 tuam
1758 2899 1798 2935 in
1829 2899 1968 2937 Christi
1995 2912 2130 2944 cruce,
2160 2897 2199 2933 in
2230 2891 2424 2931 laboribus

1411 2955 1597 3005 plurimis.
1621 2957 1726 2995 Felix
1746 2957 1812 3006 qui
1828 2956 1954 2993 dicere
1972 2955 2101 3006 potuit
2121 2967 2129 2989 :
2150 2955 2244 2990 Plus
2260 2949 2427 2988 omnibus

1412 3015 1575 3054 laboravi
1594 3024 1637 3055 ¹².
1667 3018 1800 3056 Gloria
1820 3025 1898 3064 est,
1927 3016 1993 3054 sed
2018 3016 2071 3052 nil
2091 3015 2131 3052 in
2152 3027 2197 3052 ea
2215 3014 2347 3059 inane,
2373 3009 2425 3048 nil

382 3138 393 3154 ¹
410 3131 525 3164 Matth.
540 3142 587 3170 xx,
613 3133 669 3163 37.
686 3148 730 3154 -—
750 3136 762 3151 ²
777 3131 882 3163 Galat.
907 3142 953 3168 w,
971 3133 1003 3162 7.
1020 3147 1065 3153 ——
1083 3128 1097 3152 3
1111 3127 1228 3160 Mauh.
1246 3139 1310 3165 xx,
1329 3131 1362 3159 6.
1378 3126 1449 3154 -4
1463 3130 1534 3160 Act.
1549 3139 1612 3166 111,
1631 3133 1664 3160 6.
1680 3125 1755 3151 —5
1772 3131 1786 3159 Ι
1804 3131 1888 3159 Petr.
1906 3139 1939 3167 v,
1961 3123 2079 3159 3.--6
2095 3129 2173 3158 Luc.
2190 3135 2284 3162 1111,
2310 3125 2366 3154 25.
2381 3138 2426 3144 --

331 3202 345 3226 7
361 3191 442 3220 Osee
461 3199 542 3225 viu,
575 3190 608 3219 4.
624 3206 670 3210 ——
685 3185 698 3209 ⁸
720 3189 796 3218 Luc.
826 3197 905 3224 xxx,
932 3189 973 3218 26
989 3210 997 3224 ,
1021 3188 1078 3217 27.
1099 3202 1144 3207 —
1169 3190 1185 3215 9
1200 3187 1231 3215 ΙΙ
1246 3185 1319 3216 Cor.
1341 3194 1376 3214 xx
1391 3207 1399 3221 ,
1420 3185 1477 3215 23.
1497 3200 1543 3206 -—
1571 3188 1598 3203 ¹⁰
1620 3182 1702 3213 Psal.
1727 3192 1901 3220 cxxxvnt,
1926 3183 1980 3213 17.
1997 3198 2043 3204 --
2064 3185 2092 3202 ¹¹
2116 3178 2221 3212 Galat.
2241 3188 2288 3219 vt,
2315 3177 2425 3208 14.—

335 3249 365 3264 ¹²
380 3246 395 3274 I
412 3244 486 3274 Cor.
511 3253 569 3279 xv,
590 3244 644 3274 10.

377 3306 391 3320 ⁸
409 3303 495 3333 Alias
509 3326 517 3340 ,
537 3308 568 3332 et
582 3308 615 3333 tu
634 3312 698 3332 non
713 3300 862 3331 invenias.
879 3296 952 3321 -——¹³
968 3298 1054 3329 Alias
1071 3322 1078 3335 ,
1099 3295 1277 3329 emendare.
1298 3315 1343 3321 —-
1355 3301 1368 3317 c
1389 3295 1476 3328 Alias
1491 3319 1499 3335 ,
1518 3292 1662 3340 quando.

379 3358 394 3379 ὖ
413 3356 516 3395 Alias,
536 3362 722 3401 exemptum.
736 3373 784 3378 -
799 3359 813 3375 e
829 3352 934 3392 Alias,
951 3350 1111 3396 reliquere.
