2517 3936
50 159 119 199 797

757 152 786 185 1⁴3
793 151 990 186 PISTOLA
999 151 1064 185 1th
1072 151 1107 184 M
1136 153 1163 185 A
1172 150 1400 185 PPENDIX.

47 245 87 276 ut
114 246 190 272 non
214 231 294 268 aliis
317 227 638 266 collocutionibus
656 256 665 273 ,
689 240 758 263 nee
782 228 918 277 pannis
938 256 948 272 ,
978 226 1072 263 nee²

2046 154 2120 190 798

1079 227 1349 277 ἔζη111330011111111
1384 225 1483 262 beati
1515 225 1708 262 Benedicti
1743 227 1794 262 nil
1829 229 1949 264 amori
1984 230 2120 267 Christi

47 294 190 336 cibariis
228 298 429 328 uterentur
444 318 453 334 ,
492 301 604 338 quam
643 288 786 336 Regula
824 287 1046 338 permittere
1067 288 1094 321 A
1117 288 1214 324 velle
1235 299 1484 336 praeponere3
1504 284 1665 321 verebar
1686 285 1721 320 in
1744 286 1786 322 iis
1811 287 1947 324 Christi
1964 291 2120 338 gratiam

46 356 233 396 videretur
265 367 272 388 :
304 351 494 399 situmque
534 357 569 384 et
609 347 784 384 ordinem
822 347 1043 384 monasterii

48 426 117 455 tam
131 414 327 462 diligenter
341 409 540 460 expressit,
557 417 596 445 ut
617 408 676 444 vix
693 408 826 444 melius
844 408 881 444 in
900 421 1043 453 eremo,

46 487 153 528 quam
173 473 210 510 in
233 470 326 508 urbe
348 470 490 519 Regula
517 468 635 505 teneri
659 477 872 518 putaretur.
893 472 1043 505 Posses—

46 537 164 575 siones
179 545 286 577 vem,
303 531 398 567 sicut
415 530 454 566 in
476 528 590 566 rebus
607 528 853 565 saecularibus
868 527 1040 574 edoctus,

48 598 94 635 ita
113 593 268 632 fideliter
285 590 495 634 ordinavit,
516 597 705 638 quatenus
724 596 764 624 ut
783 588 818 624 10
840 588 911 624 illis
931 601 1043 625 evan-

47 656 194 709 gelicam
214 653 398 703 justitiam
421 651 483 687 vix
513 651 551 686 in
579 650 657 686 ullo
679 650 883 686 excessisse
915 649 1044 685 crede—

47 725 155 756 retur.
184 718 239 752 De
271 711 456 750 reditibus
486 711 672 760 siquidem
709 711 954 746 ecclesiarum
984 710 1043 746 vel

46 777 267 817 decimarum
290 802 300 819 ,
329 772 374 809 de
407 786 569 821 quarum
606 771 828 808 investitura
869 770 1044 807 monachi

47 836 156 888 mgis
197 831 514 884 reprehensibiles
559 830 690 867 haberi
732 831 881 876 solent,
917 830 1045 866 onmia

46 895 176 947 suscipi
192 903 231 932 et
249 893 330 930 fieri
356 893 523 942 legitima
548 901 584 928 et
612 892 795 929 canoniea
823 891 1046 928 considera-

19 993 30 1013 .
47 959 143 997 tione
168 955 457 1006 episcoporum,
480 962 516 990 et
538 953 698 990 nonnisi
721 952 758 989 in
785 966 875 989 usus
899 966 1046 1002 paupe-

46 1032 146 1065 rum,
175 1015 488 1068 peregrinorum,
522 1015 766 1064 hospitumve
802 1013 942 1050 debere
976 1028 1043 1050 ex·
1064 1016 1088 1049 Β

46 1079 153 1133 pendi
173 1092 182 1114 z
203 1086 240 1114 at
261 1089 353 1113 vero
374 1089 422 1113 ex
438 1076 604 1125 legitima
623 1076 772 1112 cultura
793 1083 902 1111 terrae
919 1083 955 1111 et
973 1087 1041 1110 11511

46 1151 218 1192 pecorum
233 1136 441 1174 monachos
460 1137 631 1172 victitare
647 1136 829 1172 decrevit.
846 1140 937 1184 Quae
956 1149 1041 1171 cum

46 1199 164 1239 omnia
197 1197 399 1247 coepissent
434 1197 535 1232 inter
568 1196 661 1232 alios
697 1209 851 1232 rumore
888 1196 1012 1232 notari
1030 1224 1039 1240 ,

47 1262 146 1300 sutor
161 1257 307 1296 subitus
330 1256 586 1294 multitudinis
603 1265 827 1293 caeterorum
845 1257 880 1293 in
899 1265 1039 1293 tantam

46 1319 212 1374 prorupit
231 1317 411 1355 invidiam
426 1346 436 1363 ,
457 1325 500 1354 111
520 1317 582 1353 1311
606 1316 751 1353 homini
772 1315 1040 1353 familiaribus—

46 1395 114 1434 que
135 1381 210 1419 suis
240 1380 292 1416 nil
325 1387 466 1429 praeter
503 1377 678 1415 exsilium
711 1378 961 1428 deputarent,
980 1378 1039 1414 vel

45 1443 238 1481 districtam
256 1439 481 1478 custodiam.
770 1468 796 1485 x

89 1503 124 1541 5.
142 1505 280 1540 Tamen
299 1508 387 1551 post
407 1500 545 1537 multas
562 1509 599 1537 et
618 1500 757 1537 amicas
773 1499 1041 1537 altercationes

45 1563 123 1601 hinc
140 1561 227 1600 inde
246 1560 410 1607 habitas,
429 1561 608 1598 dominus
633 1560 750 1598 abhas
779 1560 987 1597 difficiliter
1002 1573 1040 1597 se

46 1636 144 1676 posse
164 1631 310 1660 mutare
335 1621 545 1669 referebat,
572 1622 678 1672 quod
701 1631 962 1659 antecessores
983 1621 1041 1658 sui

46 1683 194 1723 tmuisse
223 1681 453 1720 videbantur
484 1697 492 1719 :
521 1691 559 1719 et
589 1683 724 1719 volens
757 1695 873 1733 super
902 1682 971 1718 hac
1002 1695 1041 1718 re

46 1743 146 1783 bonis
163 1743 217 1781 uti
235 1742 422 1789 consiliis,
437 1743 589 1792 plenam
615 1743 905 1793 responsionem
924 1756 1043 1792 usque

47 1813 124 1857 post
139 1804 380 1844 Nativitatem
401 1803 521 1841 beatae
538 1804 667 1842 Mariae
688 1804 907 1854 protelavit.

90 1869 126 1907 6.
144 1871 291 1905 Interea
308 1866 436 1903 caeteri
454 1866 588 1904 fratres
609 1867 750 1903 frustra
768 1874 982 1902 metuentes
1003 1878 1042 1902 se

47 1927 123 1979 plu
140 1927 250 1966 solito
274 1926 440 1976 regulari
468 1926 706 1978 districtione
729 1927 942 1973 coarctari,
965 1940 1042 1962 0110-

47 1987 226 2040 ρει-11111111
243 1986 426 2024 invidiam
449 1987 591 2025 Prioris
616 1995 921 2037 caeterorumque
944 1986 1042 2023 Pha-

47 2049 170 2088 rinico
184 2062 281 2100 pene
299 2061 406 2085 more
423 2049 584 2098 grassari
604 2063 611 2085 :
629 2057 678 2096 et,
692 2048 764 2085 nisi
781 2047 1038 2098 quorumdam

40 2107 266 2160 ,benignitate
284 2108 562 2146 intercessisset
575 2108 707 2145 dilatio
721 2137 730 2154 ,
750 2108 937 2145 intestinae
955 2120 1040 2158 per-

40 2169 236 2221 secutionis
255 2169 415 2207 modum
434 2170 600 2220 impetus
627 2169 859 2207 excessisset.
891 2173 1043 2217 Interea

27 2263 32 2266 .
48 2241 168 2267 mmor
180 2229 377 2268 seditionis
390 2230 552 2267 internae
566 2231 666 2267 inter
680 2230 888 2267 exteriores
912 2228 1042 2266 turbas

48 2288 228 2328 volitabat.
244 2290 507 2328 Audiebamus
523 2303 612 2327 sane
632 2291 832 2341 strepitum
851 2290 973 2339 vulgi3
989 2290 1044 2326 rei

48 2358 160 2389 tamen
176 2352 258 2402 ipsa
276 2352 418 2389 veritas
433 2351 576 2388 latebat
592 2367 600 2389 :
617 2365 702 2388 cum
724 2365 810 2388 ecce
831 2351 1044 2388 Richardus

50 2410 158 2457 Prior,
172 2411 387 2462 conjunctis
401 2425 528 2449 secum
545 2411 758 2462 Subpriore
779 2420 816 2449 et
837 2412 1042 2449 secretario

49 2473 254 2509 monasterii
273 2473 354 2519 sui,
377 2481 496 2510 totam
521 2486 601 2510 rem
617 2502 627 2519 ,
647 2473 702 2509 uti
729 2481 833 2519 erat,
855 2471 966 2509 nobis
984 2473 1043 2508 in—

42 2528 163 2581 dimi-e
179 2533 338 2570 curavit.
354 2532 606 2570 Postulabant
623 2532 778 2583 quidem
801 2533 1042 2570 clementiam

50 2591 139 2631 boeti
154 2594 254 2631 Petri
273 2589 316 2632 ac
336 2603 506 2631 nostram
521 2623 531 2639 ,
553 2602 743 2644 quatenus
764 2594 810 2630 ad
832 2593 1043 2631 observan-

42 2650 131 2701 :dum
150 2653 250 2704 quod
275 2662 486 2701 voverant,
506 2653 712 2704 benignam
740 2667 854 2704 opem
879 2667 957 2691 non
980 2667 1042 2690 ne-

1115 346 1310 382 ossendere
1326 375 1334 390 ,
1358 346 1387 381 si
1414 344 1528 394 justzr
1553 345 1728 394 petitioni
1750 358 1883 382 eorum
1909 361 1985 384 non
2012 363 2122 386 cura-

1111 420 1190 444 rem
1212 406 1419 457 episeopali
1443 406 1584 456 pietate
1605 404 1809 442 subvenire
1828 421 1834 443 :
1853 408 1997 457 quippe
2015 409 2121 459 cujus

1111 467 1225 503 ot'itcii
1243 480 1390 504 summa
1411 474 1490 512 est,
1512 474 1549 502 et
1575 465 1620 502 (10
1645 466 1919 504 monachorum
1949 469 2121 517 religiosa

1111 528 1237 577 quiete
1274 527 1502 577 providere,
1537 535 1573 563 et
1607 528 1799 577 oppressis
1831 529 1867 564 in
1902 530 2123 567 necessitate

1111 588 1329 625 condolere.
1346 594 1399 626 Ac
1413 588 1577 638 proinde
1595 589 1853 637 religiosarum
1871 603 2122 639 personarum

1111 663 1202 687 usus
1228 649 1387 685 consilio
1402 679 1411 695 ,
1431 649 1629 685 dominum
1652 649 1866 686 Galsridum
1894 650 2124 689 abbatemet

1112 709 1344 746 Richardum
1382 709 1551 746 Priorem
1592 723 1678 745 eum
1717 709 1927 760 Subpriore
1968 725 2037 748 suo
2076 713 2123 749 ad

1112 769 1432 819 opportuniorem
1464 770 1588 805 locum
1620 770 1777 806 evocavi
1799 785 1806 806 ε
1826 779 2013 820 quatenus
2033 774 2124 809 reli-

1112 830 1226 879 giosis
1247 830 1422 880 personis
1441 838 1477 866 et
1499 830 1656 866 l'ratrum
1672 830 1911 880 petitionem,
1924 840 1961 867 et
1975 831 2124 869 abbatis

1115 891 1402 940 responsionem
1429 891 1465 927 in
1484 890 1585 927 bona
1601 904 1693 940 paee
1715 895 2123 945 consummarem.Ipsi

1114 951 1205 987 nihil
1233 951 1333 988 3111111
1349 982 1357 998 ,
1375 966 1488 1001 quam
1504 981 1513 995 ,
1537 961 1575 988 ut
1591 952 1696 1002 prius
1709 981 1718 998 ,
1740 966 1825 988 011111
1855 954 1982 990 111111115
2000 955 2124 1004 laery-

1113 1013 1182 1049 mis
1223 1012 1485 1062 expetebant,
1520 1013 1574 1049 uti
1613 1027 1819 1063 pauperem
1854 1014 2044 1052 Christum
2083 1017 2120 1053 in

1113 1075 1326 1110 voluntaria
1359 1083 1585 1124 paupertate
1619 1083 1884 1123 sequerentur,
1915 1084 1952 1111 et
1986 1077 2121 1113 Christi

1110 1147 1261 1170 erucem
1304 1135 1340 1170 in
1377 1148 1540 1184 corpore
1575 1148 1643 1170 5110
1681 1144 1880 1184 portarent
1906 1151 1914 1181 3
1955 1137 2123 1187 itemque

1110 1195 1366 1243 evangelicam
1409 1208 1539 1244 pacem
1570 1195 1831 1244 Regulamque
1868 1196 1967 1233 beati
2005 1199 2123 1248 patris

1109 1254 1304 1291 Benedicti
1337 1255 1449 1304 plene
1483 1254 1688 1290 observare
1719 1268 1796 1291 non
1829 1257 2121 1306 impedirentur.

1108 1314 1167 1351 Ad
1186 1315 1264 1351 haec
1282 1328 1372 1351 sane
1390 1314 1535 1350 domini
1555 1313 1703 1351 abbatis
1726 1315 1915 1352 licentiam
1933 1331 2124 1369 opemque

1108 1384 1307 1425 paternam
1341 1374 1574 1424 flagitabant.
1602 1379 1651 1412 At
1678 1388 1771 1411 vero
1802 1375 1981 1414 dominus
2006 1378 2123 1416 abbas

1108 1449 1241 1472 eorum
1263 1448 1421 1486 operam
1449 1436 1561 1485 longe
1586 1436 1667 1472 sore
1692 1437 1941 1474 necessariam
1971 1439 2041 1476 sibi
2063 1441 2120 1477 la—

1107 1509 1282 1545 crymose
1323 1495 1535 1542 fatebatur,
1566 1496 1819 1546 promittens,
1847 1499 1952 1548 quod
1985 1514 2119 1538 eorum

1106 1565 1265 1604 votum,
1294 1557 1383 1607 quia
1418 1565 1589 1593 sanetum
1626 1565 1729 1603 erat,
1771 1571 1849 1594 non
1888 1559 2121 1609 impediret,

1109 1632 1221 1668 opem
1243 1632 1334 1655 vero
1351 1631 1465 1668 quam
1482 1617 1727 1668 expetebant,
1743 1619 1934 1656 nesciente
1955 1622 2122 1671 capitulo

1109 1693 1178 1716 suo
1197 1680 1423 1730 promittere
1439 1679 1582 1716 nullam
1605 1679 1775 1716 auderet.

1165 1742 1200 1778 8.
1232 1744 1365 1790 Itaque
1386 1740 1566 1777 dominns
1585 1739 1703 1777 abbas
1723 1754 1809 1777 cum
1828 1743 2024 1781 monachis
2046 1746 2122 1782 suis

1063 1803 1089 1837 C
1114 1802 1319 1838 revertitur
1351 1800 1529 1846 domum,
1561 1800 1647 1837 data
1682 1801 1834 1838 interim
1868 1816 1961 1853 paee
1989 1820 2032 1842 30
2064 1806 2124 1843 die

1110 1862 1341 1908 constituta,
1377 1875 1452 1911 qua
1484 1862 1521 1898 111
1557 1861 1766 1911 capitulum
1797 1876 1932 1900 eorum
1965 1865 2124 1904 adveni-

1111 1935 1211 1969 rem,
1237 1935 1280 1959 ac
1307 1921 1491 1971 religiosis
1516 1921 1813 1960 adventantibus
1840 1927 2014 1974 personis
2043 1942 2120 1965 rem

1110 1996 1195 2019 cum
1224 1982 1361 2019 abbate
1390 1990 1679 2032 pertractarem.
1701 1987 1852 2021 Interea
1878 1987 2015 2037 reliqui
2047 1990 2123 2026 fra—

1110 2051 1185 2079 tres
1210 2043 1249 2079 in
1278 2056 1411 2079 eorum
1444 2042 1626 2080 invidiam
1659 2043 1856 2093 insurgere
1894 2055 1998 2084 tanto
2035 2064 2124 2087 cru—

1107 2103 1228 2140 delius
1264 2102 1530 2150 enitebantur,
1560 2112 1706 2153 quanto
1738 2105 1810 2154 ipsi
1843 2116 1976 2145 votum
2012 2124 2123 2148 suum

1109 2165 1264 2214 explere
1305 2164 1542 2202 manifestius
1585 2165 1830 2215 appetebant.
1875 2169 2125 2210 Advocantur

1109 2225 1260 2262 interim
1290 2225 1424 2262 fratres
1451 2224 1874 2274 Majoris-Monasterii,
1906 2238 1944 2266 et
1971 2232 2123 2270 Clunia-

1111 2299 1240 2323 censes
1258 2286 1454 2333 monachi,
1474 2286 1540 2335 qui
1560 2286 1600 2322 in
1618 2287 1757 2323 vicinia
1772 2297 1902 2326 nostra
1922 2290 2125 2331 demoran-

1111 2355 1173 2383 tur
1203 2361 1210 2383 :
1242 2355 1432 2396 quatenus
1462 2346 1515 2383 eis
1538 2347 1790 2396 praesentibus
1817 2357 1855 2385 et
1882 2352 2125 2391 acclamanti-

1111 2407 1194 2454 11115,
1207 2422 1284 2454 eos,
1302 2409 1407 2444 velut
1433 2409 1648 2444 communis
1667 2408 1821 2446 Ordinis
1849 2410 2063 2451 desertores
2083 2424 2121 2452 et

1111 2469 1336 2515 violatores,
1362 2468 1409 2505 ab
1427 2469 1534 2504 omni
1553 2468 1738 2518 dignitate
1762 2478 1799 2506 et
1818 2484 1909 2508 cura
1928 2484 2122 2513 monaste-

1111 2528 1156 2565 rii
1191 2529 1248 2565 sui
1279 2528 1544 2578 reprobarent.
1576 2532 1666 2565 Post
1692 2528 1868 2567 abbatem
1894 2546 2062 2585 namque
2083 2537 2122 2574 in

1110 2598 1246 2626 eorum'
1280 2602 1414 2626 manus
1446 2603 1593 2626 summa
1629 2592 1850 2628 monasterii
1884 2607 1972 2631 0013
2000 2597 2123 2635 fuerat

1111 2649 1294 2699 delegata.
1327 2649 1399 2687 Sed
1426 2650 1504 2686 haec
1529 2650 1694 2687 interim.
1712 2654 1791 2701 Ego
1814 2663 1940 2691 autem
1966 2656 2026 2693 die
2050 2667 2122 2695 sta-

51 2725 164 2763 garem
202 2715 350 2753 deferre
372 2715 634 2766 :jamjamque
673 2716 934 2752 necessitatem
975 2715 1044 2751 im-
1062 2717 1093 2750 D
1112 2718 1192 2747 tuta
1220 2724 1370 2747 summo
1398 2724 1508 2746 mane
1533 2710 1579 2747 ad
1604 2712 1814 2761 capitulum
1843 2717 2120 2755 monachorum

51 2773 186 2813 minere
230 2776 522 2827 proclamabant
539 2805 549 2822 ,
587 2776 798 2827 praesertim
841 2776 930 2826 quia
963 2774 1043 2825 jam

44 2835 352 2886 ¹conspiraverant
385 2838 546 2884 fratres,
578 2845 622 2874 ut
655 2837 685 2873 si
716 2837 801 2886 quis
833 2850 967 2873 eorum
998 2836 1044 2873 de

52 2895 277 2944 professione
307 2911 374 2935 sua
409 2897 621 2947 quidquam
658 2897 875 2934 mussitaret
893 2925 902 2942 ,
938 2906 1046 2934 extra

44 2958 344 3003 ,communionem
371 2960 490 2996 fieret.
511 2963 567 2997 De
596 2959 707 2995 sociis
737 2958 849 2995 ctiam
876 2959 1041 3003 Prioris,

53 3013 106 3052 vel
123 3015 275 3064 timore,
294 3019 352 3056 vel
370 3032 521 3065 amore,
544 3019 604 3056 vel
622 3019 790 3056 vanitate
807 3019 1043 3064 conterritis,

45 3072 119 3121 iam
135 3075 239 3115 ibant
262 3088 385 3126 retro,
408 3093 485 3117 non
509 3080 619 3117 aliter
639 3092 732 3130 pace
753 3079 950 3124 restituta,
973 3079 1043 3115 nisi

46 3135 189 3187 *eulpam
212 3139 366 3178 fatendo
379 3170 389 3187 ,
413 3141 517 3191 quod
536 3141 583 3178 de
601 3140 787 3178 servanda
806 3140 1044 3190 professione

54 3207 110 3234 ma
124 3199 332 3250 quidquam
355 3210 668 3239 murmurassent.

95 3249 131 3288 7.
146 3254 222 3302 Ego
242 3254 356 3303 igitur
371 3256 590 3301 TurstinuS,
606 3256 675 3292 Dei
694 3255 813 3305 gratia
830 3254 1043 3292 Eboraeen-

55 3307 95 3345 sis
108 3312 428 3364 archiepiscopus,
450 3315 608 3351 audiens
633 3315 769 3351 Christi
789 3328 919 3352 servos
933 3315 1039 3364 juxta

18 3699 53 3936 Q—i-
48 3662 51 3682 ,,
48 3615 50 3618 .
48 3560 50 3566 .

1111 2771 1243 2808 venire
1269 2770 1450 2821 parabam
1481 2787 1488 2808 :
1519 2780 1556 2807 et
1574 2770 1653 2820 jam
1677 2773 1762 2809 ostii
1784 2773 1899 2810 limen
1921 2789 2019 2825 pene
2041 2779 2121 2815 cal-

1111 2846 1284 2869 caveram
1301 2862 1310 2879 ,
1334 2832 1576 2870 venientibus
1606 2847 1681 2870 una
1707 2834 1798 2871 viris
1821 2836 2058 2886 sapientibus
2079 2853 2122 2876 ac

1112 2893 1314 2942 religiosis,
1329 2907 1494 2942 quorum
1518 2895 1673 2930 nomina
1689 2904 1779 2931 sunt
1794 2896 1874 2933 haec
1893 2912 1901 2934 :
1923 2901 2035 2949 Hugo
2056 2900 2124 2937 de—

1112 2967 1248 3000 canus,
1268 2954 1484 2991 WVillelmus
1509 2955 1618 2992 Prior
1645 2955 1869 2993 clericorum
1890 2959 2121 3008 regularium

1113 3014 1159 3050 de
1179 3013 1361 3051 Cisbarne
1376 3043 1385 3060 ,
1403 3016 1620 3053 NYillelmus
1640 3016 1913 3064 thesaurarius,
1930 3022 2041 3069 Hugo
2062 3034 2123 3057 ar-

1112 3074 1383 3120 chidiaconus,
1406 3076 1512 3113 Serlo
1534 3077 1760 3122 canonicus,
1784 3079 1976 3116 Aufredus
1996 3081 2123 3130 capel-

1112 3136 1220 3173 lanus
1240 3149 1347 3173 meus
1363 3145 1401 3173 et
1421 3139 1630 3174 canonicus
1644 3167 1653 3184 ,
1674 3137 1866 3176 Robertus
1881 3141 2057 3178 sacerdos
2075 3141 2122 3177 de

1112 3196 1302 3246 hospitali.
1325 3197 1431 3234 Foris
1452 3198 1551 3235 intra
1574 3207 1724 3248 portam
1747 3209 2013 3237 remanserunt
2035 3202 2121 3251 equi

1111 3257 1229 3294 nostri
1251 3271 1336 3293 cum
1359 3259 1490 3307 paucis
1506 3258 1738 3295 hominibus.

1165 3320 1198 3354 ἶ).
1237 3318 1407 3367 Denique
1432 3319 1718 3355 introeuntibus
1750 3319 1882 3365 nobis,
1914 3330 1952 3357 ut
1977 3322 2117 3358 dietum
