2533 3920
380 213 452 250 491

1139 221 1173 256 S.
1205 221 1459 256 BERNARDI
1488 222 1690 257 ABBATIS

2379 223 2452 261 492

378 304 458 328 non
481 293 581 343 capit
608 295 647 330 in
680 302 714 331 te
743 309 867 332 sermo
896 310 1012 333 meus.
1041 298 1180 348 Scripsi
1212 299 1325 335 semel
1345 299 1440 335 ‹·t‘³²⁸
1453 313 1559 349 gasse
1587 300 1622 335 in
1648 299 1722 344 eis,
1745 297 1955 347 periculum
1978 297 2016 333 in
2041 297 2140 334 salsis
2164 297 2342 336 fratribus
2358 300 2454 338 inci—

380 351 507 389 denuo
525 382 535 400 ,
567 354 638 391 nisi
673 355 808 391 fallora

381 413 475 449 meis
492 413 531 449 in
552 414 658 451 nullo
675 414 796 451 adhue
812 417 1019 465 respondet
1037 418 1125 454 milii
1144 417 1252 454 labor
1267 432 1384 455 meus.

380 474 478 508 Ecce
500 474 611 509 tertio
626 474 730 523 jac-to
755 488 883 511 semen
899 504 908 520 ,
932 480 1055 512 Deum
1078 478 1386 527 omnipotentem

380 531 612 581 deprecans,
635 542 676 570 ut
703 547 781 570 non
808 543 1022 571 revertatur
1042 535 1088 572 ad
1116 550 1174 572 me
1202 550 1385 584 vacuum,

379 591 445 627 scd
466 602 727 642 prosperetur,
751 602 787 630 et
806 594 916 630 faciat
932 594 978 630 ad
995 595 1098 644 quod
1121 596 1217 632 illud
1255 598 1382 642 mitto,

379 651 574 689 laetificans
601 666 670 689 nos
692 653 841 690 tandem
867 654 1072 703 aliquando
1097 655 1142 692 de
1165 657 1289 693 fructu
1309 666 1381 694 tuce

381 711 607 749 obedientiae
636 722 672 749 et
705 714 846 750 salutis.
881 714 917 751 Si
951 714 1115 752 audieris
1142 730 1228 762 me,
1260 717 1336 753 imo
1358 718 1387 754 si

382 772 594 809 exaudierit
612 787 671 810 me
686 778 801 819 Deus,
822 774 989 810 lucratus
1003 788 1084 811 sum
1103 776 1218 812 filium
1236 790 1362 813 meum
1379 792 1386 813 z

381 832 411 868 si
429 845 521 879 non,
539 842 759 870 convertam
781 848 841 870 me
859 835 986 871 denuo
1003 835 1049 871 ad
1066 849 1170 872 arma
1191 846 1387 882 consueta,

381 892 574 929 orationes
608 893 786 929 videlicet
818 902 855 930 et
887 895 1094 943 lacrymaS,
1124 909 1201 932 non
1234 897 1390 945 quidem

382 960 516 988 contra
530 960 585 997 te,
602 952 666 988 sed
687 965 759 1002 pro
779 961 826 989 te.
846 953 963 998 Luxi,
982 962 1019 989 et
1039 952 1179 1002 lugebo
1194 983 1203 999 ,
1223 963 1259 991 et
1279 956 1393 992 anxia

381 1011 528 1047 traham
545 1012 707 1061 suspiria
727 1025 773 1049 ex
791 1012 877 1049 imis
898 1012 1107 1049 visceribus
1129 1027 1200 1063 pro
1217 1015 1310 1050 meis
1330 1016 1391 1051 vi-

836 370 844 392 :
875 365 911 392 et
947 357 1185 406 exigentibus
1224 359 1387 408 peccatis
1407 359 1435 392 A
1454 359 1563 396 disse.
1582 363 1723 395 Iterum
1743 358 1828 394 ‹lico
1845 372 1852 393 :
1870 357 1949 393 haec
1966 358 2114 394 veritas.
2135 362 2324 408 Deceptus
2339 359 2453 408 fuisti,

1454 428 1490 455 et
1507 420 1662 469 spiritus
1687 417 1852 454 mendax
1878 417 1917 454 in
1941 431 2008 454 ore
2031 417 2454 468 pseudoprophetarum

1454 479 1713 529 supplantavit
1733 487 1779 515 te.

1506 540 1541 575 3.
1573 538 1645 576 Sed
1673 552 1759 574 cccc
1788 537 1945 575 evanuit
1975 537 2136 583 salsitas,
2170 539 2255 575 luce
2289 539 2457 580 veritatis

1453 597 1601 634 oborta.
1634 598 1668 635 Si
1702 598 1824 634 adhuc
1846 597 1857 647 ζ
1874 597 1978 647 quod
2013 596 2138 648 absit)
2160 598 2287 648 pergis
2321 598 2358 635 in
2395 607 2458 639 tua
2510 615 2511 621 ¹

1454 657 1711 694 obstinatione
1748 658 1951 707 persistere
1974 672 1983 703 ;
2015 669 2085 705 ego
2121 665 2155 693 tc
2192 657 2345 694 interim
2381 671 2460 698 non

1450 716 1633 766 judicabo
1648 746 1656 762 ,
1675 725 1731 753 est
1747 717 1814 766 qui
1832 724 1976 766 quaerat
1996 716 2206 765 etjudicet.
2230 719 2311 766 Ego
2331 726 2457 756 autem
2509 739 2511 742 ·

1455 791 1572 827 parco
1604 777 1669 813 tibi
1684 806 1693 823 ,
1720 777 1960 813 dissimulans
1981 785 2018 813 et
2038 776 2219 818 differens
2246 776 2399 813 interim
2419 777 2458 815 in

1456 837 1563 886 virga
1596 837 1726 873 venire
1759 837 1805 873 ad
1839 846 1885 873 te.
1920 841 2041 874 Porro
2070 837 2108 873 in
2147 836 2460 875 misericordiaet
2508 885 2510 888 Ι

1458 897 1595 945 spiritu
1620 896 1921 933 mansuetudinis
1939 897 2089 933 allicere
2107 905 2142 934 te
2162 895 2273 933 nobis
2295 895 2459 945 curabo,
2508 894 2510 920 ³

1459 957 1488 992 si
1511 965 1647 1005 potero
1667 971 1674 992 ε
1696 970 1782 992 nam
1800 956 1838 992 id
1859 957 1949 993 mihi
1973 957 2096 993 sentio
2121 956 2345 993 familiarius
2358 969 2459 1006 esse,
2508 953 2510 957 ¹

1458 1024 1495 1052 et
1516 1015 1583 1051 tibi
1603 1015 1889 1065 persuasibilius
1908 1017 1990 1053 fore
2011 1030 2089 1053 non
2106 1016 2254 1054 dubito.
2272 1017 2385 1054 Illum
2406 1031 2460 1055 sa-
2506 1058 2510 1066 ,

380 1070 560 1107 sceribus.
574 1072 666 1119 Quis
681 1071 745 1108 det
766 1080 802 1108 te
822 1072 913 1108 milii
931 1073 1083 1109 fratrem
1106 1086 1233 1109 meum
1255 1087 1390 1123 sugen-
1410 1073 1438 1107 B
1456 1088 1503 1111 ne
1524 1076 1725 1124 evaginare
1749 1088 1864 1125 super
1887 1084 1922 1112 te
1941 1075 2108 1125 gladium
2135 1089 2214 1112 non
2238 1075 2459 1124 cunctabor,
2508 1088 2510 1095 ’

379 1138 454 1165 tem
476 1129 594 1167 ubera
614 1132 744 1168 matris
769 1133 889 1168 meae?
907 1133 991 1181 quis
1010 1142 1163 1170 revocet
1180 1142 1215 1170 te
1237 1135 1326 1170 milii
1348 1135 1385 1170 in

374 1190 478 1226 illam
499 1191 664 1240 quietem
688 1191 828 1237 animi,
851 1192 1096 1229 concordiam
1124 1207 1274 1230 morum
1291 1224 1300 1241 ,
1321 1208 1386 1231 so-

375 1249 549 1287 cietatem
582 1251 754 1301 spiritus,
773 1252 1014 1288 serenitatem
1049 1254 1291 1291 conscientiae
1313 1284 1322 1301 ,
1344 1255 1384 1291 in

377 1323 453 1359 qua
475 1318 509 1346 te
531 1310 736 1360 aliquando
758 1312 861 1348 tenui
879 1321 915 1348 et
938 1313 1117 1362 possedi?

433 1370 467 1406 2.
490 1374 537 1407 Et
553 1384 600 1407 ne
620 1372 723 1422 quod
747 1386 793 1409 ex
820 1386 879 1409 me
901 1372 1170 1411 detrimentum
1195 1374 1233 1411 in
1255 1374 1383 1424 aliquo

378 1430 533 1480 patiaris
565 1445 631 1469 seu
656 1432 997 1482 impedimentum,
1024 1434 1118 1471 illud
1145 1435 1279 1472 falsum
1303 1448 1385 1472 esse

378 1503 456 1527 non
481 1490 630 1528 dubites
646 1520 655 1537 ,
675 1492 779 1541 quod
799 1492 864 1529 tibi
885 1506 905 1529 a
927 1494 1055 1530 nescio
1069 1507 1146 1543 quo
1165 1494 1224 1531 vel
1246 1493 1385 1543 quibus

378 1550 586 1600 falsiloquis
612 1565 834 1601 persuasum
865 1552 1104 1601 audivimus,
1127 1555 1214 1603 quia
1233 1568 1302 1604 ego
1324 1555 1384 1591 vi—

379 1609 516 1648 delicet
543 1612 748 1662 cogitarem
777 1613 859 1650 sine
887 1613 1036 1650 ratione
1065 1623 1102 1651 et
1127 1613 1274 1663 judicio
1301 1623 1336 1651 te
1363 1629 1382 1651 a

377 1671 562 1720 regimine
604 1672 854 1709 fraternarum
896 1674 1107 1710 animarum
1131 1703 1140 1719 ,
1175 1674 1280 1723 quod
1315 1674 1382 1711 tibi

378 1731 615 1768 credideram
631 1761 640 1778 ‚
663 1732 905 1769 submovere.
926 1737 1011 1770 Non
1039 1742 1095 1770 est
1118 1734 1191 1770 hoc
1217 1748 1351 1771 verum
1374 1750 1381 1772 :

378 1790 444 1826 sed
470 1791 559 1828 audi
584 1792 713 1842 potius
742 1792 788 1829 de
817 1793 886 1829 hac
907 1807 947 1830 re
968 1794 1099 1843 paucis
1117 1794 1222 1843 quod
1249 1808 1381 1831 verum

377 1858 445 1887 est.
480 1855 561 1888 Hoc
585 1860 623 1888 et
651 1852 681 1888 si
702 1852 930 1898 voluissem,
957 1866 1036 1889 non
1068 1853 1234 1890 licuisset

377 1909 543 1947 licuisset
563 1911 635 1962 (ut
667 1912 713 1949 de
746 1912 903 1962 propria
937 1913 1169 1950 conscientia
1200 1912 1382 1963 loquar),

378 1984 448 2020 ego
471 1971 690 2009 nullatenus
711 1973 926 2010 voluissem.
952 1976 1043 2010 Haec
1066 1974 1216 2010 veritas.
1235 1974 1272 2012 Si
1292 1987 1383 2023 ergo

378 2031 451 2068 hoc
472 2039 594 2068 totum
616 2032 685 2068 fuit
706 2032 810 2082 quod
829 2033 965 2069 avertit
983 2047 1049 2070 cor
1070 2042 1177 2070 tuum
1194 2050 1202 2081 3
1223 2035 1383 2072 veritate

377 2099 574 2141 comperta
590 2091 681 2141 quid
697 2101 836 2139 restat,
858 2093 930 2129 nisi
951 2101 993 2129 ut
1014 2094 1210 2143 resipiscas
1225 2124 1233 2140 ,
1251 2094 1382 2131 redeas

377 2151 424 2187 ad
443 2159 497 2196 te,
521 2151 652 2188 redeas
672 2152 719 2188 ad
741 2165 811 2188 nos
826 2182 835 2198 ‚
859 2166 994 2202 arguas
1015 2154 1172 2203 insuper
1193 2163 1226 2191 te
1257 2155 1382 2204 ipsum

379 2211 542 2247 levitatis
562 2220 598 2247 et
615 2212 846 2248 credulitatis
866 2213 1027 2249 incautae
1040 2215 1055 2249 Ρ
1068 2214 1103 2249 Si
1118 2214 1219 2250 enim
1238 2223 1384 2252 tantum

377 2272 505 2321 potuit
524 2285 598 2308 una
617 2272 817 2308 maledicta
834 2273 999 2322 suspicio
1020 2273 1067 2310 ad
1089 2283 1124 2310 te
1140 2275 1383 2312 alienandum

374 2340 412 2368 et
431 2332 767 2382 praecipitandum3
783 2341 928 2382 quanto
949 2333 1066 2383 magis
1086 2347 1188 2371 nunc
1209 2334 1381 2372 absoluta

374 2393 564 2430 certitudo
588 2393 714 2429 valere
740 2392 852 2430 debet
879 2393 927 2430 ad
952 2394 1176 2443 erigendum
1204 2403 1241 2432 et
1269 2409 1382 2432 revo-

373 2453 538 2490 candum
561 2455 619 2490 te?
637 2456 764 2503 Turpe
792 2462 848 2490 est
871 2453 962 2500 tibi,
985 2455 1144 2491 falsitate
1172 2469 1285 2505 posse
1315 2470 1380 2493 se—

375 2512 482 2558 duci,
497 2521 535 2549 et
554 2513 713 2549 veritate
733 2512 864 2549 reduci
883 2527 960 2550 non
980 2528 1104 2564 posse.
1124 2515 1272 2552 Habeat
1291 2530 1381 2553 sane

373 2573 524 2609 veniam
540 2572 772 2622 acquievisse
790 2572 838 2609 ad
858 2582 1008 2624 tempus
1023 2575 1186 2624 palliatae
1201 2576 1350 2612 falsitati
1367 2591 1375 2613 :

373 2641 411 2669 at
430 2646 522 2670 vero
543 2632 790 2682 deprehensa?
804 2632 882 2682 jam
904 2643 942 2670 et
965 2634 1117 2671 nudatae
1138 2635 1378 2685 acquiescere
1399 2636 1432 2669 D

376 2692 520 2737 adhuc,
544 2692 621 2728 imo
641 2692 753 2728 etiam
772 2705 850 2728 non
867 2693 1028 2729 multum
1047 2694 1175 2739 irasci,
1194 2704 1379 2744 quantum

372 2752 608 2789 confusionis
639 2751 786 2788 habet?
823 2753 1082 2800 Quamobrem
1117 2755 1305 2801 irascere,
1340 2764 1377 2792 et

371 2812 449 2847 noli
472 2825 649 2861 peccare,
671 2812 701 2848 si
722 2812 778 2848 vis
798 2826 866 2849 nos
885 2840 893 2857 ,
914 2813 974 2849 vel
1001 2816 1122 2850 Deum
1146 2815 1273 2864 potius
1301 2829 1378 2852 non

370 2870 493 2908 irasci.
511 2874 604 2907 Nam
626 2871 730 2920 quod
750 2871 975 2921 subreptum
994 2881 1048 2909 cst
1068 2873 1152 2919 tibi,
1172 2875 1379 2912 miseratio—

370 2943 459 2966 nem
481 2931 597 2978 magis
616 2943 728 2979 quam
750 2930 1049 2980 indignationem
1069 2942 1247 2971 meretur.
1261 2935 1377 2973 Nimi-

370 3002 455 3026 rum
480 2989 597 3026 homo
619 3002 658 3026 es
673 3019 682 3035 ,
705 2990 907 3039 navigans,
931 2986 1027 3028 sicut
1050 3001 1086 3028 et
1107 3007 1220 3030 omne
1242 2995 1376 3032 liuma—

369 3062 461 3086 num
495 3062 639 3098 genus,
670 3049 707 3085 in
739 3049 811 3086 hoe
846 3050 938 3087 mari
972 3064 1109 3101 magno
1140 3061 1177 3089 et
1208 3055 1374 3104 spatioso

368 3108 544 3146 manibus
559 3139 568 3155 ,
592 3108 655 3145 ubi
679 3110 826 3159 reptilia
847 3139 856 3155 ,
879 3124 1044 3159 quorum
1068 3126 1144 3149 non
1162 3122 1218 3150 est
1238 3129 1374 3151 nume-

368 3183 446 3206 rus.
471 3169 563 3218 Quis
587 3182 626 3205 se
649 3168 767 3218 jactet
797 3169 833 3205 in
864 3184 910 3206 co
938 3171 1099 3208 assiduis
1122 3186 1199 3209 non
1233 3175 1373 3224 impelli

366 3230 508 3275 ventiS,
527 3242 604 3266 non
619 3227 750 3277 jactari
773 3229 1152 3269 fliicti121is?N0x·‹=ris
1171 3242 1205 3270 te
1224 3236 1374 3273 naufra-

415 3360 427 3373 ³
443 3358 515 3388 Non
530 3362 650 3387 exstant
668 3355 716 3387 hze
731 3356 851 3388 littera:

1453 1135 1517 1185 qui
1541 1136 1579 1171 in
1607 1144 1781 1172 materno
1802 1148 1887 1172 meo
1918 1143 2073 1185 pectore
2089 1134 2193 1185 jacet
2217 1135 2460 1184 reconditus,
2506 1176 2509 1185 ι

1453 1196 1660 1232 continuus
1674 1196 1806 1245 utique
1824 1195 1936 1232 dolor
1952 1195 2058 1232 cordi
2076 1209 2176 1242 meo,
2189 1204 2227 1232 et
2241 1195 2458 1234 creberrimi
2506 1191 2509 1200 ’

1451 1256 1497 1293 ad
1519 1260 1641 1293 Deum
1668 1256 1831 1306 gemitus
1851 1270 1923 1306 pro
1945 1265 2003 1303 te,
2025 1257 2149 1293 donec
2179 1256 2323 1293 venias.
2347 1255 2458 1304 Quod

1451 1317 1482 1354 si
1506 1330 1637 1354 omnes
1658 1316 1771 1366 hujus
1793 1326 1867 1354 tam
1893 1318 1956 1368 pie
1983 1316 2156 1354 ferientis
2173 1317 2274 1354 ensis
2291 1346 2301 1363 ,
2322 1330 2460 1354 secun-

1451 1377 1542 1414 dum
1560 1377 1739 1413 duritiam
1756 1385 1859 1413 tuam
1882 1386 1918 1413 et
1937 1391 2004 1414 cor
2020 1377 2265 1427 impoenitens
2277 1405 2286 1423 ,
2308 1376 2460 1414 frustra-

1450 1436 1550 1473 veris
1569 1437 1685 1483 ictus,
1704 1450 1774 1473 nec
1794 1437 1914 1486 possit
1933 1436 2168 1486 quandoque
2191 1437 2317 1473 dicere
2337 1437 2460 1474 anima

1452 1504 1516 1532 tua
1532 1525 1541 1541 ,
1557 1497 1654 1544 Quia
1670 1496 1869 1532 vulnerata
1887 1496 2069 1534 charitate
2086 1510 2156 1546 ego
2174 1509 2280 1543 sum;
2297 1505 2337 1533 tu
2357 1497 2404 1534 de
2425 1505 2460 1535 te
2505 1523 2507 1526 ι

1450 1557 1592 1593 videris
1618 1572 1625 1593 :
1656 1570 1741 1594 nam
1771 1570 1849 1593 non
1885 1557 2008 1593 solum
2036 1556 2117 1606 jain
2146 1557 2311 1604 veritas,
2341 1557 2406 1594 sed
2425 1565 2462 1595 et

1451 1618 1612 1655 charitas
1626 1617 1802 1654 liberabit
1819 1631 1902 1654 nos.
1918 1618 1991 1655 Sed
2009 1618 2103 1668 quid
2120 1618 2226 1655 dixi?
2240 1618 2461 1667 Quomodo,
2503 1624 2507 1628 ’

1450 1679 1577 1724 miser,
1610 1678 1807 1728 quomodo
1838 1678 2046 1724 liberabor,
2072 1679 2203 1716 effusis
2227 1678 2458 1725 visceribus,
2503 1686 2506 1712 ἵ

1450 1739 1528 1774 filio
1548 1740 1757 1788 pereunte?
1774 1742 1860 1775 Non
1891 1739 2062 1788 quiescet
2097 1739 2274 1786 affectus,
2296 1739 2365 1776 etsi
2384 1751 2460 1776 non
2502 1735 2511 1784 J,

1451 1807 1632 1848 sequatur
1659 1799 1819 1836 effectus
1849 1814 1856 1836 ε
1886 1813 1965 1836 non
1998 1799 2196 1836 sedabitur
2222 1799 2354 1846 dolor,
2383 1812 2459 1836 non
2502 1829 2505 1854 1

1262 1869 1269 1890 ἰ
1293 1862 1330 1890 et
1356 1854 1385 1890 Si
1403 1853 1430 1889 C
1453 1858 1656 1896 cessabunt
1687 1860 1877 1909 lacrymae.
1912 1859 2112 1897 Exhibebo
2148 1860 2214 1896 tibi
2238 1889 2248 1906 ,
2277 1859 2460 1909 quamdiu
2503 1904 2504 1907 Ἴ

1450 1920 1584 1956 vixero
1603 1949 1612 1965 ,
1642 1921 1803 1957 alterum
1839 1921 2052 1957 Samuelem
2087 1936 2095 1957 :
2127 1929 2168 1957 tu
2204 1920 2350 1957 utinam
2382 1932 2459 1957 non

1451 1979 1611 2016 alterum
1637 1980 1789 2016 Saulem
1815 1980 1919 2016 mihi.
1947 1978 2107 2029 Rogabo
2130 1988 2165 2016 te
2181 2008 2191 2025 ,
2214 1978 2360 2029 rogabo
2388 1991 2459 2029 pro

1451 2048 1508 2085 te,
1531 2048 1572 2075 ut
1598 2039 1738 2075 venias.
1764 2041 1881 2084 Veni,
1908 2039 1999 2076 veni
2019 2068 2030 2085 ‚
2060 2039 2283 2090 priusquam
2315 2038 2455 2076 moria·
2500 2068 2504 2076 .

1449 2113 1565 2136 mur:
1589 2107 1630 2135 ut
1650 2099 1716 2148 qui
1739 2099 1940 2137 dileximus
1969 2113 2040 2136 nos
2067 2099 2105 2136 in
2136 2100 2233 2146 vita,
2263 2099 2302 2135 in
2336 2106 2458 2136 morte
2507 2132 2512 2133 γ

1451 2174 1528 2197 non
1550 2173 1783 2210 separemur.

1451 2300 1518 2308 ιιιιι
1524 2300 1879 2309 ιιικιιιιιιὶιινιικιιιιιειι
1885 2300 1995 2310 Ἁηαιιιι
2001 2301 2082 2310 ’κνινι
2087 2300 2112 2310 ιι
2119 2298 2457 2310 ιςιινιιηιιιιιπνιιιυικιι

1545 2421 1918 2478 EPISTOLA
1982 2422 2362 2481 CCXXXIV.

1520 2577 1568 2598 AD
1598 2576 1826 2600 HERBERTL'M
1855 2577 2026 2600 ABBATEM
2055 2576 2384 2601 SANCTI-STEPHANI

1837 2638 2090 2662 DIVJONENSIS.

1472 2753 1659 2785 Temeraria*
1677 2752 1853 2795 scriptionis
1867 2753 1992 2796 culpam
2010 2753 2127 2786 Joanni
2142 2751 2313 2785 condonari
2328 2758 2426 2796 rogat.

1498 2878 1534 2914 Si
1562 2877 1676 2913 frater
1705 2881 1873 2915 Joannes
1902 2877 1999 2915 dixit
2026 2879 2063 2916 in
2092 2892 2188 2925 nos,
2215 2878 2275 2915 vel
2303 2875 2450 2928 scripsit
2496 2881 2498 2887 '

1444 2938 1547 2987 quod
1574 2951 1652 2974 non
1680 2937 1825 2984 decuit,
1849 2938 1910 2975 vel
1937 2938 2135 2989 quomodo
2164 2952 2243 2976 non
2271 2936 2447 2983 decuit*;
2495 2953 2498 2961 ¹

1442 3011 1520 3034 non
1545 3006 1618 3034 tam
1640 3010 1710 3033 nos
1726 2998 1841 3043 laesit,
1860 3011 1972 3048 quam
1996 3011 2035 3035 se
2055 2999 2193 3049 ipsum.
2212 2998 2330 3048 Magis
2347 3010 2448 3034 nam-

1441 3071 1515 3107 que
1548 3058 1598 3093 ita
1628 3056 1831 3094 scribendo
1871 3071 1977 3094 suam
2015 3058 2188 3109 prodidit
2224 3058 2443 3103 levitatem,

1441 3131 1554 3167 quam
1588 3126 1761 3154 nostrum
1801 3117 2054 3168 deprehendit
2092 3131 2274 3156 errorem.
2313 3121 2443 3167 Quan-

1441 3190 1554 3227 quam
1583 3177 1651 3213 etsi
1681 3176 1836 3213 laesisset
1866 3176 1904 3213 in
1934 3177 2086 3228 aliquo,
2114 3186 2287 3215 nostrum
2318 3185 2441 3214 tamen
2493 3196 2495 3203 ι

1442 3251 1518 3274 non
1545 3245 1625 3274 crat
1654 3251 1840 3288 reponere
1867 3239 2020 3276 malum.
2046 3239 2255 3277 Attendens
2281 3237 2442 3290 proinde
