2533 3920
375 235 448 272 223
1141 229 1175 263 S.
1207 226 1460 262 BERNARDI
1490 224 1692 260 ABBATIS
2378 219 2448 257 224

367 322 441 349 tem
477 307 782 360 exspectavimus
813 313 850 342 et
889 311 1174 356 exspectamus,
1213 311 1255 339 ut
1290 314 1378 339 cum
1397 300 1428 319 ⁷²
1446 304 1640 349 Quantum
1658 299 1786 349 itaque
1806 298 1876 335 tuis
1897 297 2052 334 attollor
2070 296 2284 343 favoribus,
2308 305 2454 335 tantum

365 371 604 415 venerimus,
624 366 790 404 visitatio
813 373 943 402 nostra
964 378 1041 402 non
1069 364 1116 401 sit
1133 364 1214 400 sine
1236 363 1374 399 fructu.
1390 364 1422 398 A
1437 360 1495 397 his
1511 359 1676 396 molibus
1690 371 1862 410 premor.
1878 357 1990 396 Unde
2006 358 2142 394 merito
2161 358 2199 394 in
2216 357 2366 395 Psalmo
2377 371 2454 396 non

368 432 527 470 Interim
555 429 601 465 de
623 426 798 464 abscessu
823 426 940 476 patris
960 424 1076 462 vestri
1104 437 1181 460 non
1203 421 1380 459 turbetur

371 505 438 528 cor
475 497 656 526 vestrum.
699 490 801 524 Deus
837 485 944 522 vobis
986 483 1204 535 providebit
1235 482 1348 518 alium
1368 510 1377 527 ‚

371 551 469 587 sicut
483 560 699 599 speramus,
718 560 789 596 pro
805 559 851 582 eo
870 545 1052 581 idoneum
1069 559 1077 581 :
1096 543 1160 580 sed
1179 555 1248 578 nec
1266 541 1381 577 istum

371 610 550 661 perdetis.
583 612 676 646 Nam
708 607 777 644 etsi
808 606 1010 642 translatus
1041 613 1117 650 est,
1143 617 1220 640 non
1254 610 1380 638 tamen

372 671 530 708 ablatus.
549 673 712 707 Tantum
739 667 804 717 qui
828 665 938 703 vobis
960 666 1083 701 fuerat
1100 663 1292 714 specialis,
1311 662 1383 699 erit

373 729 587 767 communis
607 737 644 766 et
665 727 788 764 nobis.
807 730 939 764 Donec
960 738 1050 774 ergo
1068 724 1202 769 venio,
1222 722 1384 759 viriliter

374 792 490 841 agite,
521 799 558 827 et
586 790 826 826 confortetur
860 800 927 823 cor
961 794 1150 831 vestrum,
1183 791 1221 820 et
1254 782 1381 819 omnia

373 860 498 888 vestra
518 851 556 887 in
573 850 755 887 charitate
776 849 879 885 fiant.
900 846 1042 885 Valete.

528 998 1061 1012 1wsuwwx=w=====ws=ffi=a====m==nw==u==
1069 997 1262 1007 vsxunxsssxsx=
1269 997 1349 1006 ==-===
1356 996 1381 1005 n

539 1121 920 1180 EPISTOLA
964 1120 1208 1176 LXXII.

462 1278 509 1300 AD
538 1276 750 1300 RAINALDUM
781 1273 1058 1298 FUSNIACENSEM
1087 1273 1254 1295 ABBATEM
1273 1264 1301 1295 ³.

376 1393 521 1425 Ostendit
537 1403 630 1434 quam
648 1392 686 1423 sit
703 1392 821 1422 alienus
835 1401 852 1421 a
872 1389 1029 1421 laudibus.
1054 1391 1073 1420 J
1077 1399 1169 1430 ugum
1187 1387 1302 1420 Christi
1319 1388 1386 1419 leve

400 1459 479 1480 esse.
498 1447 598 1479 Patris
611 1457 726 1478 nomen
741 1445 912 1483 detrectat,
932 1448 1041 1476 Frater
1062 1442 1167 1474 vocari
1186 1448 1361 1474 contentus.

378 1558 635 1598 Dilectissimo
650 1571 720 1595 suo
734 1561 944 1602 Risus-Arno,
954 1560 1182 1594 Bssnxmncs
1196 1554 1291 1604 ejus,
1308 1568 1387 1592 non

430 1628 539 1670 pater
561 1628 627 1656 aut
644 1619 823 1655 dominus
836 1646 845 1662 ‚
869 1617 935 1654 sed
956 1618 1071 1653 frater
1091 1624 1128 1652 et
1154 1629 1385 1661 conservus,

432 1680 539 1731 quod
561 1680 667 1717 fratri
688 1679 909 1716 charissimo
924 1706 933 1724 ‚
956 1686 994 1715 et
1015 1677 1115 1714 fideli
1133 1689 1333 1714 conservo.

437 1810 468 1845 1.
491 1809 620 1846 Primo
646 1821 693 1845 ne
711 1807 860 1845 mireris
878 1807 907 1844 si
935 1815 1079 1844 terrear
1095 1805 1289 1856 dignitatis
1315 1819 1389 1842 no-

1446 429 1577 466 canto,
1603 419 1668 456 sed
1689 419 1828 469 plango
1843 446 1852 464 ,
1875 419 2077 454 Exaltams
2096 427 2219 454 autem
2242 419 2456 454 humiliatus

1446 495 1526 516 sum
1550 489 1585 515 et
1601 478 1834 515 conturbatus
1852 484 1880 499 ¹0
1901 492 1910 524 3
1934 485 1990 524 ct,
2018 479 2120 523 Quia
2141 480 2288 513 elevans
2309 479 2456 514 allisisti

1449 555 1507 576 me
1523 547 1566 576 ¹¹.
1589 539 1661 576 Sed
1680 538 1807 575 verius
1828 538 1985 574 fortasse
2013 537 2225 588 proferrem
2243 536 2349 587 quod
2365 550 2454 574 sen-

1451 600 1503 636 tio
1519 615 1527 646 3
1557 599 1645 649 quia
1677 598 1854 635 videlicet
1887 598 1952 647 qui
1985 611 2045 634 me
2075 597 2217 634 exaltat
2230 625 2240 644 ‚
2263 597 2455 645 humiliat3

1449 669 1486 698 et
1503 661 1568 710 qui
1591 673 1649 696 me
1671 659 1865 705 humiliat,
1886 659 2038 695 exaltat.
2057 662 2113 696 Tu
2134 672 2195 695 me
2217 671 2308 708 ergo
2329 659 2456 708 potius

1449 721 1654 758 exaltando
1673 719 1805 769 dejicis
1818 747 1828 765 ‚
1851 728 1889 756 et
1908 719 2130 756 extollendo
2151 719 2305 770 premis.
2321 719 2393 756 Sed
2410 733 2458 757 ne

1449 783 1502 819 ita
1519 795 1668 832 premas
1683 790 1725 817 ut
1745 781 1959 831 opprimas,
1978 778 2229 817 consolantur
2245 792 2306 816 me
2325 780 2405 816 haec
2422 789 2459 817 et

1448 842 1506 879 his
1523 842 1658 879 similia
1675 842 1852 879 Veritatis
1868 841 2097 887 testimonia,
2111 854 2197 890 quae
2213 840 2311 877 miro
2328 839 2457 887 modo,

1447 902 1539 939 dum
1561 903 1794 952 reprimunt,
1816 901 1990 951 erigunt3
2014 900 2105 937 dum
2135 899 2340 949 dejiciunt,
2368 913 2459 937 eru-

1447 963 1579 999 diunt:
1596 963 1646 999 ita
1665 971 1707 998 ut
1731 961 1831 998 unde
1850 961 2059 1012 projectus,
2081 960 2170 998 inde
2186 969 2224 998 et
2239 968 2458 1010 provectus,

1447 1031 1527 1060 tota
1542 1036 1628 1059 cum
1646 1022 1833 1058 hilaritate
1850 1022 1967 1059 decan
1975 1030 2047 1059 tem
2058 1050 2068 1068 ,
2084 1023 2233 1057 Bonum
2255 1021 2360 1066 mihi,
2377 1023 2458 1057 Do-

1398 1081 1426 1115 B
1448 1087 1549 1118 mine
1562 1112 1573 1128 ‚
1592 1087 1683 1130 quia
1703 1083 1912 1118 humiliasti
1942 1095 2000 1117 me
2018 1110 2029 1126 ‚
2056 1091 2096 1117 ut
2116 1083 2256 1117 discam
2274 1081 2461 1127 J'1cct4'fi'ca-

1449 1147 1569 1178 tiones
1598 1152 1694 1178 tuas.
1738 1144 1885 1178 Bonum
1923 1143 2017 1177 mllei
2051 1144 2114 1177 lex*
2147 1145 2223 1178 oris
2254 1146 2327 1185 tui,
2350 1154 2463 1189 super

1450 1205 1571 1238 millia
1591 1207 1674 1238 auri
1698 1211 1731 1238 et
1747 1207 1896 1251 argenti
1913 1207 1956 1238 ¹².
1978 1204 2024 1238 Et
2044 1201 2117 1238 hoc
2137 1201 2363 1238 miraculum
2387 1201 2462 1251 agit

1451 1277 1576 1301 sermo
1607 1263 1677 1301 Dei
1698 1263 1809 1301 vivus
1841 1271 1879 1300 et
1898 1263 2054 1310 efficax3
2075 1262 2149 1299 hoc
2178 1262 2274 1300 illud
2293 1261 2460 1300 Verbum

1451 1338 1522 1375 per
1540 1325 1645 1374 quod
1664 1325 1761 1361 sacta
1781 1332 1869 1361 sunt
1882 1324 2011 1361 omnia
2024 1353 2033 1371 ,
2056 1323 2326 1374 benignissime
2340 1332 2378 1360 et
2394 1337 2462 1374 po-

1454 1385 1664 1422 tentissime
1685 1393 1888 1436 operatur3
1914 1384 1987 1422 hoc
2021 1384 2186 1435 denique
2217 1385 2306 1422 facit
2328 1383 2462 1434 jugum

1455 1446 1593 1484 Christi
1610 1459 1725 1482 suave
1741 1475 1750 1492 ‚
1771 1453 1808 1482 et
1825 1458 1922 1482 onus
1940 1446 2022 1482 leve
2039 1446 2081 1481 ¹3.

1509 1507 1544 1543 ⁴2.
1567 1505 1679 1542 Libet
1699 1505 1879 1542 admirari
1899 1519 2014 1555 quam
2037 1505 2121 1542 leve
2139 1504 2186 1541 sit
2202 1517 2300 1541 onus
2315 1505 2464 1542 Verita-
2518 1504 2520 1508 '

1455 1566 1513 1602 tis.
1544 1569 1644 1603 Num
1674 1579 1764 1602 vere
1800 1565 1882 1601 leve
1914 1573 1988 1611 est,
2010 1564 2116 1615 quod
2145 1573 2363 1614 portantem
2386 1578 2463 1602 non
2517 1566 2520 1572 '

1454 1634 1605 1676 gravat,
1627 1625 1693 1662 sed
1710 1626 1839 1662 levat?
1859 1625 1960 1674 Quid
1981 1639 2026 1662 eo
2048 1624 2169 1662 levius
2194 1637 2334 1671 onere,
2361 1625 2465 1675 quod
2518 1656 2525 1679 Ι,

1456 1699 1535 1723 non
1558 1687 1681 1723 solum
1703 1699 1780 1723 non
1798 1694 1955 1733 onerat,
1983 1685 2049 1723 sed
2065 1694 2103 1723 et
2129 1693 2258 1736 portat
2287 1698 2465 1732 omnem,
2518 1688 2522 1706 ²

1457 1747 1517 1784 cui
1546 1746 1780 1796 portandum
1814 1746 2055 1797 imponitur?
2094 1750 2179 1785 Hoc
2211 1759 2310 1783 onus
2341 1746 2467 1796 potuit

1458 1816 1610 1844 uterum
1630 1808 1829 1858 gravidare
1857 1808 2091 1858 virgineum,
2112 1820 2270 1858 gravare
2292 1820 2370 1844 non
2400 1820 2466 1857 po-

380 1868 545 1906 minibus
557 1869 588 1915 *,
623 1882 709 1906 cum
744 1882 803 1905 me
830 1868 922 1918 ipsis
955 1867 1069 1904 rebus
1097 1868 1258 1904 sentiam
1291 1867 1392 1904 indi-
1411 1863 1438 1898 C
1461 1867 1543 1904 tuit.
1562 1871 1645 1905 Hoc
1667 1882 1762 1905 onus
1783 1869 1885 1918 ipsa,
1904 1867 2042 1918 quibus
2065 1881 2104 1904 se
2125 1866 2290 1917 praebuit
2317 1876 2468 1904 susten-

379 1942 509 1978 gnum.
531 1933 578 1966 Et
610 1938 645 1966 te
672 1929 827 1979 quidem
851 1929 961 1966 decet
980 1936 1022 1964 ut
1056 1928 1168 1975 facis,
1204 1928 1269 1965 sed
1301 1927 1393 1964 mihi

380 1991 563 2027 assentire
582 2003 660 2026 non
681 1989 850 2040 expedit.
870 1993 962 2027 Nam
978 1989 1007 2026 si
1025 1988 1092 2025 tibi
1108 1988 1391 2026 observandum

381 2059 492 2100 putas
509 2050 623 2095 illud,
644 2053 793 2086 Honore
809 2055 961 2086 invicem
976 2054 1256 2099 praevenientes
1274 2056 1304 2095 ¹3
1329 2057 1366 2085 et
1380 2078 1390 2095 ‚

383 2111 547 2156 Subjecti
570 2115 725 2146 invicem
747 2116 785 2147 in
804 2115 935 2146 timore
958 2111 1092 2146 Christi
1106 2116 1118 2131 ²
1138 2124 1146 2146 :
1169 2109 1198 2146 si
1216 2123 1294 2146 non
1317 2109 1393 2145 fru-

384 2178 461 2206 stra
478 2169 683 2219 utrobique
702 2170 868 2220 positum
888 2178 944 2206 est
965 2173 1140 2214 invicem,
1163 2169 1341 2218 intelligis
1357 2177 1394 2205 et

385 2230 476 2266 mihi
501 2243 608 2279 reque
628 2238 835 2279 utrumque
856 2242 1081 2279 congruere.
1108 2229 1219 2277 Quod
1242 2230 1270 2265 si
1293 2229 1395 2278 cogi-

386 2299 440 2327 tas
463 2289 530 2326 tibi
547 2291 648 2327 illam
668 2291 822 2339 Regulae
842 2291 1068 2326 sententiam
1089 2289 1367 2326 observandam
1384 2318 1393 2336 ‚

386 2368 399 2383 «
418 2352 597 2388 Juniores
625 2351 772 2401 priores
803 2364 891 2387 suos
926 2349 1145 2387 honorent3
1169 2366 1176 2387 :
1199 2368 1213 2382 »
1248 2350 1340 2387 mibi
1377 2363 1397 2387 e

387 2411 541 2459 regione
576 2411 616 2448 in
648 2419 815 2447 mentem
836 2410 942 2447 venit
970 2424 1017 2447 ex
1038 2410 1168 2460 regula
1187 2410 1366 2448 Veritatis
1387 2425 1395 2447 ε

388 2474 424 2507 E
428 2481 510 2507 runt
525 2473 641 2520 primi
661 2475 848 2507 novissimi
860 2501 869 2516 ,
891 2480 927 2507 et
948 2474 1136 2506 novissimi
1147 2473 1266 2519 primi
1277 2470 1311 2517 ⁴';
1334 2478 1393 2514 et,

394 2534 470 2578 Qui
499 2537 623 2577 major
639 2541 690 2567 est
713 2533 988 2579 veserumhfi'at
1016 2536 1112 2567 sicut
1122 2532 1253 2577 junior
1272 2529 1310 2577 ⁵3
1331 2539 1368 2567 et
1385 2559 1394 2577 ‚

394 2593 543 2638 Quanto
572 2593 695 2637 major
726 2606 785 2636 es,
817 2601 920 2628 tanto
949 2593 1106 2628 humilia
1136 2601 1170 2627 te
1205 2596 1242 2627 ιή
1272 2595 1399 2627 omni-

1461 1928 1641 1974 tandum‚
1675 1929 1775 1965 senis
1811 1929 1998 1966 Simeonis
2030 1928 2185 1965 brachia
2218 1928 2466 1966 sustentabat.
2514 1965 2516 1968 ,

1462 1992 1546 2026 Hoc
1559 1990 1671 2026 etiam
1691 1990 1848 2026 Paulum
1863 2018 1872 2035 ‚
1894 1990 1932 2026 in
1948 1989 2053 2039 gravi
2067 1989 2156 2025 licet
2171 1996 2208 2025 et
2225 1988 2468 2039 corruptibili

1459 2063 1622 2100 corpore
1656 2051 1846 2100 positum,
1882 2049 2055 2100 rapiebat
2084 2062 2205 2099 usque
2235 2048 2283 2086 ad
2311 2049 2464 2087 tertium
2510 2069 2514 2097 ς

1459 2110 1611 2147 coelum.
1635 2114 1774 2158 Quaero
1797 2111 1835 2147 in
1857 2109 1970 2147 rebus
1990 2110 2021 2147 si
2045 2109 2136 2160 quid
2161 2109 2258 2146 forte
2280 2108 2368 2146 huic
2385 2122 2470 2146 exo·
2510 2123 2533 2146 r··

1460 2171 1609 2207 neranti
1632 2171 1740 2207 oneri
1762 2171 1882 2208 simile
1901 2170 2090 2208 inveniam
2104 2197 2113 2215 ‚
2136 2177 2174 2206 et
2190 2169 2359 2207 occurrit
2379 2170 2470 2208 mihi

1461 2231 1507 2267 de
1526 2232 1662 2281 pennis
1682 2231 1809 2268 avium
1822 2261 1831 2278 ‚
1854 2231 1958 2281 quod
1979 2232 2013 2268 ei
2034 2239 2242 2280 utcumque
2263 2239 2436 2280 coaptem
2459 2243 2468 2266 :

1462 2305 1547 2341 quae
1568 2292 1734 2341 quodam
1757 2292 1933 2330 videlicet
1953 2291 2133 2342 singulari
2152 2290 2288 2337 modu,
2316 2299 2353 2327 et
2383 2305 2469 2328 cor-

1462 2353 1720 2402 pulentiorem
1736 2352 1902 2390 reddunt
1916 2352 2071 2389 substan
2079 2352 2165 2388 tiam
2178 2380 2188 2397 ‚
2207 2359 2244 2388 et
2261 2352 2469 2401 agiliorem.

1462 2412 1603 2449 Mirum
1625 2426 1723 2462 opus
1744 2415 1912 2450 naturae!
1933 2412 2046 2450 Unde
2066 2412 2268 2461 grossescit
2292 2412 2468 2458 materia,
2506 2427 2508 2430 ’

1464 2471 1553 2508 inde
1585 2473 1733 2509 sarcina
1765 2473 1970 2523 levigatur-3
1999 2481 2037 2509 et
2058 2480 2245 2522 quantum
2281 2473 2414 2509 crescit
2433 2472 2471 2510 in

1464 2545 1584 2568 massa
1601 2562 1609 2577 ‚
1630 2541 1777 2570 tantum
1797 2533 1980 2571 decrescit
1996 2533 2033 2570 in
2051 2532 2235 2583 pondere.
2261 2535 2343 2570 Hoc
2361 2533 2472 2583 plane
2504 2523 2507 2528 ⁴

1465 2592 1504 2628 in
1523 2593 1680 2642 pennis,
1716 2593 1855 2631 Christi
1884 2594 2012 2631 oneris
2047 2590 2229 2643 exprimit
2253 2592 2472 2630 similitudi-

390 2651 505 2698 lms⁶;
523 2660 579 2698 et,
599 2654 816 2701 Principem
835 2661 868 2688 te
889 2657 1158 2688 constituerunt
1171 2653 1190 2687 .³
1211 2661 1284 2687 esto
1302 2656 1400 2687 inter
1413 2651 1447 2685 D
1466 2665 1573 2699 nem,
1602 2653 1706 2703 quod
1739 2662 1776 2690 et
1796 2654 1887 2704 ipsae
1922 2654 2050 2691 serunt
2079 2666 2100 2690 a
2125 2652 2264 2703 quibus
2286 2652 2471 2690 feruntur.

392 2715 474 2746 illos
491 2716 600 2760 quasi
620 2726 712 2748 unns
732 2726 781 2748 ex
797 2714 869 2748 illis
882 2720 916 2759 7;
935 2720 972 2749 et
986 2742 995 2758 ‚
1018 2714 1103 2748 Non
1120 2715 1208 2760 quia
1228 2713 1399 2748 (lomina-

393 2774 584 2818 murficlec'
611 2782 770 2818 vestroe,
803 2775 871 2809 sed
897 2774 1085 2819 adjutores
1118 2786 1242 2808 smnus
1264 2774 1401 2821 gaudii

392 2837 506 2868 vestri
522 2831 555 2878 ⁸3
574 2841 628 2879 et,
648 2832 782 2869 Nolite
807 2839 939 2870 vocari
959 2833 1007 2869 ab
1029 2832 1242 2869 hominibus
1267 2832 1374 2869 rabbi
1387 2849 1401 2878 ,-

392 2900 448 2936 οἱ,
480 2893 633 2929 Patrem
657 2897 770 2929 nolite
790 2907 926 2930 vocare
954 2893 1061 2930 vobis
1086 2906 1197 2942 super
1222 2900 1398 2930 terrama.

1466 2713 1567 2761 Quid
1608 2723 1646 2750 et
1678 2714 1724 2750 de
1760 2714 1946 2764 quadriga
1979 2713 2132 2750 dicam?
2167 2715 2259 2750 Haec
2293 2712 2470 2750 nimirum

1469 2774 1622 2811 admota
1634 2773 1832 2824 junicum,
1852 2775 2039 2812 sarcinam
2055 2787 2140 2824 quae
2161 2772 2208 2810 ab
2226 2773 2309 2823 ipso
2328 2772 2472 2811 moveri
2523 2794 2526 2801 ·

1468 2848 1545 2871 non
1567 2844 1739 2886 poterat,
1763 2845 1876 2886 auget
1899 2836 2073 2886 quidem,
2101 2833 2166 2872 sed
2184 2834 2469 2884 portabiliorem

1470 2895 1568 2933 facit.
1592 2900 1698 2934 Onus
1719 2897 1826 2934 oneri
1849 2896 2026 2942 additur,
2049 2903 2087 2932 et
2105 2894 2230 2931 minus
2254 2903 2399 2932 onerat.
2415 2894 2472 2933 sic
2500 2910 2502 2914 ’

443 3049 452 3063 ¹
476 3045 569 3074 Rom.
584 3055 634 3074 xii
649 3068 656 3081 ,
682 3048 781 3075 10.—
804 3050 815 3065 ²
831 3044 944 3087 Ephes.
962 3058 992 3083 v,
1013 3049 1118 3076 21.-—
1139 3043 1152 3067 3
1172 3049 1251 3087 Reg.
1272 3049 1302 3077 S.
1318 3045 1498 3084 Benedicti,
1520 3056 1589 3088 cap.
1612 3050 1719 3078 03.—
1736 3047 1749 3073 -ἱ
1767 3047 1884 3079 Mauh.
1904 3058 1970 3085 xx,
1990 3028 2043 3077 lss.
2061 3062 2102 3067 -
2124 3042 2137 3064 5
2153 3047 2228 3076 Luc.
2242 3056 2341 3083 xxix,
2364 3049 2471 3078 26.—

394 3094 409 3117 ⁶
430 3097 523 3128 Eceli.
542 3108 600 3135 111,
630 3100 685 3129 20.
707 3115 749 3120 —
766 3098 846 3129 71d.
863 3110 959 3128 xxxu
974 3123 981 3136 ‚
1005 3104 1032 3129 1.
1054 3117 1094 3121 --
1115 3098 1129 3121 8
1155 3103 1185 3130 II
1204 3102 1278 3130 Cor.
1308 3112 1339 3137 1,
1372 3103 1428 3131 23.
1447 3119 1492 3122 —
1509 3107 1525 3131 9
1550 3100 1664 3131 Matth.
1684 3113 1792 3138 xxut,
1824 3104 1842 3132 8
1857 3125 1864 3139 ‚
1888 3103 1919 3132 9.
1942 3118 1987 3123 —
2009 3105 2038 3120 ¹⁰
2064 3097 2146 3130 Psal.
2169 3110 2335 3140 Lxxxvn‚
2360 3103 2412 3131 16.
2428 3114 2469 3122 --

399 3155 423 3170 ¹¹
448 3150 525 3180 Psal.
547 3161 601 3188 cx,
629 3153 679 3182 11.
700 3168 743 3173 —
769 3157 798 3173 ¹²
820 3152 899 3183 Psal.
922 3163 1050 3190 cxvm,
1076 3155 1113 3184 71
1135 3178 1142 3190 ,
1168 3156 1222 3184 72.
1245 3172 1290 3176 —
1313 3150 1344 3173 ¹3
1360 3153 1477 3185 Mauh.
1496 3165 1532 3184 x1
1548 3178 1555 3192 ,
1580 3157 1635 3185 30.

439 3217 452 3231 ⁸
474 3215 680 3255 Fusniacum,
709 3216 848 3247 dioecesis
874 3216 1108 3255 Laudunensis,
1134 3218 1197 3248 fitia
1221 3219 1435 3250 Clam-Vallis
1455 3230 1472 3250 a
1495 3220 1725 3251 Bai-tholomaeo
1755 3220 1901 3262 episcopo
1930 3230 2013 3252 anuo
2046 3225 2128 3254 1121
2164 3221 2288 3254 fundari
2313 3226 2467 3263 emptum,

394 3279 430 3299 ex
458 3268 573 3300 Charta
601 3269 632 3300 in
656 3269 747 3300 Notis
776 3269 815 3300 ad
843 3269 1029 3301 Guibertum
1059 3270 1175 3306 relata,
1201 3281 1272 3312 pag.
1304 3276 1369 3303 059
1388 3297 1395 3309 ‚
1421 3272 1474 3303 uhi
1504 3273 1648 3304 Elbertus
1672 3284 1725 3303 scu
1753 3273 1930 3310 Eilboruis,
1959 3274 2244 3307 Sancti-Michaelis
2269 3274 2301 3305 in
2330 3270 2471 3305 Terascia

395 3321 491 3352 abhas
508 3333 524 3353 e
541 3322 653 3353 nostris
665 3347 672 3358 ,
692 3322 794 3353 locum
815 3322 1002 3353 monasterio
1020 3323 1184 3353 condendo
1204 3325 1329 3356 cessisse
1348 3326 1541 3367 pei-hilwtur.
1571 3326 1688 3357 Primus
1714 3326 1853 3357 1³1nsniavi
1867 3326 1965 3359 abbas
1986 3328 2159 3361 Rainaldus
2171 3355 2179 3368 ‚
2195 3328 2244 3361 cui
2260 3328 2327 3360 haec
2345 3324 2470 3370 epistola

394 3374 540 3417 iuscripta
566 3381 623 3406 est.
649 3378 694 3407 De
712 3376 865 3407 Fusuiaco
880 3375 950 3406 xide
971 3375 1133 3417 epistolam
1152 3380 1168 3405 5
1185 3382 1212 3407 et
1234 3376 1347 3409 librum
1369 3382 1377 3410 1
1401 3379 1440 3410 de
1464 3380 1534 3409 vna
1553 3382 1584 3410 S.
1602 3379 1765 3414 vemardi,
1789 3390 1821 3410 ιι.
1843 3382 1899 3411 25.
