<?xml version="1.0" encoding="UTF-8"?>
<!DOCTYPE html PUBLIC "-//W3C//DTD XHTML 1.0 Transitional//EN"
    "http://www.w3.org/TR/xhtml1/DTD/xhtml1-transitional.dtd">
<html xmlns="http://www.w3.org/1999/xhtml" xml:lang="en" lang="en">
 <head>
  <title>
</title>
<meta http-equiv="Content-Type" content="text/html;charset=utf-8" />
  <meta name='ocr-system' content='tesseract 3.04.00' />
  <meta name='ocr-capabilities' content='ocr_page ocr_carea ocr_par ocr_line ocrx_word'/>
</head>
<body>
  <div class='ocr_page' id='page_1' title='image "./operaomniapostho01bernuoft/operaomniapostho01bernuoft_0278.png"; bbox 0 0 2533 3920; ppageno 0'>
   <div class='ocr_carea' id='block_1_1' title="bbox 359 220 434 257">
    <p class='ocr_par' dir='ltr' id='par_1_1' title="bbox 359 220 434 257">
     <span class='ocr_line' id='line_1_1' title="bbox 359 220 434 257; baseline -0.027 0"><span class='ocrx_word' id='word_1_1' title='bbox 359 220 434 257; x_wconf 76' lang='lat'>530</span> 
     </span>
    </p>
   </div>
   <div class='ocr_carea' id='block_1_2' title="bbox 1128 206 1677 245">
    <p class='ocr_par' dir='ltr' id='par_1_2' title="bbox 1128 206 1677 245">
     <span class='ocr_line' id='line_1_2' title="bbox 1128 206 1677 245; baseline -0.011 0"><span class='ocrx_word' id='word_1_2' title='bbox 1128 212 1163 245; x_wconf 92' lang='lat' dir='ltr'>S.</span> <span class='ocrx_word' id='word_1_3' title='bbox 1194 208 1447 245; x_wconf 85' lang='lat' dir='ltr'><strong>BERNARDI</strong></span> <span class='ocrx_word' id='word_1_4' title='bbox 1476 206 1677 242; x_wconf 81' lang='lat' dir='ltr'><strong>ABBATIS</strong></span> 
     </span>
    </p>
   </div>
   <div class='ocr_carea' id='block_1_3' title="bbox 2358 200 2434 238">
    <p class='ocr_par' dir='ltr' id='par_1_3' title="bbox 2358 200 2434 238">
     <span class='ocr_line' id='line_1_3' title="bbox 2358 200 2434 238; baseline 0.013 -1"><span class='ocrx_word' id='word_1_5' title='bbox 2358 200 2434 238; x_wconf 77' lang='lat'>540</span> 
     </span>
    </p>
   </div>
   <div class='ocr_carea' id='block_1_4' title="bbox 359 276 2433 404">
    <p class='ocr_par' dir='ltr' id='par_1_4' title="bbox 359 276 2433 404">
     <span class='ocr_line' id='line_1_4' title="bbox 359 276 2433 340; baseline -0.01 -6"><span class='ocrx_word' id='word_1_6' title='bbox 359 300 462 336; x_wconf 87' lang='lat' dir='ltr'>dum.</span> <span class='ocrx_word' id='word_1_7' title='bbox 480 298 727 333; x_wconf 81' lang='lat' dir='ltr'><strong>Intraverunt</strong></span> <span class='ocrx_word' id='word_1_8' title='bbox 746 301 853 340; x_wconf 85' lang='lat' dir='ltr'>aquae</span> <span class='ocrx_word' id='word_1_9' title='bbox 871 299 990 337; x_wconf 84' lang='lat' dir='ltr'>usque</span> <span class='ocrx_word' id='word_1_10' title='bbox 1011 286 1058 324; x_wconf 85' lang='lat' dir='ltr'>ad</span> <span class='ocrx_word' id='word_1_11' title='bbox 1075 286 1240 323; x_wconf 88' lang='lat' dir='ltr'>animam</span> <span class='ocrx_word' id='word_1_12' title='bbox 1254 281 1523 332; x_wconf 72' lang='lat' dir='ltr'>chri-²³⁷quid</span> <span class='ocrx_word' id='word_1_13' title='bbox 1539 280 1754 331; x_wconf 79' lang='lat' dir='ltr'>potestatis,</span> <span class='ocrx_word' id='word_1_14' title='bbox 1776 277 1986 328; x_wconf 82' lang='lat' dir='ltr'>impendes.</span> <span class='ocrx_word' id='word_1_15' title='bbox 2006 276 2203 326; x_wconf 83' lang='lat' dir='ltr'>Singulare</span> <span class='ocrx_word' id='word_1_16' title='bbox 2222 277 2433 327; x_wconf 85' lang='lat' dir='ltr'>periculum</span> 
     </span>
     <span class='ocr_line' id='line_1_5' title="bbox 360 335 2431 404; baseline -0.011 -9"><span class='ocrx_word' id='word_1_17' title='bbox 360 360 428 404; x_wconf 84' lang='lat' dir='ltr'>sti,</span> <span class='ocrx_word' id='word_1_18' title='bbox 451 364 547 393; x_wconf 89' lang='lat' dir='ltr'>tacta</span> <span class='ocrx_word' id='word_1_19' title='bbox 567 361 622 390; x_wconf 88' lang='lat' dir='ltr'>est</span> <span class='ocrx_word' id='word_1_20' title='bbox 642 351 787 402; x_wconf 87' lang='lat' dir='ltr'>pupilla</span> <span class='ocrx_word' id='word_1_21' title='bbox 808 349 908 386; x_wconf 87' lang='lat' dir='ltr'>oculi</span> <span class='ocrx_word' id='word_1_22' title='bbox 928 350 1022 396; x_wconf 88' lang='lat' dir='ltr'>ejus.</span> <span class='ocrx_word' id='word_1_23' title='bbox 1046 345 1286 383; x_wconf 82' lang='lat' dir='ltr'>Exserendus</span> <span class='ocrx_word' id='word_1_24' title='bbox 1304 352 1360 380; x_wconf 89' lang='lat' dir='ltr'>est</span> <span class='ocrx_word' id='word_1_25' title='bbox 1382 345 1412 378; x_wconf 83' lang='lat' dir='ltr'><strong>A</strong></span> <span class='ocrx_word' id='word_1_26' title='bbox 1429 342 1657 391; x_wconf 75' lang='lat' dir='ltr'>singularem</span> <span class='ocrx_word' id='word_1_27' title='bbox 1678 338 1792 387; x_wconf 82' lang='lat' dir='ltr'>exigit</span> <span class='ocrx_word' id='word_1_28' title='bbox 1812 350 1981 387; x_wconf 85' lang='lat' dir='ltr'>operam.</span> <span class='ocrx_word' id='word_1_29' title='bbox 2004 335 2314 373; x_wconf 83' lang='lat' dir='ltr'>Fundamentum</span> <span class='ocrx_word' id='word_1_30' title='bbox 2334 350 2431 375; x_wconf 92' lang='lat' dir='ltr'>con-</span> 
     </span>
    </p>
   </div>
   <div class='ocr_carea' id='block_1_5' title="bbox 363 404 1373 1054">
    <p class='ocr_par' dir='ltr' id='par_1_5' title="bbox 363 404 1373 934">
     <span class='ocr_line' id='line_1_6' title="bbox 363 404 1366 463; baseline -0.018 -6"><span class='ocrx_word' id='word_1_31' title='bbox 363 432 466 457; x_wconf 87' lang='lat' dir='ltr'>nune</span> <span class='ocrx_word' id='word_1_32' title='bbox 496 425 659 463; x_wconf 87' lang='lat' dir='ltr'>uterque</span> <span class='ocrx_word' id='word_1_33' title='bbox 690 410 863 461; x_wconf 73' lang='lat' dir='ltr'>gladiusa</span> <span class='ocrx_word' id='word_1_34' title='bbox 899 409 935 444; x_wconf 90' lang='lat' dir='ltr'>in</span> <span class='ocrx_word' id='word_1_35' title='bbox 972 408 1148 458; x_wconf 84' lang='lat' dir='ltr'>passione</span> <span class='ocrx_word' id='word_1_36' title='bbox 1182 404 1338 442; x_wconf 87' lang='lat' dir='ltr'>Domini</span> <span class='ocrx_word' id='word_1_37' title='bbox 1357 431 1366 450; x_wconf 96' lang='lat'>,</span> 
     </span>
     <span class='ocr_line' id='line_1_7' title="bbox 365 466 1369 522; baseline -0.017 -5"><span class='ocrx_word' id='word_1_38' title='bbox 365 479 513 518; x_wconf 80' lang='lat' dir='ltr'>Christo</span> <span class='ocrx_word' id='word_1_39' title='bbox 531 476 657 512; x_wconf 88' lang='lat' dir='ltr'>denuo</span> <span class='ocrx_word' id='word_1_40' title='bbox 675 472 860 522; x_wconf 83' lang='lat' dir='ltr'>patiente,</span> <span class='ocrx_word' id='word_1_41' title='bbox 878 468 943 506; x_wconf 87' lang='lat' dir='ltr'>ubi</span> <span class='ocrx_word' id='word_1_42' title='bbox 957 476 994 504; x_wconf 88' lang='lat' dir='ltr'>et</span> <span class='ocrx_word' id='word_1_43' title='bbox 1010 468 1126 503; x_wconf 88' lang='lat' dir='ltr'>altera</span> <span class='ocrx_word' id='word_1_44' title='bbox 1140 466 1223 502; x_wconf 90' lang='lat' dir='ltr'>vice</span> <span class='ocrx_word' id='word_1_45' title='bbox 1237 477 1369 515; x_wconf 88' lang='lat' dir='ltr'>passus</span> 
     </span>
     <span class='ocr_line' id='line_1_8' title="bbox 365 525 1370 585; baseline -0.019 -8"><span class='ocrx_word' id='word_1_46' title='bbox 365 547 433 576; x_wconf 89' lang='lat' dir='ltr'>cst.</span> <span class='ocrx_word' id='word_1_47' title='bbox 455 542 527 575; x_wconf 87' lang='lat' dir='ltr'>Per</span> <span class='ocrx_word' id='word_1_48' title='bbox 547 546 660 585; x_wconf 89' lang='lat' dir='ltr'>quem</span> <span class='ocrx_word' id='word_1_49' title='bbox 682 539 806 568; x_wconf 90' lang='lat' dir='ltr'>autem</span> <span class='ocrx_word' id='word_1_50' title='bbox 830 528 899 565; x_wconf 88' lang='lat' dir='ltr'>nisi</span> <span class='ocrx_word' id='word_1_51' title='bbox 926 540 995 578; x_wconf 81' lang='lat' dir='ltr'>per</span> <span class='ocrx_word' id='word_1_52' title='bbox 1017 527 1109 562; x_wconf 81' lang='lat' dir='ltr'>vos?</span> <span class='ocrx_word' id='word_1_53' title='bbox 1135 525 1235 562; x_wconf 91' lang='lat' dir='ltr'>Petri</span> <span class='ocrx_word' id='word_1_54' title='bbox 1264 532 1370 560; x_wconf 83' lang='lat' dir='ltr'>uter-</span> 
     </span>
     <span class='ocr_line' id='line_1_9' title="bbox 365 588 1369 649; baseline -0.017 -14"><span class='ocrx_word' id='word_1_55' title='bbox 365 612 440 649; x_wconf 86' lang='lat' dir='ltr'>que</span> <span class='ocrx_word' id='word_1_56' title='bbox 467 604 542 640; x_wconf 86' lang='lat' dir='ltr'>est,</span> <span class='ocrx_word' id='word_1_57' title='bbox 565 594 659 630; x_wconf 87' lang='lat' dir='ltr'>alter</span> <span class='ocrx_word' id='word_1_58' title='bbox 684 604 753 627; x_wconf 86' lang='lat' dir='ltr'>suo</span> <span class='ocrx_word' id='word_1_59' title='bbox 774 597 890 634; x_wconf 86' lang='lat' dir='ltr'>nutu,</span> <span class='ocrx_word' id='word_1_60' title='bbox 911 588 1006 624; x_wconf 86' lang='lat' dir='ltr'>alter</span> <span class='ocrx_word' id='word_1_61' title='bbox 1026 600 1092 623; x_wconf 91' lang='lat' dir='ltr'>sua</span> <span class='ocrx_word' id='word_1_62' title='bbox 1112 598 1245 630; x_wconf 91' lang='lat' dir='ltr'>manu,</span> <span class='ocrx_word' id='word_1_63' title='bbox 1267 596 1369 633; x_wconf 86' lang='lat' dir='ltr'>quo-</span> 
     </span>
     <span class='ocr_line' id='line_1_10' title="bbox 368 642 1370 698; baseline -0.018 -2"><span class='ocrx_word' id='word_1_64' title='bbox 368 660 435 696; x_wconf 86' lang='lat' dir='ltr'>ties</span> <span class='ocrx_word' id='word_1_65' title='bbox 462 667 612 693; x_wconf 89' lang='lat' dir='ltr'>necesse</span> <span class='ocrx_word' id='word_1_66' title='bbox 647 660 720 695; x_wconf 85' lang='lat' dir='ltr'>est,</span> <span class='ocrx_word' id='word_1_67' title='bbox 755 647 1026 698; x_wconf 80' lang='lat' dir='ltr'>evaginandus.</span> <span class='ocrx_word' id='word_1_68' title='bbox 1064 650 1108 683; x_wconf 82' lang='lat' dir='ltr'>Et</span> <span class='ocrx_word' id='word_1_69' title='bbox 1140 644 1294 694; x_wconf 91' lang='lat' dir='ltr'>quidem</span> <span class='ocrx_word' id='word_1_70' title='bbox 1324 642 1370 679; x_wconf 79' lang='lat' dir='ltr'>(le</span> 
     </span>
     <span class='ocr_line' id='line_1_11' title="bbox 368 703 1370 768; baseline -0.018 -13"><span class='ocrx_word' id='word_1_71' title='bbox 368 731 445 768; x_wconf 90' lang='lat' dir='ltr'>quo</span> <span class='ocrx_word' id='word_1_72' title='bbox 457 716 580 753; x_wconf 90' lang='lat' dir='ltr'>minus</span> <span class='ocrx_word' id='word_1_73' title='bbox 595 711 797 749; x_wconf 83' lang='lat' dir='ltr'>videbatur</span> <span class='ocrx_word' id='word_1_74' title='bbox 808 738 817 755; x_wconf 91' lang='lat'>‚</span> <span class='ocrx_word' id='word_1_75' title='bbox 832 708 878 744; x_wconf 84' lang='lat' dir='ltr'>(le</span> <span class='ocrx_word' id='word_1_76' title='bbox 893 708 976 757; x_wconf 90' lang='lat' dir='ltr'>ipso</span> <span class='ocrx_word' id='word_1_77' title='bbox 994 706 1039 742; x_wconf 87' lang='lat' dir='ltr'>ad</span> <span class='ocrx_word' id='word_1_78' title='bbox 1055 709 1209 742; x_wconf 89' lang='lat' dir='ltr'>Petrum</span> <span class='ocrx_word' id='word_1_79' title='bbox 1228 703 1370 739; x_wconf 89' lang='lat' dir='ltr'>dietum</span> 
     </span>
     <span class='ocr_line' id='line_1_12' title="bbox 368 766 1373 820; baseline -0.017 -6"><span class='ocrx_word' id='word_1_80' title='bbox 368 786 424 815; x_wconf 86' lang='lat' dir='ltr'>est</span> <span class='ocrx_word' id='word_1_81' title='bbox 445 791 453 812; x_wconf 88' lang='lat'>:</span> <span class='ocrx_word' id='word_1_82' title='bbox 478 776 651 810; x_wconf 65' lang='lat' dir='ltr'>Converte</span> <span class='ocrx_word' id='word_1_83' title='bbox 668 771 838 820; x_wconf 75' lang='lat' dir='ltr'>gladittm</span> <span class='ocrx_word' id='word_1_84' title='bbox 856 777 957 803; x_wconf 74' lang='lat' dir='ltr'>ticum</span> <span class='ocrx_word' id='word_1_85' title='bbox 977 771 1015 802; x_wconf 74' lang='lat' dir='ltr'>in</span> <span class='ocrx_word' id='word_1_86' title='bbox 1035 770 1215 814; x_wconf 76' lang='lat' dir='ltr'>vaginam</span> <span class='ocrx_word' id='word_1_87' title='bbox 1231 769 1255 799; x_wconf 90' lang='lat'>¹.</span> <span class='ocrx_word' id='word_1_88' title='bbox 1272 766 1373 811; x_wconf 79' lang='lat' dir='ltr'>Ergo</span> 
     </span>
     <span class='ocr_line' id='line_1_13' title="bbox 369 823 1372 875; baseline -0.018 0"><span class='ocrx_word' id='word_1_89' title='bbox 369 850 459 875; x_wconf 88' lang='lat' dir='ltr'>suus</span> <span class='ocrx_word' id='word_1_90' title='bbox 495 842 574 872; x_wconf 89' lang='lat' dir='ltr'>erat</span> <span class='ocrx_word' id='word_1_91' title='bbox 601 841 638 869; x_wconf 90' lang='lat' dir='ltr'>et</span> <span class='ocrx_word' id='word_1_92' title='bbox 666 832 727 867; x_wconf 91' lang='lat' dir='ltr'>ille</span> <span class='ocrx_word' id='word_1_93' title='bbox 745 858 754 874; x_wconf 91' lang='lat'>,</span> <span class='ocrx_word' id='word_1_94' title='bbox 793 828 859 866; x_wconf 90' lang='lat' dir='ltr'>sed</span> <span class='ocrx_word' id='word_1_95' title='bbox 891 840 968 863; x_wconf 91' lang='lat' dir='ltr'>non</span> <span class='ocrx_word' id='word_1_96' title='bbox 999 840 1066 862; x_wconf 92' lang='lat' dir='ltr'>sua</span> <span class='ocrx_word' id='word_1_97' title='bbox 1095 837 1211 861; x_wconf 88' lang='lat' dir='ltr'>manu</span> <span class='ocrx_word' id='word_1_98' title='bbox 1241 823 1372 872; x_wconf 87' lang='lat' dir='ltr'>utique</span> 
     </span>
     <span class='ocr_line' id='line_1_14' title="bbox 369 894 600 934; baseline -0.026 0"><span class='ocrx_word' id='word_1_99' title='bbox 369 894 600 934; x_wconf 89' lang='lat' dir='ltr'>educendus.</span> 
     </span>
    </p>

    <p class='ocr_par' dir='ltr' id='par_1_6' title="bbox 367 941 1372 1054">
     <span class='ocr_line' id='line_1_15' title="bbox 423 941 1372 1003; baseline -0.017 -10"><span class='ocrx_word' id='word_1_100' title='bbox 423 957 457 993; x_wconf 82' lang='lat'>2.</span> <span class='ocrx_word' id='word_1_101' title='bbox 473 959 638 1003; x_wconf 87' lang='lat' dir='ltr'>Tempus</span> <span class='ocrx_word' id='word_1_102' title='bbox 654 959 692 987; x_wconf 89' lang='lat' dir='ltr'>et</span> <span class='ocrx_word' id='word_1_103' title='bbox 711 961 808 999; x_wconf 87' lang='lat' dir='ltr'>opus</span> <span class='ocrx_word' id='word_1_104' title='bbox 822 960 902 983; x_wconf 91' lang='lat' dir='ltr'>esse</span> <span class='ocrx_word' id='word_1_105' title='bbox 918 945 1094 982; x_wconf 81' lang='lat' dir='ltr'>existimo</span> <span class='ocrx_word' id='word_1_106' title='bbox 1111 942 1244 980; x_wconf 88' lang='lat' dir='ltr'>ambos</span> <span class='ocrx_word' id='word_1_107' title='bbox 1261 941 1372 978; x_wconf 81' lang='lat' dir='ltr'>educi</span> 
     </span>
     <span class='ocr_line' id='line_1_16' title="bbox 367 1002 1370 1054; baseline -0.018 0"><span class='ocrx_word' id='word_1_108' title='bbox 367 1020 405 1054; x_wconf 90' lang='lat' dir='ltr'>in</span> <span class='ocrx_word' id='word_1_109' title='bbox 424 1014 682 1052; x_wconf 80' lang='lat' dir='ltr'>defensionem</span> <span class='ocrx_word' id='word_1_110' title='bbox 697 1007 891 1045; x_wconf 88' lang='lat' dir='ltr'>orientalis</span> <span class='ocrx_word' id='word_1_111' title='bbox 907 1005 1093 1042; x_wconf 79' lang='lat' dir='ltr'>Ecclesiae.</span> <span class='ocrx_word' id='word_1_112' title='bbox 1113 1002 1230 1051; x_wconf 88' lang='lat' dir='ltr'>Cujus</span> <span class='ocrx_word' id='word_1_113' title='bbox 1243 1003 1370 1038; x_wconf 90' lang='lat' dir='ltr'>locum</span> 
     </span>
    </p>
   </div>
   <div class='ocr_carea' id='block_1_6' title="bbox 1437 395 2445 1050">
    <p class='ocr_par' dir='ltr' id='par_1_7' title="bbox 1437 395 2438 569">
     <span class='ocr_line' id='line_1_17' title="bbox 1437 395 2438 447; baseline -0.003 -9"><span class='ocrx_word' id='word_1_114' title='bbox 1437 402 1597 445; x_wconf 77' lang='lat' dir='ltr'>entitur,</span> <span class='ocrx_word' id='word_1_115' title='bbox 1626 408 1662 436; x_wconf 92' lang='lat' dir='ltr'>et</span> <span class='ocrx_word' id='word_1_116' title='bbox 1692 407 1871 447; x_wconf 84' lang='lat' dir='ltr'>tanquam</span> <span class='ocrx_word' id='word_1_117' title='bbox 1893 396 2106 433; x_wconf 85' lang='lat' dir='ltr'>imminenti</span> <span class='ocrx_word' id='word_1_118' title='bbox 2126 395 2246 432; x_wconf 85' lang='lat' dir='ltr'>ruinae</span> <span class='ocrx_word' id='word_1_119' title='bbox 2277 396 2364 433; x_wconf 89' lang='lat' dir='ltr'>totis</span> <span class='ocrx_word' id='word_1_120' title='bbox 2383 406 2438 435; x_wconf 90' lang='lat' dir='ltr'>est</span> 
     </span>
     <span class='ocr_line' id='line_1_18' title="bbox 1437 456 2436 505; baseline -0.003 -8"><span class='ocrx_word' id='word_1_121' title='bbox 1437 460 1581 497; x_wconf 84' lang='lat' dir='ltr'>nisibus</span> <span class='ocrx_word' id='word_1_122' title='bbox 1602 457 1895 495; x_wconf 88' lang='lat' dir='ltr'>occurrendum.</span> <span class='ocrx_word' id='word_1_123' title='bbox 1922 459 1968 493; x_wconf 90' lang='lat' dir='ltr'>Et</span> <span class='ocrx_word' id='word_1_124' title='bbox 1990 456 2068 492; x_wconf 84' lang='lat' dir='ltr'>haec</span> <span class='ocrx_word' id='word_1_125' title='bbox 2089 462 2249 505; x_wconf 85' lang='lat' dir='ltr'>propter</span> <span class='ocrx_word' id='word_1_126' title='bbox 2277 468 2366 502; x_wconf 91' lang='lat' dir='ltr'>vos,</span> <span class='ocrx_word' id='word_1_127' title='bbox 2389 458 2436 494; x_wconf 82' lang='lat' dir='ltr'>fi-</span> 
     </span>
     <span class='ocr_line' id='line_1_19' title="bbox 1437 515 2173 569; baseline -0.008 -12"><span class='ocrx_word' id='word_1_128' title='bbox 1437 521 1571 557; x_wconf 85' lang='lat' dir='ltr'>denter</span> <span class='ocrx_word' id='word_1_129' title='bbox 1592 519 1747 569; x_wconf 87' lang='lat' dir='ltr'>quidem</span> <span class='ocrx_word' id='word_1_130' title='bbox 1761 547 1770 565; x_wconf 96' lang='lat'>,</span> <span class='ocrx_word' id='word_1_131' title='bbox 1792 517 1856 554; x_wconf 89' lang='lat' dir='ltr'>sed</span> <span class='ocrx_word' id='word_1_132' title='bbox 1881 516 2042 553; x_wconf 86' lang='lat' dir='ltr'>fideliter</span> <span class='ocrx_word' id='word_1_133' title='bbox 2062 515 2173 551; x_wconf 86' lang='lat' dir='ltr'>dieta.</span> 
     </span>
    </p>

    <p class='ocr_par' dir='ltr' id='par_1_8' title="bbox 1438 573 2445 1050">
     <span class='ocr_line' id='line_1_20' title="bbox 1490 573 2440 625; baseline -0.005 -7"><span class='ocrx_word' id='word_1_134' title='bbox 1490 581 1526 618; x_wconf 76' lang='grc'>4.</span> <span class='ocrx_word' id='word_1_135' title='bbox 1549 584 1604 618; x_wconf 94' lang='lat' dir='ltr'>De</span> <span class='ocrx_word' id='word_1_136' title='bbox 1626 588 1763 616; x_wconf 74' lang='lat' dir='ltr'>esetero</span> <span class='ocrx_word' id='word_1_137' title='bbox 1783 577 1942 615; x_wconf 74' lang='lat' dir='ltr'>verbum</span> <span class='ocrx_word' id='word_1_138' title='bbox 1964 575 2060 613; x_wconf 89' lang='lat' dir='ltr'>illud</span> <span class='ocrx_word' id='word_1_139' title='bbox 2077 574 2181 625; x_wconf 88' lang='lat' dir='ltr'>quod</span> <span class='ocrx_word' id='word_1_140' title='bbox 2195 573 2293 624; x_wconf 87' lang='lat' dir='ltr'>jam,</span> <span class='ocrx_word' id='word_1_141' title='bbox 2316 575 2354 611; x_wconf 90' lang='lat' dir='ltr'>ni</span> <span class='ocrx_word' id='word_1_142' title='bbox 2372 575 2440 614; x_wconf 87' lang='lat' dir='ltr'>fal-</span> 
     </span>
     <span class='ocr_line' id='line_1_21' title="bbox 1438 635 2441 688; baseline -0.002 -11"><span class='ocrx_word' id='word_1_143' title='bbox 1438 641 1517 687; x_wconf 89' lang='lat' dir='ltr'>lor,</span> <span class='ocrx_word' id='word_1_144' title='bbox 1540 640 1698 677; x_wconf 82' lang='lat' dir='ltr'>audistis</span> <span class='ocrx_word' id='word_1_145' title='bbox 1716 654 1723 675; x_wconf 90' lang='lat'><strong>:</strong></span> <span class='ocrx_word' id='word_1_146' title='bbox 1746 637 1945 688; x_wconf 89' lang='lat' dir='ltr'>quomodo</span> <span class='ocrx_word' id='word_1_147' title='bbox 1967 635 2143 673; x_wconf 88' lang='lat' dir='ltr'>videlicet</span> <span class='ocrx_word' id='word_1_148' title='bbox 2163 635 2201 671; x_wconf 91' lang='lat' dir='ltr'>in</span> <span class='ocrx_word' id='word_1_149' title='bbox 2220 638 2441 675; x_wconf 85' lang='lat' dir='ltr'>Carnutensi</span> 
     </span>
     <span class='ocr_line' id='line_1_22' title="bbox 1439 695 2439 751; baseline -0.004 -13"><span class='ocrx_word' id='word_1_150' title='bbox 1439 709 1631 738; x_wconf 76' lang='lat' dir='ltr'>conventu</span> <span class='ocrx_word' id='word_1_151' title='bbox 1648 699 1666 722; x_wconf 71' lang='lat'>¹²</span> <span class='ocrx_word' id='word_1_152' title='bbox 1701 700 1896 751; x_wconf 80' lang='lat' dir='ltr'>(quonam</span> <span class='ocrx_word' id='word_1_153' title='bbox 1920 697 2067 747; x_wconf 88' lang='lat' dir='ltr'>judicio</span> <span class='ocrx_word' id='word_1_154' title='bbox 2094 696 2183 733; x_wconf 87' lang='lat' dir='ltr'>satis</span> <span class='ocrx_word' id='word_1_155' title='bbox 2202 695 2351 746; x_wconf 86' lang='lat' dir='ltr'>miror)</span> <span class='ocrx_word' id='word_1_156' title='bbox 2380 709 2439 734; x_wconf 91' lang='lat' dir='ltr'>me</span> 
     </span>
     <span class='ocr_line' id='line_1_23' title="bbox 1439 755 2442 812; baseline -0.004 -14"><span class='ocrx_word' id='word_1_157' title='bbox 1439 762 1546 812; x_wconf 81' lang='lat' dir='ltr'>quasi</span> <span class='ocrx_word' id='word_1_158' title='bbox 1563 762 1599 797; x_wconf 90' lang='lat' dir='ltr'>in</span> <span class='ocrx_word' id='word_1_159' title='bbox 1619 760 1753 797; x_wconf 89' lang='lat' dir='ltr'>ducem</span> <span class='ocrx_word' id='word_1_160' title='bbox 1771 768 1808 796; x_wconf 89' lang='lat' dir='ltr'>et</span> <span class='ocrx_word' id='word_1_161' title='bbox 1826 758 2041 809; x_wconf 86' lang='lat' dir='ltr'>principem</span> <span class='ocrx_word' id='word_1_162' title='bbox 2061 756 2202 793; x_wconf 87' lang='lat' dir='ltr'>militiae</span> <span class='ocrx_word' id='word_1_163' title='bbox 2221 755 2442 805; x_wconf 85' lang='lat' dir='ltr'>elegerunt:</span> 
     </span>
     <span class='ocr_line' id='line_1_24' title="bbox 1439 816 2445 864; baseline -0.004 -5"><span class='ocrx_word' id='word_1_164' title='bbox 1439 831 1584 859; x_wconf 87' lang='lat' dir='ltr'>certum</span> <span class='ocrx_word' id='word_1_165' title='bbox 1603 822 1649 857; x_wconf 89' lang='lat' dir='ltr'>sit</span> <span class='ocrx_word' id='word_1_166' title='bbox 1663 820 1773 858; x_wconf 63' lang='lat' dir='ltr'>vobis</span> <span class='ocrx_word' id='word_1_167' title='bbox 1787 834 1856 857; x_wconf 89' lang='lat' dir='ltr'>nec</span> <span class='ocrx_word' id='word_1_168' title='bbox 1873 819 2019 856; x_wconf 88' lang='lat' dir='ltr'>consilii</span> <span class='ocrx_word' id='word_1_169' title='bbox 2037 818 2133 864; x_wconf 88' lang='lat' dir='ltr'>mei,</span> <span class='ocrx_word' id='word_1_170' title='bbox 2148 830 2219 854; x_wconf 90' lang='lat' dir='ltr'>nec</span> <span class='ocrx_word' id='word_1_171' title='bbox 2237 816 2445 855; x_wconf 88' lang='lat' dir='ltr'>voluntatis</span> 
     </span>
     <span class='ocr_line' id='line_1_25' title="bbox 1441 877 2444 929; baseline -0.004 -10"><span class='ocrx_word' id='word_1_172' title='bbox 1441 896 1534 919; x_wconf 88' lang='lat' dir='ltr'>meae</span> <span class='ocrx_word' id='word_1_173' title='bbox 1557 883 1669 918; x_wconf 83' lang='lat' dir='ltr'>fuisse</span> <span class='ocrx_word' id='word_1_174' title='bbox 1690 882 1749 918; x_wconf 74' lang='lat' dir='ltr'>vel</span> <span class='ocrx_word' id='word_1_175' title='bbox 1771 894 1870 926; x_wconf 75' lang='lat' dir='ltr'>esse,</span> <span class='ocrx_word' id='word_1_176' title='bbox 1891 880 1957 916; x_wconf 90' lang='lat' dir='ltr'>sed</span> <span class='ocrx_word' id='word_1_177' title='bbox 1980 893 2050 916; x_wconf 91' lang='lat' dir='ltr'>nec</span> <span class='ocrx_word' id='word_1_178' title='bbox 2070 877 2336 929; x_wconf 87' lang='lat' dir='ltr'>possibilitatis</span> <span class='ocrx_word' id='word_1_179' title='bbox 2353 891 2444 915; x_wconf 85' lang='lat' dir='ltr'>meae</span> 
     </span>
     <span class='ocr_line' id='line_1_26' title="bbox 1441 938 2445 993; baseline -0.002 -15"><span class='ocrx_word' id='word_1_180' title='bbox 1441 942 1652 993; x_wconf 82' lang='lat' dir='ltr'>(quantum</span> <span class='ocrx_word' id='word_1_181' title='bbox 1675 941 1811 978; x_wconf 89' lang='lat' dir='ltr'>metior</span> <span class='ocrx_word' id='word_1_182' title='bbox 1838 941 1936 977; x_wconf 80' lang='lat' dir='ltr'>vires</span> <span class='ocrx_word' id='word_1_183' title='bbox 1958 939 2084 990; x_wconf 89' lang='lat' dir='ltr'>meas)</span> <span class='ocrx_word' id='word_1_184' title='bbox 2105 938 2307 989; x_wconf 83' lang='lat' dir='ltr'>pervenire</span> <span class='ocrx_word' id='word_1_185' title='bbox 2326 951 2445 988; x_wconf 88' lang='lat' dir='ltr'>usque</span> 
     </span>
     <span class='ocr_line' id='line_1_27' title="bbox 1439 999 2444 1050; baseline -0.002 -12"><span class='ocrx_word' id='word_1_186' title='bbox 1439 1003 1541 1038; x_wconf 89' lang='lat' dir='ltr'>illuc.</span> <span class='ocrx_word' id='word_1_187' title='bbox 1572 1002 1664 1050; x_wconf 91' lang='lat' dir='ltr'>Quis</span> <span class='ocrx_word' id='word_1_188' title='bbox 1686 1015 1767 1038; x_wconf 90' lang='lat' dir='ltr'>sum</span> <span class='ocrx_word' id='word_1_189' title='bbox 1797 1014 1892 1050; x_wconf 76' lang='lat' dir='ltr'>ego,</span> <span class='ocrx_word' id='word_1_190' title='bbox 1927 1008 1969 1036; x_wconf 87' lang='lat' dir='ltr'>ut</span> <span class='ocrx_word' id='word_1_191' title='bbox 2001 999 2202 1049; x_wconf 84' lang='lat' dir='ltr'>disponam</span> <span class='ocrx_word' id='word_1_192' title='bbox 2232 1006 2444 1036; x_wconf 86' lang='lat' dir='ltr'>castrorum</span> 
     </span>
    </p>
   </div>
   <div class='ocr_carea' id='block_1_7' title="bbox 367 1060 2446 1117">
    <p class='ocr_par' dir='ltr' id='par_1_9' title="bbox 367 1060 2446 1117">
     <span class='ocr_line' id='line_1_28' title="bbox 367 1060 2446 1117; baseline -0.008 -6"><span class='ocrx_word' id='word_1_193' title='bbox 367 1074 521 1117; x_wconf 82' lang='lat' dir='ltr'>tenetis,</span> <span class='ocrx_word' id='word_1_194' title='bbox 543 1071 665 1107; x_wconf 88' lang='lat' dir='ltr'>zelum</span> <span class='ocrx_word' id='word_1_195' title='bbox 692 1067 882 1116; x_wconf 76' lang='lat' dir='ltr'>negligere</span> <span class='ocrx_word' id='word_1_196' title='bbox 903 1077 981 1100; x_wconf 91' lang='lat' dir='ltr'>non</span> <span class='ocrx_word' id='word_1_197' title='bbox 1003 1062 1161 1099; x_wconf 89' lang='lat' dir='ltr'>debetis.</span> <span class='ocrx_word' id='word_1_198' title='bbox 1180 1062 1299 1109; x_wconf 81' lang='lat' dir='ltr'>Quale</span> <span class='ocrx_word' id='word_1_199' title='bbox 1317 1069 1374 1097; x_wconf 90' lang='lat' dir='ltr'>est</span> <span class='ocrx_word' id='word_1_200' title='bbox 1393 1069 1421 1104; x_wconf 89' lang='lat' dir='ltr'>B</span> <span class='ocrx_word' id='word_1_201' title='bbox 1441 1063 1560 1109; x_wconf 86' lang='lat' dir='ltr'>acies,</span> <span class='ocrx_word' id='word_1_202' title='bbox 1585 1070 1627 1098; x_wconf 93' lang='lat' dir='ltr'>ut</span> <span class='ocrx_word' id='word_1_203' title='bbox 1656 1061 1829 1111; x_wconf 80' lang='lat' dir='ltr'>egrediar</span> <span class='ocrx_word' id='word_1_204' title='bbox 1850 1069 1937 1097; x_wconf 87' lang='lat' dir='ltr'>ante</span> <span class='ocrx_word' id='word_1_205' title='bbox 1958 1060 2070 1097; x_wconf 85' lang='lat' dir='ltr'>facies</span> <span class='ocrx_word' id='word_1_206' title='bbox 2091 1061 2355 1096; x_wconf 81' lang='lat' dir='ltr'>armatorum?</span> <span class='ocrx_word' id='word_1_207' title='bbox 2381 1067 2446 1096; x_wconf 88' lang='lat' dir='ltr'>aut</span> 
     </span>
    </p>
   </div>
   <div class='ocr_carea' id='block_1_8' title="bbox 367 1120 1383 2621">
    <p class='ocr_par' dir='ltr' id='par_1_10' title="bbox 367 1120 1381 2562">
     <span class='ocr_line' id='line_1_29' title="bbox 367 1120 1374 1182; baseline -0.015 -12"><span class='ocrx_word' id='word_1_208' title='bbox 367 1135 458 1179; x_wconf 86' lang='lat' dir='ltr'>hoc,</span> <span class='ocrx_word' id='word_1_209' title='bbox 481 1130 740 1182; x_wconf 79' lang='lat' dir='ltr'>principatum</span> <span class='ocrx_word' id='word_1_210' title='bbox 760 1135 908 1169; x_wconf 88' lang='lat' dir='ltr'>tenere,</span> <span class='ocrx_word' id='word_1_211' title='bbox 929 1132 966 1160; x_wconf 90' lang='lat' dir='ltr'>et</span> <span class='ocrx_word' id='word_1_212' title='bbox 988 1121 1240 1159; x_wconf 87' lang='lat' dir='ltr'>ministerium</span> <span class='ocrx_word' id='word_1_213' title='bbox 1262 1120 1374 1157; x_wconf 88' lang='lat' dir='ltr'>decli-</span> 
     </span>
     <span class='ocr_line' id='line_1_30' title="bbox 368 1182 1374 1231; baseline -0.015 0"><span class='ocrx_word' id='word_1_214' title='bbox 368 1195 486 1231; x_wconf 83' lang='lat' dir='ltr'>nare?</span> <span class='ocrx_word' id='word_1_215' title='bbox 516 1196 601 1229; x_wconf 84' lang='lat' dir='ltr'>Vox</span> <span class='ocrx_word' id='word_1_216' title='bbox 633 1186 830 1226; x_wconf 84' lang='lat' dir='ltr'>clamantis</span> <span class='ocrx_word' id='word_1_217' title='bbox 858 1200 865 1222; x_wconf 79' lang='grc' dir='ltr'>ε</span> <span class='ocrx_word' id='word_1_218' title='bbox 899 1201 914 1217; x_wconf 89' lang='grc'>«</span> <span class='ocrx_word' id='word_1_219' title='bbox 938 1184 1059 1222; x_wconf 89' lang='lat' dir='ltr'>Venio</span> <span class='ocrx_word' id='word_1_220' title='bbox 1094 1182 1374 1230; x_wconf 69' lang='lat' dir='ltr'>,lerosolymam</span> 
     </span>
     <span class='ocr_line' id='line_1_31' title="bbox 370 1241 1375 1297; baseline -0.014 -6"><span class='ocrx_word' id='word_1_221' title='bbox 370 1272 384 1286; x_wconf 87' lang='lat'>»</span> <span class='ocrx_word' id='word_1_222' title='bbox 404 1255 541 1291; x_wconf 89' lang='lat' dir='ltr'>iterum</span> <span class='ocrx_word' id='word_1_223' title='bbox 572 1248 741 1297; x_wconf 82' lang='lat' dir='ltr'>cruciligi</span> <span class='ocrx_word' id='word_1_224' title='bbox 759 1253 785 1283; x_wconf 86' lang='lat'>².</span> <span class='ocrx_word' id='word_1_225' title='bbox 806 1264 820 1279; x_wconf 89' lang='lat'>»</span> <span class='ocrx_word' id='word_1_226' title='bbox 849 1246 907 1282; x_wconf 87' lang='lat' dir='ltr'>Ad</span> <span class='ocrx_word' id='word_1_227' title='bbox 928 1257 1041 1295; x_wconf 90' lang='lat' dir='ltr'>quam</span> <span class='ocrx_word' id='word_1_228' title='bbox 1062 1256 1196 1280; x_wconf 79' lang='lat' dir='ltr'>vocem</span> <span class='ocrx_word' id='word_1_229' title='bbox 1224 1242 1291 1279; x_wconf 92' lang='lat' dir='ltr'>etsi</span> <span class='ocrx_word' id='word_1_230' title='bbox 1312 1241 1375 1278; x_wconf 85' lang='lat' dir='ltr'>alii</span> 
     </span>
     <span class='ocr_line' id='line_1_32' title="bbox 369 1302 1376 1365; baseline -0.015 -13"><span class='ocrx_word' id='word_1_231' title='bbox 369 1315 509 1365; x_wconf 87' lang='lat' dir='ltr'>tepidi,</span> <span class='ocrx_word' id='word_1_232' title='bbox 531 1312 592 1349; x_wconf 91' lang='lat' dir='ltr'>alii</span> <span class='ocrx_word' id='word_1_233' title='bbox 613 1319 651 1347; x_wconf 91' lang='lat' dir='ltr'>et</span> <span class='ocrx_word' id='word_1_234' title='bbox 673 1308 777 1346; x_wconf 90' lang='lat' dir='ltr'>surdi</span> <span class='ocrx_word' id='word_1_235' title='bbox 799 1308 895 1352; x_wconf 86' lang='lat' dir='ltr'>sint;</span> <span class='ocrx_word' id='word_1_236' title='bbox 917 1304 1126 1342; x_wconf 86' lang='lat' dir='ltr'>successori</span> <span class='ocrx_word' id='word_1_237' title='bbox 1147 1303 1249 1340; x_wconf 87' lang='lat' dir='ltr'>Petri</span> <span class='ocrx_word' id='word_1_238' title='bbox 1270 1302 1376 1339; x_wconf 89' lang='lat' dir='ltr'>dissi-</span> 
     </span>
     <span class='ocr_line' id='line_1_33' title="bbox 370 1366 1374 1418; baseline -0.014 -6"><span class='ocrx_word' id='word_1_239' title='bbox 370 1376 515 1412; x_wconf 88' lang='lat' dir='ltr'>mulare</span> <span class='ocrx_word' id='word_1_240' title='bbox 533 1385 609 1409; x_wconf 93' lang='lat' dir='ltr'>non</span> <span class='ocrx_word' id='word_1_241' title='bbox 632 1372 731 1407; x_wconf 89' lang='lat' dir='ltr'>licet.</span> <span class='ocrx_word' id='word_1_242' title='bbox 750 1373 949 1418; x_wconf 83' lang='lat' dir='ltr'>Loquetur</span> <span class='ocrx_word' id='word_1_243' title='bbox 965 1374 1002 1402; x_wconf 84' lang='lat' dir='ltr'>et</span> <span class='ocrx_word' id='word_1_244' title='bbox 1023 1366 1123 1415; x_wconf 90' lang='lat' dir='ltr'>ipse,</span> <span class='ocrx_word' id='word_1_245' title='bbox 1147 1367 1229 1400; x_wconf 78' lang='lat' dir='ltr'>Etsi</span> <span class='ocrx_word' id='word_1_246' title='bbox 1249 1377 1374 1399; x_wconf 70' lang='lat' dir='ltr'>omnes</span> 
     </span>
     <span class='ocr_line' id='line_1_34' title="bbox 367 1422 1375 1477; baseline -0.01 -8"><span class='ocrx_word' id='word_1_247' title='bbox 367 1430 780 1477; x_wconf 71' lang='lat' dir='ltr'>scaudalizatifitcrint,</span> <span class='ocrx_word' id='word_1_248' title='bbox 796 1430 865 1463; x_wconf 64' lang='lat' dir='ltr'>scd</span> <span class='ocrx_word' id='word_1_249' title='bbox 875 1441 948 1463; x_wconf 80' lang='lat' dir='ltr'>mm</span> <span class='ocrx_word' id='word_1_250' title='bbox 963 1440 1029 1474; x_wconf 78' lang='lat' dir='ltr'>ego</span> <span class='ocrx_word' id='word_1_251' title='bbox 1040 1424 1071 1462; x_wconf 81' lang='lat'>3:</span> <span class='ocrx_word' id='word_1_252' title='bbox 1089 1438 1158 1460; x_wconf 87' lang='lat' dir='ltr'>nee</span> <span class='ocrx_word' id='word_1_253' title='bbox 1171 1422 1375 1460; x_wconf 88' lang='lat' dir='ltr'>terrebitur</span> 
     </span>
     <span class='ocr_line' id='line_1_35' title="bbox 369 1484 1374 1542; baseline -0.011 -12"><span class='ocrx_word' id='word_1_254' title='bbox 369 1493 518 1530; x_wconf 89' lang='lat' dir='ltr'>damnis</span> <span class='ocrx_word' id='word_1_255' title='bbox 540 1490 679 1542; x_wconf 89' lang='lat' dir='ltr'>prioris</span> <span class='ocrx_word' id='word_1_256' title='bbox 707 1488 916 1533; x_wconf 76' lang='lat' dir='ltr'>exercitus,</span> <span class='ocrx_word' id='word_1_257' title='bbox 940 1485 1078 1536; x_wconf 88' lang='lat' dir='ltr'>quibus</span> <span class='ocrx_word' id='word_1_258' title='bbox 1107 1484 1223 1534; x_wconf 77' lang='lat' dir='ltr'>magis</span> <span class='ocrx_word' id='word_1_259' title='bbox 1251 1497 1374 1520; x_wconf 89' lang='lat' dir='ltr'>resar-</span> 
     </span>
     <span class='ocr_line' id='line_1_36' title="bbox 368 1543 1376 1600; baseline -0.011 -10"><span class='ocrx_word' id='word_1_260' title='bbox 368 1552 512 1590; x_wconf 83' lang='lat' dir='ltr'>ciendis</span> <span class='ocrx_word' id='word_1_261' title='bbox 532 1562 687 1600; x_wconf 88' lang='lat' dir='ltr'>operam</span> <span class='ocrx_word' id='word_1_262' title='bbox 707 1547 823 1584; x_wconf 85' lang='lat' dir='ltr'>dabit.</span> <span class='ocrx_word' id='word_1_263' title='bbox 845 1544 1041 1595; x_wconf 73' lang='lat' dir='ltr'>Numquid</span> <span class='ocrx_word' id='word_1_264' title='bbox 1061 1545 1148 1581; x_wconf 89' lang='lat' dir='ltr'>ideo</span> <span class='ocrx_word' id='word_1_265' title='bbox 1166 1557 1243 1581; x_wconf 90' lang='lat' dir='ltr'>non</span> <span class='ocrx_word' id='word_1_266' title='bbox 1262 1543 1376 1580; x_wconf 88' lang='lat' dir='ltr'>dehet</span> 
     </span>
     <span class='ocr_line' id='line_1_37' title="bbox 371 1602 1375 1658; baseline -0.012 -8"><span class='ocrx_word' id='word_1_267' title='bbox 371 1614 493 1650; x_wconf 88' lang='lat' dir='ltr'>facere</span> <span class='ocrx_word' id='word_1_268' title='bbox 514 1612 631 1647; x_wconf 90' lang='lat' dir='ltr'>homo</span> <span class='ocrx_word' id='word_1_269' title='bbox 652 1608 757 1658; x_wconf 88' lang='lat' dir='ltr'>quod</span> <span class='ocrx_word' id='word_1_270' title='bbox 778 1607 912 1652; x_wconf 85' lang='lat' dir='ltr'>debet,</span> <span class='ocrx_word' id='word_1_271' title='bbox 934 1605 1024 1655; x_wconf 91' lang='lat' dir='ltr'>quia</span> <span class='ocrx_word' id='word_1_272' title='bbox 1041 1608 1144 1642; x_wconf 89' lang='lat' dir='ltr'>Deus</span> <span class='ocrx_word' id='word_1_273' title='bbox 1163 1604 1250 1640; x_wconf 89' lang='lat' dir='ltr'>facit</span> <span class='ocrx_word' id='word_1_274' title='bbox 1271 1602 1375 1652; x_wconf 90' lang='lat' dir='ltr'>quod</span> 
     </span>
     <span class='ocr_line' id='line_1_38' title="bbox 369 1664 1379 1721; baseline -0.011 -11"><span class='ocrx_word' id='word_1_275' title='bbox 369 1674 479 1710; x_wconf 79' lang='lat' dir='ltr'>vult?</span> <span class='ocrx_word' id='word_1_276' title='bbox 498 1676 578 1721; x_wconf 80' lang='lat' dir='ltr'>Ego</span> <span class='ocrx_word' id='word_1_277' title='bbox 595 1683 688 1707; x_wconf 80' lang='lat' dir='ltr'>vero</span> <span class='ocrx_word' id='word_1_278' title='bbox 712 1682 783 1719; x_wconf 86' lang='lat' dir='ltr'>pro</span> <span class='ocrx_word' id='word_1_279' title='bbox 801 1667 914 1704; x_wconf 89' lang='lat' dir='ltr'>tantis</span> <span class='ocrx_word' id='word_1_280' title='bbox 935 1666 1056 1712; x_wconf 86' lang='lat' dir='ltr'>malis,</span> <span class='ocrx_word' id='word_1_281' title='bbox 1080 1674 1262 1715; x_wconf 83' lang='lat' dir='ltr'>tanquam</span> <span class='ocrx_word' id='word_1_282' title='bbox 1279 1664 1379 1700; x_wconf 89' lang='lat' dir='ltr'>chri—</span> 
     </span>
     <span class='ocr_line' id='line_1_39' title="bbox 371 1724 1378 1776; baseline -0.012 -6"><span class='ocrx_word' id='word_1_283' title='bbox 371 1733 517 1770; x_wconf 89' lang='lat' dir='ltr'>stianus</span> <span class='ocrx_word' id='word_1_284' title='bbox 549 1739 586 1767; x_wconf 90' lang='lat' dir='ltr'>et</span> <span class='ocrx_word' id='word_1_285' title='bbox 618 1729 759 1774; x_wconf 88' lang='lat' dir='ltr'>fidelis,</span> <span class='ocrx_word' id='word_1_286' title='bbox 788 1727 945 1764; x_wconf 88' lang='lat' dir='ltr'>meliora</span> <span class='ocrx_word' id='word_1_287' title='bbox 972 1724 1158 1776; x_wconf 86' lang='lat' dir='ltr'>sperabo,</span> <span class='ocrx_word' id='word_1_288' title='bbox 1190 1732 1228 1760; x_wconf 89' lang='lat' dir='ltr'>et</span> <span class='ocrx_word' id='word_1_289' title='bbox 1264 1735 1378 1759; x_wconf 91' lang='lat' dir='ltr'>omne</span> 
     </span>
     <span class='ocr_line' id='line_1_40' title="bbox 369 1784 1378 1843; baseline -0.011 -14"><span class='ocrx_word' id='word_1_290' title='bbox 369 1792 550 1843; x_wconf 79' lang='lat' dir='ltr'>gaudium</span> <span class='ocrx_word' id='word_1_291' title='bbox 572 1788 790 1834; x_wconf 65' lang='lat' dir='ltr'>aestimabo,</span> <span class='ocrx_word' id='word_1_292' title='bbox 812 1787 918 1837; x_wconf 89' lang='lat' dir='ltr'>quod</span> <span class='ocrx_word' id='word_1_293' title='bbox 943 1787 982 1823; x_wconf 86' lang='lat' dir='ltr'>in</span> <span class='ocrx_word' id='word_1_294' title='bbox 1002 1785 1126 1822; x_wconf 81' lang='lat' dir='ltr'>varias</span> <span class='ocrx_word' id='word_1_295' title='bbox 1148 1784 1378 1820; x_wconf 89' lang='lat' dir='ltr'>tentationes</span> 
     </span>
     <span class='ocr_line' id='line_1_41' title="bbox 368 1843 1376 1898; baseline -0.011 -8"><span class='ocrx_word' id='word_1_296' title='bbox 368 1853 571 1890; x_wconf 86' lang='lat' dir='ltr'>incidimus</span> <span class='ocrx_word' id='word_1_297' title='bbox 586 1852 612 1887; x_wconf 78' lang='lat'>⁴&#39;.</span> <span class='ocrx_word' id='word_1_298' title='bbox 634 1854 782 1888; x_wconf 79' lang='lat' dir='ltr'>Revera</span> <span class='ocrx_word' id='word_1_299' title='bbox 800 1860 938 1898; x_wconf 90' lang='lat' dir='ltr'>panem</span> <span class='ocrx_word' id='word_1_300' title='bbox 961 1845 1106 1883; x_wconf 88' lang='lat' dir='ltr'>doloris</span> <span class='ocrx_word' id='word_1_301' title='bbox 1127 1843 1376 1889; x_wconf 86' lang='lat' dir='ltr'>comedimus,</span> 
     </span>
     <span class='ocr_line' id='line_1_42' title="bbox 369 1903 1378 1963; baseline -0.012 -13"><span class='ocrx_word' id='word_1_302' title='bbox 369 1922 406 1950; x_wconf 91' lang='lat' dir='ltr'>et</span> <span class='ocrx_word' id='word_1_303' title='bbox 427 1913 546 1963; x_wconf 90' lang='lat' dir='ltr'>potati</span> <span class='ocrx_word' id='word_1_304' title='bbox 567 1923 697 1948; x_wconf 89' lang='lat' dir='ltr'>sumus</span> <span class='ocrx_word' id='word_1_305' title='bbox 723 1910 815 1945; x_wconf 76' lang='lat' dir='ltr'>vino</span> <span class='ocrx_word' id='word_1_306' title='bbox 837 1905 1156 1957; x_wconf 88' lang='lat' dir='ltr'>compunctionis.</span> <span class='ocrx_word' id='word_1_307' title='bbox 1181 1904 1281 1953; x_wconf 87' lang='lat' dir='ltr'>Quid</span> <span class='ocrx_word' id='word_1_308' title='bbox 1302 1903 1378 1939; x_wconf 85' lang='lat' dir='ltr'>dif-</span> 
     </span>
     <span class='ocr_line' id='line_1_43' title="bbox 371 1964 1376 2020; baseline -0.012 -10"><span class='ocrx_word' id='word_1_309' title='bbox 371 1974 454 2010; x_wconf 82' lang='lat' dir='ltr'>fidis</span> <span class='ocrx_word' id='word_1_310' title='bbox 467 2003 475 2019; x_wconf 89' lang='lat'>‚</span> <span class='ocrx_word' id='word_1_311' title='bbox 494 1972 612 2009; x_wconf 90' lang='lat' dir='ltr'>amice</span> <span class='ocrx_word' id='word_1_312' title='bbox 634 1970 785 2020; x_wconf 87' lang='lat' dir='ltr'>sponsi,</span> <span class='ocrx_word' id='word_1_313' title='bbox 805 1968 913 2018; x_wconf 82' lang='lat' dir='ltr'>quasi</span> <span class='ocrx_word' id='word_1_314' title='bbox 933 1980 1011 2004; x_wconf 92' lang='lat' dir='ltr'>non</span> <span class='ocrx_word' id='word_1_315' title='bbox 1026 1978 1133 2002; x_wconf 88' lang='lat' dir='ltr'>more</span> <span class='ocrx_word' id='word_1_316' title='bbox 1154 1978 1222 2001; x_wconf 92' lang='lat' dir='ltr'>suo</span> <span class='ocrx_word' id='word_1_317' title='bbox 1243 1964 1376 2000; x_wconf 79' lang='lat' dir='ltr'>vinum</span> 
     </span>
     <span class='ocr_line' id='line_1_44' title="bbox 371 2025 1377 2078; baseline -0.011 -8"><span class='ocrx_word' id='word_1_318' title='bbox 371 2034 515 2070; x_wconf 87' lang='lat' dir='ltr'>bonum</span> <span class='ocrx_word' id='word_1_319' title='bbox 537 2030 745 2069; x_wconf 80' lang='lat' dir='ltr'>servaverit</span> <span class='ocrx_word' id='word_1_320' title='bbox 764 2041 885 2078; x_wconf 89' lang='lat' dir='ltr'>usque</span> <span class='ocrx_word' id='word_1_321' title='bbox 907 2027 1030 2064; x_wconf 89' lang='lat' dir='ltr'>adhuc</span> <span class='ocrx_word' id='word_1_322' title='bbox 1051 2025 1237 2074; x_wconf 78' lang='lat' dir='ltr'>benignus</span> <span class='ocrx_word' id='word_1_323' title='bbox 1260 2032 1297 2060; x_wconf 88' lang='lat' dir='ltr'>et</span> <span class='ocrx_word' id='word_1_324' title='bbox 1318 2037 1377 2060; x_wconf 86' lang='lat' dir='ltr'>sa—</span> 
     </span>
     <span class='ocr_line' id='line_1_45' title="bbox 370 2084 1379 2144; baseline -0.013 -13"><span class='ocrx_word' id='word_1_325' title='bbox 370 2094 477 2144; x_wconf 86' lang='lat' dir='ltr'>piens</span> <span class='ocrx_word' id='word_1_326' title='bbox 498 2084 683 2143; x_wconf 71' lang='lat' dir='ltr'>sponsu&#39;s?</span> <span class='ocrx_word' id='word_1_327' title='bbox 704 2089 796 2138; x_wconf 87' lang='lat' dir='ltr'>Quis</span> <span class='ocrx_word' id='word_1_328' title='bbox 817 2089 886 2125; x_wconf 87' lang='lat' dir='ltr'>scit</span> <span class='ocrx_word' id='word_1_329' title='bbox 902 2088 932 2124; x_wconf 93' lang='lat' dir='ltr'>si</span> <span class='ocrx_word' id='word_1_330' title='bbox 950 2093 1198 2124; x_wconf 87' lang='lat' dir='ltr'>eonvertatur</span> <span class='ocrx_word' id='word_1_331' title='bbox 1215 2092 1252 2120; x_wconf 88' lang='lat' dir='ltr'>et</span> <span class='ocrx_word' id='word_1_332' title='bbox 1272 2084 1379 2132; x_wconf 83' lang='lat' dir='ltr'>igno-</span> 
     </span>
     <span class='ocr_line' id='line_1_46' title="bbox 371 2142 1377 2199; baseline -0.012 -8"><span class='ocrx_word' id='word_1_333' title='bbox 371 2163 448 2191; x_wconf 86' lang='lat' dir='ltr'>scat</span> <span class='ocrx_word' id='word_1_334' title='bbox 469 2158 567 2191; x_wconf 90' lang='lat' dir='ltr'>Deus</span> <span class='ocrx_word' id='word_1_335' title='bbox 581 2181 589 2197; x_wconf 91' lang='lat'>,</span> <span class='ocrx_word' id='word_1_336' title='bbox 608 2160 645 2189; x_wconf 86' lang='lat' dir='ltr'>et</span> <span class='ocrx_word' id='word_1_337' title='bbox 661 2151 851 2199; x_wconf 87' lang='lat' dir='ltr'>relinquat</span> <span class='ocrx_word' id='word_1_338' title='bbox 866 2156 952 2198; x_wconf 87' lang='lat' dir='ltr'>post</span> <span class='ocrx_word' id='word_1_339' title='bbox 966 2161 1004 2184; x_wconf 88' lang='lat' dir='ltr'>se</span> <span class='ocrx_word' id='word_1_340' title='bbox 1020 2142 1377 2183; x_wconf 81' lang='lat' dir='ltr'>benedictionem5?</span> 
     </span>
     <span class='ocr_line' id='line_1_47' title="bbox 370 2203 1379 2261; baseline -0.012 -10"><span class='ocrx_word' id='word_1_341' title='bbox 370 2218 417 2251; x_wconf 87' lang='lat' dir='ltr'>Et</span> <span class='ocrx_word' id='word_1_342' title='bbox 439 2222 539 2250; x_wconf 87' lang='lat' dir='ltr'>certe</span> <span class='ocrx_word' id='word_1_343' title='bbox 559 2213 611 2249; x_wconf 90' lang='lat' dir='ltr'>sie</span> <span class='ocrx_word' id='word_1_344' title='bbox 631 2210 807 2261; x_wconf 84' lang='lat' dir='ltr'>operari,</span> <span class='ocrx_word' id='word_1_345' title='bbox 830 2209 881 2246; x_wconf 85' lang='lat' dir='ltr'>sic</span> <span class='ocrx_word' id='word_1_346' title='bbox 900 2207 1073 2257; x_wconf 87' lang='lat' dir='ltr'>judicare</span> <span class='ocrx_word' id='word_1_347' title='bbox 1093 2218 1260 2255; x_wconf 87' lang='lat' dir='ltr'>superna</span> <span class='ocrx_word' id='word_1_348' title='bbox 1277 2203 1379 2240; x_wconf 87' lang='lat' dir='ltr'>divi-</span> 
     </span>
     <span class='ocr_line' id='line_1_48' title="bbox 371 2264 1380 2319; baseline -0.011 -7"><span class='ocrx_word' id='word_1_349' title='bbox 371 2276 468 2311; x_wconf 86' lang='lat' dir='ltr'>nitas</span> <span class='ocrx_word' id='word_1_350' title='bbox 485 2274 581 2310; x_wconf 88' lang='lat' dir='ltr'>solet</span> <span class='ocrx_word' id='word_1_351' title='bbox 598 2287 605 2308; x_wconf 91' lang='lat'>:</span> <span class='ocrx_word' id='word_1_352' title='bbox 624 2270 757 2309; x_wconf 91' lang='lat' dir='ltr'>scienti</span> <span class='ocrx_word' id='word_1_353' title='bbox 772 2270 923 2319; x_wconf 91' lang='lat' dir='ltr'>loquor.</span> <span class='ocrx_word' id='word_1_354' title='bbox 942 2266 1104 2316; x_wconf 87' lang='lat' dir='ltr'>Quando</span> <span class='ocrx_word' id='word_1_355' title='bbox 1122 2278 1257 2315; x_wconf 84' lang='lat' dir='ltr'>magna</span> <span class='ocrx_word' id='word_1_356' title='bbox 1277 2264 1380 2301; x_wconf 88' lang='lat' dir='ltr'>bona</span> 
     </span>
     <span class='ocr_line' id='line_1_49' title="bbox 372 2333 1379 2383; baseline -0.012 -12"><span class='ocrx_word' id='word_1_357' title='bbox 372 2333 595 2371; x_wconf 89' lang='lat' dir='ltr'>mortalibus</span> <span class='ocrx_word' id='word_1_358' title='bbox 613 2337 896 2383; x_wconf 79' lang='lat' dir='ltr'>provenerunt,</span> <span class='ocrx_word' id='word_1_359' title='bbox 918 2341 1002 2378; x_wconf 86' lang='lat' dir='ltr'>quae</span> <span class='ocrx_word' id='word_1_360' title='bbox 1025 2340 1103 2363; x_wconf 91' lang='lat' dir='ltr'>non</span> <span class='ocrx_word' id='word_1_361' title='bbox 1126 2338 1261 2375; x_wconf 76' lang='lat' dir='ltr'>magna</span> <span class='ocrx_word' id='word_1_362' title='bbox 1278 2337 1379 2375; x_wconf 83' lang='lat' dir='ltr'>prae-</span> 
     </span>
     <span class='ocr_line' id='line_1_50' title="bbox 372 2393 1381 2436; baseline -0.01 -6"><span class='ocrx_word' id='word_1_363' title='bbox 372 2394 549 2432; x_wconf 80' lang='lat' dir='ltr'>venerint</span> <span class='ocrx_word' id='word_1_364' title='bbox 566 2393 691 2430; x_wconf 83' lang='lat' dir='ltr'>mala?</span> <span class='ocrx_word' id='word_1_365' title='bbox 712 2395 827 2436; x_wconf 65' lang='lat' dir='ltr'>Nam,</span> <span class='ocrx_word' id='word_1_366' title='bbox 851 2398 892 2426; x_wconf 92' lang='lat' dir='ltr'>ut</span> <span class='ocrx_word' id='word_1_367' title='bbox 910 2397 1044 2425; x_wconf 81' lang='lat' dir='ltr'>caetera</span> <span class='ocrx_word' id='word_1_368' title='bbox 1062 2395 1204 2423; x_wconf 89' lang='lat' dir='ltr'>taceam</span> <span class='ocrx_word' id='word_1_369' title='bbox 1219 2415 1228 2432; x_wconf 95' lang='lat'>,</span> <span class='ocrx_word' id='word_1_370' title='bbox 1251 2397 1381 2422; x_wconf 91' lang='lat' dir='ltr'>nonne</span> 
     </span>
     <span class='ocr_line' id='line_1_51' title="bbox 372 2447 1381 2499; baseline -0.01 -8"><span class='ocrx_word' id='word_1_371' title='bbox 372 2454 465 2491; x_wconf 93' lang='lat' dir='ltr'>illud</span> <span class='ocrx_word' id='word_1_372' title='bbox 495 2454 651 2490; x_wconf 88' lang='lat' dir='ltr'>unicum</span> <span class='ocrx_word' id='word_1_373' title='bbox 681 2460 718 2487; x_wconf 88' lang='lat' dir='ltr'>et</span> <span class='ocrx_word' id='word_1_374' title='bbox 752 2450 942 2499; x_wconf 80' lang='lat' dir='ltr'>singulare</span> <span class='ocrx_word' id='word_1_375' title='bbox 976 2447 1205 2485; x_wconf 84' lang='lat' dir='ltr'>beneficium</span> <span class='ocrx_word' id='word_1_376' title='bbox 1240 2454 1381 2482; x_wconf 85' lang='lat' dir='ltr'>nostrae</span> 
     </span>
     <span class='ocr_line' id='line_1_52' title="bbox 372 2507 1099 2562; baseline -0.011 -11"><span class='ocrx_word' id='word_1_377' title='bbox 372 2514 504 2551; x_wconf 87' lang='lat' dir='ltr'>salutis</span> <span class='ocrx_word' id='word_1_378' title='bbox 528 2511 720 2562; x_wconf 87' lang='lat' dir='ltr'>praeeessit</span> <span class='ocrx_word' id='word_1_379' title='bbox 740 2523 842 2546; x_wconf 88' lang='lat' dir='ltr'>mors</span> <span class='ocrx_word' id='word_1_380' title='bbox 863 2507 1099 2547; x_wconf 79' lang='lat' dir='ltr'>Salvatoris?</span> 
     </span>
    </p>

    <p class='ocr_par' dir='ltr' id='par_1_11' title="bbox 427 2565 1383 2621">
     <span class='ocr_line' id='line_1_53' title="bbox 427 2565 1383 2621; baseline -0.01 -11"><span class='ocrx_word' id='word_1_381' title='bbox 427 2575 462 2611; x_wconf 89' lang='lat'>3.</span> <span class='ocrx_word' id='word_1_382' title='bbox 484 2577 541 2610; x_wconf 91' lang='lat' dir='ltr'>Tu</span> <span class='ocrx_word' id='word_1_383' title='bbox 561 2585 673 2621; x_wconf 80' lang='lat' dir='ltr'>ergo,</span> <span class='ocrx_word' id='word_1_384' title='bbox 699 2570 818 2607; x_wconf 90' lang='lat' dir='ltr'>amice</span> <span class='ocrx_word' id='word_1_385' title='bbox 841 2569 990 2618; x_wconf 87' lang='lat' dir='ltr'>sponsi,</span> <span class='ocrx_word' id='word_1_386' title='bbox 1013 2567 1177 2604; x_wconf 89' lang='lat' dir='ltr'>amicum</span> <span class='ocrx_word' id='word_1_387' title='bbox 1199 2573 1235 2602; x_wconf 89' lang='lat' dir='ltr'>te</span> <span class='ocrx_word' id='word_1_388' title='bbox 1256 2565 1294 2601; x_wconf 91' lang='lat' dir='ltr'>in</span> <span class='ocrx_word' id='word_1_389' title='bbox 1315 2577 1383 2600; x_wconf 91' lang='lat' dir='ltr'>ne-</span> 
     </span>
    </p>
   </div>
   <div class='ocr_carea' id='block_1_9' title="bbox 1440 1119 2453 1648">
    <p class='ocr_par' dir='ltr' id='par_1_12' title="bbox 1440 1119 2453 1648">
     <span class='ocr_line' id='line_1_54' title="bbox 1441 1119 2446 1172; baseline -0.002 -13"><span class='ocrx_word' id='word_1_390' title='bbox 1441 1122 1533 1172; x_wconf 89' lang='lat' dir='ltr'>quid</span> <span class='ocrx_word' id='word_1_391' title='bbox 1555 1130 1629 1159; x_wconf 88' lang='lat' dir='ltr'>tam</span> <span class='ocrx_word' id='word_1_392' title='bbox 1656 1130 1846 1158; x_wconf 89' lang='lat' dir='ltr'>remotum</span> <span class='ocrx_word' id='word_1_393' title='bbox 1867 1135 1887 1158; x_wconf 88' lang='lat' dir='ltr'>a</span> <span class='ocrx_word' id='word_1_394' title='bbox 1913 1120 2152 1171; x_wconf 87' lang='lat' dir='ltr'>professione</span> <span class='ocrx_word' id='word_1_395' title='bbox 2172 1132 2276 1165; x_wconf 90' lang='lat' dir='ltr'>mea,</span> <span class='ocrx_word' id='word_1_396' title='bbox 2299 1119 2446 1157; x_wconf 86' lang='lat' dir='ltr'>etiamsi</span> 
     </span>
     <span class='ocr_line' id='line_1_55' title="bbox 1443 1178 2449 1233; baseline -0.003 -14"><span class='ocrx_word' id='word_1_397' title='bbox 1443 1183 1541 1219; x_wconf 86' lang='lat' dir='ltr'>vires</span> <span class='ocrx_word' id='word_1_398' title='bbox 1559 1191 1830 1233; x_wconf 81' lang='lat' dir='ltr'>suppeterent,</span> <span class='ocrx_word' id='word_1_399' title='bbox 1856 1181 2002 1218; x_wconf 88' lang='lat' dir='ltr'>etiamsi</span> <span class='ocrx_word' id='word_1_400' title='bbox 2018 1180 2153 1231; x_wconf 83' lang='lat' dir='ltr'>peritia</span> <span class='ocrx_word' id='word_1_401' title='bbox 2178 1192 2258 1216; x_wconf 88' lang='lat' dir='ltr'>non</span> <span class='ocrx_word' id='word_1_402' title='bbox 2279 1178 2449 1216; x_wconf 83' lang='lat' dir='ltr'>deesset?</span> 
     </span>
     <span class='ocr_line' id='line_1_56' title="bbox 1443 1240 2450 1293; baseline -0.005 -12"><span class='ocrx_word' id='word_1_403' title='bbox 1443 1244 1515 1282; x_wconf 91' lang='lat' dir='ltr'>Sed</span> <span class='ocrx_word' id='word_1_404' title='bbox 1544 1256 1668 1293; x_wconf 90' lang='lat' dir='ltr'>neque</span> <span class='ocrx_word' id='word_1_405' title='bbox 1697 1243 1769 1279; x_wconf 91' lang='lat' dir='ltr'>hoc</span> <span class='ocrx_word' id='word_1_406' title='bbox 1799 1255 1924 1279; x_wconf 90' lang='lat' dir='ltr'>meum</span> <span class='ocrx_word' id='word_1_407' title='bbox 1947 1250 2004 1278; x_wconf 93' lang='lat' dir='ltr'>est</span> <span class='ocrx_word' id='word_1_408' title='bbox 2024 1249 2189 1278; x_wconf 75' lang='lat' dir='ltr'>vestram</span> <span class='ocrx_word' id='word_1_409' title='bbox 2222 1240 2360 1276; x_wconf 88' lang='lat' dir='ltr'>docere</span> <span class='ocrx_word' id='word_1_410' title='bbox 2391 1253 2450 1277; x_wconf 88' lang='lat' dir='ltr'>sa-</span> 
     </span>
     <span class='ocr_line' id='line_1_57' title="bbox 1441 1299 2448 1354; baseline -0.004 -14"><span class='ocrx_word' id='word_1_411' title='bbox 1441 1303 1625 1354; x_wconf 88' lang='lat' dir='ltr'>pientiam</span> <span class='ocrx_word' id='word_1_412' title='bbox 1653 1318 1660 1340; x_wconf 91' lang='lat'>:</span> <span class='ocrx_word' id='word_1_413' title='bbox 1695 1303 1813 1339; x_wconf 90' lang='lat' dir='ltr'>nostis</span> <span class='ocrx_word' id='word_1_414' title='bbox 1834 1302 1914 1339; x_wconf 81' lang='lat' dir='ltr'>haec</span> <span class='ocrx_word' id='word_1_415' title='bbox 1935 1301 2075 1338; x_wconf 86' lang='lat' dir='ltr'>onmia.</span> <span class='ocrx_word' id='word_1_416' title='bbox 2097 1305 2261 1338; x_wconf 89' lang='lat' dir='ltr'>Tantum</span> <span class='ocrx_word' id='word_1_417' title='bbox 2288 1299 2448 1337; x_wconf 89' lang='lat' dir='ltr'>obsecro</span> 
     </span>
     <span class='ocr_line' id='line_1_58' title="bbox 1441 1358 2449 1414; baseline -0.005 -14"><span class='ocrx_word' id='word_1_418' title='bbox 1441 1377 1511 1414; x_wconf 90' lang='lat' dir='ltr'>per</span> <span class='ocrx_word' id='word_1_419' title='bbox 1532 1364 1635 1400; x_wconf 87' lang='lat' dir='ltr'>illam</span> <span class='ocrx_word' id='word_1_420' title='bbox 1656 1363 1877 1399; x_wconf 85' lang='lat' dir='ltr'>charitatem</span> <span class='ocrx_word' id='word_1_421' title='bbox 1891 1391 1900 1408; x_wconf 95' lang='lat'>,</span> <span class='ocrx_word' id='word_1_422' title='bbox 1921 1374 1997 1411; x_wconf 92' lang='lat' dir='ltr'>qua</span> <span class='ocrx_word' id='word_1_423' title='bbox 2024 1360 2116 1397; x_wconf 89' lang='lat' dir='ltr'>mihi</span> <span class='ocrx_word' id='word_1_424' title='bbox 2144 1359 2360 1410; x_wconf 88' lang='lat' dir='ltr'>specialiter</span> <span class='ocrx_word' id='word_1_425' title='bbox 2381 1358 2449 1396; x_wconf 88' lang='lat' dir='ltr'>de-</span> 
     </span>
     <span class='ocr_line' id='line_1_59' title="bbox 1441 1419 2449 1469; baseline -0.006 -8"><span class='ocrx_word' id='word_1_426' title='bbox 1441 1425 1584 1462; x_wconf 87' lang='lat' dir='ltr'>bitores</span> <span class='ocrx_word' id='word_1_427' title='bbox 1604 1424 1714 1469; x_wconf 87' lang='lat' dir='ltr'>estis,</span> <span class='ocrx_word' id='word_1_428' title='bbox 1739 1437 1786 1460; x_wconf 93' lang='lat' dir='ltr'>ne</span> <span class='ocrx_word' id='word_1_429' title='bbox 1810 1436 1869 1459; x_wconf 89' lang='lat' dir='ltr'>me</span> <span class='ocrx_word' id='word_1_430' title='bbox 1897 1422 2072 1459; x_wconf 88' lang='lat' dir='ltr'>humanis</span> <span class='ocrx_word' id='word_1_431' title='bbox 2092 1419 2356 1458; x_wconf 87' lang='lat' dir='ltr'>voluntatibus</span> <span class='ocrx_word' id='word_1_432' title='bbox 2379 1432 2449 1456; x_wconf 86' lang='lat' dir='ltr'>ex-</span> 
     </span>
     <span class='ocr_line' id='line_1_60' title="bbox 1440 1479 2452 1536; baseline -0.004 -16"><span class='ocrx_word' id='word_1_433' title='bbox 1440 1485 1611 1536; x_wconf 81' lang='lat' dir='ltr'>ponati53</span> <span class='ocrx_word' id='word_1_434' title='bbox 1634 1483 1721 1530; x_wconf 84' lang='lat' dir='ltr'>sed,</span> <span class='ocrx_word' id='word_1_435' title='bbox 1743 1484 1841 1521; x_wconf 90' lang='lat' dir='ltr'>sicut</span> <span class='ocrx_word' id='word_1_436' title='bbox 1858 1483 2101 1532; x_wconf 79' lang='lat' dir='ltr'>singulariter</span> <span class='ocrx_word' id='word_1_437' title='bbox 2117 1480 2228 1518; x_wconf 76' lang='lat' dir='ltr'>vobis</span> <span class='ocrx_word' id='word_1_438' title='bbox 2247 1479 2452 1527; x_wconf 84' lang='lat' dir='ltr'>incumbit,</span> 
     </span>
     <span class='ocr_line' id='line_1_61' title="bbox 1443 1539 2453 1594; baseline -0.005 -13"><span class='ocrx_word' id='word_1_439' title='bbox 1443 1544 1616 1581; x_wconf 77' lang='lat' dir='ltr'>divinum</span> <span class='ocrx_word' id='word_1_440' title='bbox 1635 1544 1834 1581; x_wconf 90' lang='lat' dir='ltr'>consilium</span> <span class='ocrx_word' id='word_1_441' title='bbox 1850 1542 2099 1594; x_wconf 87' lang='lat' dir='ltr'>perquiratis;</span> <span class='ocrx_word' id='word_1_442' title='bbox 2116 1549 2154 1578; x_wconf 88' lang='lat' dir='ltr'>et</span> <span class='ocrx_word' id='word_1_443' title='bbox 2169 1553 2326 1592; x_wconf 88' lang='lat' dir='ltr'>operam</span> <span class='ocrx_word' id='word_1_444' title='bbox 2342 1539 2453 1587; x_wconf 87' lang='lat' dir='ltr'>detis,</span> 
     </span>
     <span class='ocr_line' id='line_1_62' title="bbox 1444 1601 2307 1648; baseline -0.002 -9"><span class='ocrx_word' id='word_1_445' title='bbox 1444 1612 1486 1640; x_wconf 92' lang='lat' dir='ltr'>ut</span> <span class='ocrx_word' id='word_1_446' title='bbox 1506 1605 1602 1641; x_wconf 88' lang='lat' dir='ltr'>sicut</span> <span class='ocrx_word' id='word_1_447' title='bbox 1623 1605 1735 1641; x_wconf 88' lang='lat' dir='ltr'>fuerit</span> <span class='ocrx_word' id='word_1_448' title='bbox 1754 1604 1933 1640; x_wconf 88' lang='lat' dir='ltr'>voluntas</span> <span class='ocrx_word' id='word_1_449' title='bbox 1954 1603 1993 1639; x_wconf 88' lang='lat' dir='ltr'>in</span> <span class='ocrx_word' id='word_1_450' title='bbox 2014 1602 2134 1648; x_wconf 87' lang='lat' dir='ltr'>coelo,</span> <span class='ocrx_word' id='word_1_451' title='bbox 2157 1601 2211 1639; x_wconf 91' lang='lat' dir='ltr'>sic</span> <span class='ocrx_word' id='word_1_452' title='bbox 2232 1601 2307 1638; x_wconf 89' lang='lat' dir='ltr'>fiat.</span> 
     </span>
    </p>
   </div>
   <div class='ocr_carea' id='block_1_10' title="bbox 2185 1744 2456 1755">
    <p class='ocr_par' dir='ltr' id='par_1_13' title="bbox 2185 1744 2456 1755">
     <span class='ocr_line' id='line_1_63' title="bbox 2185 1744 2456 1755; baseline -0.007 0"><span class='ocrx_word' id='word_1_453' title='bbox 2185 1744 2456 1755; x_wconf 53' lang='lat' dir='ltr'>==s=sm===xn=ssx==</span> 
     </span>
    </p>
   </div>
   <div class='ocr_carea' id='block_1_11' title="bbox 1594 1865 2310 1929">
    <p class='ocr_par' dir='ltr' id='par_1_14' title="bbox 1594 1865 2310 1929">
     <span class='ocr_line' id='line_1_64' title="bbox 1594 1865 2310 1929; baseline -0.006 -1"><span class='ocrx_word' id='word_1_454' title='bbox 1594 1872 1912 1929; x_wconf 90' lang='lat' dir='ltr'>EPISTOL</span> <span class='ocrx_word' id='word_1_455' title='bbox 1924 1872 1966 1926; x_wconf 89' lang='lat' dir='ltr'><strong>A</strong></span> <span class='ocrx_word' id='word_1_456' title='bbox 2012 1870 2154 1928; x_wconf 86' lang='lat' dir='ltr'>CCL</span> <span class='ocrx_word' id='word_1_457' title='bbox 2166 1865 2310 1924; x_wconf 86' lang='lat' dir='ltr'>VII.e</span> 
     </span>
    </p>
   </div>
   <div class='ocr_carea' id='block_1_12' title="bbox 1570 2029 2334 2064">
    <p class='ocr_par' dir='ltr' id='par_1_15' title="bbox 1570 2029 2334 2064">
     <span class='ocr_line' id='line_1_65' title="bbox 1570 2029 2334 2064; baseline -0.004 -9"><span class='ocrx_word' id='word_1_458' title='bbox 1570 2034 1618 2055; x_wconf 68' lang='lat' dir='ltr'>AD</span> <span class='ocrx_word' id='word_1_459' title='bbox 1648 2033 1834 2064; x_wconf 76' lang='lat' dir='ltr'>EL&#39;MDEM,</span> <span class='ocrx_word' id='word_1_460' title='bbox 1867 2032 1939 2055; x_wconf 75' lang='lat' dir='ltr'>PRO</span> <span class='ocrx_word' id='word_1_461' title='bbox 1970 2031 2113 2054; x_wconf 68' lang='lat' dir='ltr'>FRATRE</span> <span class='ocrx_word' id='word_1_462' title='bbox 2142 2029 2334 2053; x_wconf 79' lang='lat' dir='ltr'>PHILIPPO.</span> 
     </span>
    </p>
   </div>
   <div class='ocr_carea' id='block_1_13' title="bbox 1446 2143 2458 2317">
    <p class='ocr_par' dir='ltr' id='par_1_16' title="bbox 1446 2143 2458 2317">
     <span class='ocr_line' id='line_1_66' title="bbox 1504 2143 2454 2197; baseline -0.004 -13"><span class='ocrx_word' id='word_1_463' title='bbox 1504 2149 1536 2184; x_wconf 93' lang='lat' dir='ltr'>l.</span> <span class='ocrx_word' id='word_1_464' title='bbox 1549 2151 1613 2184; x_wconf 90' lang='lat' dir='ltr'>Est</span> <span class='ocrx_word' id='word_1_465' title='bbox 1628 2147 1823 2197; x_wconf 83' lang='lat' dir='ltr'>negotium</span> <span class='ocrx_word' id='word_1_466' title='bbox 1841 2145 1945 2196; x_wconf 89' lang='lat' dir='ltr'>quod</span> <span class='ocrx_word' id='word_1_467' title='bbox 1961 2145 2107 2183; x_wconf 84' lang='lat' dir='ltr'>caeteris</span> <span class='ocrx_word' id='word_1_468' title='bbox 2122 2158 2200 2182; x_wconf 91' lang='lat' dir='ltr'>non</span> <span class='ocrx_word' id='word_1_469' title='bbox 2217 2143 2454 2190; x_wconf 68' lang='lat' dir='ltr'>miscemus‘,</span> 
     </span>
     <span class='ocr_line' id='line_1_67' title="bbox 1447 2204 2456 2257; baseline -0.003 -14"><span class='ocrx_word' id='word_1_470' title='bbox 1447 2208 1628 2257; x_wconf 88' lang='lat' dir='ltr'>quoniam</span> <span class='ocrx_word' id='word_1_471' title='bbox 1652 2207 1797 2243; x_wconf 82' lang='lat' dir='ltr'>caeteris</span> <span class='ocrx_word' id='word_1_472' title='bbox 1817 2206 1979 2256; x_wconf 85' lang='lat' dir='ltr'>amplius</span> <span class='ocrx_word' id='word_1_473' title='bbox 2001 2205 2118 2255; x_wconf 80' lang='lat' dir='ltr'>tangit</span> <span class='ocrx_word' id='word_1_474' title='bbox 2135 2213 2172 2242; x_wconf 91' lang='lat' dir='ltr'>et</span> <span class='ocrx_word' id='word_1_475' title='bbox 2189 2204 2291 2254; x_wconf 81' lang='lat' dir='ltr'>angit</span> <span class='ocrx_word' id='word_1_476' title='bbox 2306 2217 2377 2241; x_wconf 94' lang='lat' dir='ltr'>nos</span> <span class='ocrx_word' id='word_1_477' title='bbox 2389 2233 2398 2249; x_wconf 96' lang='lat'>,</span> <span class='ocrx_word' id='word_1_478' title='bbox 2419 2211 2456 2240; x_wconf 91' lang='lat' dir='ltr'>et</span> 
     </span>
     <span class='ocr_line' id='line_1_68' title="bbox 1446 2264 2458 2317; baseline -0.004 -13"><span class='ocrx_word' id='word_1_479' title='bbox 1446 2276 1531 2317; x_wconf 84' lang='lat' dir='ltr'>eget</span> <span class='ocrx_word' id='word_1_480' title='bbox 1543 2267 1723 2317; x_wconf 83' lang='lat' dir='ltr'>singulari</span> <span class='ocrx_word' id='word_1_481' title='bbox 1739 2266 1908 2316; x_wconf 86' lang='lat' dir='ltr'>propriae</span> <span class='ocrx_word' id='word_1_482' title='bbox 1921 2266 2043 2316; x_wconf 88' lang='lat' dir='ltr'>precis</span> <span class='ocrx_word' id='word_1_483' title='bbox 2057 2264 2245 2302; x_wconf 88' lang='lat' dir='ltr'>instantia.</span> <span class='ocrx_word' id='word_1_484' title='bbox 2261 2264 2458 2314; x_wconf 87' lang='lat' dir='ltr'>Philippus</span> 
     </span>
    </p>
   </div>
   <div class='ocr_carea' id='block_1_14' title="bbox 2489 0 2493 213">
    <p class='ocr_par' dir='ltr' id='par_1_17' title="bbox 2489 0 2493 213">
     <span class='ocr_line' id='line_1_69' title="bbox 2489 0 2492 76; baseline 0 -24"><span class='ocrx_word' id='word_1_485' title='bbox 2489 0 2492 76; x_wconf 58' lang='lat' dir='ltr'>i</span> 
     </span>
     <span class='ocr_line' id='line_1_70' title="bbox 2491 98 2493 138; baseline 0 0"><span class='ocrx_word' id='word_1_486' title='bbox 2491 98 2493 138; x_wconf 77' lang='lat' dir='ltr'>l</span> 
     </span>
     <span class='ocr_line' id='line_1_71' title="bbox 2492 163 2493 213; baseline 0 0"><span class='ocrx_word' id='word_1_487' title='bbox 2492 163 2493 213; x_wconf 66' lang='lat' dir='ltr'>l</span> 
     </span>
    </p>
   </div>
   <div class='ocr_carea' id='block_1_15' title="bbox 2494 411 2496 432">
    <p class='ocr_par' dir='ltr' id='par_1_18' title="bbox 2494 411 2496 432">
     <span class='ocr_line' id='line_1_72' title="bbox 2494 411 2496 432; baseline 0 0"><span class='ocrx_word' id='word_1_488' title='bbox 2494 411 2496 432; x_wconf 75' lang='lat' dir='ltr'>l</span> 
     </span>
    </p>
   </div>
   <div class='ocr_carea' id='block_1_16' title="bbox 2506 1687 2526 1730">
    <p class='ocr_par' dir='ltr' id='par_1_19' title="bbox 2506 1687 2526 1730">
     <span class='ocr_line' id='line_1_73' title="bbox 2506 1687 2508 1698; baseline 0 0"><span class='ocrx_word' id='word_1_489' title='bbox 2506 1687 2508 1698; x_wconf 86' lang='grc' dir='ltr'>ι</span> 
     </span>
     <span class='ocr_line' id='line_1_74' title="bbox 2506 1708 2526 1730; baseline -0.1 0"><span class='ocrx_word' id='word_1_490' title='bbox 2506 1708 2509 1730; x_wconf 79' lang='grc' dir='ltr'>Ι</span> <span class='ocrx_word' id='word_1_491' title='bbox 2524 1714 2526 1728; x_wconf 88' lang='grc' dir='ltr'>ι</span> 
     </span>
    </p>
   </div>
   <div class='ocr_carea' id='block_1_17' title="bbox 1448 2323 2512 2373">
    <p class='ocr_par' dir='ltr' id='par_1_20' title="bbox 1448 2323 2512 2373">
     <span class='ocr_line' id='line_1_75' title="bbox 1448 2323 2512 2373; baseline -0.004 -9"><span class='ocrx_word' id='word_1_492' title='bbox 1448 2336 1579 2364; x_wconf 88' lang='lat' dir='ltr'>noster</span> <span class='ocrx_word' id='word_1_493' title='bbox 1611 2341 1697 2364; x_wconf 86' lang='lat' dir='ltr'>cum</span> <span class='ocrx_word' id='word_1_494' title='bbox 1729 2340 1769 2363; x_wconf 90' lang='lat' dir='ltr'>se</span> <span class='ocrx_word' id='word_1_495' title='bbox 1799 2327 1998 2373; x_wconf 78' lang='lat' dir='ltr'>exaltavit,</span> <span class='ocrx_word' id='word_1_496' title='bbox 2030 2325 2250 2362; x_wconf 88' lang='lat' dir='ltr'>humiliatus</span> <span class='ocrx_word' id='word_1_497' title='bbox 2273 2333 2329 2361; x_wconf 90' lang='lat' dir='ltr'>est</span> <span class='ocrx_word' id='word_1_498' title='bbox 2356 2339 2363 2361; x_wconf 94' lang='lat'>:</span> <span class='ocrx_word' id='word_1_499' title='bbox 2393 2323 2457 2360; x_wconf 92' lang='lat' dir='ltr'>sed</span> <span class='ocrx_word' id='word_1_500' title='bbox 2510 2364 2512 2369; x_wconf 55' lang='lat'>.</span> 
     </span>
    </p>
   </div>
   <div class='ocr_carea' id='block_1_18' title="bbox 1448 2383 2459 2616">
    <p class='ocr_par' dir='ltr' id='par_1_21' title="bbox 1448 2383 2459 2616">
     <span class='ocr_line' id='line_1_76' title="bbox 1449 2383 2457 2433; baseline -0.004 -9"><span class='ocrx_word' id='word_1_501' title='bbox 1449 2401 1535 2425; x_wconf 93' lang='lat' dir='ltr'>cum</span> <span class='ocrx_word' id='word_1_502' title='bbox 1565 2401 1604 2424; x_wconf 92' lang='lat' dir='ltr'>se</span> <span class='ocrx_word' id='word_1_503' title='bbox 1638 2386 1875 2431; x_wconf 76' lang='lat' dir='ltr'>humiliavit,</span> <span class='ocrx_word' id='word_1_504' title='bbox 1909 2399 1987 2422; x_wconf 90' lang='lat' dir='ltr'>non</span> <span class='ocrx_word' id='word_1_505' title='bbox 2020 2393 2077 2422; x_wconf 88' lang='lat' dir='ltr'>est</span> <span class='ocrx_word' id='word_1_506' title='bbox 2107 2384 2294 2421; x_wconf 84' lang='lat' dir='ltr'>exaltatus</span> <span class='ocrx_word' id='word_1_507' title='bbox 2308 2412 2317 2429; x_wconf 89' lang='lat'><strong>‚</strong></span> <span class='ocrx_word' id='word_1_508' title='bbox 2350 2383 2457 2433; x_wconf 86' lang='lat' dir='ltr'>quasi</span> 
     </span>
     <span class='ocr_line' id='line_1_77' title="bbox 1448 2443 2459 2496; baseline -0.006 -12"><span class='ocrx_word' id='word_1_509' title='bbox 1448 2456 1655 2496; x_wconf 88' lang='lat' dir='ltr'>utrumque</span> <span class='ocrx_word' id='word_1_510' title='bbox 1670 2446 1812 2496; x_wconf 87' lang='lat' dir='ltr'>pariter</span> <span class='ocrx_word' id='word_1_511' title='bbox 1826 2446 2015 2483; x_wconf 89' lang='lat' dir='ltr'>Dominus</span> <span class='ocrx_word' id='word_1_512' title='bbox 2031 2457 2107 2481; x_wconf 91' lang='lat' dir='ltr'>non</span> <span class='ocrx_word' id='word_1_513' title='bbox 2124 2444 2281 2480; x_wconf 80' lang='lat' dir='ltr'>dixisset</span> <span class='ocrx_word' id='word_1_514' title='bbox 2294 2449 2321 2479; x_wconf 82' lang='lat'>7.</span> <span class='ocrx_word' id='word_1_515' title='bbox 2341 2443 2459 2492; x_wconf 76' lang='lat' dir='ltr'>Rigor</span> 
     </span>
     <span class='ocr_line' id='line_1_78' title="bbox 1449 2503 2458 2556; baseline -0.005 -12"><span class='ocrx_word' id='word_1_516' title='bbox 1449 2516 1523 2553; x_wconf 90' lang='lat' dir='ltr'>est,</span> <span class='ocrx_word' id='word_1_517' title='bbox 1545 2506 1611 2543; x_wconf 91' lang='lat' dir='ltr'>sed</span> <span class='ocrx_word' id='word_1_518' title='bbox 1633 2506 1714 2542; x_wconf 88' lang='lat' dir='ltr'>sinc</span> <span class='ocrx_word' id='word_1_519' title='bbox 1735 2505 2041 2556; x_wconf 74' lang='lat' dir='ltr'>dispensatione,</span> <span class='ocrx_word' id='word_1_520' title='bbox 2059 2504 2268 2554; x_wconf 86' lang='lat' dir='ltr'>judicium,</span> <span class='ocrx_word' id='word_1_521' title='bbox 2289 2503 2355 2540; x_wconf 85' lang='lat' dir='ltr'>sed</span> <span class='ocrx_word' id='word_1_522' title='bbox 2379 2503 2458 2540; x_wconf 84' lang='lat' dir='ltr'>sine</span> 
     </span>
     <span class='ocr_line' id='line_1_79' title="bbox 1450 2560 2458 2616; baseline -0.003 -14"><span class='ocrx_word' id='word_1_523' title='bbox 1450 2566 1722 2603; x_wconf 87' lang='lat' dir='ltr'>misericordia.</span> <span class='ocrx_word' id='word_1_524' title='bbox 1745 2565 1855 2602; x_wconf 88' lang='lat' dir='ltr'>Multi</span> <span class='ocrx_word' id='word_1_525' title='bbox 1883 2564 2014 2616; x_wconf 79' lang='lat' dir='ltr'>(quod</span> <span class='ocrx_word' id='word_1_526' title='bbox 2042 2563 2258 2614; x_wconf 83' lang='lat' dir='ltr'>negandum</span> <span class='ocrx_word' id='word_1_527' title='bbox 2282 2560 2458 2613; x_wconf 85' lang='lat' dir='ltr'>nonest)</span> 
     </span>
    </p>
   </div>
   <div class='ocr_carea' id='block_1_19' title="bbox 376 2623 2514 2682">
    <p class='ocr_par' dir='ltr' id='par_1_22' title="bbox 376 2623 2514 2682">
     <span class='ocr_line' id='line_1_80' title="bbox 376 2623 2514 2682; baseline -0.002 -18"><span class='ocrx_word' id='word_1_528' title='bbox 376 2634 546 2671; x_wconf 71' lang='lat' dir='ltr'>cessitate</span> <span class='ocrx_word' id='word_1_529' title='bbox 568 2631 745 2682; x_wconf 73' lang='lat' dir='ltr'>probato,</span> <span class='ocrx_word' id='word_1_530' title='bbox 769 2630 805 2668; x_wconf 85' lang='lat' dir='ltr'>Si</span> <span class='ocrx_word' id='word_1_531' title='bbox 827 2628 967 2678; x_wconf 73' lang='lat' dir='ltr'>triplici</span> <span class='ocrx_word' id='word_1_532' title='bbox 984 2628 1048 2663; x_wconf 89' lang='lat' dir='ltr'>illo</span> <span class='ocrx_word' id='word_1_533' title='bbox 1069 2638 1220 2670; x_wconf 86' lang='lat' dir='ltr'>amore,</span> <span class='ocrx_word' id='word_1_534' title='bbox 1241 2624 1287 2660; x_wconf 86' lang='lat' dir='ltr'>‹le</span> <span class='ocrx_word' id='word_1_535' title='bbox 1305 2637 1383 2673; x_wconf 91' lang='lat' dir='ltr'>quo</span> <span class='ocrx_word' id='word_1_536' title='bbox 1404 2635 1435 2668; x_wconf 90' lang='lat' dir='ltr'>D</span> <span class='ocrx_word' id='word_1_537' title='bbox 1452 2626 1503 2663; x_wconf 91' lang='lat' dir='ltr'>sic</span> <span class='ocrx_word' id='word_1_538' title='bbox 1524 2634 1845 2663; x_wconf 78' lang='lat' dir='ltr'>mensuraverunt</span> <span class='ocrx_word' id='word_1_539' title='bbox 1873 2640 1880 2662; x_wconf 91' lang='lat'><strong>:</strong></span> <span class='ocrx_word' id='word_1_540' title='bbox 1905 2625 1971 2662; x_wconf 90' lang='lat' dir='ltr'>sed</span> <span class='ocrx_word' id='word_1_541' title='bbox 2001 2626 2130 2662; x_wconf 92' lang='lat' dir='ltr'>nullus</span> <span class='ocrx_word' id='word_1_542' title='bbox 2160 2625 2212 2661; x_wconf 90' lang='lat' dir='ltr'>ita</span> <span class='ocrx_word' id='word_1_543' title='bbox 2241 2623 2314 2661; x_wconf 89' lang='lat' dir='ltr'>sibi</span> <span class='ocrx_word' id='word_1_544' title='bbox 2335 2623 2458 2660; x_wconf 91' lang='lat' dir='ltr'>voluit</span> <span class='ocrx_word' id='word_1_545' title='bbox 2511 2625 2514 2631; x_wconf 85' lang='lat'>&#39;</span> 
     </span>
    </p>
   </div>
   <div class='ocr_carea' id='block_1_20' title="bbox 377 2685 1387 3045">
    <p class='ocr_par' dir='ltr' id='par_1_23' title="bbox 377 2685 1387 3045">
     <span class='ocr_line' id='line_1_81' title="bbox 377 2685 1383 2741; baseline -0.011 -10"><span class='ocrx_word' id='word_1_546' title='bbox 377 2704 462 2731; x_wconf 87' lang='lat' dir='ltr'>tuus</span> <span class='ocrx_word' id='word_1_547' title='bbox 482 2694 738 2741; x_wconf 83' lang='lat' dir='ltr'>interrogatus</span> <span class='ocrx_word' id='word_1_548' title='bbox 759 2698 814 2726; x_wconf 88' lang='lat' dir='ltr'>est</span> <span class='ocrx_word' id='word_1_549' title='bbox 837 2685 1142 2739; x_wconf 38' lang='lat' dir='ltr'>praedecessor&amp;</span> <span class='ocrx_word' id='word_1_550' title='bbox 1167 2694 1206 2722; x_wconf 87' lang='lat' dir='ltr'>tu</span> <span class='ocrx_word' id='word_1_551' title='bbox 1229 2698 1383 2734; x_wconf 89' lang='lat' dir='ltr'>quoque</span> 
     </span>
     <span class='ocr_line' id='line_1_82' title="bbox 378 2745 1384 2799; baseline -0.008 -9"><span class='ocrx_word' id='word_1_552' title='bbox 378 2762 457 2790; x_wconf 81' lang='lat' dir='ltr'>toto</span> <span class='ocrx_word' id='word_1_553' title='bbox 479 2752 595 2789; x_wconf 86' lang='lat' dir='ltr'>corde</span> <span class='ocrx_word' id='word_1_554' title='bbox 609 2782 618 2799; x_wconf 87' lang='lat'>,</span> <span class='ocrx_word' id='word_1_555' title='bbox 649 2760 729 2788; x_wconf 88' lang='lat' dir='ltr'>tota</span> <span class='ocrx_word' id='word_1_556' title='bbox 750 2750 899 2795; x_wconf 89' lang='lat' dir='ltr'>anima,</span> <span class='ocrx_word' id='word_1_557' title='bbox 930 2756 1009 2784; x_wconf 84' lang='lat' dir='ltr'>tota</span> <span class='ocrx_word' id='word_1_558' title='bbox 1031 2747 1173 2784; x_wconf 87' lang='lat' dir='ltr'>virtute</span> <span class='ocrx_word' id='word_1_559' title='bbox 1194 2745 1384 2783; x_wconf 89' lang='lat' dir='ltr'>Christum</span> 
     </span>
     <span class='ocr_line' id='line_1_83' title="bbox 379 2805 1387 2862; baseline -0.008 -13"><span class='ocrx_word' id='word_1_560' title='bbox 379 2814 502 2862; x_wconf 76' lang='lat' dir='ltr'>diligis</span> <span class='ocrx_word' id='word_1_561' title='bbox 515 2842 524 2859; x_wconf 90' lang='lat'>,</span> <span class='ocrx_word' id='word_1_562' title='bbox 541 2821 581 2849; x_wconf 94' lang='lat' dir='ltr'>ut</span> <span class='ocrx_word' id='word_1_563' title='bbox 602 2819 773 2861; x_wconf 77' lang='lat' dir='ltr'>oportet,</span> <span class='ocrx_word' id='word_1_564' title='bbox 792 2810 885 2848; x_wconf 90' lang='lat' dir='ltr'>nihil</span> <span class='ocrx_word' id='word_1_565' title='bbox 906 2806 1117 2846; x_wconf 83' lang='lat' dir='ltr'>reservabis</span> <span class='ocrx_word' id='word_1_566' title='bbox 1132 2835 1141 2853; x_wconf 90' lang='lat'>‚</span> <span class='ocrx_word' id='word_1_567' title='bbox 1165 2806 1257 2843; x_wconf 92' lang='lat' dir='ltr'>nihil</span> <span class='ocrx_word' id='word_1_568' title='bbox 1279 2805 1387 2842; x_wconf 86' lang='lat' dir='ltr'>dissi-</span> 
     </span>
     <span class='ocr_line' id='line_1_84' title="bbox 379 2865 1386 2920; baseline -0.008 -11"><span class='ocrx_word' id='word_1_569' title='bbox 379 2872 542 2909; x_wconf 86' lang='lat' dir='ltr'>mulabis</span> <span class='ocrx_word' id='word_1_570' title='bbox 575 2872 613 2908; x_wconf 89' lang='lat' dir='ltr'>in</span> <span class='ocrx_word' id='word_1_571' title='bbox 650 2880 756 2908; x_wconf 88' lang='lat' dir='ltr'>tanto</span> <span class='ocrx_word' id='word_1_572' title='bbox 790 2870 963 2920; x_wconf 86' lang='lat' dir='ltr'>periculo</span> <span class='ocrx_word' id='word_1_573' title='bbox 996 2880 1145 2918; x_wconf 82' lang='lat' dir='ltr'>sponsae</span> <span class='ocrx_word' id='word_1_574' title='bbox 1166 2865 1248 2915; x_wconf 87' lang='lat' dir='ltr'>ejus</span> <span class='ocrx_word' id='word_1_575' title='bbox 1278 2881 1286 2902; x_wconf 90' lang='grc'>;</span> <span class='ocrx_word' id='word_1_576' title='bbox 1320 2865 1386 2903; x_wconf 87' lang='lat' dir='ltr'>sed</span> 
     </span>
     <span class='ocr_line' id='line_1_85' title="bbox 379 2925 1387 2983; baseline -0.008 -15"><span class='ocrx_word' id='word_1_577' title='bbox 379 2931 566 2983; x_wconf 86' lang='lat' dir='ltr'>quidquid</span> <span class='ocrx_word' id='word_1_578' title='bbox 593 2930 710 2967; x_wconf 88' lang='lat' dir='ltr'>habes</span> <span class='ocrx_word' id='word_1_579' title='bbox 739 2930 903 2973; x_wconf 76' lang='lat' dir='ltr'>virium,</span> <span class='ocrx_word' id='word_1_580' title='bbox 928 2926 1117 2977; x_wconf 87' lang='lat' dir='ltr'>quidquid</span> <span class='ocrx_word' id='word_1_581' title='bbox 1150 2926 1240 2971; x_wconf 87' lang='lat' dir='ltr'>zeli,</span> <span class='ocrx_word' id='word_1_582' title='bbox 1275 2925 1387 2975; x_wconf 86' lang='lat' dir='ltr'>quid-</span> 
     </span>
     <span class='ocr_line' id='line_1_86' title="bbox 379 2985 1387 3045; baseline -0.008 -17"><span class='ocrx_word' id='word_1_583' title='bbox 379 2991 469 3045; x_wconf 84' lang='lat' dir='ltr'>quid</span> <span class='ocrx_word' id='word_1_584' title='bbox 491 2989 778 3035; x_wconf 82' lang='lat' dir='ltr'>sollicitudinis,</span> <span class='ocrx_word' id='word_1_585' title='bbox 794 2987 981 3038; x_wconf 87' lang='lat' dir='ltr'>quidquid</span> <span class='ocrx_word' id='word_1_586' title='bbox 999 2986 1253 3031; x_wconf 84' lang='lat' dir='ltr'>auctoritatis,</span> <span class='ocrx_word' id='word_1_587' title='bbox 1274 2985 1387 3034; x_wconf 87' lang='lat' dir='ltr'>quid—</span> 
     </span>
    </p>
   </div>
   <div class='ocr_carea' id='block_1_21' title="bbox 1454 2683 2461 3036">
    <p class='ocr_par' dir='ltr' id='par_1_24' title="bbox 1454 2683 2461 3036">
     <span class='ocr_line' id='line_1_87' title="bbox 1456 2683 2459 2735; baseline -0.003 -13"><span class='ocrx_word' id='word_1_588' title='bbox 1456 2686 1680 2722; x_wconf 89' lang='lat' dir='ltr'>mcnsurari.</span> <span class='ocrx_word' id='word_1_589' title='bbox 1699 2686 1734 2722; x_wconf 87' lang='lat' dir='ltr'>Si</span> <span class='ocrx_word' id='word_1_590' title='bbox 1756 2693 1882 2722; x_wconf 90' lang='lat' dir='ltr'>autem</span> <span class='ocrx_word' id='word_1_591' title='bbox 1903 2685 1941 2722; x_wconf 93' lang='lat' dir='ltr'>in</span> <span class='ocrx_word' id='word_1_592' title='bbox 1962 2698 2037 2735; x_wconf 89' lang='lat' dir='ltr'>qua</span> <span class='ocrx_word' id='word_1_593' title='bbox 2052 2697 2231 2722; x_wconf 88' lang='lat' dir='ltr'>mensura</span> <span class='ocrx_word' id='word_1_594' title='bbox 2247 2683 2367 2721; x_wconf 89' lang='lat' dir='ltr'>mensi</span> <span class='ocrx_word' id='word_1_595' title='bbox 2384 2683 2459 2720; x_wconf 85' lang='lat' dir='ltr'>fue-</span> 
     </span>
     <span class='ocr_line' id='line_1_88' title="bbox 1455 2742 2459 2796; baseline -0.003 -14"><span class='ocrx_word' id='word_1_596' title='bbox 1455 2746 1592 2792; x_wconf 87' lang='lat' dir='ltr'>rimus,</span> <span class='ocrx_word' id='word_1_597' title='bbox 1621 2746 1844 2783; x_wconf 86' lang='lat' dir='ltr'>remetietur</span> <span class='ocrx_word' id='word_1_598' title='bbox 1873 2744 2033 2793; x_wconf 77' lang='lat' dir='ltr'>nobis83</span> <span class='ocrx_word' id='word_1_599' title='bbox 2064 2745 2137 2782; x_wconf 88' lang='lat' dir='ltr'>erit</span> <span class='ocrx_word' id='word_1_600' title='bbox 2160 2744 2335 2796; x_wconf 88' lang='lat' dir='ltr'>proseeto</span> <span class='ocrx_word' id='word_1_601' title='bbox 2353 2742 2459 2793; x_wconf 89' lang='lat' dir='ltr'>judi·</span> 
     </span>
     <span class='ocr_line' id='line_1_89' title="bbox 1455 2803 2461 2856; baseline -0.003 -13"><span class='ocrx_word' id='word_1_602' title='bbox 1455 2807 1553 2844; x_wconf 89' lang='lat' dir='ltr'>cium</span> <span class='ocrx_word' id='word_1_603' title='bbox 1569 2806 1649 2843; x_wconf 86' lang='lat' dir='ltr'>sine</span> <span class='ocrx_word' id='word_1_604' title='bbox 1674 2806 1932 2843; x_wconf 87' lang='lat' dir='ltr'>misericordia</span> <span class='ocrx_word' id='word_1_605' title='bbox 1950 2806 2008 2852; x_wconf 90' lang='lat' dir='ltr'>ei,</span> <span class='ocrx_word' id='word_1_606' title='bbox 2037 2805 2103 2856; x_wconf 88' lang='lat' dir='ltr'>qui</span> <span class='ocrx_word' id='word_1_607' title='bbox 2124 2818 2203 2842; x_wconf 88' lang='lat' dir='ltr'>non</span> <span class='ocrx_word' id='word_1_608' title='bbox 2230 2804 2360 2841; x_wconf 82' lang='lat' dir='ltr'>feeerit</span> <span class='ocrx_word' id='word_1_609' title='bbox 2388 2803 2461 2840; x_wconf 88' lang='lat' dir='ltr'>mi-</span> 
     </span>
     <span class='ocr_line' id='line_1_90' title="bbox 1455 2861 2460 2915; baseline -0.004 -12"><span class='ocrx_word' id='word_1_610' title='bbox 1455 2865 1712 2903; x_wconf 85' lang='lat' dir='ltr'>scricordiam.</span> <span class='ocrx_word' id='word_1_611' title='bbox 1747 2868 1874 2915; x_wconf 84' lang='lat' dir='ltr'>Capax</span> <span class='ocrx_word' id='word_1_612' title='bbox 1905 2874 1961 2902; x_wconf 89' lang='lat' dir='ltr'>est</span> <span class='ocrx_word' id='word_1_613' title='bbox 1983 2874 2108 2902; x_wconf 87' lang='lat' dir='ltr'>vester</span> <span class='ocrx_word' id='word_1_614' title='bbox 2139 2864 2376 2915; x_wconf 86' lang='lat' dir='ltr'>apostolatus</span> <span class='ocrx_word' id='word_1_615' title='bbox 2407 2861 2460 2899; x_wconf 85' lang='lat' dir='ltr'>rei</span> 
     </span>
     <span class='ocr_line' id='line_1_91' title="bbox 1454 2924 2460 2976; baseline -0.003 -13"><span class='ocrx_word' id='word_1_616' title='bbox 1454 2927 1676 2976; x_wconf 81' lang='lat' dir='ltr'>utriusque,</span> <span class='ocrx_word' id='word_1_617' title='bbox 1705 2935 1742 2963; x_wconf 83' lang='lat' dir='ltr'>ct</span> <span class='ocrx_word' id='word_1_618' title='bbox 1763 2927 1831 2963; x_wconf 83' lang='lat' dir='ltr'>zcli</span> <span class='ocrx_word' id='word_1_619' title='bbox 1851 2926 2018 2972; x_wconf 85' lang='lat' dir='ltr'>scilicet,</span> <span class='ocrx_word' id='word_1_620' title='bbox 2050 2934 2088 2963; x_wconf 86' lang='lat' dir='ltr'>et</span> <span class='ocrx_word' id='word_1_621' title='bbox 2121 2924 2385 2963; x_wconf 85' lang='lat' dir='ltr'>miserationis.</span> <span class='ocrx_word' id='word_1_622' title='bbox 2415 2926 2460 2961; x_wconf 89' lang='lat' dir='ltr'>Et</span> 
     </span>
     <span class='ocr_line' id='line_1_92' title="bbox 1455 2981 2460 3036; baseline -0.002 -14"><span class='ocrx_word' id='word_1_623' title='bbox 1455 2986 1581 3023; x_wconf 90' lang='lat' dir='ltr'>honor</span> <span class='ocrx_word' id='word_1_624' title='bbox 1607 2985 1762 3036; x_wconf 87' lang='lat' dir='ltr'>quidem</span> <span class='ocrx_word' id='word_1_625' title='bbox 1785 2984 1992 3036; x_wconf 88' lang='lat' dir='ltr'>majestatis</span> <span class='ocrx_word' id='word_1_626' title='bbox 2013 2985 2203 3036; x_wconf 91' lang='lat' dir='ltr'>judicium</span> <span class='ocrx_word' id='word_1_627' title='bbox 2229 2984 2376 3034; x_wconf 84' lang='lat' dir='ltr'>diligit:</span> <span class='ocrx_word' id='word_1_628' title='bbox 2395 2981 2460 3020; x_wconf 88' lang='lat' dir='ltr'>sed</span> 
     </span>
    </p>
   </div>
   <div class='ocr_carea' id='block_1_22' title="bbox 382 3118 2461 3219">
    <p class='ocr_par' dir='ltr' id='par_1_25' title="bbox 382 3118 2461 3219">
     <span class='ocr_line' id='line_1_93' title="bbox 431 3118 2461 3167; baseline -0.003 -8"><span class='ocrx_word' id='word_1_629' title='bbox 431 3135 441 3150; x_wconf 88' lang='lat'><em>¹</em></span> <span class='ocrx_word' id='word_1_630' title='bbox 463 3131 557 3160; x_wconf 87' lang='lat' dir='ltr'>Joan.</span> <span class='ocrx_word' id='word_1_631' title='bbox 586 3137 691 3164; x_wconf 79' lang='lat' dir='ltr'>xvux,</span> <span class='ocrx_word' id='word_1_632' title='bbox 715 3129 767 3158; x_wconf 88' lang='lat' dir='ltr'>lt.</span> <span class='ocrx_word' id='word_1_633' title='bbox 782 3143 826 3148; x_wconf 90' lang='lat'>-—</span> <span class='ocrx_word' id='word_1_634' title='bbox 843 3130 855 3146; x_wconf 86' lang='lat'><em>²</em></span> <span class='ocrx_word' id='word_1_635' title='bbox 873 3124 1062 3167; x_wconf 81' lang='lat' dir='ltr'>Egesippus,</span> <span class='ocrx_word' id='word_1_636' title='bbox 1085 3124 1123 3155; x_wconf 88' lang='lat' dir='ltr'>de</span> <span class='ocrx_word' id='word_1_637' title='bbox 1146 3123 1255 3155; x_wconf 80' lang='lat' dir='ltr'>Excid.</span> <span class='ocrx_word' id='word_1_638' title='bbox 1269 3123 1324 3154; x_wconf 91' lang='lat' dir='ltr'>lib.</span> <span class='ocrx_word' id='word_1_639' title='bbox 1352 3126 1370 3155; x_wconf 79' lang='lat'><strong>3</strong></span> <span class='ocrx_word' id='word_1_640' title='bbox 1386 3148 1394 3162; x_wconf 94' lang='lat'>,</span> <span class='ocrx_word' id='word_1_641' title='bbox 1417 3134 1486 3166; x_wconf 88' lang='lat' dir='ltr'>cap.</span> <span class='ocrx_word' id='word_1_642' title='bbox 1504 3128 1536 3156; x_wconf 88' lang='lat'>2.</span> <span class='ocrx_word' id='word_1_643' title='bbox 1556 3142 1599 3147; x_wconf 87' lang='lat'><em>-</em></span> <span class='ocrx_word' id='word_1_644' title='bbox 1616 3122 1629 3145; x_wconf 81' lang='lat'>3</span> <span class='ocrx_word' id='word_1_645' title='bbox 1643 3123 1760 3156; x_wconf 86' lang='lat' dir='ltr'>Mauh.</span> <span class='ocrx_word' id='word_1_646' title='bbox 1783 3135 1887 3162; x_wconf 71' lang='lat' dir='ltr'>xxvi,</span> <span class='ocrx_word' id='word_1_647' title='bbox 1904 3125 1960 3155; x_wconf 91' lang='grc'>33.</span> <span class='ocrx_word' id='word_1_648' title='bbox 1976 3123 2048 3150; x_wconf 62' lang='grc'>-4</span> <span class='ocrx_word' id='word_1_649' title='bbox 2067 3122 2178 3157; x_wconf 86' lang='lat' dir='ltr'>Jacobi</span> <span class='ocrx_word' id='word_1_650' title='bbox 2201 3133 2235 3161; x_wconf 84' lang='lat'>1,</span> <span class='ocrx_word' id='word_1_651' title='bbox 2256 3125 2286 3154; x_wconf 87' lang='lat'>2.</span> <span class='ocrx_word' id='word_1_652' title='bbox 2306 3139 2351 3146; x_wconf 88' lang='lat'>--</span> <span class='ocrx_word' id='word_1_653' title='bbox 2365 3118 2461 3153; x_wconf 79' lang='lat' dir='ltr'>⁵Joel</span> 
     </span>
     <span class='ocr_line' id='line_1_94' title="bbox 382 3175 2266 3219; baseline -0.005 -5"><span class='ocrx_word' id='word_1_654' title='bbox 382 3184 503 3219; x_wconf 75' lang='lat'>11,14.</span> <span class='ocrx_word' id='word_1_655' title='bbox 527 3198 571 3204; x_wconf 86' lang='lat'>--</span> <span class='ocrx_word' id='word_1_656' title='bbox 590 3179 714 3212; x_wconf 83' lang='lat' dir='ltr'>⁶J0an.</span> <span class='ocrx_word' id='word_1_657' title='bbox 731 3190 812 3217; x_wconf 73' lang='lat' dir='ltr'>xxi,</span> <span class='ocrx_word' id='word_1_658' title='bbox 834 3181 947 3210; x_wconf 69' lang='lat'>15-17.</span> <span class='ocrx_word' id='word_1_659' title='bbox 968 3197 1014 3201; x_wconf 83' lang='lat'><em>-</em></span> <span class='ocrx_word' id='word_1_660' title='bbox 1029 3185 1042 3209; x_wconf 91' lang='lat'><strong>7</strong></span> <span class='ocrx_word' id='word_1_661' title='bbox 1058 3177 1173 3210; x_wconf 79' lang='lat' dir='ltr'>Matth.</span> <span class='ocrx_word' id='word_1_662' title='bbox 1190 3188 1296 3214; x_wconf 80' lang='lat' dir='ltr'>xxm,</span> <span class='ocrx_word' id='word_1_663' title='bbox 1321 3180 1374 3209; x_wconf 88' lang='lat'>12.</span> <span class='ocrx_word' id='word_1_664' title='bbox 1393 3196 1436 3200; x_wconf 95' lang='lat'>-—</span> <span class='ocrx_word' id='word_1_665' title='bbox 1456 3175 1626 3215; x_wconf 83' lang='lat' dir='ltr'>⁸1d.v11‚</span> <span class='ocrx_word' id='word_1_666' title='bbox 1647 3180 1677 3208; x_wconf 91' lang='lat'>2.</span> <span class='ocrx_word' id='word_1_667' title='bbox 2263 3178 2266 3180; x_wconf 86' lang='lat'>&#39;</span> 
     </span>
    </p>
   </div>
   <div class='ocr_carea' id='block_1_23' title="bbox 429 3234 2320 3332">
    <p class='ocr_par' dir='ltr' id='par_1_26' title="bbox 429 3234 2320 3332">
     <span class='ocr_line' id='line_1_95' title="bbox 429 3234 2320 3283; baseline -0.004 -11"><span class='ocrx_word' id='word_1_668' title='bbox 429 3247 443 3263; x_wconf 77' lang='lat'>³</span> <span class='ocrx_word' id='word_1_669' title='bbox 462 3245 511 3273; x_wconf 84' lang='lat' dir='ltr'>De</span> <span class='ocrx_word' id='word_1_670' title='bbox 530 3240 646 3283; x_wconf 89' lang='lat' dir='ltr'>duplici</span> <span class='ocrx_word' id='word_1_671' title='bbox 662 3239 722 3270; x_wconf 92' lang='lat' dir='ltr'>hoc</span> <span class='ocrx_word' id='word_1_672' title='bbox 739 3238 841 3281; x_wconf 83' lang='lat' dir='ltr'>gladio</span> <span class='ocrx_word' id='word_1_673' title='bbox 857 3238 965 3279; x_wconf 81' lang='lat' dir='ltr'>legesis</span> <span class='ocrx_word' id='word_1_674' title='bbox 979 3237 1094 3268; x_wconf 86' lang='lat' dir='ltr'>librum</span> <span class='ocrx_word' id='word_1_675' title='bbox 1114 3244 1257 3279; x_wconf 87' lang='lat' dir='ltr'>quartum</span> <span class='ocrx_word' id='word_1_676' title='bbox 1276 3236 1315 3268; x_wconf 89' lang='lat' dir='ltr'>de</span> <span class='ocrx_word' id='word_1_677' title='bbox 1329 3237 1585 3268; x_wconf 86' lang='lat' dir='ltr'>Consideratione</span> <span class='ocrx_word' id='word_1_678' title='bbox 1597 3260 1604 3274; x_wconf 88' lang='lat'><em>‚</em></span> <span class='ocrx_word' id='word_1_679' title='bbox 1625 3246 1695 3278; x_wconf 83' lang='lat' dir='ltr'>cap.</span> <span class='ocrx_word' id='word_1_680' title='bbox 1714 3239 1732 3267; x_wconf 84' lang='lat'><strong>3</strong></span> <span class='ocrx_word' id='word_1_681' title='bbox 1747 3259 1755 3272; x_wconf 75' lang='grc'>,</span> <span class='ocrx_word' id='word_1_682' title='bbox 1778 3241 1807 3266; x_wconf 80' lang='lat' dir='ltr'>et</span> <span class='ocrx_word' id='word_1_683' title='bbox 1825 3234 1875 3267; x_wconf 81' lang='lat' dir='ltr'>Ad</span> <span class='ocrx_word' id='word_1_684' title='bbox 1895 3235 2013 3267; x_wconf 81' lang='lat' dir='ltr'>Milites</span> <span class='ocrx_word' id='word_1_685' title='bbox 2029 3234 2174 3278; x_wconf 85' lang='lat' dir='ltr'>Templi,</span> <span class='ocrx_word' id='word_1_686' title='bbox 2196 3245 2266 3278; x_wconf 80' lang='lat' dir='ltr'>cap.</span> <span class='ocrx_word' id='word_1_687' title='bbox 2289 3236 2320 3265; x_wconf 85' lang='lat'>2.</span> 
     </span>
     <span class='ocr_line' id='line_1_96' title="bbox 430 3286 2084 3332; baseline -0.003 -7"><span class='ocrx_word' id='word_1_688' title='bbox 430 3286 446 3309; x_wconf 76' lang='lat' dir='ltr'>b</span> <span class='ocrx_word' id='word_1_689' title='bbox 461 3297 508 3325; x_wconf 87' lang='lat' dir='ltr'>De</span> <span class='ocrx_word' id='word_1_690' title='bbox 524 3293 583 3324; x_wconf 90' lang='lat' dir='ltr'>hoc</span> <span class='ocrx_word' id='word_1_691' title='bbox 598 3297 773 3328; x_wconf 73' lang='lat' dir='ltr'>conventu,</span> <span class='ocrx_word' id='word_1_692' title='bbox 793 3291 845 3332; x_wconf 90' lang='lat' dir='ltr'>qui</span> <span class='ocrx_word' id='word_1_693' title='bbox 867 3301 950 3321; x_wconf 84' lang='lat' dir='ltr'>anno</span> <span class='ocrx_word' id='word_1_694' title='bbox 968 3294 974 3321; x_wconf 90' lang='grc' dir='ltr'>Ι</span> <span class='ocrx_word' id='word_1_695' title='bbox 990 3294 998 3321; x_wconf 90' lang='grc'>1</span> <span class='ocrx_word' id='word_1_696' title='bbox 1012 3293 1052 3321; x_wconf 67' lang='grc'>46</span> <span class='ocrx_word' id='word_1_697' title='bbox 1067 3296 1192 3321; x_wconf 79' lang='lat' dir='ltr'>coaetus</span> <span class='ocrx_word' id='word_1_698' title='bbox 1208 3296 1252 3321; x_wconf 75' lang='lat' dir='ltr'>est</span> <span class='ocrx_word' id='word_1_699' title='bbox 1267 3314 1273 3324; x_wconf 86' lang='grc'><em>,</em></span> <span class='ocrx_word' id='word_1_700' title='bbox 1294 3290 1431 3330; x_wconf 76' lang='lat' dir='ltr'>legendae</span> <span class='ocrx_word' id='word_1_701' title='bbox 1452 3289 1535 3321; x_wconf 79' lang='lat' dir='ltr'>Petri</span> <span class='ocrx_word' id='word_1_702' title='bbox 1546 3288 1744 3321; x_wconf 83' lang='lat' dir='ltr'>Venerabilis</span> <span class='ocrx_word' id='word_1_703' title='bbox 1759 3294 1789 3319; x_wconf 88' lang='lat' dir='ltr'>et</span> <span class='ocrx_word' id='word_1_704' title='bbox 1803 3288 1922 3329; x_wconf 77' lang='lat' dir='ltr'>Sugerii</span> <span class='ocrx_word' id='word_1_705' title='bbox 1933 3287 2084 3331; x_wconf 80' lang='lat' dir='ltr'>epistolae.</span> 
     </span>
    </p>
   </div>
   <div class='ocr_carea' id='block_1_24' title="bbox 431 3344 933 3389">
    <p class='ocr_par' dir='ltr' id='par_1_27' title="bbox 431 3344 933 3389">
     <span class='ocr_line' id='line_1_97' title="bbox 431 3344 933 3389; baseline -0.01 -11"><span class='ocrx_word' id='word_1_706' title='bbox 431 3354 443 3370; x_wconf 54' lang='grc' dir='ltr'>’ἐ</span> <span class='ocrx_word' id='word_1_707' title='bbox 462 3347 582 3389; x_wconf 80' lang='lat' dir='ltr'>Scripta</span> <span class='ocrx_word' id='word_1_708' title='bbox 599 3356 681 3377; x_wconf 82' lang='lat' dir='ltr'>auno</span> <span class='ocrx_word' id='word_1_709' title='bbox 698 3344 812 3377; x_wconf 82' lang='lat' dir='ltr'>Christi</span> <span class='ocrx_word' id='word_1_710' title='bbox 835 3347 845 3374; x_wconf 89' lang='grc'>1</span> <span class='ocrx_word' id='word_1_711' title='bbox 859 3346 868 3374; x_wconf 85' lang='lat' dir='ltr'>l</span> <span class='ocrx_word' id='word_1_712' title='bbox 883 3345 933 3374; x_wconf 68' lang='lat' dir='ltr'>is».</span> 
     </span>
    </p>
   </div>
  </div>
 </body>
</html>
