2565 3952
561 235 986 328 SANCTI
1073 232 1660 321 BERNARDI

639 487 902 535 ABBATIS
957 478 1572 534 CLARAE-VALLENSIS

276 708 1935 912 EPISTOLAE.

393 1086 1762 1116 —Qeeaffi—
1783 1094 1790 1096 >

322 1321 707 1378 EPISTOLA
751 1319 816 1377 I.‘'

79 1471 125 1492 AD
148 1469 354 1493 ROBERTL'M
371 1456 387 1471 *
414 1469 589 1492 NEPOTEM
611 1469 707 1493 SUUM
722 1484 731 1501 ,
761 1470 826 1500 QIJI
850 1471 898 1492 DE
918 1470 1066 1493 ORDINE

114 1529 373 1554 CISTERCIENSI
390 1529 619 1553 TRANSIERAT
636 1530 683 1552 AD
705 1529 987 1553 CLENIACENSEM
997 1515 1027 1553 b.

62 1639 238 1672 Robertum
264 1639 531 1681 consanguineum
544 1664 551 1677 ,
572 1638 627 1680 qui
643 1638 693 1669 vel
706 1638 839 1670 horrore
856 1639 1018 1670 strictioris
1035 1650 1084 1670 re-

108 1694 206 1736 guloe,
229 1704 284 1725 seu
307 1693 378 1724 vitae
401 1693 530 1724 laxioris
552 1692 718 1729 illecebra,
741 1694 790 1724 rel
813 1694 908 1725 etiam
925 1693 1086 1725 blanditiis

107 1756 138 1781 et
157 1749 298 1780 subdolis
316 1748 451 1779 aliorum
474 1747 609 1779 susurris
631 1748 778 1780 inductus
792 1759 809 1780 a
827 1749 1085 1781 Cisterciensibus

107 1803 149 1835 ad
173 1803 394 1835 Cluniacenses
420 1803 606 1840 transierat,
636 1803 714 1834 mira
737 1802 890 1835 charitate
915 1810 945 1834 et
970 1803 1085 1835 affectu

108 1859 274 1901 plusquam
290 1864 424 1901 paterno
440 1865 578 1889 revocat.

119 1963 151 2001 l.
174 1963 270 2001 Satis
290 1971 328 2000 et
348 1963 551 2013 plusquam
579 1964 668 2000 satis
689 1964 854 2001 sustinui
873 1993 881 2009 ‚
919 1964 1085 2001 dilectis-

62 2024 155 2061 sime
176 2024 228 2060 fili
249 2022 420 2061 Roberte
434 2030 466 2069 ⁰,
485 2023 515 2060 si
534 2025 633 2060 forte
656 2024 726 2060 Dei
747 2024 869 2074 pietas
888 2054 896 2071 ,
921 2033 958 2061 et
980 2033 1085 2061 tuam

1115 1305 1122 1323 ¹
1151 1301 1257 1352 quod
1279 1314 1318 1338 se
1340 1300 1446 1336 dolet
1461 1298 1626 1345 habere3
1647 1299 1706 1335 vel
1726 1298 1883 1345 habeat,
1902 1312 1980 1348 quo
2006 1312 2045 1336 se
2069 1300 2173 1337 dolet

1101 1371 1129 1404 A
1151 1375 1295 1400 carere.
1320 1366 1395 1406 At,
1431 1359 1580 1408 inquis,
1612 1372 1682 1395 nec
1713 1359 1790 1395 laesi
1825 1359 2067 1409 quempiam,
2104 1373 2173 1396 nec

1152 1423 1309 1473 sprevi;
1345 1420 1411 1458 sed
1442 1428 1592 1470 spretus
1621 1419 1751 1469 potius
1781 1433 1871 1470 ego,
1897 1434 1939 1457 ac
1970 1422 2175 1458 multifarie

1152 1484 1286 1529 laesus,
1325 1489 1476 1519 tantum
1506 1480 1586 1530 fugi
1618 1480 1905 1517 malefactorem
1935 1494 2075 1519 meum.
2107 1484 2175 1521 Cui

1152 1541 1335 1592 injuriam
1354 1541 1448 1588 feci,
1474 1541 1505 1577 si
1530 1539 1692 1589 injurias
1713 1540 1821 1590 fugi?
1840 1545 1900 1578 An
1923 1555 2000 1578 non
2022 1544 2178 1594 expedit

1153 1603 1290 1640 cedere
1312 1601 1570 1653 persecutori,
1592 1614 1709 1651 quam
1738 1601 1939 1639 resistere?
1964 1603 2094 1653 fugere
2121 1606 2178 1643 fe-

1154 1665 1342 1711 rientem,
1363 1676 1479 1713 quam
1503 1662 1683 1699 referire?
1709 1666 1826 1700 Recte
1852 1678 1859 1699 :
1884 1665 2063 1702 assentio.
2091 1671 2177 1704 Non

1153 1734 1195 1763 ut
1216 1724 1492 1763 contenderem
1509 1723 1609 1774 coepi
1622 1723 1723 1769 haec,
1743 1723 1809 1761 sed
1828 1732 1871 1760 ut
1887 1726 2176 1765 contentionem

1153 1786 1387 1823 dirimerem.
1407 1789 1553 1835 Fugere
1571 1785 1881 1834 persecutionem
1900 1798 1979 1821 non
1996 1795 2051 1823 est
2065 1789 2178 1838 culpa

1154 1847 1334 1897 fugientis
1351 1876 1360 1893 ‚
1398 1845 1464 1883 sed
1502 1845 1782 1896 persequentis
1816 1849 1902 1882 Non
1940 1848 2175 1886 contradico.

1153 1908 1300 1947 Omitto
1325 1907 1431 1957 quod
1457 1907 1596 1943 factum
1616 1914 1694 1952 est,
1723 1919 1802 1942 non
1825 1906 1980 1956 requiro
2004 1922 2094 1955 cur,
2118 1911 2176 1947 vel

1153 1967 1352 2018 quomodo
1375 1968 1517 2004 sactum
1539 1975 1617 2014 est,
1637 1967 1768 2018 culpas
1788 1980 1865 2003 non
1890 1967 2071 2016 discutio,
2097 1984 2176 2007 non

1154 2037 1320 2066 retracto
1347 2042 1500 2074 causas,
1529 2042 1609 2065 non
1635 2028 1821 2065 recordor
1843 2028 2013 2078 injurias.
2047 2032 2179 2069 Solent

8 2122 15 2124 t
63 2097 132 2134 per
149 2097 206 2130 se,
228 2092 266 2120 et
296 2097 418 2120 meam
442 2097 512 2133 per
534 2092 570 2120 te
592 2084 757 2120 animam
780 2084 1007 2134 dignaretur
1032 2085 1089 2122 in-
1110 2087 1136 2120 Β
1158 2090 1260 2127 enim
1290 2090 1371 2126 haec
1402 2090 1520 2139 magis
1538 2089 1741 2139 instigare,
1769 2103 1885 2139 quam
1905 2090 2078 2140 mitigare
2098 2092 2175 2130 dis-

63 2145 185 2181 visere
208 2159 215 2180 :
239 2143 306 2180 tibi
335 2144 479 2180 scilicet
497 2143 724 2194 inspirando
745 2145 950 2181 salutarem
976 2159 1084 2182 corn—

64 2205 339 2255 punctionem,
368 2204 538 2253 mihique
571 2204 619 2240 de
653 2213 716 2241 tua
748 2205 868 2242 salute
899 2206 1081 2243 laetitiam.

65 2266 138 2305 Sed
158 2266 342 2316 quoniam
360 2279 482 2316 usque
503 2265 627 2303 adhuc
647 2266 870 2303 frustratum
891 2280 950 2304 me
969 2281 1086 2304 cerno

65 2326 112 2363 ab
148 2327 436 2377 exspectatione
463 2340 564 2371 mea,
596 2325 676 2376 jam
707 2340 786 2363 non
815 2327 925 2364 valeo
961 2336 1087 2377 tegere

67 2387 240 2424 dolorem
270 2401 422 2434 meum,
455 2388 687 2424 anxietatem
715 2387 946 2438 reprimere,
978 2387 1087 2425 dissi-

67 2447 212 2485 mulare
245 2448 449 2485 tristitiam.
478 2448 594 2487 [nde
627 2457 665 2485 et
696 2457 831 2485 contra
862 2447 962 2498 juris
987 2448 1088 2485 ordi-

68 2521 156 2545 nem
179 2522 297 2558 cogor
318 2522 500 2546 revocare
520 2509 653 2555 laesus,
683 2522 771 2545 eum
801 2509 868 2559 qui
892 2523 952 2545 me
973 2510 1088 2556 laesit3

69 2576 232 2618 spretus,
245 2569 441 2619 requirere
460 2578 789 2621 contemptorem,
811 2569 992 2619 injuriam
1007 2584 1091 2621 pas-

70 2642 154 2676 sus,
176 2629 394 2680 injuriatori
420 2631 659 2677 satisfacere3
689 2644 824 2680 rogare
853 2630 1041 2681 denique,
1070 2645 1089 2668 a

71 2703 148 2740 quo
185 2691 313 2741 rogari
351 2691 574 2728 debueram.
612 2693 736 2729 Dolor
773 2693 918 2743 quippe
950 2693 1091 2729 nimius

72 2763 151 2788 non
176 2751 381 2798 deliberat,
414 2765 493 2789 non
515 2752 820 2798 verecundatur,
844 2767 923 2790 non
951 2766 1091 2790 consu-

72 2811 116 2848 lit
134 2812 342 2859 rafionem,
375 2827 455 2850 non
485 2814 622 2851 metuit
649 2814 844 2864 dignitatis
879 2814 1062 2851 damnum
1079 2844 1088 2861 ,

1155 2149 1316 2187 cordias.
1345 2149 1477 2186 Solum
1504 2148 1609 2198 quod
1638 2149 1729 2185 mihi
1753 2149 1870 2199 magis
1895 2157 1951 2185 est
1969 2150 2094 2195 cordi,
2117 2152 2177 2188 lo-

1152 2224 1264 2260 quor.
1287 2214 1349 2248 Me
1383 2212 1564 2247 miserum
1584 2239 1593 2256 ,
1620 2210 1725 2260 quod
1758 2219 1793 2247 te
1828 2223 1965 2256 careo,
2003 2212 2110 2261 quod
2143 2222 2177 2250 te

1156 2285 1235 2308 non
1258 2272 1391 2318 video,
1418 2271 1524 2321 quod
1552 2273 1632 2308 sine
1655 2280 1690 2308 te
1718 2271 1806 2307 vivo
1823 2301 1832 2318 ,
1855 2285 1926 2321 pro
1948 2285 2026 2322 quo
2056 2275 2176 2320 mori,

1156 2333 1247 2369 mihi
1269 2334 1398 2371 vivere
1413 2343 1487 2380 est,
1508 2334 1588 2370 sine
1603 2346 1681 2382 quo
1702 2333 1847 2379 vixere,
1868 2333 1986 2369 mori!
2005 2337 2090 2371 Non
2112 2336 2180 2385 igi-

1157 2402 1218 2430 tur
1243 2407 1375 2443 quaero
1397 2408 1466 2431 cur
1485 2393 1645 2440 abieris,
1669 2393 1733 2430 sed
1756 2393 1861 2443 quod
1879 2393 1959 2443 jam
1990 2407 2070 2431 non
2089 2396 2179 2432 red·

1156 2453 1245 2490 ieris
1271 2467 1435 2503 queror,
1458 2467 1536 2490 non
1567 2467 1698 2490 causas
1729 2453 1990 2501 discessionis,
2011 2456 2077 2492 sed
2098 2470 2180 2494 mo-

1159 2527 1218 2550 ras
1248 2527 1386 2550 causor
1418 2514 1676 2563 regressionis.
1711 2514 1806 2551 Veni
1841 2522 2012 2562 tantum,
2035 2525 2073 2552 et
2104 2530 2178 2566 pax

1160 2575 1232 2610 erit
1262 2590 1268 2610 :
1302 2583 1513 2620 revertere,
1547 2583 1584 2610 et
1608 2574 1841 2610 satisfactum
1872 2583 1942 2611 est.
1974 2576 2094 2621 Redi,
2119 2578 2178 2613 in·

1158 2648 1273 2685 quam
1290 2664 1299 2680 ,
1327 2635 1430 2681 redi,
1449 2644 1485 2671 et
1507 2636 1614 2672 laetus
1633 2634 1796 2671 cantabo
1816 2650 1822 2671 :
1847 2637 2020 2672 illm-caus
2029 2638 2177 2685 ficerat,

1159 2705 1193 2731 el
1209 2701 1343 2732 revixit
1359 2711 1371 2740 ,·
1389 2702 1562 2745 perierat
1576 2726 1584 2740 ,
1606 2706 1641 2732 ec
1666 2701 1834 2732 inventus
1864 2706 1918 2732 est
1936 2704 1959 2733 ¹.

1213 2756 1248 2792 2.
1274 2757 1403 2794 Fuerit
1431 2765 1533 2793 certe
1563 2770 1655 2793 meae
1681 2757 1802 2806 culpae
1832 2757 1937 2806 quod
1965 2758 2179 2798 discessisti.

1156 2817 1330 2853 Delicato
1351 2818 1495 2867 quippe
1516 2817 1805 2854 adolescentulo
1830 2827 2005 2855 austerus
2024 2822 2176 2858 exstite-

72 2871 145 2922 legi
172 2886 250 2910 non
280 2873 546 2924 obtemperat,
570 2873 718 2923 judicio
748 2888 826 2911 non
859 2875 1087 2924 acquiescit,
1115 2883 1141 2918 C
1163 2890 1267 2922 ram,
1294 2886 1331 2914 et
1360 2886 1534 2914 tenerum
1565 2877 1684 2914 durus
1718 2878 1830 2914 nimis
1860 2878 2070 2916 inhumane
2104 2891 2179 2918 trſtr

75 2933 232 2971 modum
262 2935 417 2984 ignorat
445 2943 482 2971 et
508 2935 685 2972 ordinem
708 2950 716 2972 :
748 2935 787 2972 id
808 2935 1034 2972 omnimodo
1057 2945 1094 2973 et

76 2993 317 3032 solummodo
343 3004 536 3046 satagente
565 2997 720 3043 animo,
743 3009 821 3046 quo
853 2996 913 3033 vel
946 3006 1092 3043 careat,

127 3139 140 3155 ¹
167 3136 242 3167 Luc.
257 3146 316 3174 xv,
337 3139 393 3168 32.

1163 2938 1274 2975 ctavi.
1303 2939 1402 2975 Hinc
1426 2939 1529 2975 enim
1555 2948 1593 2975 et
1620 2952 1787 2988 przesens
1810 2939 2007 2988 quondam
2041 2941 2181 2978 adver-

1164 3012 1248 3036 sum
1266 3012 1340 3045 me,
1358 3008 1546 3049 quantum
1563 2999 1738 3045 memini,
1757 3013 1999 3037 murnmrare
2017 3002 2183 3050 solebas,

1117 3144 1131 3160 ὃ
1152 3137 1275 3181 Scripta
1291 3139 1372 3170 circa
1389 3150 1507 3171 annum
1529 3144 1538 3170 l
1553 3143 1564 3170 l
1578 3142 1630 3170 19.

126 3200 142 3221 b
158 3203 208 3233 Ila
225 3202 332 3246 scripti
346 3202 411 3234 fere
430 3214 540 3236 omnes
559 3214 567 3235 :
587 3204 620 3235 in
639 3215 702 3235 uno
728 3207 761 3236 S.
784 3204 956 3243 Germani,
979 3207 1101 3250 Incipit
1123 3205 1259 3250 epistola
1282 3209 1320 3237 Β,
1340 3204 1501 3236 Bernardi
1521 3203 1643 3236 abbasis
1665 3204 1710 3236 ad
1726 3204 1877 3235 domnum
1893 3204 2059 3236 Robermm
2075 3218 2183 3238 morza-

81 3250 168 3284 chum
192 3261 224 3284 et
241 3263 411 3298 cognatum
431 3268 539 3294 suam,
565 3257 619 3301 qui
641 3256 789 3288 Ordinem
808 3258 1040 3289 Cisterciensem
1054 3266 1133 3303 post
1146 3259 1377 3304 professionem
1397 3257 1577 3295 dimiserat,
1602 3265 1631 3289 et
1648 3257 1693 3289 acl
1712 3258 1898 3289 Cluuiarum
1914 3270 1946 3288 se
1967 3258 2182 3291 transtulimus.

127 3317 140 3333 ⁰
156 3314 251 3345 Nulla
268 3314 362 3357 hujus
379 3316 518 3358 epistolae
543 3317 704 3360 inscriptio
719 3342 726 3356 ,
746 3324 957 3360 praeterquam
976 3318 1008 3348 in
1031 3318 1155 3350 duobus
1176 3322 1208 3351 S.
1229 3317 1382 3351 Germani
1398 3318 1560 3350 codicibus
1577 3342 1582 3356 =
1604 3315 1790 3348 Rerum-clus
1810 3316 1904 3347 ablu..)-
1930 3320 1963 3347 R«
1977 3315 2084 3347 (lberto
2101 3317 2179 3348 ado—

83 3363 211 3396 lescenti
222 3390 230 3403 ,
251 3378 290 3398 an
307 3369 441 3410 genuina
454 3394 462 3408 ,
482 3369 648 3401 incertum.
