2517 3936
48 179 113 218 781

762 171 1113 207 EPISTOLARUM
1142 171 1404 206 APPENDIX.

2051 172 2124 207 782

46 258 91 295 de
109 254 232 293 vicino
256 251 367 288 bonae
386 249 686 287 conversationis
708 257 782 285 tna}
813 247 1405 297 susssat01·io.⁵⁷⁰pi·a²(licantium
1418 247 1464 284 de
1478 257 1513 284 te
1531 246 1674 283 bonum
1694 263 1700 283 :
1718 248 1782 284 sed
1799 249 1933 284 osculo
1946 250 2023 285 oris
2037 251 2089 286 tui
2105 279 2114 293 ,

45 321 156 356 Totus
177 313 277 351 enim
295 311 381 347 vitae
408 318 479 346 tuae
501 322 634 345 cursus
659 309 836 359 exemplo
867 307 963 345 bene
985 307 1043 344 vi·
1063 313 1092 346 A
1112 308 1150 344 id
1186 317 1242 345 est
1268 308 1414 345 mellito
1440 308 1597 357 eloquio
1627 308 1860 357 procedente
1885 321 1933 344 ex
1953 322 2019 345 ore
2051 318 2116 345 tuo

46 375 152 415 vendi
167 372 351 425 plurimos
366 370 559 416 informat,
570 369 757 406 deformia
773 369 968 415 reformat,
979 382 1042 405 ex-

44 439 222 486 integrata
243 431 490 480 redintegrat,
510 437 726 466 excrustata
746 429 984 475 consolidat,
1007 437 1043 465 et

45 509 118 536 non
144 495 181 532 in
203 491 367 531 tenebris
383 521 392 537 ‚
419 490 483 528 sed
512 490 550 527 in
577 498 786 540 conspectu
808 490 920 535 solis,
943 489 1043 526 odo-

45 570 120 597 rem
138 553 328 594 suavitatis
346 552 459 597 dans,
482 551 716 588 aromatizat.

94 618 128 656 2.
155 616 287 654 Oleum
314 614 475 650 effusum
508 611 665 649 verbum
698 620 817 649 tuum.
841 611 1042 649 Talentum

47 678 111 718 tibi
138 675 342 720 creditum,
372 673 575 719 talentum,
599 672 775 722 inquam,
800 671 983 722 loquendi
1006 680 1044 709 et

44 735 302 792 persuadendi,
313 748 389 771 non
403 732 576 779 includis,
590 732 653 769 sed
665 746 842 770 mensura
857 732 1041 769 excludis.

44 796 161 839 Verba
178 805 240 834 tua
253 796 339 846 igne
356 793 549 831 charitatis
566 802 818 844 vaporantur,
831 801 868 830 et
890 802 1043 830 nectare

46 854 336 898 mansuetudinis
353 853 614 891 dulcorantur.
633 853 778 903 Lingua
800 862 863 890 tua
877 853 1043 890 calamus

45 927 99 958 est
120 915 250 956 scribae
264 915 447 952 velociter
462 913 674 951 scribentis.
696 914 841 964 Lingua
863 922 946 960 tua,
967 914 1043 950 lin-

44 992 112 1031 gua
132 976 290 1015 venefici
309 976 501 1026 sapienter
528 975 769 1012 incantantis.
795 975 942 1025 Lingua
968 989 1043 1012 110-

1107 367 1299 418 jucundo.
1316 368 1530 418 Loquendo
1552 369 1653 405 enim
1674 376 1712 404 et
1728 368 1970 404 exhortando
1993 369 2118 406 trahes

1113 442 1172 466 me
1189 438 1281 479 post
1303 438 1337 466 te
1356 445 1363 466 :
1384 429 1508 466 trabes
1522 457 1530 473 ,
1550 429 1728 478 inquam,
1745 442 1823 465 non
1849 428 2034 474 invitum,
2053 429 2118 466 sed

1112 498 1380 540 spontaneum.
1397 493 1659 540 Spontaneum
1673 517 1682 534 ‚
1702 488 1790 538 quia
1807 488 1876 524 etsi
1899 487 2052 524 dislieile
2073 489 2120 525 sit

1110 550 1164 587 ire
1186 558 1273 600 post
1294 559 1348 597 te;
1366 551 1395 587 si
1421 553 1609 588 Caucasus
1629 557 1667 585 et
1690 552 1897 585 Parnassus
1925 548 2119 598 Alpesque

1109 611 1184 647 sint
1204 611 1302 648 inter
1320 624 1379 647 me
1397 619 1435 647 et
1452 619 1488 647 te
1510 625 1517 648 :
1542 618 1667 646 tamen
1691 609 1790 645 odor
1806 608 1899 646 boni
1921 609 2035 645 trahit
2059 623 2119 646 me

1110 679 1197 721 post
1218 680 1265 707 te.
1281 675 1438 709 Tractus
1460 683 1611 707 curram
1633 670 1671 706 in
1693 668 1814 706 odore
1831 677 2118 719 unguentorum

1113 739 1288 778 tuorum,
1314 740 1355 768 ut
1383 745 1452 782 per
1482 731 1640 768 odorem
1672 730 1893 781 perveniam
1924 730 1972 767 ad
2004 744 2118 781 sapo-

1112 806 1204 829 rem.
1239 792 1466 830 Introduccs
1487 792 1588 829 enim
1619 805 1678 828 me
1709 792 1747 827 in
1777 791 1929 828 cellaria
1950 800 2026 838 tua,
2056 791 2119 828 ubi

1110 861 1200 889 sunt
1220 852 1359 891 diversi
1379 853 1527 903 generis
1549 852 1714 899 fercula,
1734 860 1772 888 et
1792 851 1950 889 diversis
1975 853 2120 902 specie-

1111 913 1182 951 bus
1215 914 1370 951 condita
1397 914 1536 965 pocula
1553 929 1560 950 :
1579 912 1720 962 quibus
1748 912 1958 962 saginatus,
1979 912 2120 962 quibus

1111 974 1326 1022 debriatus,
1348 975 1574 1012 introducar
1600 975 1639 1011 in
1664 974 1796 1011 aeterni
1816 974 1930 1024 Regis
1957 973 2119 1010 cubicu-

46 1053 111 1087 να,
129 1051 244 1084 nova,
265 1037 442 1086 inquam,
461 1036 590 1086 lingua
618 1036 810 1085 loqueris,
834 1036 926 1073 dum
955 1049 1041 1085 my·
1065 1037 1090 1071 Β
1111 1036 1188 1073 luni
1202 1066 1211 1083 ,
1235 1035 1301 1074 ubi
1321 1035 1506 1087 gaudeam
1528 1036 1566 1072 in
1589 1035 1879 1085 sempiternum.
1902 1035 2011 1082 Dixi,
2032 1049 2120 1072 eur-

45 1100 151 1140 steria
185 1110 289 1136 sacra
322 1098 498 1143 insonas,
533 1096 624 1133 dum
660 1095 792 1133 laudes
825 1095 1044 1133 Conditoris

44 1172 229 1213 personas.
249 1157 327 1196 Sub
352 1158 480 1207 lingua
502 1166 566 1194 tua
594 1171 695 1194 nova
721 1165 758 1193 et
787 1165 934 1202 vetera,
955 1170 1044 1193 cor-

46 1234 112 1275 pus
126 1229 163 1258 et
179 1218 326 1257 umbra.
348 1218 427 1258 Sub
448 1219 575 1268 lingua
595 1226 657 1254 tua
677 1218 797 1268 gratia
812 1226 850 1254 et
870 1218 949 1265 lex,
965 1230 1044 1254 non

45 1282 129 1334 legis
146 1281 358 1318 examinata
380 1279 461 1316 faex.
484 1278 562 1317 Sub
583 1279 711 1329 lingua
735 1287 797 1315 tua
820 1279 875 1315 lac
892 1288 930 1316 et
948 1279 1043 1324 mel,

45 1356 117 1382 non
141 1342 273 1387 dolus,
297 1354 374 1378 non
395 1341 456 1378 fel.
479 1341 628 1391 Lingua
648 1342 756 1377 savus
780 1348 836 1377 est
859 1340 1045 1377 distillans

46 1402 126 1441 mel.
144 1405 227 1440 Non
253 1414 379 1438 aerem
405 1401 596 1439 incassum
618 1399 798 1438 verberas
813 1430 822 1447 ,
847 1413 926 1437 non
955 1400 1043 1436 inu-

45 1463 117 1502 tilia
149 1470 296 1500 tractas.
331 1465 417 1499 Non
457 1461 577 1512 digito
611 1461 804 1511 loqueris,
835 1474 913 1498 non
947 1460 1045 1511 pede

43 1524 200 1576 strepis:
222 1523 350 1561 omnia
380 1536 466 1561 cum
500 1522 794 1560 mansuetudine
831 1522 1043 1573 componis.

44 1589 86 1624 ln
101 1583 246 1636 peculio
267 1584 368 1621 enim
389 1592 454 1622 tuo
477 1584 588 1634 lupus
611 1583 771 1621 accubat
804 1596 891 1620 cum
919 1596 1018 1633 agno
1034 1610 1043 1628 ,

45 1645 177 1699 pardus
209 1658 295 1683 cum
333 1644 466 1693 haedo,
499 1654 537 1682 et
570 1658 668 1695 puer
704 1645 890 1696 parvulus
925 1644 1046 1681 minat

43 1721 116 1746 eos.
147 1707 281 1746 Oleum
313 1707 478 1744 effusum
508 1705 672 1744 verbum
705 1715 826 1743 tuum.
856 1710 936 1743 Lex
970 1706 1047 1743 cle—

44 1769 186 1807 mentiae
204 1768 243 1805 in
270 1766 390 1805 verbo
416 1776 480 1804 tuo
501 1776 569 1804 est.
598 1771 698 1805 Dum
729 1766 913 1817 praedicas
932 1766 1047 1803 mise-

45 1829 236 1868 ricordiam
249 1857 258 1875 ,
286 1828 401 1879 lapsis
421 1828 699 1878 indulgentiam
715 1857 724 1875 ,
741 1827 920 1864 desolatis
948 1827 1049 1864 sola-
1069 1826 1096 1862 C

45 1889 152 1937 tium,
179 1889 391 1940 desperatis
428 1902 534 1939 spem
566 1897 604 1925 et
629 1888 851 1934 consilium,
882 1887 1048 1925 effundis

43 1951 175 1990 oleum.
208 1953 310 1987 Dum
343 1950 532 2000 agonistas
566 1950 605 1986 in
632 1949 807 2000 palaestra
834 1948 904 1986 Dei
938 1948 1047 1985 desu-

44 2011 186 2059 dantes,
204 2010 398 2061 nimioque
419 2009 542 2047 labori
561 2009 854 2047 succumbentes
867 2039 876 2056 ,
891 2009 1046 2059 eloquio

46 2071 178 2110 mellito
207 2083 373 2117 recreas,
409 2071 514 2107 fonte
547 2071 668 2107 lacteo
702 2078 830 2121 potas,
867 2083 1045 2106 sermone

45 2130 139 2170 dulci
157 2132 265 2182 ungis
279 2131 432 2178 ,oleum
456 2130 595 2168 fundis.
622 2130 788 2169 Verbum
811 2139 915 2168 tuum
935 2130 1046 2167 stilli-

44 2191 176 2230 cidium
194 2200 269 2238 est,
295 2192 334 2229 in
355 2205 432 2242 quo
454 2192 606 2229 laetatur
625 2192 855 2241 germinans.
878 2195 1045 2229 Torrens

45 2251 226 2291 inebrians
245 2262 323 2300 est,
346 2253 518 2303 germina
539 2253 809 2304 multiplicans.
837 2256 938 2289 Dum
957 2265 1047 2289 exa-

46 2313 139 2352 mine
157 2314 394 2352 discretionis
414 2313 619 2351 honestum
638 2312 685 2350 ab
707 2313 932 2359 inhonesto,
955 2312 1046 2348 utile

45 2373 90 2412 ab
120 2375 244 2412 inutili
287 2387 480 2425 segregas,
527 2375 655 2411 oleum
688 2374 728 2411 in
776 2374 959 2411 torculari
1001 2372 1048 2410 ab

46 2447 190 2473 amurca
218 2436 385 2486 eliquas,
406 2437 554 2486 paleam
587 2436 624 2472 in
652 2435 869 2473 ventilabro
890 2450 910 2472 a
928 2448 1048 2485 grano

46 2508 200 2548 separas.
239 2500 340 2534 Dum
383 2497 621 2546 spiritualem
661 2510 812 2533 sensum
844 2496 883 2532 in
924 2495 1048 2532 littera

46 2558 234 2602 mitaris,
263 2558 391 2595 oleum
421 2558 531 2608 prelo
565 2557 724 2594 rationis
757 2571 776 2593 a
810 2556 939 2602 theca,
973 2569 1049 2606 qua

46 2617 195 2666 latebat,
214 2619 332 2667 elicis.
358 2619 494 2657 Oleum
515 2631 614 2668 aqua
638 2618 801 2655 mixtum
833 2617 1046 2668 superemi-
1065 2620 1097 2654 D

47 2687 108 2717 net
123 2694 133 2717 :
148 2688 186 2717 et
206 2680 418 2731 spiritualis
443 2692 599 2726 sensus,
625 2692 740 2729 quem
770 2679 933 2729 inquiris
949 2707 958 2725 ,
980 2678 1045 2714 lit-

48 2739 149 2777 ten-ali
169 2741 440 2791 supereminet,
470 2741 607 2779 Oleum
630 2740 721 2777 vino
744 2740 906 2776 mixtum
937 2751 1047 2788 supe-

47 2800 179 2839 riorem
214 2802 310 2852 petit
348 2802 496 2847 locum;
535 2810 573 2839 et
615 2800 877 2838 misericordia
890 2829 899 2846 ,
930 2813 1044 2850 quam

47 2860 243 2911 praedicas,
260 2863 519 2913 superexaltat
532 2861 720 2912 judicium
732 2891 741 2908 ‚
759 2870 830 2898 ete.

96 2921 132 2959 3.
153 2925 248 2960 Dum
276 2923 360 2973 lego
381 2923 519 2973 scripta
546 2931 608 2960 tua
622 2952 632 2969 ,
652 2923 733 2973 ipsa
752 2935 847 2959 voce
871 2934 938 2958 sua
956 2921 1049 2958 mihi

49 2981 263 3033 loquuntur,
277 2984 359 3035 ipsa
375 2985 554 3022 salutaria
575 2985 720 3021 monita
735 2990 1048 3034 prosequuntur:

16 3076 17 3080 ,
49 3043 199 3081 sednon
215 3046 304 3082 mihi
320 3045 605 3092 obsecundant,
623 3059 701 3082 non
720 3058 781 3082 me
795 3044 947 3081 satiant.
966 3047 1052 3093 Ipse

50 3101 227 3154 loquaris,
254 3105 334 3155 ipse
361 3106 573 3143 osculooris
599 3106 652 3142 tui
675 3118 734 3142 me
757 3104 952 3141 osculeris.
977 3106 1054 3140 Re-

52 3162 166 3201 velata
192 3164 285 3202 facie
309 3174 343 3203 te
370 3166 459 3203 volo
483 3166 634 3212 videre,
659 3179 736 3202 non
764 3178 832 3215 per
857 3165 1052 3215 speculum

51 3222 88 3260 in
109 3225 316 3274 aenigmate.
349 3229 434 3276 Ipse
463 3240 523 3263 me
553 3226 756 3273 osculeris,
777 3238 854 3261 non
876 3238 942 3261 ore
966 3233 1030 3261 tuo
1044 3253 1052 3268 ‚

45 3281 236 3333 jungendo
262 3284 359 3322 labia
389 3286 515 3332 labiis,
540 3287 627 3336 quia
659 3286 835 3336 indignus
864 3298 968 3331 sum,
991 3285 1057 3322 sed

16 3375 17 3385 ,
55 3343 204 3390 oscul03
239 3359 315 3382 non
347 3347 478 3383 osculo
509 3347 741 3397 scriptorum
775 3355 953 3391 tuorum,
981 3360 1056 3382 nou

0 3679 19 3936 Q-—ev
16 3632 18 3669 p„
16 3596 17 3612 μ

1113 1109 1191 1132 ram
1225 1104 1313 1146 post
1344 1104 1402 1142 te,
1436 1095 1502 1132 sed
1533 1108 1612 1131 non
1649 1094 1695 1131 ad
1733 1102 1798 1130 te:
1828 1094 1915 1144 quia
1948 1094 2120 1131 nondum

1112 1156 1321 1194 deliberavi
1353 1156 1456 1207 apud
1485 1156 1794 1205 me,angelicum
1826 1154 1996 1192 habitum
2027 1169 2121 1192 can-

1112 1217 1292 1255 didorum
1319 1221 1586 1255 Nazarfeorum
1613 1229 1686 1266 pro
1710 1215 1785 1252 alio
1803 1215 1935 1252 babitu
1957 1224 2116 1253 mutare.

1112 1282 1260 1316 Bonum
1289 1287 1346 1315 cst
1379 1278 1471 1315 mihi
1501 1278 1554 1314 sic
1585 1290 1690 1323 esse,
1719 1284 1789 1313 cte.
1819 1280 1912 1324 Quae
1948 1279 2124 1328 superius

1113 1339 1211 1387 dixi,
1232 1347 1342 1390 pater
1360 1338 1597 1384 venerande,
1621 1337 1668 1374 ad
1691 1345 1726 1374 te
1740 1366 1749 1384 ‚
1773 1345 1811 1374 et
1832 1337 1879 1374 de
1901 1345 1954 1385 te,
1973 1347 2011 1375 et
2033 1352 2125 1388 pro-

1113 1409 1198 1451 pter
1227 1409 1286 1447 te,
1311 1399 1389 1436 dixi
1414 1399 1630 1450 specialiter
1654 1412 1661 1433 :
1682 1397 1761 1448 jam
1797 1398 1985 1435 calamum
2014 1399 2123 1445 laxo,

1112 1470 1150 1498 et
1179 1461 1274 1499 alios
1306 1469 1431 1497 tecum
1465 1459 1513 1497 ad
1547 1458 1782 1496 audiendum
1812 1472 1856 1495 ea
1887 1472 1972 1508 quae
2002 1458 2124 1496 dicam

1112 1522 1235 1559 invito
1258 1535 1266 1558 ε
1292 1522 1331 1558 in
1355 1520 1495 1571 quibus
1526 1529 1652 1557 errata
1686 1532 1769 1556 mea
1806 1519 2069 1569 reprehendo,
2091 1529 2128 1557 et

1113 1582 1304 1620 miseriam
1338 1580 1473 1618 mundi
1499 1579 1685 1631 dep10r0,
1710 1592 1946 1630 precumque
1975 1587 2125 1616 tuarum

1116 1644 1288 1680 levamen
1310 1642 1464 1694 appello
1478 1670 1487 1688 ,
1510 1650 1581 1678 etc.

1114 1784 2129 1797 ==================================================================

1211 1905 1596 1965 EPISTOLA
1659 1906 2007 1965 CDLXVIII
2035 1952 2046 1980 7

1143 2066 1309 2089 EJL'SDEM
1341 2063 1508 2087 uUGONts
1535 2063 1700 2086 METELLI
1727 2064 1773 2085 Al)
1795 2062 1822 2086 S.
1852 2063 2045 2086 BERNARDt
2060 2065 2098 2086 M.

1234 2187 1271 2216 Se
1291 2193 1426 2224 suosque
1445 2181 1484 2213 ab
1499 2182 1697 2213 accusatione
1717 2191 1849 2223 purgare
1867 2187 2007 2211 conatur.

1115 2310 1323 2343 Bnmzmno
1354 2304 1614 2342 Clarae-Vallis
1645 2302 1772 2340 abbati
1805 2303 2069 2348 serenissimo,
2092 2311 2129 2339 et

1170 2366 1206 2401 in
1225 2365 1374 2403 Christo
1391 2363 1592 2401 benedicto
1604 2393 1613 2410 ,
1629 2366 1740 2400 Hcoo
1758 2366 1962 2400 METELLUS
1974 2392 1983 2410 ,
2002 2377 2128 2413 quou-

1169 2425 1255 2462 dam
1304 2423 1535 2461 domesticus
1575 2423 1808 2469 Aristotelis,
1854 2436 1957 2459 nunc
1997 2437 2128 2460 servus

1169 2486 1326 2531 Christi,
1349 2484 1554 2521 ascendere
1584 2483 1630 2520 de
1655 2483 1807 2520 Jericlio
1837 2484 1875 2519 in
1902 2484 2124 2520 Jerusalem.

1174 2620 1204 2655 l.
1238 2616 1495 2665 Pinguescunt
1533 2614 1704 2664 speciosa
1736 2613 1898 2659 deserti,
1929 2622 1967 2651 et
1995 2615 2126 2652 Clara-

1114 2679 1230 2717 Vallis
1256 2675 1426 2714 abundat
1450 2675 1666 2721 frumento,
1689 2688 1765 2724 quo
1792 2675 1960 2724 pascitur
1986 2675 2128 2725 pardus

1115 2753 1202 2776 cum
1226 2751 1344 2788 agno,
1369 2737 1430 2773 leo
1454 2749 1541 2773 cum
1572 2735 1692 2771 vitulo
1719 2749 1726 2771 z
1750 2749 1770 2771 a
1801 2734 1939 2784 quibus
1968 2748 2127 2785 regnum

1113 2801 1299 2838 coelorum
1332 2798 1405 2834 vim
1440 2797 1598 2847 patitur,
1623 2810 1643 2833 a
1666 2795 1805 2845 quibus
1842 2796 2008 2833 Domino
2047 2800 2129 2834 Deo

1115 2860 1421 2899 abominationes
1453 2857 1722 2907 AEgyptiorum
1757 2857 2006 2894 immolantur
2033 2871 2040 2892 τ
2064 2857 2129 2894 ubi

1117 2921 1247 2959 bestiae
1279 2922 1377 2957 fiunt
1407 2918 1606 2963 homines,
1649 2926 1686 2954 et
1715 2918 1753 2954 in
1791 2917 1956 2955 hominis
1994 2927 2129 2956 natura

1119 2983 1216 3020 fiunt
1238 2978 1550 3017 conversationes
1571 2978 1762 3028 angelicae.
1794 2977 1957 3027 Adjiciat
1989 2979 2130 3017 Clarae-

1119 3041 1217 3079 Valli
1243 3041 1345 3090 larga
1373 3039 1444 3076 Dei
1477 3038 1633 3075 dextera
1660 3037 1835 3088 pluribus
1868 3039 2060 3088 pluriora,
2093 3049 2130 3076 et

1121 3102 1167 3139 de
1198 3101 1300 3139 clara
1336 3099 1446 3136 faciat
1474 3099 1696 3145 clariorem,
1731 3098 1778 3135 de
1814 3099 1966 3136 clariori
1999 3100 2132 3136 elaris-

1122 3164 1268 3200 simam.
1302 3160 1405 3199 Felix
1429 3168 1666 3205 conventus,
1697 3160 1783 3196 felix
1804 3169 2032 3203 concentus,
2067 3160 2130 3197 ubi

1125 3238 1201 3260 nou
1222 3223 1286 3259 ssat
1305 3221 1432 3271 aquilo
1455 3229 1592 3257 ventus
1614 3228 1732 3257 terras
1757 3233 1943 3265 exurens,
1958 3220 2022 3256 sed
2045 3221 2132 3268 plu-

1127 3286 1209 3321 xius
1230 3291 1356 3319 auster
1376 3281 1522 3318 areolas
1540 3288 1755 3317 aromatum
1778 3281 1960 3317 nutriens.

1182 3347 1216 3381 2.
1237 3342 1420 3381 Mittimus
1438 3341 1566 3388 vobis,
1587 3350 1694 3391 pater
1710 3340 1943 3385 venerande,
1960 3338 2134 3375 abban—111
