<?xml version="1.0" encoding="UTF-8"?>
<!DOCTYPE html PUBLIC "-//W3C//DTD XHTML 1.0 Transitional//EN"
    "http://www.w3.org/TR/xhtml1/DTD/xhtml1-transitional.dtd">
<html xmlns="http://www.w3.org/1999/xhtml" xml:lang="en" lang="en">
 <head>
  <title>
</title>
<meta http-equiv="Content-Type" content="text/html;charset=utf-8" />
  <meta name='ocr-system' content='tesseract 3.04.00' />
  <meta name='ocr-capabilities' content='ocr_page ocr_carea ocr_par ocr_line ocrx_word'/>
</head>
<body>
  <div class='ocr_page' id='page_1' title='image "./operaomniapostho01bernuoft_0392.png"; bbox 0 0 2517 3920; ppageno 0'>
   <div class='ocr_carea' id='block_1_1' title="bbox 334 138 409 176">
    <p class='ocr_par' dir='ltr' id='par_1_1' title="bbox 334 138 409 176">
     <span class='ocr_line' id='line_1_1' title="bbox 334 138 409 176; baseline -0.013 0"><span class='ocrx_word' id='word_1_1' title='bbox 334 138 409 176; x_wconf 82' lang='lat'>767</span> 
     </span>
    </p>
   </div>
   <div class='ocr_carea' id='block_1_2' title="bbox 333 208 1352 266">
    <p class='ocr_par' dir='ltr' id='par_1_2' title="bbox 333 208 1352 266">
     <span class='ocr_line' id='line_1_2' title="bbox 333 208 1352 266; baseline -0.009 -12"><span class='ocrx_word' id='word_1_2' title='bbox 333 226 461 266; x_wconf 74' lang='lat' dir='ltr'>tyrum</span> <span class='ocrx_word' id='word_1_3' title='bbox 475 244 485 262; x_wconf 93' lang='lat'>,</span> <span class='ocrx_word' id='word_1_4' title='bbox 504 212 613 251; x_wconf 86' lang='lat' dir='ltr'>labor</span> <span class='ocrx_word' id='word_1_5' title='bbox 630 221 756 249; x_wconf 90' lang='lat' dir='ltr'>tamen</span> <span class='ocrx_word' id='word_1_6' title='bbox 774 211 812 248; x_wconf 91' lang='lat' dir='ltr'>in</span> <span class='ocrx_word' id='word_1_7' title='bbox 830 210 980 249; x_wconf 86' lang='lat' dir='ltr'>Christo</span> <span class='ocrx_word' id='word_1_8' title='bbox 996 208 1144 259; x_wconf 80' lang='lat' dir='ltr'>antiqui</span> <span class='ocrx_word' id='word_1_9' title='bbox 1162 208 1352 259; x_wconf 87' lang='lat' dir='ltr'>serpentis</span> 
     </span>
    </p>
   </div>
   <div class='ocr_carea' id='block_1_3' title="bbox 1112 133 1671 169">
    <p class='ocr_par' dir='ltr' id='par_1_3' title="bbox 1112 133 1671 169">
     <span class='ocr_line' id='line_1_3' title="bbox 1112 133 1671 169; baseline -0.002 0"><span class='ocrx_word' id='word_1_10' title='bbox 1112 134 1148 169; x_wconf 85' lang='lat' dir='ltr'>S.</span> <span class='ocrx_word' id='word_1_11' title='bbox 1179 133 1439 168; x_wconf 70' lang='lat' dir='ltr'><strong>BERNARDI</strong></span> <span class='ocrx_word' id='word_1_12' title='bbox 1472 133 1671 168; x_wconf 87' lang='lat' dir='ltr'>ABBATIS</span> 
     </span>
    </p>
   </div>
   <div class='ocr_carea' id='block_1_4' title="bbox 1418 139 2426 263">
    <p class='ocr_par' dir='ltr' id='par_1_4' title="bbox 1418 139 2426 263">
     <span class='ocr_line' id='line_1_4' title="bbox 2355 139 2425 178; baseline 0.043 -3"><span class='ocrx_word' id='word_1_13' title='bbox 2355 139 2425 178; x_wconf 82' lang='lat'>768</span> 
     </span>
     <span class='ocr_line' id='line_1_5' title="bbox 1418 208 2426 263; baseline 0.011 -18"><span class='ocrx_word' id='word_1_14' title='bbox 1418 208 1496 246; x_wconf 87' lang='lat' dir='ltr'>stis.</span> <span class='ocrx_word' id='word_1_15' title='bbox 1520 212 1768 260; x_wconf 84' lang='lat' dir='ltr'><strong>Quapropter</strong></span> <span class='ocrx_word' id='word_1_16' title='bbox 1786 208 1971 246; x_wconf 80' lang='lat' dir='ltr'>mittimus</span> <span class='ocrx_word' id='word_1_17' title='bbox 1991 209 2061 247; x_wconf 92' lang='grc'>1105</span> <span class='ocrx_word' id='word_1_18' title='bbox 2082 211 2201 258; x_wconf 87' lang='lat' dir='ltr'>filios,</span> <span class='ocrx_word' id='word_1_19' title='bbox 2221 227 2317 263; x_wconf 87' lang='lat' dir='ltr'>quos</span> <span class='ocrx_word' id='word_1_20' title='bbox 2335 217 2426 257; x_wconf 83' lang='lat' dir='ltr'>lacte</span> 
     </span>
    </p>
   </div>
   <div class='ocr_carea' id='block_1_5' title="bbox 333 267 2425 324">
    <p class='ocr_par' dir='ltr' id='par_1_5' title="bbox 333 267 2425 324">
     <span class='ocr_line' id='line_1_6' title="bbox 333 267 2425 324; baseline -0.002 -10"><span class='ocrx_word' id='word_1_21' title='bbox 333 277 509 315; x_wconf 88' lang='lat' dir='ltr'>astutiam</span> <span class='ocrx_word' id='word_1_22' title='bbox 544 273 756 324; x_wconf 77' lang='lat' dir='ltr'>triumphat</span> <span class='ocrx_word' id='word_1_23' title='bbox 778 301 788 318; x_wconf 90' lang='lat'>,</span> <span class='ocrx_word' id='word_1_24' title='bbox 828 280 866 308; x_wconf 89' lang='lat' dir='ltr'>et</span> <span class='ocrx_word' id='word_1_25' title='bbox 904 269 1032 320; x_wconf 81' lang='lat' dir='ltr'>dejicit</span> <span class='ocrx_word' id='word_1_26' title='bbox 1065 270 1347 307; x_wconf 87' lang='lat' dir='ltr'>fortitudinem.</span> <span class='ocrx_word' id='word_1_27' title='bbox 1367 267 1399 301; x_wconf 91' lang='lat' dir='ltr'><strong>A</strong></span> <span class='ocrx_word' id='word_1_28' title='bbox 1418 269 1603 307; x_wconf 79' lang='lat' dir='ltr'>doctrinae</span> <span class='ocrx_word' id='word_1_29' title='bbox 1623 269 1670 307; x_wconf 89' lang='lat' dir='ltr'>ab</span> <span class='ocrx_word' id='word_1_30' title='bbox 1691 269 1934 307; x_wconf 90' lang='lat' dir='ltr'>incunabulis</span> <span class='ocrx_word' id='word_1_31' title='bbox 1954 271 2165 321; x_wconf 83' lang='lat' dir='ltr'>Religionis</span> <span class='ocrx_word' id='word_1_32' title='bbox 2188 273 2336 313; x_wconf 88' lang='lat' dir='ltr'>Christo</span> <span class='ocrx_word' id='word_1_33' title='bbox 2353 291 2425 316; x_wconf 81' lang='lat' dir='ltr'>nu-</span> 
     </span>
    </p>
   </div>
   <div class='ocr_carea' id='block_1_6' title="bbox 332 329 1352 1057">
    <p class='ocr_par' dir='ltr' id='par_1_6' title="bbox 332 329 1352 1057">
     <span class='ocr_line' id='line_1_7' title="bbox 332 329 1346 384; baseline -0.01 -8"><span class='ocrx_word' id='word_1_34' title='bbox 332 343 459 376; x_wconf 91' lang='lat' dir='ltr'>Locus</span> <span class='ocrx_word' id='word_1_35' title='bbox 476 344 603 374; x_wconf 89' lang='lat' dir='ltr'>autem</span> <span class='ocrx_word' id='word_1_36' title='bbox 628 333 731 384; x_wconf 81' lang='lat' dir='ltr'>apud</span> <span class='ocrx_word' id='word_1_37' title='bbox 753 346 824 370; x_wconf 91' lang='lat' dir='ltr'>nos</span> <span class='ocrx_word' id='word_1_38' title='bbox 845 332 1008 369; x_wconf 88' lang='lat' dir='ltr'>idoneus</span> <span class='ocrx_word' id='word_1_39' title='bbox 1024 340 1061 368; x_wconf 89' lang='lat' dir='ltr'>et</span> <span class='ocrx_word' id='word_1_40' title='bbox 1088 329 1322 368; x_wconf 88' lang='lat' dir='ltr'>delectabilis</span> <span class='ocrx_word' id='word_1_41' title='bbox 1336 359 1346 376; x_wconf 95' lang='lat'>,</span> 
     </span>
     <span class='ocr_line' id='line_1_8' title="bbox 335 391 1349 447; baseline -0.008 -12"><span class='ocrx_word' id='word_1_42' title='bbox 335 412 413 436; x_wconf 92' lang='lat' dir='ltr'>non</span> <span class='ocrx_word' id='word_1_43' title='bbox 442 397 489 435; x_wconf 89' lang='lat' dir='ltr'>ad</span> <span class='ocrx_word' id='word_1_44' title='bbox 521 395 789 447; x_wconf 74' lang='lat' dir='ltr'>gaudendum,</span> <span class='ocrx_word' id='word_1_45' title='bbox 815 394 913 430; x_wconf 87' lang='lat' dir='ltr'>sicut</span> <span class='ocrx_word' id='word_1_46' title='bbox 944 393 982 429; x_wconf 90' lang='lat' dir='ltr'>in</span> <span class='ocrx_word' id='word_1_47' title='bbox 1013 392 1174 437; x_wconf 79' lang='lat' dir='ltr'>saeculo,</span> <span class='ocrx_word' id='word_1_48' title='bbox 1205 391 1271 428; x_wconf 90' lang='lat' dir='ltr'>sed</span> <span class='ocrx_word' id='word_1_49' title='bbox 1301 391 1349 427; x_wconf 91' lang='lat' dir='ltr'>ad</span> 
     </span>
     <span class='ocr_line' id='line_1_9' title="bbox 332 452 1349 510; baseline -0.008 -13"><span class='ocrx_word' id='word_1_50' title='bbox 332 458 543 510; x_wconf 76' lang='lat' dir='ltr'>lugendum</span> <span class='ocrx_word' id='word_1_51' title='bbox 565 457 669 507; x_wconf 89' lang='lat' dir='ltr'>quod</span> <span class='ocrx_word' id='word_1_52' title='bbox 691 455 934 493; x_wconf 89' lang='lat' dir='ltr'>commissum</span> <span class='ocrx_word' id='word_1_53' title='bbox 957 463 1014 490; x_wconf 88' lang='lat' dir='ltr'>cst</span> <span class='ocrx_word' id='word_1_54' title='bbox 1033 454 1073 490; x_wconf 91' lang='lat' dir='ltr'>in</span> <span class='ocrx_word' id='word_1_55' title='bbox 1095 454 1236 490; x_wconf 82' lang='lat' dir='ltr'>saeculo</span> <span class='ocrx_word' id='word_1_56' title='bbox 1255 468 1262 490; x_wconf 91' lang='lat'><strong>:</strong></span> <span class='ocrx_word' id='word_1_57' title='bbox 1282 452 1349 490; x_wconf 87' lang='lat' dir='ltr'>ubi</span> 
     </span>
     <span class='ocr_line' id='line_1_10' title="bbox 333 514 1350 572; baseline -0.009 -14"><span class='ocrx_word' id='word_1_58' title='bbox 333 521 487 572; x_wconf 83' lang='lat' dir='ltr'>quidem</span> <span class='ocrx_word' id='word_1_59' title='bbox 513 520 675 556; x_wconf 86' lang='lat' dir='ltr'>multum</span> <span class='ocrx_word' id='word_1_60' title='bbox 707 516 899 554; x_wconf 77' lang='lat' dir='ltr'>subtiliter</span> <span class='ocrx_word' id='word_1_61' title='bbox 928 524 965 552; x_wconf 88' lang='lat' dir='ltr'>et</span> <span class='ocrx_word' id='word_1_62' title='bbox 993 514 1138 551; x_wconf 80' lang='lat' dir='ltr'>utiliter</span> <span class='ocrx_word' id='word_1_63' title='bbox 1163 514 1350 564; x_wconf 75' lang='lat' dir='ltr'>praedica-</span> 
     </span>
     <span class='ocr_line' id='line_1_11' title="bbox 333 575 1348 623; baseline -0.009 -4"><span class='ocrx_word' id='word_1_64' title='bbox 333 583 438 619; x_wconf 89' lang='lat' dir='ltr'>tione</span> <span class='ocrx_word' id='word_1_65' title='bbox 469 580 688 623; x_wconf 88' lang='lat' dir='ltr'>seniorum,</span> <span class='ocrx_word' id='word_1_66' title='bbox 712 577 778 614; x_wconf 88' lang='lat' dir='ltr'>sed</span> <span class='ocrx_word' id='word_1_67' title='bbox 808 577 928 613; x_wconf 89' lang='lat' dir='ltr'>multo</span> <span class='ocrx_word' id='word_1_68' title='bbox 959 575 1135 612; x_wconf 88' lang='lat' dir='ltr'>subtilius</span> <span class='ocrx_word' id='word_1_69' title='bbox 1156 583 1193 611; x_wconf 91' lang='lat' dir='ltr'>et</span> <span class='ocrx_word' id='word_1_70' title='bbox 1220 575 1348 612; x_wconf 90' lang='lat' dir='ltr'>utilius</span> 
     </span>
     <span class='ocr_line' id='line_1_12' title="bbox 332 636 1349 680; baseline -0.009 0"><span class='ocrx_word' id='word_1_71' title='bbox 332 640 615 680; x_wconf 78' lang='lat' dir='ltr'>examinatione</span> <span class='ocrx_word' id='word_1_72' title='bbox 632 637 934 674; x_wconf 75' lang='lat' dir='ltr'>conversationis</span> <span class='ocrx_word' id='word_1_73' title='bbox 953 649 1086 673; x_wconf 87' lang='lat' dir='ltr'>eorum</span> <span class='ocrx_word' id='word_1_74' title='bbox 1103 665 1112 679; x_wconf 90' lang='lat'>,</span> <span class='ocrx_word' id='word_1_75' title='bbox 1134 644 1171 672; x_wconf 88' lang='lat' dir='ltr'>et</span> <span class='ocrx_word' id='word_1_76' title='bbox 1191 636 1230 672; x_wconf 93' lang='lat' dir='ltr'>in</span> <span class='ocrx_word' id='word_1_77' title='bbox 1249 636 1349 672; x_wconf 88' lang='lat' dir='ltr'>malo</span> 
     </span>
     <span class='ocr_line' id='line_1_13' title="bbox 333 695 1352 745; baseline -0.009 -5"><span class='ocrx_word' id='word_1_78' title='bbox 333 702 589 745; x_wconf 80' lang='lat' dir='ltr'>destruimur,</span> <span class='ocrx_word' id='word_1_79' title='bbox 610 707 648 736; x_wconf 92' lang='lat' dir='ltr'>et</span> <span class='ocrx_word' id='word_1_80' title='bbox 669 698 894 735; x_wconf 78' lang='lat' dir='ltr'>instruimur</span> <span class='ocrx_word' id='word_1_81' title='bbox 914 696 961 733; x_wconf 92' lang='lat' dir='ltr'>ad</span> <span class='ocrx_word' id='word_1_82' title='bbox 984 695 1144 733; x_wconf 88' lang='lat' dir='ltr'>bonum.</span> <span class='ocrx_word' id='word_1_83' title='bbox 1162 700 1265 733; x_wconf 86' lang='lat' dir='ltr'>Deus</span> <span class='ocrx_word' id='word_1_84' title='bbox 1286 710 1352 732; x_wconf 81' lang='lat' dir='ltr'>au-</span> 
     </span>
     <span class='ocr_line' id='line_1_14' title="bbox 334 758 1351 802; baseline -0.009 0"><span class='ocrx_word' id='word_1_85' title='bbox 334 774 410 802; x_wconf 90' lang='lat' dir='ltr'>tem</span> <span class='ocrx_word' id='word_1_86' title='bbox 438 763 555 800; x_wconf 88' lang='lat' dir='ltr'>totius</span> <span class='ocrx_word' id='word_1_87' title='bbox 576 758 849 797; x_wconf 83' lang='lat' dir='ltr'>misericordiae</span> <span class='ocrx_word' id='word_1_88' title='bbox 879 766 916 794; x_wconf 88' lang='lat' dir='ltr'>et</span> <span class='ocrx_word' id='word_1_89' title='bbox 939 758 1212 794; x_wconf 85' lang='lat' dir='ltr'>consolationis</span> <span class='ocrx_word' id='word_1_90' title='bbox 1240 758 1351 794; x_wconf 87' lang='lat' dir='ltr'>faciat</span> 
     </span>
     <span class='ocr_line' id='line_1_15' title="bbox 333 819 1351 869; baseline -0.01 -5"><span class='ocrx_word' id='word_1_91' title='bbox 333 840 403 864; x_wconf 87' lang='lat' dir='ltr'>vos</span> <span class='ocrx_word' id='word_1_92' title='bbox 424 825 548 862; x_wconf 90' lang='lat' dir='ltr'>socios</span> <span class='ocrx_word' id='word_1_93' title='bbox 575 830 716 858; x_wconf 76' lang='lat' dir='ltr'>nostrae</span> <span class='ocrx_word' id='word_1_94' title='bbox 738 819 1046 869; x_wconf 71' lang='lat' dir='ltr'>congregationis</span> <span class='ocrx_word' id='word_1_95' title='bbox 1070 834 1076 855; x_wconf 95' lang='lat'><strong>:</strong></span> <span class='ocrx_word' id='word_1_96' title='bbox 1100 828 1142 855; x_wconf 89' lang='lat' dir='ltr'>ut</span> <span class='ocrx_word' id='word_1_97' title='bbox 1163 819 1242 855; x_wconf 87' lang='lat' dir='ltr'>sitis</span> <span class='ocrx_word' id='word_1_98' title='bbox 1260 833 1351 869; x_wconf 84' lang='lat' dir='ltr'>par·-</span> 
     </span>
     <span class='ocr_line' id='line_1_16' title="bbox 334 879 1349 935; baseline -0.008 -12"><span class='ocrx_word' id='word_1_99' title='bbox 334 886 467 935; x_wconf 85' lang='lat' dir='ltr'>ticipes</span> <span class='ocrx_word' id='word_1_100' title='bbox 501 883 602 919; x_wconf 85' lang='lat' dir='ltr'>illius</span> <span class='ocrx_word' id='word_1_101' title='bbox 634 882 794 917; x_wconf 81' lang='lat' dir='ltr'>intcrnae</span> <span class='ocrx_word' id='word_1_102' title='bbox 828 879 1102 915; x_wconf 76' lang='lat' dir='ltr'>consolationis</span> <span class='ocrx_word' id='word_1_103' title='bbox 1116 907 1125 923; x_wconf 91' lang='lat'>,</span> <span class='ocrx_word' id='word_1_104' title='bbox 1159 893 1274 928; x_wconf 90' lang='lat' dir='ltr'>quam</span> <span class='ocrx_word' id='word_1_105' title='bbox 1310 880 1349 916; x_wconf 89' lang='lat' dir='ltr'>in</span> 
     </span>
     <span class='ocr_line' id='line_1_17' title="bbox 332 938 1348 993; baseline -0.006 -10"><span class='ocrx_word' id='word_1_106' title='bbox 332 946 442 983; x_wconf 77' lang='lat' dir='ltr'>vobis</span> <span class='ocrx_word' id='word_1_107' title='bbox 459 942 693 993; x_wconf 81' lang='lat' dir='ltr'>quandoque</span> <span class='ocrx_word' id='word_1_108' title='bbox 713 939 854 976; x_wconf 88' lang='lat' dir='ltr'>sentire</span> <span class='ocrx_word' id='word_1_109' title='bbox 868 968 877 985; x_wconf 93' lang='lat'>,</span> <span class='ocrx_word' id='word_1_110' title='bbox 899 938 964 976; x_wconf 87' lang='lat' dir='ltr'>sed</span> <span class='ocrx_word' id='word_1_111' title='bbox 982 954 1001 976; x_wconf 87' lang='lat' dir='ltr'>a</span> <span class='ocrx_word' id='word_1_112' title='bbox 1019 938 1130 975; x_wconf 87' lang='lat' dir='ltr'>nobis</span> <span class='ocrx_word' id='word_1_113' title='bbox 1149 953 1348 990; x_wconf 88' lang='lat' dir='ltr'>nunquam</span> 
     </span>
     <span class='ocr_line' id='line_1_18' title="bbox 332 1000 824 1057; baseline -0.016 -14"><span class='ocrx_word' id='word_1_114' title='bbox 332 1005 493 1057; x_wconf 86' lang='lat' dir='ltr'>potestis</span> <span class='ocrx_word' id='word_1_115' title='bbox 511 1002 656 1040; x_wconf 88' lang='lat' dir='ltr'>audire.</span> <span class='ocrx_word' id='word_1_116' title='bbox 681 1000 824 1038; x_wconf 80' lang='lat' dir='ltr'>Valete.</span> 
     </span>
    </p>
   </div>
   <div class='ocr_carea' id='block_1_7' title="bbox 328 1147 1352 1165">
    <p class='ocr_par' dir='ltr' id='par_1_7' title="bbox 328 1147 1352 1165">
     <span class='ocr_line' id='line_1_19' title="bbox 328 1147 1352 1165; baseline -0.007 0"><span class='ocrx_word' id='word_1_117' title='bbox 328 1147 1352 1165; x_wconf 50' lang='lat'>=================================================================</span> 
     </span>
    </p>
   </div>
   <div class='ocr_carea' id='block_1_8' title="bbox 460 1277 1206 1341">
    <p class='ocr_par' dir='ltr' id='par_1_8' title="bbox 460 1277 1206 1341">
     <span class='ocr_line' id='line_1_20' title="bbox 460 1277 1206 1341; baseline -0.009 0"><span class='ocrx_word' id='word_1_118' title='bbox 460 1279 836 1341; x_wconf 83' lang='lat' dir='ltr'><strong>EPISTOLA</strong></span> <span class='ocrx_word' id='word_1_119' title='bbox 897 1277 1206 1337; x_wconf 72' lang='lat' dir='ltr'>CDLVIl.a</span> 
     </span>
    </p>
   </div>
   <div class='ocr_carea' id='block_1_9' title="bbox 445 1430 1217 1471">
    <p class='ocr_par' dir='ltr' id='par_1_9' title="bbox 445 1430 1217 1471">
     <span class='ocr_line' id='line_1_21' title="bbox 445 1430 1217 1471; baseline -0.008 0"><span class='ocrx_word' id='word_1_120' title='bbox 445 1449 493 1471; x_wconf 64' lang='lat' dir='ltr'>AD</span> <span class='ocrx_word' id='word_1_121' title='bbox 523 1446 717 1469; x_wconf 69' lang='lat' dir='ltr'>ALFoNSEM</span> <span class='ocrx_word' id='word_1_122' title='bbox 746 1445 873 1467; x_wconf 72' lang='lat' dir='ltr'>REGEM</span> <span class='ocrx_word' id='word_1_123' title='bbox 904 1444 1170 1466; x_wconf 65' lang='lat' dir='ltr'>PORTL‘GALLLE</span> <span class='ocrx_word' id='word_1_124' title='bbox 1191 1430 1217 1468; x_wconf 42' lang='grc' dir='ltr'>ὸ,</span> 
     </span>
    </p>
   </div>
   <div class='ocr_carea' id='block_1_10' title="bbox 321 1567 1343 1714">
    <p class='ocr_par' dir='ltr' id='par_1_10' title="bbox 321 1567 1343 1714">
     <span class='ocr_line' id='line_1_22' title="bbox 321 1567 1343 1611; baseline -0.006 -5"><span class='ocrx_word' id='word_1_125' title='bbox 321 1577 391 1606; x_wconf 79' lang='lat' dir='ltr'>Rex</span> <span class='ocrx_word' id='word_1_126' title='bbox 401 1597 408 1611; x_wconf 94' lang='lat'>,</span> <span class='ocrx_word' id='word_1_127' title='bbox 424 1571 553 1603; x_wconf 86' lang='lat' dir='ltr'>obtenta</span> <span class='ocrx_word' id='word_1_128' title='bbox 567 1569 606 1601; x_wconf 90' lang='lat' dir='ltr'>de</span> <span class='ocrx_word' id='word_1_129' title='bbox 620 1567 781 1600; x_wconf 81' lang='lat' dir='ltr'>Saracenis</span> <span class='ocrx_word' id='word_1_130' title='bbox 794 1567 943 1604; x_wconf 62' lang='lat' dir='ltr'>victoria,</span> <span class='ocrx_word' id='word_1_131' title='bbox 958 1578 1029 1599; x_wconf 87' lang='lat' dir='ltr'>reus</span> <span class='ocrx_word' id='word_1_132' title='bbox 1044 1567 1109 1599; x_wconf 79' lang='lat' dir='ltr'>voti</span> <span class='ocrx_word' id='word_1_133' title='bbox 1124 1567 1162 1599; x_wconf 90' lang='lat' dir='ltr'>de</span> <span class='ocrx_word' id='word_1_134' title='bbox 1177 1568 1343 1600; x_wconf 87' lang='lat' dir='ltr'>condendo</span> 
     </span>
     <span class='ocr_line' id='line_1_23' title="bbox 369 1622 1343 1665; baseline -0.004 -6"><span class='ocrx_word' id='word_1_135' title='bbox 369 1624 627 1659; x_wconf 78' lang='lat' dir='ltr'>cisterciensibus</span> <span class='ocrx_word' id='word_1_136' title='bbox 643 1623 834 1654; x_wconf 87' lang='lat' dir='ltr'>monasterio</span> <span class='ocrx_word' id='word_1_137' title='bbox 852 1622 1029 1654; x_wconf 85' lang='lat' dir='ltr'>tenebatur.</span> <span class='ocrx_word' id='word_1_138' title='bbox 1047 1627 1157 1664; x_wconf 88' lang='lat' dir='ltr'>Itaque</span> <span class='ocrx_word' id='word_1_139' title='bbox 1171 1624 1343 1665; x_wconf 84' lang='lat' dir='ltr'>postulatos</span> 
     </span>
     <span class='ocr_line' id='line_1_24' title="bbox 369 1677 1340 1714; baseline -0.004 0"><span class='ocrx_word' id='word_1_140' title='bbox 369 1694 386 1714; x_wconf 88' lang='grc'>0</span> <span class='ocrx_word' id='word_1_141' title='bbox 398 1679 596 1713; x_wconf 58' lang='lat' dir='ltr'>Clara-Valle</span> <span class='ocrx_word' id='word_1_142' title='bbox 609 1677 781 1709; x_wconf 81' lang='lat' dir='ltr'>monachos</span> <span class='ocrx_word' id='word_1_143' title='bbox 791 1677 970 1709; x_wconf 85' lang='lat' dir='ltr'>Bernardus</span> <span class='ocrx_word' id='word_1_144' title='bbox 984 1677 1077 1709; x_wconf 87' lang='lat' dir='ltr'>mittit</span> <span class='ocrx_word' id='word_1_145' title='bbox 1091 1677 1124 1708; x_wconf 91' lang='lat' dir='ltr'>in</span> <span class='ocrx_word' id='word_1_146' title='bbox 1138 1678 1340 1710; x_wconf 84' lang='lat' dir='ltr'>Lusitaniam.</span> 
     </span>
    </p>
   </div>
   <div class='ocr_carea' id='block_1_11' title="bbox 320 1799 1387 1849">
    <p class='ocr_par' dir='ltr' id='par_1_11' title="bbox 320 1799 1387 1849">
     <span class='ocr_line' id='line_1_25' title="bbox 320 1799 1387 1849; baseline -0.006 -7"><span class='ocrx_word' id='word_1_147' title='bbox 320 1801 643 1843; x_wconf 84' lang='lat' dir='ltr'>Christianissimo</span> <span class='ocrx_word' id='word_1_148' title='bbox 659 1807 697 1836; x_wconf 90' lang='lat' dir='ltr'>et</span> <span class='ocrx_word' id='word_1_149' title='bbox 716 1799 781 1849; x_wconf 89' lang='lat' dir='ltr'>pio</span> <span class='ocrx_word' id='word_1_150' title='bbox 801 1802 977 1835; x_wconf 60' lang='lat' dir='ltr'>Atros-so</span> <span class='ocrx_word' id='word_1_151' title='bbox 995 1799 1075 1848; x_wconf 76' lang='lat' dir='ltr'>regi</span> <span class='ocrx_word' id='word_1_152' title='bbox 1095 1800 1339 1849; x_wconf 76' lang='lat' dir='ltr'>Portugallo—</span> <span class='ocrx_word' id='word_1_153' title='bbox 1361 1811 1387 1846; x_wconf 85' lang='lat' dir='ltr'>C</span> 
     </span>
    </p>
   </div>
   <div class='ocr_carea' id='block_1_12' title="bbox 376 1860 1338 1972">
    <p class='ocr_par' dir='ltr' id='par_1_12' title="bbox 376 1860 1338 1972">
     <span class='ocr_line' id='line_1_26' title="bbox 377 1860 1338 1910; baseline -0.004 -8"><span class='ocrx_word' id='word_1_154' title='bbox 377 1878 483 1910; x_wconf 90' lang='lat' dir='ltr'>rum,</span> <span class='ocrx_word' id='word_1_155' title='bbox 496 1867 722 1901; x_wconf 43' lang='lat' dir='ltr'>BEnNimncs</span> <span class='ocrx_word' id='word_1_156' title='bbox 735 1889 744 1906; x_wconf 94' lang='lat'>,</span> <span class='ocrx_word' id='word_1_157' title='bbox 760 1860 1022 1898; x_wconf 78' lang='lat' dir='ltr'>Clarae-Vallis</span> <span class='ocrx_word' id='word_1_158' title='bbox 1035 1869 1194 1897; x_wconf 71' lang='lat' dir='ltr'>vocatus</span> <span class='ocrx_word' id='word_1_159' title='bbox 1206 1860 1338 1906; x_wconf 83' lang='lat' dir='ltr'>abbas,</span> 
     </span>
     <span class='ocr_line' id='line_1_27' title="bbox 376 1921 851 1972; baseline -0.015 -8"><span class='ocrx_word' id='word_1_160' title='bbox 376 1925 571 1964; x_wconf 88' lang='lat' dir='ltr'>modicum</span> <span class='ocrx_word' id='word_1_161' title='bbox 592 1923 630 1959; x_wconf 91' lang='lat' dir='ltr'>id</span> <span class='ocrx_word' id='word_1_162' title='bbox 652 1921 758 1972; x_wconf 90' lang='lat' dir='ltr'>quod</span> <span class='ocrx_word' id='word_1_163' title='bbox 781 1929 851 1958; x_wconf 92' lang='lat' dir='ltr'>est.</span> 
     </span>
    </p>
   </div>
   <div class='ocr_carea' id='block_1_13' title="bbox 317 2043 1340 2587">
    <p class='ocr_par' dir='ltr' id='par_1_13' title="bbox 317 2043 1340 2587">
     <span class='ocr_line' id='line_1_28' title="bbox 374 2043 1339 2090; baseline -0.004 -5"><span class='ocrx_word' id='word_1_164' title='bbox 374 2046 603 2086; x_wconf 79' lang='lat' dir='ltr'>Benedictus</span> <span class='ocrx_word' id='word_1_165' title='bbox 631 2047 735 2081; x_wconf 89' lang='lat' dir='ltr'>Deus</span> <span class='ocrx_word' id='word_1_166' title='bbox 756 2073 766 2090; x_wconf 90' lang='lat'>,</span> <span class='ocrx_word' id='word_1_167' title='bbox 807 2052 844 2080; x_wconf 87' lang='lat' dir='ltr'>et</span> <span class='ocrx_word' id='word_1_168' title='bbox 878 2047 990 2080; x_wconf 90' lang='lat' dir='ltr'>Pater</span> <span class='ocrx_word' id='word_1_169' title='bbox 1025 2043 1182 2080; x_wconf 91' lang='lat' dir='ltr'>Domini</span> <span class='ocrx_word' id='word_1_170' title='bbox 1216 2045 1339 2081; x_wconf 79' lang='lat' dir='ltr'>nostri</span> 
     </span>
     <span class='ocr_line' id='line_1_29' title="bbox 322 2104 1340 2151; baseline -0.004 -4"><span class='ocrx_word' id='word_1_171' title='bbox 322 2114 432 2148; x_wconf 90' lang='lat' dir='ltr'>Jesus</span> <span class='ocrx_word' id='word_1_172' title='bbox 454 2105 614 2151; x_wconf 86' lang='lat' dir='ltr'>Christi,</span> <span class='ocrx_word' id='word_1_173' title='bbox 634 2108 746 2142; x_wconf 88' lang='lat' dir='ltr'>Pater</span> <span class='ocrx_word' id='word_1_174' title='bbox 773 2104 1125 2141; x_wconf 84' lang='lat' dir='ltr'>misericordiarum</span> <span class='ocrx_word' id='word_1_175' title='bbox 1141 2133 1150 2150; x_wconf 85' lang='lat'>,</span> <span class='ocrx_word' id='word_1_176' title='bbox 1176 2114 1214 2141; x_wconf 90' lang='lat' dir='ltr'>et</span> <span class='ocrx_word' id='word_1_177' title='bbox 1236 2109 1340 2143; x_wconf 87' lang='lat' dir='ltr'>Deus</span> 
     </span>
     <span class='ocr_line' id='line_1_30' title="bbox 321 2164 1340 2215; baseline -0.005 -7"><span class='ocrx_word' id='word_1_178' title='bbox 321 2171 438 2208; x_wconf 91' lang='lat' dir='ltr'>totius</span> <span class='ocrx_word' id='word_1_179' title='bbox 469 2166 766 2212; x_wconf 85' lang='lat' dir='ltr'>consolationis,</span> <span class='ocrx_word' id='word_1_180' title='bbox 791 2164 857 2215; x_wconf 89' lang='lat' dir='ltr'>qui</span> <span class='ocrx_word' id='word_1_181' title='bbox 885 2166 1106 2203; x_wconf 83' lang='lat' dir='ltr'>consolatus</span> <span class='ocrx_word' id='word_1_182' title='bbox 1127 2174 1184 2203; x_wconf 90' lang='lat' dir='ltr'>est</span> <span class='ocrx_word' id='word_1_183' title='bbox 1206 2179 1275 2203; x_wconf 73' lang='lat' dir='ltr'>vos</span> <span class='ocrx_word' id='word_1_184' title='bbox 1301 2167 1340 2203; x_wconf 91' lang='lat' dir='ltr'>in</span> 
     </span>
     <span class='ocr_line' id='line_1_31' title="bbox 321 2226 1337 2277; baseline -0.005 -8"><span class='ocrx_word' id='word_1_185' title='bbox 321 2230 570 2269; x_wconf 83' lang='lat' dir='ltr'>tribulatione</span> <span class='ocrx_word' id='word_1_186' title='bbox 598 2235 744 2273; x_wconf 64' lang='lat' dir='ltr'>vestra,</span> <span class='ocrx_word' id='word_1_187' title='bbox 771 2226 863 2263; x_wconf 91' lang='lat' dir='ltr'>dum</span> <span class='ocrx_word' id='word_1_188' title='bbox 893 2226 1050 2263; x_wconf 87' lang='lat' dir='ltr'>abstulit</span> <span class='ocrx_word' id='word_1_189' title='bbox 1079 2226 1337 2277; x_wconf 86' lang='lat' dir='ltr'>opprobrium</span> 
     </span>
     <span class='ocr_line' id='line_1_32' title="bbox 320 2287 1339 2333; baseline -0.005 -2"><span class='ocrx_word' id='word_1_190' title='bbox 320 2298 597 2333; x_wconf 86' lang='lat' dir='ltr'>Saracenorum</span> <span class='ocrx_word' id='word_1_191' title='bbox 630 2302 650 2325; x_wconf 90' lang='lat' dir='ltr'>a</span> <span class='ocrx_word' id='word_1_192' title='bbox 681 2287 896 2325; x_wconf 73' lang='lat' dir='ltr'>cervicibus</span> <span class='ocrx_word' id='word_1_193' title='bbox 927 2288 1076 2325; x_wconf 66' lang='lat' dir='ltr'>vestris.</span> <span class='ocrx_word' id='word_1_194' title='bbox 1108 2289 1339 2326; x_wconf 79' lang='lat' dir='ltr'>Ceciderunt</span> 
     </span>
     <span class='ocr_line' id='line_1_33' title="bbox 318 2348 1339 2399; baseline -0.005 -7"><span class='ocrx_word' id='word_1_195' title='bbox 318 2354 418 2392; x_wconf 86' lang='lat' dir='ltr'>muri</span> <span class='ocrx_word' id='word_1_196' title='bbox 440 2351 615 2395; x_wconf 82' lang='lat' dir='ltr'>Jericho,</span> <span class='ocrx_word' id='word_1_197' title='bbox 647 2349 782 2386; x_wconf 84' lang='lat' dir='ltr'>cecidit</span> <span class='ocrx_word' id='word_1_198' title='bbox 806 2348 978 2399; x_wconf 71' lang='lat' dir='ltr'>Babylon</span> <span class='ocrx_word' id='word_1_199' title='bbox 1004 2363 1164 2399; x_wconf 80' lang='lat' dir='ltr'>magna,</span> <span class='ocrx_word' id='word_1_200' title='bbox 1187 2350 1339 2387; x_wconf 88' lang='lat' dir='ltr'>destru-</span> 
     </span>
     <span class='ocr_line' id='line_1_34' title="bbox 317 2410 1340 2464; baseline -0.004 -13"><span class='ocrx_word' id='word_1_201' title='bbox 317 2416 373 2451; x_wconf 77' lang='lat' dir='ltr'>xit·</span> <span class='ocrx_word' id='word_1_202' title='bbox 406 2412 595 2450; x_wconf 76' lang='lat' dir='ltr'>Dominus</span> <span class='ocrx_word' id='word_1_203' title='bbox 624 2410 858 2446; x_wconf 83' lang='lat' dir='ltr'>munitiones</span> <span class='ocrx_word' id='word_1_204' title='bbox 883 2410 1128 2447; x_wconf 85' lang='lat' dir='ltr'>inimicorum</span> <span class='ocrx_word' id='word_1_205' title='bbox 1160 2424 1340 2464; x_wconf 64' lang='lat' dir='ltr'>suorum,</span> 
     </span>
     <span class='ocr_line' id='line_1_35' title="bbox 317 2471 889 2521; baseline -0.01 -8"><span class='ocrx_word' id='word_1_206' title='bbox 317 2485 355 2513; x_wconf 87' lang='lat' dir='ltr'>et</span> <span class='ocrx_word' id='word_1_207' title='bbox 374 2474 510 2512; x_wconf 82' lang='lat' dir='ltr'>extulit</span> <span class='ocrx_word' id='word_1_208' title='bbox 535 2486 657 2509; x_wconf 88' lang='lat' dir='ltr'>cornu</span> <span class='ocrx_word' id='word_1_209' title='bbox 679 2472 810 2521; x_wconf 87' lang='lat' dir='ltr'>populi</span> <span class='ocrx_word' id='word_1_210' title='bbox 832 2471 889 2508; x_wconf 91' lang='lat' dir='ltr'>sui</span> 
     </span>
     <span class='ocr_line' id='line_1_36' title="bbox 317 2532 1333 2587; baseline -0.007 -13"><span class='ocrx_word' id='word_1_211' title='bbox 317 2550 432 2587; x_wconf 88' lang='lat' dir='ltr'>quam</span> <span class='ocrx_word' id='word_1_212' title='bbox 457 2536 588 2578; x_wconf 78' lang='lat' dir='ltr'>fieret,</span> <span class='ocrx_word' id='word_1_213' title='bbox 612 2533 836 2569; x_wconf 84' lang='lat' dir='ltr'>rescivimus</span> <span class='ocrx_word' id='word_1_214' title='bbox 861 2532 1055 2569; x_wconf 73' lang='lat' dir='ltr'>revelante</span> <span class='ocrx_word' id='word_1_215' title='bbox 1083 2533 1247 2583; x_wconf 84' lang='lat' dir='ltr'>Spiritu,</span> <span class='ocrx_word' id='word_1_216' title='bbox 1270 2533 1333 2582; x_wconf 88' lang='lat' dir='ltr'>qui</span> 
     </span>
    </p>
   </div>
   <div class='ocr_carea' id='block_1_14' title="bbox 919 2471 1339 2521">
    <p class='ocr_par' dir='ltr' id='par_1_14' title="bbox 919 2471 1339 2521">
     <span class='ocr_line' id='line_1_37' title="bbox 919 2471 1339 2521; baseline 0.005 -14"><span class='ocrx_word' id='word_1_217' title='bbox 919 2487 926 2508; x_wconf 86' lang='grc'>;</span> <span class='ocrx_word' id='word_1_218' title='bbox 954 2471 1058 2521; x_wconf 90' lang='lat' dir='ltr'>quod</span> <span class='ocrx_word' id='word_1_219' title='bbox 1081 2472 1195 2508; x_wconf 88' lang='lat' dir='ltr'>etiam</span> <span class='ocrx_word' id='word_1_220' title='bbox 1229 2481 1339 2509; x_wconf 87' lang='lat' dir='ltr'>ante-</span> 
     </span>
    </p>
   </div>
   <div class='ocr_carea' id='block_1_15' title="bbox 1415 330 2427 930">
    <p class='ocr_par' dir='ltr' id='par_1_15' title="bbox 1415 330 2427 930">
     <span class='ocr_line' id='line_1_38' title="bbox 1417 330 2425 382; baseline 0.01 -15"><span class='ocrx_word' id='word_1_221' title='bbox 1417 330 1592 368; x_wconf 70' lang='lat' dir='ltr'>trivimus</span> <span class='ocrx_word' id='word_1_222' title='bbox 1611 346 1618 368; x_wconf 92' lang='lat'>:</span> <span class='ocrx_word' id='word_1_223' title='bbox 1636 340 1826 381; x_wconf 76' lang='grc'>(1110101105</span> <span class='ocrx_word' id='word_1_224' title='bbox 1845 345 1915 368; x_wconf 88' lang='grc'>1105</span> <span class='ocrx_word' id='word_1_225' title='bbox 1935 332 2039 382; x_wconf 88' lang='lat' dir='ltr'>ipsos</span> <span class='ocrx_word' id='word_1_226' title='bbox 2057 333 2280 372; x_wconf 88' lang='lat' dir='ltr'>Celsitudini</span> <span class='ocrx_word' id='word_1_227' title='bbox 2295 346 2425 377; x_wconf 78' lang='lat' dir='ltr'>vestrae</span> 
     </span>
     <span class='ocr_line' id='line_1_39' title="bbox 1417 392 2427 443; baseline 0.007 -15"><span class='ocrx_word' id='word_1_228' title='bbox 1417 392 1751 438; x_wconf 82' lang='lat' dir='ltr'>commendantes,</span> <span class='ocrx_word' id='word_1_229' title='bbox 1773 393 1875 443; x_wconf 86' lang='lat' dir='ltr'>piam</span> <span class='ocrx_word' id='word_1_230' title='bbox 1895 394 1975 429; x_wconf 82' lang='lat' dir='ltr'>voti</span> <span class='ocrx_word' id='word_1_231' title='bbox 1992 393 2245 432; x_wconf 87' lang='lat' dir='ltr'>intentionem</span> <span class='ocrx_word' id='word_1_232' title='bbox 2263 396 2309 433; x_wconf 88' lang='lat' dir='ltr'>ad</span> <span class='ocrx_word' id='word_1_233' title='bbox 2327 398 2427 438; x_wconf 88' lang='lat' dir='ltr'>debi-</span> 
     </span>
     <span class='ocr_line' id='line_1_40' title="bbox 1417 453 2426 503; baseline 0.009 -14"><span class='ocrx_word' id='word_1_234' title='bbox 1417 461 1493 490; x_wconf 88' lang='lat' dir='ltr'>tam</span> <span class='ocrx_word' id='word_1_235' title='bbox 1525 454 1812 491; x_wconf 80' lang='lat' dir='ltr'>exsecutionem</span> <span class='ocrx_word' id='word_1_236' title='bbox 1838 453 2078 503; x_wconf 84' lang='lat' dir='ltr'>perducant,</span> <span class='ocrx_word' id='word_1_237' title='bbox 2103 454 2196 491; x_wconf 91' lang='lat' dir='ltr'>illud</span> <span class='ocrx_word' id='word_1_238' title='bbox 2224 457 2426 499; x_wconf 86' lang='lat' dir='ltr'>condentes</span> 
     </span>
     <span class='ocr_line' id='line_1_41' title="bbox 1416 513 2426 568; baseline 0.009 -18"><span class='ocrx_word' id='word_1_239' title='bbox 1416 515 1693 552; x_wconf 85' lang='lat' dir='ltr'>monasterium</span> <span class='ocrx_word' id='word_1_240' title='bbox 1714 543 1723 561; x_wconf 90' lang='lat'>,</span> <span class='ocrx_word' id='word_1_241' title='bbox 1749 515 1787 551; x_wconf 87' lang='lat' dir='ltr'>in</span> <span class='ocrx_word' id='word_1_242' title='bbox 1805 513 1915 564; x_wconf 83' lang='lat' dir='ltr'>cujus</span> <span class='ocrx_word' id='word_1_243' title='bbox 1938 514 2141 552; x_wconf 88' lang='lat' dir='ltr'>duratione</span> <span class='ocrx_word' id='word_1_244' title='bbox 2162 524 2199 552; x_wconf 91' lang='lat' dir='ltr'>et</span> <span class='ocrx_word' id='word_1_245' title='bbox 2219 516 2426 568; x_wconf 84' lang='lat' dir='ltr'>integritate</span> 
     </span>
     <span class='ocr_line' id='line_1_42' title="bbox 1415 575 2425 626; baseline 0.007 -14"><span class='ocrx_word' id='word_1_246' title='bbox 1415 575 1621 613; x_wconf 83' lang='lat' dir='ltr'>indelebile</span> <span class='ocrx_word' id='word_1_247' title='bbox 1642 575 1830 613; x_wconf 84' lang='lat' dir='ltr'>habebitis</span> <span class='ocrx_word' id='word_1_248' title='bbox 1851 576 2018 626; x_wconf 75' lang='lat' dir='ltr'>elogium</span> <span class='ocrx_word' id='word_1_249' title='bbox 2039 577 2147 626; x_wconf 81' lang='lat' dir='ltr'>regni</span> <span class='ocrx_word' id='word_1_250' title='bbox 2172 578 2311 624; x_wconf 86' lang='lat' dir='ltr'>vestri,</span> <span class='ocrx_word' id='word_1_251' title='bbox 2334 581 2425 620; x_wconf 84' lang='lat' dir='ltr'>etin</span> 
     </span>
     <span class='ocr_line' id='line_1_43' title="bbox 1417 636 2426 680; baseline 0.007 -7"><span class='ocrx_word' id='word_1_252' title='bbox 1417 637 1607 674; x_wconf 68' lang='lat' dir='ltr'>divisione</span> <span class='ocrx_word' id='word_1_253' title='bbox 1643 637 1838 674; x_wconf 82' lang='lat' dir='ltr'>redituum</span> <span class='ocrx_word' id='word_1_254' title='bbox 1875 636 2070 673; x_wconf 76' lang='lat' dir='ltr'>dividetur</span> <span class='ocrx_word' id='word_1_255' title='bbox 2099 650 2121 673; x_wconf 90' lang='lat' dir='ltr'>a</span> <span class='ocrx_word' id='word_1_256' title='bbox 2153 636 2264 675; x_wconf 76' lang='lat' dir='ltr'>vobis</span> <span class='ocrx_word' id='word_1_257' title='bbox 2290 652 2426 680; x_wconf 89' lang='lat' dir='ltr'>corona</span> 
     </span>
     <span class='ocr_line' id='line_1_44' title="bbox 1417 698 2426 748; baseline 0.006 -14"><span class='ocrx_word' id='word_1_258' title='bbox 1417 699 1582 736; x_wconf 75' lang='lat' dir='ltr'>vestra*.</span> <span class='ocrx_word' id='word_1_259' title='bbox 1603 701 1737 736; x_wconf 82' lang='lat' dir='ltr'>Servet</span> <span class='ocrx_word' id='word_1_260' title='bbox 1756 711 1822 735; x_wconf 87' lang='lat' dir='ltr'>vos</span> <span class='ocrx_word' id='word_1_261' title='bbox 1837 727 1846 744; x_wconf 91' lang='lat'>,</span> <span class='ocrx_word' id='word_1_262' title='bbox 1869 706 1908 735; x_wconf 92' lang='lat' dir='ltr'>et</span> <span class='ocrx_word' id='word_1_263' title='bbox 1927 698 2115 735; x_wconf 87' lang='lat' dir='ltr'>illustrem</span> <span class='ocrx_word' id='word_1_264' title='bbox 2136 698 2319 748; x_wconf 80' lang='lat' dir='ltr'>Reginam</span> <span class='ocrx_word' id='word_1_265' title='bbox 2337 715 2426 740; x_wconf 89' lang='lat' dir='ltr'>cou-</span> 
     </span>
     <span class='ocr_line' id='line_1_45' title="bbox 1418 758 2424 812; baseline 0.003 -16"><span class='ocrx_word' id='word_1_266' title='bbox 1418 768 1559 796; x_wconf 84' lang='lat' dir='ltr'>sortem</span> <span class='ocrx_word' id='word_1_267' title='bbox 1579 762 1759 796; x_wconf 70' lang='lat' dir='ltr'>Servator</span> <span class='ocrx_word' id='word_1_268' title='bbox 1779 768 2028 806; x_wconf 90' lang='lat' dir='ltr'>cunctorum,</span> <span class='ocrx_word' id='word_1_269' title='bbox 2053 767 2090 796; x_wconf 91' lang='lat' dir='ltr'>et</span> <span class='ocrx_word' id='word_1_270' title='bbox 2110 758 2311 797; x_wconf 83' lang='lat' dir='ltr'>benedicat</span> <span class='ocrx_word' id='word_1_271' title='bbox 2334 775 2424 812; x_wconf 85' lang='lat' dir='ltr'>pro-</span> 
     </span>
     <span class='ocr_line' id='line_1_46' title="bbox 1418 819 2424 865; baseline 0.006 -10"><span class='ocrx_word' id='word_1_272' title='bbox 1418 819 1492 855; x_wconf 89' lang='lat' dir='ltr'>lem</span> <span class='ocrx_word' id='word_1_273' title='bbox 1511 828 1696 865; x_wconf 73' lang='lat' dir='ltr'>vestram,</span> <span class='ocrx_word' id='word_1_274' title='bbox 1718 828 1761 856; x_wconf 91' lang='lat' dir='ltr'>ut</span> <span class='ocrx_word' id='word_1_275' title='bbox 1787 819 1949 856; x_wconf 70' lang='lat' dir='ltr'>videatis</span> <span class='ocrx_word' id='word_1_276' title='bbox 1974 820 2071 857; x_wconf 83' lang='lat' dir='ltr'>filios</span> <span class='ocrx_word' id='word_1_277' title='bbox 2093 820 2259 857; x_wconf 86' lang='lat' dir='ltr'>filiorum</span> <span class='ocrx_word' id='word_1_278' title='bbox 2281 831 2424 862; x_wconf 81' lang='lat' dir='ltr'>vestro-</span> 
     </span>
     <span class='ocr_line' id='line_1_47' title="bbox 1419 879 2314 930; baseline 0.004 -15"><span class='ocrx_word' id='word_1_279' title='bbox 1419 892 1526 926; x_wconf 88' lang='lat' dir='ltr'>rum,</span> <span class='ocrx_word' id='word_1_280' title='bbox 1548 879 1758 928; x_wconf 77' lang='lat' dir='ltr'>gaudentes</span> <span class='ocrx_word' id='word_1_281' title='bbox 1779 880 1817 916; x_wconf 92' lang='lat' dir='ltr'>in</span> <span class='ocrx_word' id='word_1_282' title='bbox 1838 879 2147 930; x_wconf 83' lang='lat' dir='ltr'>possessionibus</span> <span class='ocrx_word' id='word_1_283' title='bbox 2167 881 2314 920; x_wconf 85' lang='lat' dir='ltr'>vestris.</span> 
     </span>
    </p>
   </div>
   <div class='ocr_carea' id='block_1_16' title="bbox 1709 1024 2425 1038">
    <p class='ocr_par' dir='ltr' id='par_1_16' title="bbox 1709 1024 2425 1038">
     <span class='ocr_line' id='line_1_48' title="bbox 1709 1024 2425 1038; baseline 0.006 -6"><span class='ocrx_word' id='word_1_284' title='bbox 1709 1025 1716 1032; x_wconf 69' lang='lat'>=</span> <span class='ocrx_word' id='word_1_285' title='bbox 1722 1025 1747 1033; x_wconf 41' lang='grc' dir='ltr'>χι</span> <span class='ocrx_word' id='word_1_286' title='bbox 1753 1024 1919 1032; x_wconf 46' lang='grc' dir='ltr'>ιν-κινιιιιιπ</span> <span class='ocrx_word' id='word_1_287' title='bbox 1924 1024 2055 1034; x_wconf 57' lang='grc' dir='ltr'>ιιιιινιιι</span> <span class='ocrx_word' id='word_1_288' title='bbox 2061 1024 2368 1036; x_wconf 51' lang='grc' dir='ltr'>νιειιινινιωνινιιιιιυ</span> <span class='ocrx_word' id='word_1_289' title='bbox 2373 1027 2425 1038; x_wconf 52' lang='grc' dir='ltr'>ν...</span> 
     </span>
    </p>
   </div>
   <div class='ocr_carea' id='block_1_17' title="bbox 1542 1147 2312 1214">
    <p class='ocr_par' dir='ltr' id='par_1_17' title="bbox 1542 1147 2312 1214">
     <span class='ocr_line' id='line_1_49' title="bbox 1542 1147 2312 1214; baseline 0.001 -2"><span class='ocrx_word' id='word_1_290' title='bbox 1542 1155 1925 1213; x_wconf 77' lang='lat' dir='ltr'><strong>EPISTOLA</strong></span> <span class='ocrx_word' id='word_1_291' title='bbox 1973 1147 2312 1214; x_wconf 59' lang='lat' dir='ltr'>CDLVHIJ’</span> 
     </span>
    </p>
   </div>
   <div class='ocr_carea' id='block_1_18' title="bbox 1682 1314 2160 1344">
    <p class='ocr_par' dir='ltr' id='par_1_18' title="bbox 1682 1314 2160 1344">
     <span class='ocr_line' id='line_1_50' title="bbox 1682 1314 2160 1344; baseline 0 -1"><span class='ocrx_word' id='word_1_292' title='bbox 1682 1322 1728 1343; x_wconf 80' lang='lat' dir='ltr'>AD</span> <span class='ocrx_word' id='word_1_293' title='bbox 1757 1321 1930 1344; x_wconf 75' lang='lat' dir='ltr'><strong>JOANNEM</strong></span> <span class='ocrx_word' id='word_1_294' title='bbox 1962 1321 2121 1344; x_wconf 66' lang='lat' dir='ltr'>cnu&#39;rAM</span> <span class='ocrx_word' id='word_1_295' title='bbox 2135 1314 2160 1344; x_wconf 76' lang='lat'>⁰.</span> 
     </span>
    </p>
   </div>
   <div class='ocr_carea' id='block_1_19' title="bbox 1412 1433 2423 1482">
    <p class='ocr_par' dir='ltr' id='par_1_19' title="bbox 1412 1433 2423 1482">
     <span class='ocr_line' id='line_1_51' title="bbox 1412 1433 2423 1482; baseline 0 -10"><span class='ocrx_word' id='word_1_296' title='bbox 1412 1433 1545 1482; x_wconf 70' lang='lat' dir='ltr'>Cognito</span> <span class='ocrx_word' id='word_1_297' title='bbox 1569 1438 1719 1469; x_wconf 78' lang='lat' dir='ltr'>divinitus</span> <span class='ocrx_word' id='word_1_298' title='bbox 1744 1438 1810 1480; x_wconf 84' lang='lat' dir='ltr'>ejus</span> <span class='ocrx_word' id='word_1_299' title='bbox 1835 1438 1902 1468; x_wconf 86' lang='lat' dir='ltr'>zelo</span> <span class='ocrx_word' id='word_1_300' title='bbox 1924 1448 1960 1469; x_wconf 82' lang='lat' dir='ltr'>ac</span> <span class='ocrx_word' id='word_1_301' title='bbox 1981 1436 2155 1477; x_wconf 82' lang='lat' dir='ltr'>desiderio,</span> <span class='ocrx_word' id='word_1_302' title='bbox 2176 1438 2272 1470; x_wconf 89' lang='lat' dir='ltr'>mittit</span> <span class='ocrx_word' id='word_1_303' title='bbox 2289 1448 2306 1470; x_wconf 88' lang='lat' dir='ltr'>e</span> <span class='ocrx_word' id='word_1_304' title='bbox 2323 1439 2423 1472; x_wconf 81' lang='lat' dir='ltr'>Clara-</span> 
     </span>
    </p>
   </div>
   <div class='ocr_carea' id='block_1_20' title="bbox 1458 1492 2475 1528">
    <p class='ocr_par' dir='ltr' id='par_1_20' title="bbox 1458 1492 2475 1528">
     <span class='ocr_line' id='line_1_52' title="bbox 1458 1492 2475 1528; baseline 0.004 -3"><span class='ocrx_word' id='word_1_305' title='bbox 1458 1495 1550 1526; x_wconf 66' lang='lat' dir='ltr'>Yalle</span> <span class='ocrx_word' id='word_1_306' title='bbox 1576 1492 1747 1526; x_wconf 81' lang='lat' dir='ltr'>monachos</span> <span class='ocrx_word' id='word_1_307' title='bbox 1767 1493 1807 1524; x_wconf 85' lang='lat' dir='ltr'>ad</span> <span class='ocrx_word' id='word_1_308' title='bbox 1824 1492 2021 1524; x_wconf 86' lang='lat' dir='ltr'>fundandum</span> <span class='ocrx_word' id='word_1_309' title='bbox 2041 1493 2073 1524; x_wconf 91' lang='lat' dir='ltr'>in</span> <span class='ocrx_word' id='word_1_310' title='bbox 2091 1493 2252 1525; x_wconf 87' lang='lat' dir='ltr'>Lusitania</span> <span class='ocrx_word' id='word_1_311' title='bbox 2273 1502 2423 1528; x_wconf 84' lang='lat' dir='ltr'>monaste·</span> <span class='ocrx_word' id='word_1_312' title='bbox 2474 1511 2475 1514; x_wconf 50' lang='lat'>¹</span> 
     </span>
    </p>
   </div>
   <div class='ocr_carea' id='block_1_21' title="bbox 1458 1550 1551 1581">
    <p class='ocr_par' dir='ltr' id='par_1_21' title="bbox 1458 1550 1551 1581">
     <span class='ocr_line' id='line_1_53' title="bbox 1458 1550 1551 1581; baseline -0.011 0"><span class='ocrx_word' id='word_1_313' title='bbox 1458 1550 1551 1581; x_wconf 89' lang='lat' dir='ltr'>rium.</span> 
     </span>
    </p>
   </div>
   <div class='ocr_carea' id='block_1_22' title="bbox 1410 1664 2479 1892">
    <p class='ocr_par' dir='ltr' id='par_1_22' title="bbox 1410 1664 2479 1892">
     <span class='ocr_line' id='line_1_54' title="bbox 1410 1664 2474 1726; baseline -0.003 -16"><span class='ocrx_word' id='word_1_314' title='bbox 1410 1672 1631 1711; x_wconf 67' lang='lat' dir='ltr'>Venerabili</span> <span class='ocrx_word' id='word_1_315' title='bbox 1654 1672 1780 1718; x_wconf 85' lang='lat' dir='ltr'>fratri,</span> <span class='ocrx_word' id='word_1_316' title='bbox 1811 1675 1894 1709; x_wconf 89' lang='lat' dir='ltr'>Deo</span> <span class='ocrx_word' id='word_1_317' title='bbox 1915 1670 2074 1717; x_wconf 84' lang='lat' dir='ltr'>dilecto,</span> <span class='ocrx_word' id='word_1_318' title='bbox 2099 1679 2136 1708; x_wconf 88' lang='lat' dir='ltr'>et</span> <span class='ocrx_word' id='word_1_319' title='bbox 2155 1671 2195 1708; x_wconf 89' lang='lat' dir='ltr'>in</span> <span class='ocrx_word' id='word_1_320' title='bbox 2217 1672 2280 1709; x_wconf 80' lang='lat' dir='ltr'>via</span> <span class='ocrx_word' id='word_1_321' title='bbox 2299 1673 2435 1726; x_wconf 43' lang='lat' dir='ltr'>saeculi}</span> <span class='ocrx_word' id='word_1_322' title='bbox 2471 1664 2474 1707; x_wconf 67' lang='grc' dir='ltr'>ἶ</span> 
     </span>
     <span class='ocr_line' id='line_1_55' title="bbox 1464 1733 2479 1784; baseline 0 -14"><span class='ocrx_word' id='word_1_323' title='bbox 1464 1733 1578 1784; x_wconf 75' lang='lat' dir='ltr'>liujus</span> <span class='ocrx_word' id='word_1_324' title='bbox 1601 1733 1707 1770; x_wconf 88' lang='lat' dir='ltr'>socio</span> <span class='ocrx_word' id='word_1_325' title='bbox 1732 1740 1886 1778; x_wconf 87' lang='lat' dir='ltr'>nostro,</span> <span class='ocrx_word' id='word_1_326' title='bbox 1903 1736 2044 1770; x_wconf 65' lang='lat' dir='ltr'>JOANM</span> <span class='ocrx_word' id='word_1_327' title='bbox 2062 1734 2228 1778; x_wconf 70' lang='lat' dir='ltr'>CmrrAE,</span> <span class='ocrx_word' id='word_1_328' title='bbox 2253 1736 2422 1770; x_wconf 61' lang='grc' dir='ltr'>ΒΕΚΝΑιὲ-</span> <span class='ocrx_word' id='word_1_329' title='bbox 2471 1750 2479 1776; x_wconf 61' lang='lat'>³4</span> 
     </span>
     <span class='ocr_line' id='line_1_56' title="bbox 1463 1787 2476 1840; baseline 0.002 -10"><span class='ocrx_word' id='word_1_330' title='bbox 1463 1809 1534 1831; x_wconf 74' lang='lat' dir='ltr'>nus</span> <span class='ocrx_word' id='word_1_331' title='bbox 1561 1793 1818 1833; x_wconf 70' lang='lat' dir='ltr'>Clarae-Vallis</span> <span class='ocrx_word' id='word_1_332' title='bbox 1839 1801 1998 1830; x_wconf 83' lang='lat' dir='ltr'>vocatus</span> <span class='ocrx_word' id='word_1_333' title='bbox 2027 1792 2164 1840; x_wconf 86' lang='lat' dir='ltr'>abbas,</span> <span class='ocrx_word' id='word_1_334' title='bbox 2195 1793 2355 1831; x_wconf 84' lang='lat' dir='ltr'>salutem</span> <span class='ocrx_word' id='word_1_335' title='bbox 2385 1794 2420 1832; x_wconf 89' lang='lat' dir='ltr'>in</span> <span class='ocrx_word' id='word_1_336' title='bbox 2472 1787 2476 1790; x_wconf 51' lang='grc'><strong>’</strong></span> 
     </span>
     <span class='ocr_line' id='line_1_57' title="bbox 1463 1855 1788 1892; baseline -0.006 0"><span class='ocrx_word' id='word_1_337' title='bbox 1463 1855 1595 1892; x_wconf 86' lang='grc'>50111115</span> <span class='ocrx_word' id='word_1_338' title='bbox 1616 1863 1788 1892; x_wconf 87' lang='lat' dir='ltr'>auctore.</span> 
     </span>
    </p>
   </div>
   <div class='ocr_carea' id='block_1_23' title="bbox 1405 1983 2470 2582">
    <p class='ocr_par' dir='ltr' id='par_1_23' title="bbox 1405 1983 2470 2582">
     <span class='ocr_line' id='line_1_58' title="bbox 1461 1983 2470 2030; baseline 0 -8"><span class='ocrx_word' id='word_1_339' title='bbox 1461 1985 1713 2023; x_wconf 85' lang='lat' dir='ltr'>Permittente</span> <span class='ocrx_word' id='word_1_340' title='bbox 1739 1987 1849 2021; x_wconf 87' lang='lat' dir='ltr'>Patre</span> <span class='ocrx_word' id='word_1_341' title='bbox 1873 1983 2249 2030; x_wconf 88' lang='lat' dir='ltr'>misericordiarum,</span> <span class='ocrx_word' id='word_1_342' title='bbox 2278 1992 2316 2021; x_wconf 86' lang='lat' dir='ltr'>ct</span> <span class='ocrx_word' id='word_1_343' title='bbox 2343 1988 2420 2023; x_wconf 87' lang='lat' dir='ltr'>Deo</span> <span class='ocrx_word' id='word_1_344' title='bbox 2468 2012 2470 2014; x_wconf 33' lang='lat' dir='ltr'>v</span> 
     </span>
     <span class='ocr_line' id='line_1_59' title="bbox 1408 2043 2470 2094; baseline -0.003 -11"><span class='ocrx_word' id='word_1_345' title='bbox 1408 2047 1526 2083; x_wconf 87' lang='lat' dir='ltr'>totius</span> <span class='ocrx_word' id='word_1_346' title='bbox 1557 2044 1833 2083; x_wconf 83' lang='lat' dir='ltr'>consolationis</span> <span class='ocrx_word' id='word_1_347' title='bbox 1859 2043 1905 2090; x_wconf 78' lang='lat'>*‚</span> <span class='ocrx_word' id='word_1_348' title='bbox 1941 2044 2006 2094; x_wconf 87' lang='lat' dir='ltr'>qui</span> <span class='ocrx_word' id='word_1_349' title='bbox 2042 2058 2119 2082; x_wconf 90' lang='lat' dir='ltr'>non</span> <span class='ocrx_word' id='word_1_350' title='bbox 2153 2045 2243 2082; x_wconf 89' lang='lat' dir='ltr'>sinit</span> <span class='ocrx_word' id='word_1_351' title='bbox 2283 2045 2420 2083; x_wconf 90' lang='lat' dir='ltr'>animas</span> <span class='ocrx_word' id='word_1_352' title='bbox 2467 2050 2470 2080; x_wconf 78' lang='grc' dir='ltr'>Ι</span> 
     </span>
     <span class='ocr_line' id='line_1_60' title="bbox 1407 2105 2421 2158; baseline 0 -14"><span class='ocrx_word' id='word_1_353' title='bbox 1407 2115 1653 2158; x_wconf 85' lang='lat' dir='ltr'>peccatorum</span> <span class='ocrx_word' id='word_1_354' title='bbox 1672 2105 1839 2156; x_wconf 86' lang='lat' dir='ltr'>peccatis</span> <span class='ocrx_word' id='word_1_355' title='bbox 1855 2105 2052 2152; x_wconf 89' lang='lat' dir='ltr'>damnari,</span> <span class='ocrx_word' id='word_1_356' title='bbox 2069 2106 2251 2143; x_wconf 87' lang='lat' dir='ltr'>scivimus</span> <span class='ocrx_word' id='word_1_357' title='bbox 2271 2105 2318 2143; x_wconf 90' lang='lat' dir='ltr'>de</span> <span class='ocrx_word' id='word_1_358' title='bbox 2334 2109 2421 2145; x_wconf 81' lang='lat' dir='ltr'>Fra-</span> 
     </span>
     <span class='ocr_line' id='line_1_61' title="bbox 1409 2166 2418 2217; baseline -0.001 -12"><span class='ocrx_word' id='word_1_359' title='bbox 1409 2168 1588 2205; x_wconf 87' lang='lat' dir='ltr'>ternitate</span> <span class='ocrx_word' id='word_1_360' title='bbox 1616 2176 1702 2212; x_wconf 87' lang='lat' dir='ltr'>tua,</span> <span class='ocrx_word' id='word_1_361' title='bbox 1740 2180 1818 2217; x_wconf 88' lang='lat' dir='ltr'>quo</span> <span class='ocrx_word' id='word_1_362' title='bbox 1849 2175 1961 2217; x_wconf 87' lang='lat' dir='ltr'>pacto</span> <span class='ocrx_word' id='word_1_363' title='bbox 1993 2166 2154 2204; x_wconf 87' lang='lat' dir='ltr'>assiduis</span> <span class='ocrx_word' id='word_1_364' title='bbox 2186 2166 2418 2205; x_wconf 86' lang='lat' dir='ltr'>orationibus</span> 
     </span>
     <span class='ocr_line' id='line_1_62' title="bbox 1407 2221 2468 2280; baseline -0.001 -14"><span class='ocrx_word' id='word_1_365' title='bbox 1407 2243 1481 2280; x_wconf 88' lang='lat' dir='ltr'>pro</span> <span class='ocrx_word' id='word_1_366' title='bbox 1506 2237 1754 2279; x_wconf 87' lang='lat' dir='ltr'>pcccatorum</span> <span class='ocrx_word' id='word_1_367' title='bbox 1774 2229 1888 2265; x_wconf 76' lang='lat' dir='ltr'>venia</span> <span class='ocrx_word' id='word_1_368' title='bbox 1914 2237 2048 2278; x_wconf 88' lang='lat' dir='ltr'>pectus</span> <span class='ocrx_word' id='word_1_369' title='bbox 2075 2228 2251 2265; x_wconf 90' lang='lat' dir='ltr'>divinum</span> <span class='ocrx_word' id='word_1_370' title='bbox 2272 2229 2429 2279; x_wconf 68' lang='lat' dir='ltr'>pulsare*</span> <span class='ocrx_word' id='word_1_371' title='bbox 2465 2221 2468 2252; x_wconf 55' lang='grc' dir='ltr'>ἶ</span> 
     </span>
     <span class='ocr_line' id='line_1_63' title="bbox 1406 2289 2419 2339; baseline -0.001 -12"><span class='ocrx_word' id='word_1_372' title='bbox 1406 2304 1484 2327; x_wconf 91' lang='lat' dir='ltr'>non</span> <span class='ocrx_word' id='word_1_373' title='bbox 1503 2289 1643 2326; x_wconf 83' lang='lat' dir='ltr'>desinis</span> <span class='ocrx_word' id='word_1_374' title='bbox 1663 2305 1670 2326; x_wconf 88' lang='lat'>:</span> <span class='ocrx_word' id='word_1_375' title='bbox 1693 2298 1729 2326; x_wconf 87' lang='lat' dir='ltr'>et</span> <span class='ocrx_word' id='word_1_376' title='bbox 1747 2290 1836 2339; x_wconf 89' lang='lat' dir='ltr'>quia</span> <span class='ocrx_word' id='word_1_377' title='bbox 1851 2290 1910 2326; x_wconf 86' lang='lat' dir='ltr'>vir</span> <span class='ocrx_word' id='word_1_378' title='bbox 1929 2289 2207 2326; x_wconf 83' lang='lat' dir='ltr'>desideriorum</span> <span class='ocrx_word' id='word_1_379' title='bbox 2226 2302 2284 2336; x_wconf 87' lang='lat' dir='ltr'>es,</span> <span class='ocrx_word' id='word_1_380' title='bbox 2305 2289 2419 2326; x_wconf 60' lang='lat' dir='ltr'>adim*</span> 
     </span>
     <span class='ocr_line' id='line_1_64' title="bbox 1407 2347 2465 2402; baseline -0.001 -15"><span class='ocrx_word' id='word_1_381' title='bbox 1407 2351 1528 2402; x_wconf 72' lang='lat' dir='ltr'>plevit</span> <span class='ocrx_word' id='word_1_382' title='bbox 1555 2350 1744 2387; x_wconf 89' lang='lat' dir='ltr'>Dominus</span> <span class='ocrx_word' id='word_1_383' title='bbox 1771 2349 2005 2386; x_wconf 88' lang='lat' dir='ltr'>desiderium</span> <span class='ocrx_word' id='word_1_384' title='bbox 2038 2358 2164 2396; x_wconf 87' lang='lat' dir='ltr'>tuum,</span> <span class='ocrx_word' id='word_1_385' title='bbox 2189 2350 2279 2387; x_wconf 89' lang='lat' dir='ltr'>dum</span> <span class='ocrx_word' id='word_1_386' title='bbox 2313 2347 2418 2386; x_wconf 86' lang='lat' dir='ltr'>nobis</span> <span class='ocrx_word' id='word_1_387' title='bbox 2464 2364 2465 2369; x_wconf 55' lang='lat'>¹</span> 
     </span>
     <span class='ocr_line' id='line_1_65' title="bbox 1410 2409 2416 2461; baseline -0.001 -14"><span class='ocrx_word' id='word_1_388' title='bbox 1410 2411 1561 2461; x_wconf 86' lang='lat' dir='ltr'>aperuit</span> <span class='ocrx_word' id='word_1_389' title='bbox 1581 2410 1753 2448; x_wconf 78' lang='lat' dir='ltr'>exaudiri</span> <span class='ocrx_word' id='word_1_390' title='bbox 1773 2409 2066 2460; x_wconf 83' lang='lat' dir='ltr'>deprecationes</span> <span class='ocrx_word' id='word_1_391' title='bbox 2087 2418 2171 2447; x_wconf 87' lang='lat' dir='ltr'>tuas</span> <span class='ocrx_word' id='word_1_392' title='bbox 2188 2411 2217 2447; x_wconf 86' lang='lat'>*.</span> <span class='ocrx_word' id='word_1_393' title='bbox 2235 2413 2282 2447; x_wconf 77' lang='lat' dir='ltr'>Et</span> <span class='ocrx_word' id='word_1_394' title='bbox 2301 2409 2416 2459; x_wconf 88' lang='lat' dir='ltr'>quiin</span> 
     </span>
     <span class='ocr_line' id='line_1_66' title="bbox 1410 2469 2416 2521; baseline -0.001 -13"><span class='ocrx_word' id='word_1_395' title='bbox 1410 2472 1542 2508; x_wconf 87' lang='lat' dir='ltr'>cadem</span> <span class='ocrx_word' id='word_1_396' title='bbox 1573 2471 1755 2507; x_wconf 82' lang='lat' dir='ltr'>societate</span> <span class='ocrx_word' id='word_1_397' title='bbox 1782 2484 1853 2507; x_wconf 89' lang='lat' dir='ltr'>nos</span> <span class='ocrx_word' id='word_1_398' title='bbox 1878 2470 1945 2507; x_wconf 90' lang='lat' dir='ltr'>tibi</span> <span class='ocrx_word' id='word_1_399' title='bbox 1973 2471 2152 2517; x_wconf 86' lang='lat' dir='ltr'>sociavit,</span> <span class='ocrx_word' id='word_1_400' title='bbox 2178 2471 2245 2521; x_wconf 91' lang='lat' dir='ltr'>qui</span> <span class='ocrx_word' id='word_1_401' title='bbox 2271 2469 2416 2507; x_wconf 85' lang='lat' dir='ltr'>duobus</span> 
     </span>
     <span class='ocr_line' id='line_1_67' title="bbox 1405 2530 2416 2582; baseline -0.002 -13"><span class='ocrx_word' id='word_1_402' title='bbox 1405 2532 1601 2582; x_wconf 85' lang='lat' dir='ltr'>discipulis</span> <span class='ocrx_word' id='word_1_403' title='bbox 1617 2530 1796 2568; x_wconf 91' lang='lat' dir='ltr'>euntibus</span> <span class='ocrx_word' id='word_1_404' title='bbox 1814 2534 1994 2568; x_wconf 78' lang='lat' dir='ltr'>Emmaus</span> <span class='ocrx_word' id='word_1_405' title='bbox 2012 2545 2050 2567; x_wconf 97' lang='grc'>50</span> <span class='ocrx_word' id='word_1_406' title='bbox 2068 2531 2214 2568; x_wconf 86' lang='lat' dir='ltr'>socium</span> <span class='ocrx_word' id='word_1_407' title='bbox 2235 2530 2416 2581; x_wconf 74' lang='lat' dir='ltr'>praebuit5</span> 
     </span>
    </p>
   </div>
   <div class='ocr_carea' id='block_1_24' title="bbox 317 2591 2463 2644">
    <p class='ocr_par' dir='ltr' id='par_1_24' title="bbox 317 2591 2463 2644">
     <span class='ocr_line' id='line_1_68' title="bbox 317 2591 2463 2644; baseline -0.001 -14"><span class='ocrx_word' id='word_1_408' title='bbox 317 2597 383 2633; x_wconf 79' lang='lat' dir='ltr'>ubi</span> <span class='ocrx_word' id='word_1_409' title='bbox 406 2597 487 2632; x_wconf 71' lang='lat' dir='ltr'>vult</span> <span class='ocrx_word' id='word_1_410' title='bbox 508 2594 625 2644; x_wconf 85' lang='lat' dir='ltr'>spirat</span> <span class='ocrx_word' id='word_1_411' title='bbox 647 2592 791 2642; x_wconf 84' lang='lat' dir='ltr'>absque</span> <span class='ocrx_word' id='word_1_412' title='bbox 810 2593 1007 2629; x_wconf 85' lang='lat' dir='ltr'>auditione</span> <span class='ocrx_word' id='word_1_413' title='bbox 1028 2594 1145 2629; x_wconf 83' lang='lat' dir='ltr'>vocis.</span> <span class='ocrx_word' id='word_1_414' title='bbox 1172 2597 1335 2643; x_wconf 85' lang='lat' dir='ltr'>Propter</span> <span class='ocrx_word' id='word_1_415' title='bbox 1356 2605 1388 2637; x_wconf 82' lang='lat' dir='ltr'>D</span> <span class='ocrx_word' id='word_1_416' title='bbox 1405 2593 1591 2629; x_wconf 86' lang='lat' dir='ltr'>mittimus</span> <span class='ocrx_word' id='word_1_417' title='bbox 1628 2592 1697 2629; x_wconf 88' lang='lat' dir='ltr'>hos</span> <span class='ocrx_word' id='word_1_418' title='bbox 1733 2592 1870 2628; x_wconf 87' lang='grc'>11110105</span> <span class='ocrx_word' id='word_1_419' title='bbox 1891 2621 1899 2638; x_wconf 85' lang='grc'>,</span> <span class='ocrx_word' id='word_1_420' title='bbox 1934 2606 2033 2641; x_wconf 91' lang='lat' dir='ltr'>quos</span> <span class='ocrx_word' id='word_1_421' title='bbox 2068 2593 2164 2629; x_wconf 86' lang='lat' dir='ltr'>lacte</span> <span class='ocrx_word' id='word_1_422' title='bbox 2193 2591 2416 2641; x_wconf 84' lang='lat' dir='ltr'>evangelicae</span> <span class='ocrx_word' id='word_1_423' title='bbox 2460 2628 2463 2633; x_wconf 82' lang='grc'><strong>,</strong></span> 
     </span>
    </p>
   </div>
   <div class='ocr_carea' id='block_1_25' title="bbox 317 2653 1337 3114">
    <p class='ocr_par' dir='ltr' id='par_1_25' title="bbox 317 2653 1337 3114">
     <span class='ocr_line' id='line_1_69' title="bbox 317 2653 1336 2706; baseline -0.004 -13"><span class='ocrx_word' id='word_1_424' title='bbox 317 2656 420 2706; x_wconf 84' lang='lat' dir='ltr'>quod</span> <span class='ocrx_word' id='word_1_425' title='bbox 440 2656 584 2692; x_wconf 86' lang='lat' dir='ltr'>animas</span> <span class='ocrx_word' id='word_1_426' title='bbox 602 2662 750 2690; x_wconf 85' lang='lat' dir='ltr'>nostras</span> <span class='ocrx_word' id='word_1_427' title='bbox 769 2653 995 2700; x_wconf 82' lang='lat' dir='ltr'>affliximus,</span> <span class='ocrx_word' id='word_1_428' title='bbox 1015 2662 1052 2690; x_wconf 84' lang='lat' dir='ltr'>et</span> <span class='ocrx_word' id='word_1_429' title='bbox 1070 2662 1143 2689; x_wconf 88' lang='lat' dir='ltr'>tam</span> <span class='ocrx_word' id='word_1_430' title='bbox 1168 2654 1336 2703; x_wconf 70' lang='lat' dir='ltr'>parvitas</span> 
     </span>
     <span class='ocr_line' id='line_1_70' title="bbox 318 2713 1337 2764; baseline -0.003 -12"><span class='ocrx_word' id='word_1_431' title='bbox 318 2730 401 2752; x_wconf 72' lang='lat' dir='ltr'>mea</span> <span class='ocrx_word' id='word_1_432' title='bbox 416 2745 424 2761; x_wconf 91' lang='lat'>,</span> <span class='ocrx_word' id='word_1_433' title='bbox 447 2728 561 2764; x_wconf 89' lang='lat' dir='ltr'>quam</span> <span class='ocrx_word' id='word_1_434' title='bbox 592 2713 728 2762; x_wconf 88' lang='lat' dir='ltr'>reliqui</span> <span class='ocrx_word' id='word_1_435' title='bbox 750 2713 884 2749; x_wconf 85' lang='lat' dir='ltr'>fratres</span> <span class='ocrx_word' id='word_1_436' title='bbox 915 2713 986 2749; x_wconf 91' lang='lat' dir='ltr'>mei</span> <span class='ocrx_word' id='word_1_437' title='bbox 1009 2726 1138 2749; x_wconf 87' lang='lat' dir='ltr'>coram</span> <span class='ocrx_word' id='word_1_438' title='bbox 1169 2713 1337 2750; x_wconf 82' lang='lat' dir='ltr'>Domino</span> 
     </span>
     <span class='ocr_line' id='line_1_71' title="bbox 318 2772 1337 2826; baseline -0.003 -14"><span class='ocrx_word' id='word_1_439' title='bbox 318 2774 534 2826; x_wconf 79' lang='lat' dir='ltr'>provoluti,</span> <span class='ocrx_word' id='word_1_440' title='bbox 551 2772 837 2809; x_wconf 84' lang='lat' dir='ltr'>decertantibus</span> <span class='ocrx_word' id='word_1_441' title='bbox 854 2772 1032 2809; x_wconf 87' lang='lat' dir='ltr'>manibus</span> <span class='ocrx_word' id='word_1_442' title='bbox 1045 2773 1199 2819; x_wconf 81' lang='lat' dir='ltr'>vestris,</span> <span class='ocrx_word' id='word_1_443' title='bbox 1217 2772 1337 2809; x_wconf 90' lang='lat' dir='ltr'>robur</span> 
     </span>
     <span class='ocr_line' id='line_1_72' title="bbox 319 2832 1335 2883; baseline -0.003 -11"><span class='ocrx_word' id='word_1_444' title='bbox 319 2845 356 2872; x_wconf 91' lang='lat' dir='ltr'>et</span> <span class='ocrx_word' id='word_1_445' title='bbox 380 2833 646 2871; x_wconf 83' lang='lat' dir='ltr'>fortitudinem</span> <span class='ocrx_word' id='word_1_446' title='bbox 664 2832 954 2883; x_wconf 86' lang='lat' dir='ltr'>postulabamus</span> <span class='ocrx_word' id='word_1_447' title='bbox 970 2834 987 2853; x_wconf 85' lang='lat'><em>*</em></span> <span class='ocrx_word' id='word_1_448' title='bbox 1004 2862 1012 2879; x_wconf 91' lang='lat'>,</span> <span class='ocrx_word' id='word_1_449' title='bbox 1037 2842 1075 2870; x_wconf 87' lang='lat' dir='ltr'>et</span> <span class='ocrx_word' id='word_1_450' title='bbox 1095 2847 1139 2870; x_wconf 79' lang='lat' dir='ltr'>ex</span> <span class='ocrx_word' id='word_1_451' title='bbox 1168 2847 1213 2870; x_wconf 89' lang='lat' dir='ltr'>eo</span> <span class='ocrx_word' id='word_1_452' title='bbox 1232 2834 1335 2883; x_wconf 87' lang='lat' dir='ltr'>quod</span> 
     </span>
     <span class='ocr_line' id='line_1_73' title="bbox 320 2894 1337 2945; baseline -0.002 -12"><span class='ocrx_word' id='word_1_453' title='bbox 320 2896 540 2945; x_wconf 80' lang='lat' dir='ltr'>iniquitates</span> <span class='ocrx_word' id='word_1_454' title='bbox 574 2902 714 2930; x_wconf 76' lang='grc' dir='ltr'>110511·εο</span> <span class='ocrx_word' id='word_1_455' title='bbox 746 2902 912 2930; x_wconf 73' lang='lat' dir='ltr'>vestram</span> <span class='ocrx_word' id='word_1_456' title='bbox 942 2908 1020 2930; x_wconf 91' lang='lat' dir='ltr'>non</span> <span class='ocrx_word' id='word_1_457' title='bbox 1049 2894 1337 2944; x_wconf 81' lang='lat' dir='ltr'>impediverunt</span> 
     </span>
     <span class='ocr_line' id='line_1_74' title="bbox 321 2955 1337 3000; baseline -0.002 -6"><span class='ocrx_word' id='word_1_458' title='bbox 321 2957 559 3000; x_wconf 85' lang='lat' dir='ltr'>felicitatem,</span> <span class='ocrx_word' id='word_1_459' title='bbox 595 2967 741 2990; x_wconf 89' lang='lat' dir='ltr'>summe</span> <span class='ocrx_word' id='word_1_460' title='bbox 771 2955 886 2991; x_wconf 78' lang='lat' dir='ltr'>laetati</span> <span class='ocrx_word' id='word_1_461' title='bbox 918 2968 1062 2991; x_wconf 87' lang='lat' dir='ltr'>sumus.</span> <span class='ocrx_word' id='word_1_462' title='bbox 1098 2955 1337 2993; x_wconf 73' lang='lat' dir='ltr'>Rescivimus</span> 
     </span>
     <span class='ocr_line' id='line_1_75' title="bbox 321 3015 1337 3065; baseline -0.001 -11"><span class='ocrx_word' id='word_1_463' title='bbox 321 3018 435 3054; x_wconf 84' lang='lat' dir='ltr'>etiam</span> <span class='ocrx_word' id='word_1_464' title='bbox 456 3017 648 3065; x_wconf 74' lang='lat' dir='ltr'>ingentem</span> <span class='ocrx_word' id='word_1_465' title='bbox 679 3015 858 3064; x_wconf 88' lang='lat' dir='ltr'>pietatem</span> <span class='ocrx_word' id='word_1_466' title='bbox 875 3044 884 3060; x_wconf 88' lang='lat'>,</span> <span class='ocrx_word' id='word_1_467' title='bbox 919 3029 994 3064; x_wconf 85' lang='lat' dir='ltr'>qua</span> <span class='ocrx_word' id='word_1_468' title='bbox 1026 3024 1241 3053; x_wconf 81' lang='lat' dir='ltr'>commotus</span> <span class='ocrx_word' id='word_1_469' title='bbox 1264 3030 1337 3053; x_wconf 67' lang='lat' dir='ltr'>vo-</span> 
     </span>
     <span class='ocr_line' id='line_1_76' title="bbox 322 3074 1336 3114; baseline -0.001 0"><span class='ocrx_word' id='word_1_470' title='bbox 322 3086 402 3114; x_wconf 87' lang='lat' dir='ltr'>tum</span> <span class='ocrx_word' id='word_1_471' title='bbox 429 3077 476 3113; x_wconf 90' lang='lat' dir='ltr'>de</span> <span class='ocrx_word' id='word_1_472' title='bbox 503 3074 727 3111; x_wconf 78' lang='lat' dir='ltr'>aedilicando</span> <span class='ocrx_word' id='word_1_473' title='bbox 749 3074 928 3111; x_wconf 81' lang='lat' dir='ltr'>coenobio</span> <span class='ocrx_word' id='word_1_474' title='bbox 948 3075 1143 3112; x_wconf 86' lang='lat' dir='ltr'>Altissimo</span> <span class='ocrx_word' id='word_1_475' title='bbox 1176 3076 1336 3114; x_wconf 70' lang='lat' dir='ltr'>devovi-</span> 
     </span>
    </p>
   </div>
   <div class='ocr_carea' id='block_1_26' title="bbox 367 3214 758 3257">
    <p class='ocr_par' dir='ltr' id='par_1_26' title="bbox 367 3214 758 3257">
     <span class='ocr_line' id='line_1_77' title="bbox 367 3214 758 3257; baseline -0.008 -9"><span class='ocrx_word' id='word_1_476' title='bbox 367 3223 382 3238; x_wconf 53' lang='grc' dir='ltr'><strong><em>ἃ</em></strong></span> <span class='ocrx_word' id='word_1_477' title='bbox 399 3219 501 3248; x_wconf 82' lang='lat' dir='ltr'>Antea</span> <span class='ocrx_word' id='word_1_478' title='bbox 521 3214 652 3257; x_wconf 84' lang='lat' dir='ltr'>epistola</span> <span class='ocrx_word' id='word_1_479' title='bbox 680 3217 758 3245; x_wconf 84' lang='grc'>367.</span> 
     </span>
    </p>
   </div>
   <div class='ocr_carea' id='block_1_27' title="bbox 1405 2652 2459 3053">
    <p class='ocr_par' dir='ltr' id='par_1_27' title="bbox 1405 2652 2459 3053">
     <span class='ocr_line' id='line_1_78' title="bbox 1407 2652 2416 2702; baseline 0.001 -15"><span class='ocrx_word' id='word_1_480' title='bbox 1407 2653 1593 2689; x_wconf 60' lang='lat' dir='ltr'>‹loeti-infe</span> <span class='ocrx_word' id='word_1_481' title='bbox 1614 2652 1782 2689; x_wconf 83' lang='lat' dir='ltr'>Domino</span> <span class='ocrx_word' id='word_1_482' title='bbox 1815 2652 2068 2699; x_wconf 75' lang='lat' dir='ltr'>nutrivimus,</span> <span class='ocrx_word' id='word_1_483' title='bbox 2103 2661 2145 2689; x_wconf 89' lang='lat' dir='ltr'>ut</span> <span class='ocrx_word' id='word_1_484' title='bbox 2178 2663 2416 2702; x_wconf 88' lang='lat' dir='ltr'>quocumque</span> 
     </span>
     <span class='ocr_line' id='line_1_79' title="bbox 1406 2711 2416 2763; baseline 0 -14"><span class='ocrx_word' id='word_1_485' title='bbox 1406 2714 1598 2750; x_wconf 83' lang='lat' dir='ltr'>miseratio</span> <span class='ocrx_word' id='word_1_486' title='bbox 1619 2713 1747 2750; x_wconf 87' lang='lat' dir='ltr'>divina</span> <span class='ocrx_word' id='word_1_487' title='bbox 1767 2713 2019 2763; x_wconf 89' lang='lat' dir='ltr'>disposuerit,</span> <span class='ocrx_word' id='word_1_488' title='bbox 2040 2722 2077 2750; x_wconf 89' lang='lat' dir='ltr'>et</span> <span class='ocrx_word' id='word_1_489' title='bbox 2095 2714 2246 2751; x_wconf 83' lang='lat' dir='ltr'>coeleste</span> <span class='ocrx_word' id='word_1_490' title='bbox 2267 2711 2416 2763; x_wconf 89' lang='lat' dir='ltr'>aliquod</span> 
     </span>
     <span class='ocr_line' id='line_1_80' title="bbox 1406 2772 2415 2823; baseline 0 -14"><span class='ocrx_word' id='word_1_491' title='bbox 1406 2774 1604 2810; x_wconf 72' lang='lat' dir='ltr'>micaverit</span> <span class='ocrx_word' id='word_1_492' title='bbox 1631 2774 1781 2823; x_wconf 73' lang='lat' dir='ltr'>signum</span> <span class='ocrx_word' id='word_1_493' title='bbox 1797 2803 1806 2820; x_wconf 92' lang='lat'>,</span> <span class='ocrx_word' id='word_1_494' title='bbox 1837 2774 2114 2811; x_wconf 88' lang='lat' dir='ltr'>monasterium</span> <span class='ocrx_word' id='word_1_495' title='bbox 2143 2773 2318 2811; x_wconf 85' lang='lat' dir='ltr'>condatis</span> <span class='ocrx_word' id='word_1_496' title='bbox 2344 2788 2352 2810; x_wconf 89' lang='lat'><strong>:</strong></span> <span class='ocrx_word' id='word_1_497' title='bbox 2377 2772 2415 2809; x_wconf 89' lang='lat' dir='ltr'>in</span> 
     </span>
     <span class='ocr_line' id='line_1_81' title="bbox 1405 2834 2459 2885; baseline 0.001 -14"><span class='ocrx_word' id='word_1_498' title='bbox 1405 2834 1545 2884; x_wconf 87' lang='lat' dir='ltr'>quibus</span> <span class='ocrx_word' id='word_1_499' title='bbox 1571 2843 1605 2871; x_wconf 89' lang='grc'>10</span> <span class='ocrx_word' id='word_1_500' title='bbox 1623 2835 1748 2884; x_wconf 89' lang='lat' dir='ltr'>ipsum</span> <span class='ocrx_word' id='word_1_501' title='bbox 1783 2835 2006 2885; x_wconf 84' lang='lat' dir='ltr'>signiferum</span> <span class='ocrx_word' id='word_1_502' title='bbox 2034 2843 2072 2871; x_wconf 89' lang='lat' dir='ltr'>et</span> <span class='ocrx_word' id='word_1_503' title='bbox 2098 2835 2236 2871; x_wconf 87' lang='lat' dir='ltr'>ducem</span> <span class='ocrx_word' id='word_1_504' title='bbox 2263 2842 2416 2871; x_wconf 86' lang='lat' dir='ltr'>caetero-</span> <span class='ocrx_word' id='word_1_505' title='bbox 2458 2868 2459 2872; x_wconf 73' lang='grc'>,</span> 
     </span>
     <span class='ocr_line' id='line_1_82' title="bbox 1405 2892 2414 2946; baseline -0.001 -15"><span class='ocrx_word' id='word_1_506' title='bbox 1405 2909 1490 2932; x_wconf 87' lang='lat' dir='ltr'>rum</span> <span class='ocrx_word' id='word_1_507' title='bbox 1513 2895 1644 2944; x_wconf 78' lang='lat' dir='ltr'>elegit,</span> <span class='ocrx_word' id='word_1_508' title='bbox 1667 2904 1709 2932; x_wconf 87' lang='lat' dir='ltr'>ut</span> <span class='ocrx_word' id='word_1_509' title='bbox 1735 2904 1773 2933; x_wconf 91' lang='lat' dir='ltr'>et</span> <span class='ocrx_word' id='word_1_510' title='bbox 1793 2895 1985 2946; x_wconf 88' lang='lat' dir='ltr'>principia</span> <span class='ocrx_word' id='word_1_511' title='bbox 2013 2909 2120 2946; x_wconf 82' lang='lat' dir='ltr'>agas,</span> <span class='ocrx_word' id='word_1_512' title='bbox 2152 2904 2191 2933; x_wconf 89' lang='lat' dir='ltr'>et</span> <span class='ocrx_word' id='word_1_513' title='bbox 2220 2904 2344 2932; x_wconf 83' lang='lat' dir='ltr'>actum</span> <span class='ocrx_word' id='word_1_514' title='bbox 2370 2892 2414 2931; x_wconf 86' lang='lat' dir='ltr'>ad</span> 
     </span>
     <span class='ocr_line' id='line_1_83' title="bbox 1405 2954 2412 3006; baseline 0 -15"><span class='ocrx_word' id='word_1_515' title='bbox 1405 2956 1549 2992; x_wconf 82' lang='lat' dir='ltr'>exitum</span> <span class='ocrx_word' id='word_1_516' title='bbox 1575 2955 1713 3002; x_wconf 87' lang='lat' dir='ltr'>ducas,</span> <span class='ocrx_word' id='word_1_517' title='bbox 1743 2956 1980 3006; x_wconf 85' lang='lat' dir='ltr'>ductumque</span> <span class='ocrx_word' id='word_1_518' title='bbox 2006 2960 2110 3002; x_wconf 84' lang='lat' dir='ltr'>Deo,</span> <span class='ocrx_word' id='word_1_519' title='bbox 2144 2965 2183 2993; x_wconf 88' lang='lat' dir='ltr'>et</span> <span class='ocrx_word' id='word_1_520' title='bbox 2207 2954 2290 3005; x_wconf 87' lang='lat' dir='ltr'>ejus</span> <span class='ocrx_word' id='word_1_521' title='bbox 2314 2958 2412 2992; x_wconf 81' lang='lat' dir='ltr'>Prae-</span> 
     </span>
     <span class='ocr_line' id='line_1_84' title="bbox 1405 3016 1732 3053; baseline -0.003 0"><span class='ocrx_word' id='word_1_522' title='bbox 1405 3016 1553 3053; x_wconf 88' lang='lat' dir='ltr'>cursori</span> <span class='ocrx_word' id='word_1_523' title='bbox 1579 3016 1732 3052; x_wconf 78' lang='lat' dir='ltr'>offeras,</span> 
     </span>
    </p>
   </div>
   <div class='ocr_carea' id='block_1_28' title="bbox 367 3265 2408 3312">
    <p class='ocr_par' dir='ltr' id='par_1_28' title="bbox 367 3265 2408 3312">
     <span class='ocr_line' id='line_1_85' title="bbox 367 3265 2408 3312; baseline -0.001 -10"><span class='ocrx_word' id='word_1_524' title='bbox 367 3265 382 3287; x_wconf 82' lang='lat' dir='ltr'>b</span> <span class='ocrx_word' id='word_1_525' title='bbox 402 3276 506 3302; x_wconf 83' lang='lat' dir='ltr'>Antea</span> <span class='ocrx_word' id='word_1_526' title='bbox 529 3270 660 3312; x_wconf 82' lang='lat' dir='ltr'>epistola</span> <span class='ocrx_word' id='word_1_527' title='bbox 687 3272 766 3300; x_wconf 71' lang='lat'>368.</span> <span class='ocrx_word' id='word_1_528' title='bbox 787 3286 830 3291; x_wconf 85' lang='lat'>-</span> <span class='ocrx_word' id='word_1_529' title='bbox 844 3274 857 3289; x_wconf 59' lang='grc' dir='ltr'><em>ς</em></span> <span class='ocrx_word' id='word_1_530' title='bbox 879 3269 984 3305; x_wconf 75' lang='lat' dir='ltr'>Alias,</span> <span class='ocrx_word' id='word_1_531' title='bbox 1006 3269 1149 3300; x_wconf 72' lang='lat' dir='ltr'>Zizilam.</span> <span class='ocrx_word' id='word_1_532' title='bbox 1171 3271 1239 3301; x_wconf 84' lang='lat' dir='ltr'>Fuit</span> <span class='ocrx_word' id='word_1_533' title='bbox 1258 3272 1282 3301; x_wconf 85' lang='lat' dir='ltr'>is</span> <span class='ocrx_word' id='word_1_534' title='bbox 1305 3271 1402 3302; x_wconf 79' lang='lat' dir='ltr'>abbas</span> <span class='ocrx_word' id='word_1_535' title='bbox 1421 3279 1448 3302; x_wconf 74' lang='lat' dir='ltr'>et</span> <span class='ocrx_word' id='word_1_536' title='bbox 1479 3272 1625 3303; x_wconf 70' lang='lat' dir='ltr'>l‘umlator</span> <span class='ocrx_word' id='word_1_537' title='bbox 1651 3271 1912 3303; x_wconf 79' lang='lat' dir='ltr'>monasteriorum</span> <span class='ocrx_word' id='word_1_538' title='bbox 1931 3271 2184 3304; x_wconf 79' lang='lat' dir='ltr'>Sancti-Joannis</span> <span class='ocrx_word' id='word_1_539' title='bbox 2198 3271 2236 3303; x_wconf 86' lang='lat' dir='ltr'>de</span> <span class='ocrx_word' id='word_1_540' title='bbox 2250 3273 2388 3302; x_wconf 79' lang='lat' dir='ltr'>Tarouca</span> <span class='ocrx_word' id='word_1_541' title='bbox 2401 3291 2408 3305; x_wconf 86' lang='lat'>,</span> 
     </span>
    </p>
   </div>
   <div class='ocr_carea' id='block_1_29' title="bbox 318 3322 1160 3366">
    <p class='ocr_par' dir='ltr' id='par_1_29' title="bbox 318 3322 1160 3366">
     <span class='ocr_line' id='line_1_86' title="bbox 318 3322 1160 3366; baseline -0.005 -8"><span class='ocrx_word' id='word_1_542' title='bbox 318 3323 653 3366; x_wconf 74' lang='lat' dir='ltr'>Sancti-(Iliristophori</span> <span class='ocrx_word' id='word_1_543' title='bbox 666 3348 673 3362; x_wconf 92' lang='lat'>,</span> <span class='ocrx_word' id='word_1_544' title='bbox 694 3330 723 3355; x_wconf 82' lang='lat' dir='ltr'>ct</span> <span class='ocrx_word' id='word_1_545' title='bbox 741 3323 948 3353; x_wconf 80' lang='lat' dir='ltr'>Sancti-Petri</span> <span class='ocrx_word' id='word_1_546' title='bbox 967 3322 1005 3353; x_wconf 87' lang='lat' dir='ltr'>dc</span> <span class='ocrx_word' id='word_1_547' title='bbox 1028 3322 1160 3363; x_wconf 76' lang='lat' dir='ltr'>Aquilis.</span> 
     </span>
    </p>
   </div>
  </div>
 </body>
</html>
