2517 3936
72 144 145 183 833

68 221 166 258 niaci,
193 218 265 251 dein
289 219 387 251 abbas
413 220 532 262 primus
551 221 701 263 Radingae
724 222 756 252 in
781 221 911 263 Anglia‚
934 221 1073 252 ditrcesis

69 272 310 306 salesberiensis.
333 271 426 303 [finde
442 273 472 302 in
488 273 594 303 iisdem
612 273 721 304 litteris
740 273 884 304 subditur
907 284 914 304 :
937 288 949 299 «ι
974 276 1074 315 Super

69 343 83 356 2
102 327 160 358 hoc
184 325 380 366 quaesix‘imus
403 336 562 356 assensum
588 326 706 356 domiui
726 326 822 357 nostri
846 326 971 356 llcnrici
995 326 1073 367 regis

69 396 82 408 ι
101 379 289 421 Anglorum,
309 385 338 409 et
358 378 566 415 obtinuimus;
587 379 627 410 ab
650 379 797 421 episcopo
821 378 947 420 quidem
973 378 1072 409 Sales-

69 448 83 461 »
102 430 251 469 beriensi,
280 430 338 462 sul)
366 432 453 473 cujus
479 442 572 461 manu
600 431 721 462 abbatis
747 431 851 462 officio
872 430 1069 472 fungebatur,

67 501 80 514 ι
103 483 191 516 nobis
217 494 288 515 eum
311 483 399 514 reddi
416 483 548 514 liberum
565 490 594 515 et
612 483 790 515 absolutum
807 484 1003 525 qua’sivimus
1015 508 1022 520 ,
1041 490 1071 515 ct

70 553 84 567 ι
103 548 173 570 011111
189 536 332 568 libertate
356 538 564 579 suscepimus,
595 552 607 563 »ι
633 543 692 568 010.
723 539 796 579 Ejus
823 537 1006 568 electionem
1031 536 1071 567 ad

69 601 183 624 annum
200 593 211 622 1
226 593 288 622 130
304 589 399 622 refert
415 590 601 629 Ordericus,
626 590 659 621 in
681 590 743 622 stne
765 591 836 622 libri
859 594 896 622 12
909 615 916 629 ,
938 590 985 621 his
1002 603 1071 623 ver-

67 644 115 678 bis
134 654 142 675 ε
161 659 175 671 α
195 643 314 675 Eodem
335 654 418 674 anno
439 646 531 685 Hugo
553 643 791 679 Ambiancnsis,
811 644 982 675 monachus
998 645 1070 677 Clu-

67 711 82 726 ·
99 696 266 734 niacensis‚
286 696 384 728 abbas
398 697 602 738 Radingensis
613 721 620 733 ,
640 696 738 728 factus
754 703 799 728 cst
821 696 1072 739 archiepiscopus

66 764 82 779 ι
100 750 345 792 Rotomagensis.
370 765 382 777 ›-
400 753 560 792 Quantum
584 750 756 781 sedulitatis
773 750 957 781 Innocentio
975 753 1005 781 II
1019 761 1072 781 ex-

66 802 216 842 hibuerit,
234 802 325 835 docet
341 802 423 834 idem
440 810 550 835 auctor
565 804 597 835 in
612 803 694 834 libro
717 806 756 834 13
769 828 776 841 ,
796 814 866 845 pag.
883 807 962 835 900.

117 859 175 888 171
197 858 233 888 C.
252 867 331 899 opus
350 864 394 889 est
405 857 582 900 prudentia.
594 875 638 879 —
650 857 767 888 Eadem
778 856 875 888 verba
884 857 1027 899 leguntur
1040 858 1070 889 in

67 911 196 955 epistola
210 911 302 942 tertia
311 911 434 942 Nicolai
442 910 714 944 Clarae-Vallensis
734 910 765 940 in
779 921 910 952 persona
920 911 1076 942 Bet-nardi·

67 963 108 996 ad
122 963 303 1006 episcopum
324 967 485 996 Lucanum
506 974 514 995 :
535 963 636 1002 infra,
658 964 748 1006 epist.
766 963 859 1000 infra,
877 964 967 1005 epist.
990 966 1069 997 403.

117 1019 180 1050 173
211 1019 246 1049 C.
279 1028 480 1048 STEPHANCM
512 1029 692 1048 suarm-snm
721 1028 916 1048 [tuscorum.
943 1035 987 1039 ——
1013 1019 1074 1049 Hic

67 1081 149 1103 anno
168 1073 256 1103 1120
273 1071 370 1113 ejecto
387 1071 602 1109 Adalberoni,
628 1072 693 1114 ejus
718 1071 854 1102 nominis
873 1077 984 1112 quarto
1002 1075 1072 1103 Me-

66 1124 198 1157 tensium
210 1124 369 1167 episcopo,
386 1124 570 1167 subrogatus
587 1131 650 1163 est,
671 1131 704 1156 ut
717 1125 786 1167 lego
803 1125 835 1156 in
849 1124 998 1156 brevibus
1011 1129 1075 1156 An-

66 1176 187 1209 natibus
207 1177 344 1209 coenohii
363 1178 638 1211 Sancti-vincentii
654 1178 804 1210 Metensis
831 1178 868 1209 ad
892 1179 993 1220 cyclos
1016 1182 1074 1209 Pa-

67 1230 183 1263 schales
195 1230 367 1273 adjunctis,
387 1232 420 1262 in
436 1232 550 1274 quibus
566 1231 742 1275 Stephanus
757 1242 839 1263 anno
859 1235 869 1263 1
885 1235 945 1263 163
960 1232 1075 1263 obiisse

68 1290 268 1323 memoratur,
287 1285 380 1316 tertio
404 1285 554 1317 kalendas
575 1284 723 1327 januarii.
744 1288 791 1316 De
810 1296 847 1316 eo
869 1296 977 1327 graves
1000 1289 1075 1317 Ber-

68 1337 158 1369 nardi
172 1338 306 1380 querelae
323 1338 355 1369 in
368 1338 507 1380 epistolis
526 1341 587 1370 177
607 1344 638 1370 et
660 1341 734 1370 178.
749 1341 797 1369 De
814 1349 891 1381 pace
902 1363 909 1376 ,
925 1340 1012 1381 cujus
1025 1339 1076 1371 hic

68 1391 202 1430 mentio,
225 1392 293 1434 lege
314 1392 485 1424 Historiam
502 1392 663 1423 Laurentii
688 1392 727 1423 de
754 1392 889 1430 Leodio,
921 1393 1078 1436 Spicilegii

68 1449 152 1478 tomo
172 1448 232 1484 12,
253 1456 344 1488 pagg.
366 1448 455 1483 318,
478 1448 558 1478 319.

119 1500 182 1530 174
200 1500 234 1531 C.
260 1510 459 1530 Atnssnomffl
479 1510 714 1530 Pnnucnutsm
732 1511 924 1530 Miz-rexsrm.
940 1518 983 1521 —
999 1502 1076 1531 Tres

67 1551 195 1586 adverto
210 1552 303 1595 hujus
319 1553 455 1585 nominis
475 1553 509 1584 in
530 1553 699 1595 primicerii
721 1553 870 1595 dignitate
891 1553 949 1584 sibi
971 1564 1076 1585 succe-

67 1604 174 1637 dentes
200 1616 209 1637 :
235 1606 372 1649 primum
405 1617 445 1638 ex
478 1606 574 1649 stirpe
608 1606 696 1637 ducis
723 1606 942 1644 Lovaniensis,
970 1613 1078 1649 postea

66 1659 248 1704 episcopum
277 1660 500 1699 Leodiensem‚
532 1660 572 1691 de
598 1670 660 1702 quo
680 1660 1079 1701 AEgidiusAureae-Vallis

67 1711 193 1745 Ordinis
220 1712 432 1746 Cisterciensis
463 1712 653 1751 monachus,
690 1712 729 1744 de
757 1712 861 1744 Gestis
892 1712 1079 1744 Pontificum

68 1766 304 1805 Leodiensitun,
324 1778 394 1809 cap.
420 1770 462 1799 23
479 1778 487 1799 :
507 1782 520 1794 ·‹
541 1767 695 1798 Successit
717 1765 844 1798 domino
862 1769 885 1796 F
888 1765 1039 1805 riderico,
1061 1782 1076 1793 »

67 1829 149 1853 anno
176 1820 293 1852 scilicet
318 1824 427 1859 1122,
459 1835 473 1847 n
503 1820 648 1852 dominns
673 1820 793 1852 Albero
819 1819 1015 1862 primicerius
1039 1831 1077 1851 ex

68 1887 85 1902 a
102 1873 184 1906 clero
198 1874 466 1918 Sancti-Stephani
477 1874 629 1906 Metensis
638 1899 646 1913 ,
661 1873 758 1905 frater
771 1873 858 1904 ducis
878 1874 1079 1905 Lovaniensis

68 1940 83 1955 ι
101 1927 282 1967 Godefridi‚
307 1928 356 1959 vir
377 1939 507 1959 summae
529 1927 721 1959 auctoritatis
743 1933 774 1958 et
795 1926 1000 1964 innocentiae,
1017 1934 1075 1959 etc.

68 1994 83 2010 ι
102 1980 189 2013 Obiit
208 1981 243 2013 in
265 1981 526 2020 Circumcisione‚
546 1992 629 2012 anno
647 1981 774 2012 Domini
792 1983 891 2012 1128.
906 1995 921 2006 »
935 1980 1079 2012 Alterum

66 2033 134 2077 lego
149 2034 342 2068 Alberonem
367 2046 406 2067 ex
428 2035 606 2080 primicerio
628 2034 764 2067 Metensi
785 2034 903 2065 factum
924 2033 1073 2078 archiepi-

66 2099 195 2131 scopum
212 2091 437 2121 Treverensem
448 2114 456 2128 ‚
480 2089 535 2131 qui
550 2099 622 2120 cum
638 2088 780 2120 Gerardo
797 2087 884 2119 Sedis
900 2088 1078 2130 apostolicae

66 2141 166 2184 legato
191 2149 333 2174 sanctum
354 2142 550 2176 Norbertum
575 2142 615 2174 ad
642 2142 748 2174 sedem
773 2141 1077 2184 Magdeburgensem

67 2195 316 2238 promovendum
337 2196 468 2228 curaw't.
492 2196 542 2228 Sic
563 2195 647 2227 enim
664 2195 760 2227 habet
775 2194 934 2227 Robertus
948 2195 980 2225 in
997 2197 1076 2238 Sup-

66 2249 223 2295 plemento
241 2249 282 2280 ad
304 2249 511 2292 Sigibertum,
539 2249 580 2280 ad
601 2260 719 2280 annum
737 2251 823 2280 1127
845 2259 852 2278 t
873 2263 886 2275 «
904 2247 1076 2279 Partheno-

68 2316 86 2330 »
102 2303 248 2346 politanae
260 2303 393 2335 ciu'tatis
405 2303 640 2346 archiepiscopo
656 2302 804 2334 defuncto
816 2327 823 2340 ,
842 2312 913 2333 cum
926 2301 1030 2333 clerici
1047 2309 1077 2334 et

69 2369 83 2384 ι
101 2356 182 2389 cives
206 2357 346 2399 ejusdem
372 2357 459 2388 urbis
492 2367 599 2388 coram
635 2357 825 2399 imperatore
855 2355 1004 2386 Liuthero
1036 2356 1076 2386 ad

68 2421 82 2437 ⁸
99 2409 275 2452 eligendum
291 2410 561 2454 archiepiscopum
582 2409 667 2452 apud
689 2409 812 2452 Spiram
834 2408 1051 2440 convenissent
1065 2433 1072 2446 ,

68 2477 84 2491 n
101 2470 179 2496 nutu
197 2464 317 2496 domini
337 2465 472 2497 Gerardi
491 2468 645 2496 Romanae
660 2463 748 2496 Sedis
770 2463 861 2506 legati
872 2488 880 2501 ,
896 2463 949 2505 qui
968 2468 1075 2504 postea

69 2530 84 2544 ι
101 2516 199 2549 factus
214 2524 261 2550 est
274 2529 356 2561 papa
371 2519 502 2557 Lucius,
519 2524 550 2549 et
568 2517 739 2550 Aiberonis
757 2517 909 2548 Metensis
930 2516 1074 2558 primice-

70 2583 85 2598 ι
101 2571 157 2610 rii,
173 2571 227 2614 qui
243 2578 353 2615 postea
365 2571 465 2603 factus
483 2577 530 2603 est
545 2574 756 2602 Treverorum
769 2569 1020 2612 archiepiscopus
1031 2594 1038 2607 ,
1061 2584 1073 2595 n

66 2624 212 2658 nimirum
227 2637 310 2658 anno
328 2629 414 2659 1132
427 2651 436 2665 ,
454 2641 467 2653 α
481 2625 660 2657 Nobertum
672 2627 922 2655 Praemonstratae
938 2622 1074 2654 ecclesiae

67 2693 85 2706 ι
101 2685 259 2722 patrem...
283 2679 317 2710 in
340 2685 498 2722 pastorem
514 2678 641 2720 eligunt.
667 2693 682 2703 υ
705 2677 795 2709 Idem
816 2677 927 2719 legitur
951 2677 984 2707 in
1001 2675 1075 2707 Vita

67 2733 163 2765 sancti
181 2733 333 2766 Norberti
347 2733 432 2775 apud
453 2732 577 2764 Surium
588 2755 596 2769 ‚
613 2741 682 2773 cap.
699 2733 755 2762 40.
769 2731 843 2772 Ejus
856 2730 983 2761 nomine
999 2733 1073 2761 Ber-

67 2786 181 2818 nardus
201 2786 324 2829 scripsit
343 2786 508 2829 epistolam
537 2788 600 2817 176
623 2784 664 2815 ad
685 2785 903 2816 Innocentium
926 2786 967 2815 11.
990 2786 1020 2813 Is
1042 2782 1075 2813 in

68 2839 201 2881 antiquis
225 2839 417 2871 membranis
450 2839 630 2880 frequenter
662 2837 881 2880 subscripsisse
906 2836 1072 2878 reperitur,

68 2893 242 2936 promiscue
257 2900 386 2925 vocatus
406 2893 526 2925 Albero
538 2917 546 2931 ,
572 2891 733 2923 Adetbero
744 2915 751 2929 ‚
770 2901 842 2922 cum
864 2890 962 2921 altero
979 2888 1074 2920 Albe-

68 2956 146 2978 rone
160 2947 390 2979 archidiacono.
404 2947 454 2979 Sic
465 2946 551 2978 enim
563 2946 597 2977 in
617 2945 753 2987 quadam
768 2943 875 2976 charta
894 2942 1077 2975 Sancti-Ar-

71 2999 147 3031 nulfi
166 3001 318 3032 Metensis
332 3011 340 3032 :
357 3016 370 3028 ‹-
384 3003 450 3042 Ego
472 2999 633 3031 Adelbero
655 2998 851 3042 primicerius
865 2995 1032 3038 subscripsi
1046 3001 1076 3026 et

73 3065 87 3080 ι
104 3053 296 3093 collaudavi,
333 3053 486 3086 Richerus
522 3053 658 3084 decanus
694 3051 881 3094 subscripsi,
918 3048 1076 3081 Adelbero

73 3119 87 3133 ι
105 3106 357 3145 archidiaconus,
373 3113 433 3138 etc.
448 3117 531 3138 anno
545 3109 638 3137 Dom.
652 3109 776 3137 Incarn.
796 3108 896 3136 1126.
922 3119 934 3130 »
958 3106 995 3133 In
1017 3100 1075 3132 alia

71 3169 145 3191 vero
163 3161 365 3192 Sancti-Petri
386 3160 426 3192 de
443 3163 574 3199 Monte,
590 3159 706 3201 scripta
718 3169 801 3190 anno
820 3161 831 3188 1
845 3160 904 3188 127
923 3167 930 3187 :
947 3170 958 3181 «ι
975 3154 1077 3195 Hujus

75 3225 90 3240 ι
106 3222 181 3244 vero
209 3213 385 3246 donationis
407 3220 500 3246 testes
519 3219 609 3251 sunt,
638 3212 757 3243 Albero
781 3209 994 3253 primicerius,
1022 3206 1077 3238 Ri-

75 3279 92 3292 -
110 3264 219 3298 cherus
234 3266 388 3307 decanus,
405 3279 419 3292 ι·
433 3274 494 3299 etc.
506 3277 583 3309 quas
600 3265 712 3297 videsis
734 3264 817 3307 apud
831 3261 1032 3298 Meuricium,
1047 3260 1079 3290 in

73 3317 210 3351 Historia
230 3320 456 3363 Episcoporum
478 3320 687 3358 Metensium,
712 3317 765 3360 qui
787 3317 870 3348 hunc
889 3314 1079 3348 Alberonem

213 3403 304 3428 'rosh
334 3406 362 3428 1.

0 3862 23 3936 Γ-

562 144 831 179 LECTIONES
861 144 1136 180 VARIANTES
1166 148 1226 181 ET
1255 149 1399 184 NOTAE
1428 151 1672 187 FUSIORES.

2062 164 2131 198 8:33

1140 223 1283 254 cumdem
1299 224 1372 256 facit
1395 237 1457 257 uon
1479 234 1561 258 recte
1582 240 1651 259 cum
1670 232 1765 261 altero
1782 233 1936 265 Albi-rout-
1950 238 2051 268 itidem
2072 242 2133 281 liri-

1141 275 1286 312 miccrio,
1308 278 1442 308 Conradi
1466 281 1586 310 comitis
1607 283 1884 323 Luxcmburgcusis
1898 288 1978 323 lilio,
2002 291 2052 330 ‹pii
2080 292 2134 323 liae,

1139 327 1287 369 dignitate
1300 330 1478 371 potiebatur
1494 333 1532 362 ad
1548 344 1663 364 aunum
1683 339 1779 373 1080,
1806 343 1836 367 ut
1860 347 1985 379 apparet
2000 353 2037 372 cx
2053 347 2132 374 (Lou-

1138 380 1204 411 radi
1223 381 1317 422 patris
1331 383 1490 425 cpitapltio
1513 385 1552 415 al)
1575 385 1641 426 ipso
1664 394 1787 418 auctore
1812 391 1941 429 prolato,
1959 404 2026 433 pag.
2045 399 2107 425 380,
2124 422 2131 432 ,

1137 444 1208 463 cum
1232 434 1306 471 iste,
1322 434 1361 465 de
1383 447 1444 477 quo
1467 438 1602 477 agimus,
1619 439 1658 469 ab
1681 450 1762 470 auno
1786 441 1931 473 duntaxat
1953 449 2036 476 1122
2049 471 2055 482 ,
2072 460 2132 489 quo

1137 485 1288 518 Albcroui
1311 488 1494 520 Lovauieusi
1507 491 1649 522 successit
1661 516 1668 528 ,
1685 499 1715 523 ut
1731 493 1896 534 plurimum
1913 495 1989 526 lianc
2004 498 2133 537 diguita-

1136 544 1198 569 tem
1224 539 1403 572 obtinuerit.
1426 544 1541 572 I‘ra·ter
1562 544 1862 585 Lmemburgeuscm
1885 548 1986 589 itaque
2011 553 2133 583 tertium

1135 591 1287 624 habemus
1303 593 1511 633 Alberoncm,
1535 596 1587 638 qui
1613 608 1649 627 0).
1676 597 1851 639 primicerio
1875 600 1970 631 lactus
1991 610 2033 633 est
2059 608 2133 635 1,(-0-

1136 645 1249 676 (11011515
1275 647 1437 688 episcopus
1461 647 1552 689 liujus
1577 651 1709 681 nominis
1731 652 1900 690 secundus,
1926 664 2007 685 (111110
2035 660 2132 695 1135,

1137 698 1175 730 de
1200 710 1262 740 quo
1287 700 1330 730 ita
1354 700 1490 742 AEgidius
1511 703 1650 744 superius
1672 704 1836 736 laudatus:
1853 722 1867 731 «
1891 707 1948 737 1115
1969 708 2094 746 dicbus,
2121 728 2133 738 2

1137 752 1255 793 inquit,
1284 768 1297 779 α
1325 764 1395 784 011111
1426 755 1458 786 in
1484 754 1620 786 derisum
1646 763 1675 787 ct
1706 757 1978 791 sut›sannati0u‹·n1
2004 763 2135 795 venisset

1138 820 1151 832 u
1172 806 1278 837 civitas
1293 807 1471 838 Leodicnsis
1486 808 1534 839 1115
1555 809 1607 850 qui
1629 817 1717 841 erant
1740 811 1770 841 in
1794 811 1921 843 circuitu
1936 825 1990 844 suo
2004 827 2058 856 per
2072 822 2136 847 tur-

1138 873 1150 885 n
1172 870 1243 901 pcm
1259 860 1430 891 Alexandri
1453 861 1696 903 depositionem,
1715 865 1930 897 communibus
1951 869 2047 903 votis,
2071 871 2135 911 pari

1139 927 1153 938 υ
1173 923 1298 943 assensu
1326 914 1426 944 clerus
1454 920 1483 945 01
1515 916 1648 957 populus
1674 917 1849 959 subrogavit
1880 920 1943 951 sedi
1975 922 2134 954 Leodicusi

1140 980 1151 991 ›·
1172 966 1381 1004 Alberonem,
1418 966 1509 1009 liujus
1542 969 1674 1000 nominis
1709 971 1896 1009 secuudum,
1928 974 2135 1014 primic-num

1140 1033 1152 1045 n
1174 1020 1324 1050 Metensis
1345 1021 1505 1057 Ecclesiae,
1525 1023 1671 1063 juvenem
1693 1023 1818 1064 quidem
1832 1030 1938 1063 101310,
1955 1033 2013 1058 ctc.
2030 1029 2134 1069 litt-ge-

1140 1087 1152 1099 »
1173 1079 1246 1103 runt
1268 1084 1339 1103 eum
1364 1084 1437 1105 sane
1459 1075 1610 1106 columnae
1636 1077 1796 1114 Ecclesiw,
1824 1077 1882 1108 hac
1907 1090 1960 1121 spe
1983 1082 2135 1119 maxime,

1140 1140 1152 1152 »ι
1174 1127 1257 1167 quod
1271 1133 1349 1158 esset
1369 1127 1407 1158 de
1424 1128 1567 1170 prosapia
1584 1130 1804 1168 §anun-censi,
1827 1146 1838 1157 ›·
1853 1138 1911 1163 etc.
1934 1135 2009 1163 Tres
2032 1134 2133 1175 igitur,

1138 1186 1251 1222 praeter
1270 1181 1571 1221 Luxemburgensem
1583 1206 1590 1217 ,
1612 1181 1761 1213 habemus
1776 1184 1965 1224 primicerios
1983 1189 2137 1219 Mctenses

1139 1232 1278 1275 ejusdem
1295 1233 1429 1263 nominis
1441 1233 1498 1264 sibi
1513 1235 1658 1265 continue
1674 1236 1880 1267 succedenti-s.
1895 1238 1946 1268 Ad
1960 1250 2049 1280 quem
2066 1252 2138 1271 xero

1140 1297 1178 1318 ex
1197 1285 1244 1317 his
1269 1286 1445 1317 Bernardus
1469 1285 1550 1317 hane
1577 1288 1737 1328 epistolam
1764 1289 1935 1330 scripserit,
1962 1302 2024 1322 non
2050 1294 2090 1323 ita
2108 1294 2138 1324 in

1140 1345 1287 1382 promptu
1313 1346 1357 1370 est
1392 1339 1529 1370 delinire.
1557 1343 1798 1377 Verumtamen,
1826 1349 1975 1382 quantum
2000 1356 2036 1375 ex
2064 1347 2142 1377 serie

1139 1394 1315 1426 litterarum
1329 1393 1473 1434 colligere
1487 1392 1557 1424 licet
1568 1418 1574 1430 ,
1594 1393 1633 1423 ad
1649 1394 1815 1424 secundum
1832 1394 1992 1427 referenda
2010 1398 2140 1437 xidetur,

1140 1458 1213 1479 eum
1228 1447 1344 1479 scilicet
1361 1446 1413 1487 qui
1433 1452 1539 1488 postea
1553 1446 1591 1476 ad
1607 1446 1905 1488 archiepiscopatum
1920 1451 2141 1483 Treverensem

1142 1506 1330 1542 assumptuS,
1346 1505 1487 1530 sanctum
1503 1499 1615 1529 virum
1630 1500 1764 1530 maxime
1777 1499 1958 1532 familiarem
1973 1501 2092 1540 habuit,
2112 1511 2144 1535 ut

1142 1560 1263 1586 constat
1287 1564 1325 1584 ex
1350 1552 1494 1595 pluribus
1521 1552 1674 1594 epistolis,
1702 1563 1778 1594 quas
1805 1552 1835 1584 in
1863 1554 1928 1595 ejus
1953 1556 2079 1595 gratiam
2105 1558 2145 1588 ad

1142 1607 1361 1639 Innocentium
1377 1609 1614 1647 Romanamque
1629 1605 1746 1636 curiam
1769 1605 1889 1637 direxit.
1908 1608 1993 1648 Quin
2010 1615 2038 1639 et
2055 1620 2144 1651 argu·

1144 1667 1284 1692 mentum
1299 1659 1436 1701 epistolae
1450 1658 1540 1700 hujus
1551 1683 1558 1697 ,
1575 1669 1642 1700 quae
1658 1659 1718 1699 agit
1738 1658 1776 1689 de
1790 1658 1969 1691 fundatione
1985 1662 2143 1703 cujusdam

1144 1714 1343 1751 monasterii,
1371 1718 1558 1755 procurante
1585 1711 1760 1748 Alberone,
1788 1722 1805 1742 a
1829 1712 1985 1754 Stephano
2010 1717 2145 1747 Metensi

1142 1767 1288 1810 episcopo
1304 1772 1472 1808 concepta,
1494 1765 1655 1806 suffragari
1678 1764 1809 1797 videtur.
1826 1765 1919 1805 Quod
1941 1766 2065 1807 quidem
2080 1780 2144 1800 non

1143 1827 1188 1852 est
1204 1819 1439 1862 intelligendum
1455 1818 1493 1849 de
1514 1818 1577 1849 ullo
1599 1817 1741 1849 coenobio
1758 1817 1797 1848 ab
1818 1818 1885 1860 ipso
1902 1819 2057 1860 Stephano
2071 1832 2144 1852 con-

1143 1880 1279 1911 511001ος
1301 1873 1356 1905 sed
1371 1872 1420 1903 vel
1434 1872 1472 1903 de
1485 1872 1538 1902 illa
1552 1873 1737 1913 Capetarum
1754 1870 1859 1907 domo,
1879 1882 1970 1912 quam
1987 1873 2053 1914 ipso
2069 1885 2143 1905 con-

1144 1927 1263 1959 ferente
1287 1926 1475 1958 monialibus
1497 1925 1543 1956 5111
1569 1924 1694 1955 Ordinis
1708 1923 1883 1955 Bernardus
1910 1925 2066 1964 attribuit,
2085 1927 2142 1958 im-

1143 1981 1246 2023 posito
1269 1979 1396 2011 nomine
1419 1977 1650 2015 Clarae-Vallis,
1670 1977 1751 2008 circa
1776 1987 1891 2007 annum
1913 1980 2010 2016 1130,
2034 1980 2082 2010 vel
2107 1980 2145 2012 de

1142 2033 1325 2065 fundatione
1352 2031 1529 2064 Belli-Prati
1555 2041 1654 2073 prope
1684 2030 1924 2068 Lunae-vittam,
1953 2041 1971 2062 a
2001 2032 2144 2065 Folmaro

1142 2087 1256 2118 comite
1272 2085 1406 2117 Mete-nsi
1424 2083 1610 2120 constructi,
1636 2093 1728 2124 quam
1751 2082 1875 2124 quidem
1892 2082 1957 2124 ipse
1972 2084 2143 2126 Stephanus

1142 2146 1242 2171 ratam
1261 2139 1369 2170 habuit
1395 2144 1425 2169 et
1449 2135 1660 2174 confirmavit,
1686 2142 1719 2166 ut
1742 2142 1861 2166 constat
1889 2146 1926 2166 ex
1952 2136 2138 2178 diplomate,

1141 2195 1228 2236 cujus
1242 2193 1303 2224 hoc
1315 2192 1439 2224 initium
1454 2202 1461 2222 ;
1480 2206 1492 2217 ιτ
1507 2193 1570 2231 Ego
1588 2188 1761 2231 Stephanus
1776 2188 1938 2220 manifesto
1952 2192 2141 2231 generationi

1143 2263 1158 2274 »
1175 2258 1243 2289 quae
1258 2257 1342 2278 nunc
1355 2252 1399 2277 est
1413 2251 1442 2276 et
1456 2244 1567 2275 futurae
1579 2267 1586 2281 ,
1606 2242 1690 2284 quod
1702 2245 1725 2273 F
1728 2243 1862 2273 olmarus
1876 2253 1978 2274 comes
1991 2245 2140 2276 Metensis

1142 2317 1154 2329 ›.
1175 2300 1347 2332 construxit
1371 2298 1529 2330 abbatiam
1552 2295 1775 2327 monachorum
1791 2296 2000 2326 Cisterciensis
2024 2297 2140 2328 ordinis

1141 2370 1154 2381 »
1174 2355 1206 2385 in
1228 2354 1333 2385 banno
1355 2355 1532 2387 Morasme,
1550 2360 1618 2391 quae
1634 2355 1762 2379 vocatur
1783 2348 2059 2387 Bellum-Pratum,
2077 2356 2135 2381 etc.

1141 2422 1154 2434 ι
1174 2411 1290 2439 1)3111111
1311 2416 1393 2437 anno
1414 2406 1519 2440 1130,
1549 2417 1561 2429 u
1587 2401 1727 2443 quamvis
1748 2402 1779 2432 in
1802 2401 1861 2432 alia
1885 2400 1991 2432 charta
2012 2403 2138 2434 Henrici

1139 2461 1276 2504 episcopi
1298 2458 1463 2494 Tullensis,
1489 2455 1528 2486 ad
1543 2466 1659 2486 annum
1677 2457 1761 2486 1135
1777 2453 1841 2485 brec
1862 2453 2002 2485 fundatio
2023 2454 2138 2485 resera,

1138 2521 1201 2552 tur,
1218 2513 1302 2555 quod
1314 2512 1442 2543 fortasse
1455 2510 1493 2541 de
1507 2509 1705 2540 aedificiorum
1722 2508 1839 2548 integra
1852 2506 2040 2549 perfectione
2057 2508 2136 2539 acci-

1138 2567 1288 2610 piendum
1313 2572 1367 2596 est.
1396 2563 1491 2605 Quod
1514 2567 1630 2604 spectat
1654 2560 1693 2592 ad
1720 2560 1888 2591 Primicerii
1915 2570 2028 2591 nomen
2052 2561 2135 2602 apud

1139 2621 1282 2662 antiquos
1297 2617 1547 2652 usitatissimum,
1563 2625 1625 2645 non
1644 2613 1695 2644 uni
1715 2613 1816 2644 officio
1838 2613 1886 2643 vel
1908 2612 2047 2654 dignitati
2063 2624 2135 2655 pro*

1139 2673 1242 2716 prium
1262 2672 1319 2703 fuit
1331 2696 1338 2708 ,
1356 2670 1410 2702 sed
1424 2670 1460 2700 iis
1476 2668 1571 2699 tribui
1593 2666 1734 2703 solitum,
1751 2665 1804 2707 qui
1825 2665 1856 2695 in
1878 2676 2072 2708 quocumque
2085 2676 2135 2696 or-

1139 2727 1211 2758 dine
1228 2726 1362 2769 primum
1377 2724 1481 2755 locum
1502 2721 1687 2752 obtinerent.
1711 2719 1792 2749 Hinc
1806 2718 1839 2748 in
1860 2718 1990 2749 Novella
2005 2719 2135 2750 Constit.

1141 2784 1179 2818 8,
1205 2779 1315 2821 szepius
1344 2776 1511 2819 repetitur,
1537 2789 1552 2800 «
1578 2772 1777 2804 Notariorum
1802 2771 2011 2813 primicerius3
2043 2786 2057 2796 n
2081 2777 2135 2808 et,

1141 2849 1153 2860 «
1175 2831 1370 2864 Primicerius
1398 2828 1542 2863 fabricze,
1564 2840 1576 2852 ε»
1594 2826 1614 2857 l.
1639 2828 1655 2855 2
1669 2849 1676 2862 ,
1699 2826 1734 2857 C,
1766 2823 1805 2854 de
1828 2823 2003 2854 Fabricens.
2029 2823 2050 2854 l.
2083 2826 2135 2854 11.

1142 2901 1154 2913 «
1176 2884 1372 2917 Primicerius
1397 2880 1634 2912 domesticorum
1657 2883 1867 2920 protectorum
1900 2877 2056 2918 equitum,
2084 2892 2096 2903 n
2116 2877 2138 2907 l.

1143 2941 1181 2977 2,
1212 2945 1243 2970 et
1278 2938 1299 2969 1.
1328 2937 1382 2967 ult.
1410 2936 1444 2966 C.
1473 2933 1511 2964 de
1536 2930 1720 2963 Domesticis
1743 2935 1773 2960 et
1797 2935 1879 2971 prot.
1903 2944 1918 2955 κ
1943 2929 2139 2960 Primicerius

1141 3008 1156 3018 .»
1176 3001 1372 3025 mensorum,
1405 3003 1417 3014 n
1444 2988 1479 3018 C.
1513 2988 1525 3016 l
1555 2985 1593 3015 de
1609 2987 1748 3016 Mensor.
1773 2982 1795 3012 l.
1825 2985 1876 3013 12.
1906 2997 1919 3007 «
1946 2982 2141 3013 Primicerius

1143 3061 1155 3072 n
1176 3045 1208 3076 in
1226 3043 1328 3075 officio
1345 3045 1564 3084 protectorum.
1582 3052 1594 3063 n
1610 3040 1763 3068 Praeterea
1785 3034 1868 3077 apud
1881 3035 2056 3077 Vegetium,
2084 3034 2137 3065 lib.

1144 3103 1162 3130 2
1175 3124 1182 3135 ,
1202 3108 1270 3139 cap.
1291 3099 1347 3133 21,
1367 3109 1379 3121 =‹
1401 3091 1596 3125 Primicerius
1615 3095 1790 3132 protector;
1815 3103 1827 3114 υ
1844 3087 1927 3130 apud
1942 3087 2142 3120 Ammianum

1143 3150 1379 3185 Marcellinum,
1407 3146 1462 3178 lib.
1484 3148 1536 3183 18,
1558 3160 1571 3172 «
1588 3142 1783 3175 Primicerius
1799 3144 2044 3183 Praeceptorum,
2072 3140 2139 3170 Sin-

1146 3221 1157 3232 »
1177 3204 1384 3246 gulariorum,
1404 3198 1639 3241 Augustalium,
1659 3196 1847 3228 Scriniorum
1859 3219 1865 3231 ,
1895 3197 2115 3235 Deputatorum
2130 3215 2138 3226 ,

1148 3274 1160 3285 ›‚
1181 3256 1267 3289 Sacri
1291 3253 1426 3286 cubiculi
1443 3277 1450 3291 ,
1481 3267 1493 3279 »
1519 3252 1539 3282 l.
1561 3254 1591 3288 1,
1616 3250 1669 3291 qui
1691 3260 1708 3279 a
1729 3247 1849 3290 praebit.
1876 3246 1934 3276 tiro
1966 3245 1997 3274 in
2029 3243 2141 3273 Codice

1147 3309 1305 3342 Theodos.
1334 3314 1363 3339 et
1388 3305 1471 3349 apud
1488 3302 1626 3336 Cassiod.
1652 3301 1704 3332 lib.
1725 3304 1776 3338 11,
1795 3299 1904 3330 variar.
1930 3298 1976 3329 Sic
1995 3312 2005 3321 ι·
2034 3295 2141 3325 Primi-

1944 3367 1988 3403 27
