2517 3936
62 186 131 224 785

59 259 257 301 lationibus
279 257 533 309 quorumdam
564 258 725 308 asperis,
750 258 950 295 adversum
976 257 1092 296 fra-⁵⁸

60 333 147 361 trem
162 328 333 358 nostrum
349 318 579 356 Hei-bertum
597 319 778 355 commoti
793 332 936 365 sumus,
949 319 1053 369 quod
1070 322 1103 354 A

57 393 183 432 aspera
198 387 234 416 et
253 378 357 415 irrita
377 377 653 427 prouuilgasset
674 377 720 414 de
740 377 865 424 nobis;
891 387 928 415 et
945 392 1052 416 com—

57 439 144 478 moti
169 438 386 488 scripsimus
415 437 452 473 iu
485 450 572 473 eum
613 451 745 488 aspera
782 452 853 488 pro
880 440 1050 489 asperio-

56 499 165 539 ribus.
196 498 377 536 Homines
396 497 582 547 siquidem
614 512 756 535 sumus.
779 500 880 536 Nulli
909 501 1049 537 etenim

54 560 196 612 injuriae
220 572 296 596 suae
321 558 499 596 videntur
526 573 654 609 parvae
677 575 684 596 :
709 561 818 597 multi
842 561 953 598 ctiam
987 575 1050 598 eas

53 621 196 672 gravius
223 632 331 669 aequo
359 632 552 669 accepere.
585 624 724 657 Praeter
752 634 795 657 ea
825 621 936 670 longe
962 621 1048 671 plus

53 680 206 719 irritavit
239 692 308 716 nos
337 679 407 717 Dei
434 680 554 716 nostri
587 679 725 729 injuria
756 695 868 731 quam
898 691 1046 729 nostra,

52 739 153 792 cnjus
169 748 320 792 pactum
343 740 492 776 irritum
515 740 603 777 fecit
625 756 632 778 ε
662 742 836 791 quamvis
856 751 894 779 et
914 743 983 780 Dei
1001 743 1048 779 sit

52 809 192 847 nosti-a,
209 809 246 838 et
260 808 390 838 nostra
411 801 492 838 Dei.
514 802 610 850 Quia
635 815 726 839 vcro
743 803 895 849 irritati,
912 812 948 840 et
964 804 1045 841 zelo

51 861 115 902 Dei
132 861 354 899 intrinsecus
381 862 486 907 tacti,
516 875 650 912 aspera
674 863 791 900 verba
819 864 857 900 in
891 865 1043 902 fratrem

51 929 211 961 nostrum
242 921 514 972 respersimu53
550 937 627 960 non
661 924 742 960 sine
778 925 943 971 ratione,
975 938 1045 962 nec

49 982 124 1021 sine
153 981 374 1020 auctoritate
410 981 549 1019 divinae
587 984 734 1033 paginae
764 984 836 1021 hoc
869 984 1039 1021 fecimus.

771 183 1073 219 EPISTOLARU
1083 185 1117 218 M
1150 186 1304 219 APPEN
1312 187 1413 220 mx.

2059 195 2132 232 786

1176 262 1460 299 Catalauncnsis
1470 264 1644 301 Ecclesiae
1661 265 1813 303 humilis
1830 269 2131 320 archidiaconus,

1173 329 1260 357 aute
1278 325 1399 358 Deum
1423 331 1459 358 et
1477 322 1650 361 homines
1669 325 1845 363 incedere
1865 329 1945 365 sine
1962 333 2128 379 querela.

1173 444 1357 488 Domine,
1378 458 1466 481 ecce
1491 459 1603 495 quem
1627 459 1729 483 amas
1744 476 1753 492 ,
1778 448 1944 497 graviter
1961 451 2129 490 inlirma-

1118 511 1190 539 tur.
1231 505 1506 552 Quartauarius
1539 506 1639 542 cnim
1685 516 1753 544 cst.
1809 512 1918 558 Rogo
1953 524 2044 561 ergo
2070 521 2126 560 te,

1115 572 1247 613 pater,
1271 573 1312 601 ut
1332 565 1420 615 quia
1442 567 1587 616 magnis
1611 576 1730 605 aestuo
1759 568 1951 616 febribus,
1982 574 2127 623 magnis

1115 636 1175 659 me
1196 634 1436 673 sanctorum,
1463 627 1528 676 qui
1550 636 1673 665 tecum
1696 638 1802 675 sunt,
1827 630 1964 680 juvare
1991 633 2126 683 digne-

1117 684 1165 720 ris
1186 686 1437 724 orationibus.
1461 689 1545 726 Scio
1573 689 1673 726 enim
1688 719 1698 736 ‚
1724 691 1888 729 scienter
1907 694 1985 730 scio
1999 723 2008 740 ‚
2037 696 2127 745 quia

1114 745 1143 781 si
1176 758 1322 796 pronus
1354 747 1576 786 adoraveris
1609 750 1647 786 in
1679 759 1817 788 terram
1843 781 1853 796 ‚
1892 761 1930 790 et
1960 755 2126 804 tetigeris

1113 806 1321 844 Dominum
1345 812 1474 846 Jesum
1502 824 1548 846 eo
1569 824 1647 860 quo
1670 812 1768 849 soles
1791 813 1919 850 valido
1941 816 2125 854 orationis

1113 874 1237 913 tactu,
1257 868 1376 905 exibit
1396 870 1517 907 virtus
1537 870 1584 908 de
1604 886 1649 909 eo
1672 872 1718 909 ad
1739 874 1950 912 sanandum
1965 905 1974 922 ,
2002 885 2039 913 et
2060 877 2124 915 ssa-

1112 926 1167 963 bit
1186 929 1344 978 spiritus
1366 929 1446 980 ejus
1460 959 1469 975 ‚
1495 940 1532 968 et
1559 932 1776 982 liquefaciet
1796 948 1948 972 omnem
1969 938 2123 987 aegritu-

1111 986 1238 1024 dinem
1268 1002 1403 1026 meam.
1434 994 1533 1028 Bene
1563 992 1686 1029 valeat
1717 994 1903 1031 Sanctitas
1929 1004 2054 1034 vestra
2084 999 2123 1035 in

39 1042 177 1083 Paulus
193 1041 428 1089 Corinthios,
447 1057 573 1094 nuper
592 1058 611 1081 a
635 1058 673 1082 se
697 1058 922 1091 conversos,
939 1045 1044 1083 duris
1063 1047 1089 1081 Β
1111 1048 1280 1085 Domino
1302 1078 1311 1093 ‚
1343 1049 1498 1088 domine
1531 1052 1605 1098 mi,
1638 1061 1674 1089 et
1709 1054 1966 1092 amantissime
2000 1065 2121 1107 pater.

49 1112 82 1142 et
96 1103 351 1155 ignominiosis
372 1103 498 1141 verbis
516 1105 773 1152 contristavit,
795 1106 1039 1143 contristatos

48 1162 288 1203 emendavit¹.
309 1164 462 1203 Galatas
488 1165 688 1202 fascinatos
714 1166 828 1216 pleno
855 1180 920 1204 ore
947 1180 1041 1217 pro—

48 1223 278 1263 nuntia-iv:
312 1238 410 1275 quos
441 1226 472 1263 si
507 1227 636 1264 mitius
671 1227 926 1278 appellasset,
961 1241 1038 1265 non

47 1283 292 1331 enudasset,
319 1293 390 1322 etc.

91 1344 127 1383 2.
152 1347 282 1383 Frater
300 1353 426 1382 autem
454 1345 680 1394 Herbertus,
702 1347 732 1384 si
755 1355 880 1385 tamen
902 1348 1038 1397 frater3

1109 1109 1262 1146 L'tinam
1299 1123 1448 1148 merear
1479 1113 1780 1150 consolationem
1815 1123 1852 1151 ct
1892 1117 2118 1167 rescriptum

1109 1167 1156 1205 (le
1178 1169 1355 1207 manibus
1376 1172 1510 1209 vestris
1524 1201 1533 1217 ,
1560 1181 1598 1209 et
1619 1172 1666 1210 de
1688 1187 1788 1223 pane
1809 1176 2027 1215 resectionis
2051 1193 2119 1216 ve-

1107 1236 1194 1266 strae
1213 1243 1299 1266 cum
1323 1229 1593 1269 benedictione
1614 1234 1682 1271 Dei
1702 1243 1739 1270 et
1760 1244 1885 1273 vestra
1906 1238 2090 1288 accipere.

1104 1371 2119 1392 ιιιιιιιιιιιιιιιιιιιιιιιιιιιιιιιιιιιιιιιιιιιιιιιιιιιιιιιιιιιιιιιιιι

46 1417 132 1453 non,
153 1413 196 1442 ut
226 1418 313 1442 eum
344 1404 494 1452 decuit,
519 1406 556 1444 in
588 1407 723 1445 litteris
752 1408 829 1446 suis
857 1422 918 1446 me
950 1418 1039 1460 post

46 1477 79 1503 se
104 1464 259 1503 fluvium
288 1465 450 1514 misisse,
471 1467 538 1518 qui
570 1481 657 1505 eum
691 1467 937 1516 absorberet,
970 1470 1038 1508 de-

45 1525 203 1577 sta-ipsit:
223 1534 266 1564 ut
296 1535 438 1565 taceam
459 1528 564 1579 quod
594 1542 654 1566 me
684 1529 922 1581 despective,
942 1544 1036 1582 sup—

45 1598 162 1638 presso
188 1587 342 1625 nomine
375 1587 544 1636 abbatis,
564 1590 758 1628 hominem
780 1593 944 1629 vocavit.
969 1595 1035 1629 Sa-

45 1646 216 1697 gittarium
230 1648 342 1686 etiam
359 1662 420 1686 me
435 1650 472 1686 in
493 1650 628 1687 eodem
646 1653 789 1702 scripto
807 1652 1033 1704 appellavit,

45 1715 175 1753 neren
201 1717 356 1747 extento
385 1723 541 1748 manum
569 1724 690 1748 meam
719 1714 907 1750 armavit:
927 1714 1034 1764 quod

45 1767 200 1818 &quidem
218 1767 330 1818 juxta
354 1771 617 1822 metaphoram
637 1772 836 1810 tolerabile
856 1783 978 1821 esset,
1002 1775 1032 1812 si
1472 1823 1479 1829 .
1641 1825 1647 1831 ·
2024 1830 2030 1836 ·
2078 1831 2085 1837 θ

43 1828 177 1879 flgittas
200 1831 382 1869 toxicatas
405 1845 465 1869 me
492 1833 643 1870 mittere
672 1847 750 1871 non
784 1834 1030 1885 adjunxisset.
1054 1841 1081 1878 C
1154 1821 1481 1860 Clasae‘vallenffl
1520 1822 1671 1871 abban,
1704 1829 1751 1862 H·
1775 1826 1908 1893 f'adem
1937 1838 2056 1878 Sfflffll
2076 1831 2114 1869 ld

43 1892 102 1928 p„
120 1891 200 1942 μή
223 1892 374 1939 retulit,
395 1892 576 1943 injuriam
605 1907 711 1932 suam
741 1894 882 1944 injuria
901 1905 1032 1935 nostra
1155 1882 1260 1931 quod
1282 1891 1358 1930 est,
1389 1883 1574 1934 optimam
1606 1894 1756 1935 partem
1777 1900 1816 1923 m
1837 1896 1939 1925 sorte
1964 1899 2115 1928 sancto-

43 1949 240 1990 aindicavit.
262 1955 414 1991 Certum
447 1963 574 1992 autem
606 1956 654 1992 sit
679 1956 861 1993 Cliaritati
881 1966 1030 2006 vestrae,
1153 1957 1251 1981 sum·

43 2019 134 2050 mater
147 2010 265 2059 bone,
288 2026 349 2051 me
364 2023 525 2065 paterno
542 2017 680 2054 affectu
697 2017 887 2054 desectum
906 2018 1032 2057 fratris

43 2072 144 2110 :ostri
176 2073 379 2125 plangere,
410 2077 808 2127 resurrectionemque
846 2077 928 2127 ejus
963 2093 1031 2116 ex-

42 2144 144 2180 ρειυεο
171 2134 276 2182 sinu,
307 2135 484 2174 manibus
503 2138 681 2188 expansis
697 2147 931 2188 exspectare.
954 2143 1030 2177 Ex-

41 2201 152 2243 specto
164 2195 262 2232 enim
276 2196 396 2246 siquo
411 2197 527 2234 modo
544 2198 760 2248 resipiscat,
778 2199 806 2235 si
819 2213 896 2249 quo
912 2201 1028 2238 modo

19 2256 23 2259 ⁷
42 2250 76 2289 ud
86 2265 150 2291 σοι·
162 2255 301 2293 redeat.
314 2256 418 2294 Sicut
432 2257 471 2294 in
489 2258 599 2295 initio
617 2259 797 2296 chartula?
818 2273 912 2298 meae
928 2275 1029 2311 prze-

42 2311 173 2362 iietavi,
185 2315 235 2353 ita
248 2316 414 2356 dictante
428 2319 466 2355 in
483 2319 636 2357 fratrem
649 2319 882 2358 Herbertuni
895 2335 1029 2373 aspera

40 2372 139 2412 a'erba
156 2377 292 2424 effudi,
309 2387 346 2416 et
368 2388 441 2416 tam
468 2380 622 2418 fratrem
637 2409 647 2426 ,
667 2394 780 2431 quani
802 2395 872 2419 vos
889 2383 925 2419 in
951 2384 1028 2421 fra-

42 2447 83 2472 τε
102 2439 330 2488 ειεερεηιὴ.
351 2440 423 2478 Sed
446 2442 535 2491 quia
560 2442 616 2478 ira
646 2442 719 2478 viri
744 2441 930 2491 justitiam
956 2445 1026 2482 Dei

41 2506 101 2532 ion
119 2507 310 2547 operatur,
327 2513 406 2537 non
423 2501 580 2538 accendi
599 2515 754 2539 omnem
772 2504 865 2541 iram
885 2518 1023 2553 meam,

39 2554 90 2592 aed
107 2560 330 2609 temperavi,
352 2562 431 2599 imo
449 2562 614 2600 exstinxi
633 2576 715 2600 eam
728 2592 737 2610 ‚
756 2573 826 2602 etc.

1228 1493 1596 1551 EPISTOLA
1662 1497 1989 1576 coLXXI,

1383 1648 1419 1670 Ε]
1426 1648 1549 1672 ΙῙΞΒΕΜ
1581 1650 1598 1671 Α
1605 1650 1628 1672 D
1656 1651 1732 1674 EUM
1738 1652 1827 1674 DEM.

1099 1760 1268 1797 Domino
1288 1761 1387 1812 patri
1405 1775 1448 1798 ac
1469 1761 1582 1812 digne
1601 1764 1824 1802 venerando
1844 1769 1884 1803 B.
1907 1768 1976 1804 Dei
1994 1770 2115 1818 gratia

1151 2065 1318 2112 Accepta
1347 2063 1548 2101 occasione
1569 2064 1616 2102 de
1639 2066 1881 2116 postulandis
1917 2070 2115 2107 Sermoni-

1096 2120 1169 2158 bus
1188 2123 1323 2160 vestris
1349 2123 1387 2160 in
1411 2125 1566 2162 Cantico
1588 2127 1847 2174 canticorum,
1877 2128 2043 2167 scribere
2063 2131 2110 2167 ad

1096 2195 1187 2228 vos,
1224 2184 1433 2221 reverende
1454 2193 1587 2234 pater,
1618 2188 1840 2237 compulsus
1870 2202 1952 2226 sum
1977 2205 1985 2227 :
2006 2191 2110 2240 quod

1096 2242 1250 2292 quidem
1271 2244 1351 2281 sine
1372 2258 1484 2281 causa
1517 2246 1639 2283 facere
1661 2261 1739 2284 non
1767 2251 2107 2301 praesumpsissem.

1096 2306 1189 2351 Quae
1213 2304 1314 2340 enim
1336 2305 1489 2342 licentia
1506 2305 1642 2354 juveni
1672 2316 1709 2344 et
1737 2308 1893 2347 indocto
1915 2311 2006 2348 mihi
2025 2341 2034 2358 ‚
2069 2321 2111 2350 ut

1095 2376 1204 2400 aures
1228 2364 1436 2402 doctissimi
1464 2367 1564 2404 senis
1593 2369 1792 2406 sollicitem
1809 2399 1818 2415 ‚
1842 2384 1955 2421 quem
1977 2373 2107 2410 erudi-

1093 2423 1148 2460 'vit
1168 2425 1357 2462 Dominus
1377 2430 1486 2463 Jcsus
1506 2428 1543 2463 in
1569 2428 1744 2466 doctrina
1771 2444 1837 2467 sua
1855 2460 1864 2477 ,
1899 2433 1995 2470 sicut
2014 2448 2107 2471 eru-

1093 2484 1148 2521 dit
1178 2485 1294 2523 homo
1322 2487 1441 2524 filium
1464 2491 1605 2525 suum?
1639 2493 1685 2527 Et
1714 2491 1798 2540 quis
1827 2505 1910 2529 sum
1939 2507 2032 2543 ego,
2067 2504 2108 2532 ut

1092 2544 1283 2582 videntem
1324 2548 1556 2597 interrogem
1578 2577 1587 2594 ,
1626 2549 1734 2599 cujus
1765 2552 1866 2588 oculi
1908 2553 1946 2589 in
1985 2555 2108 2605 capite

1038 2611 1072 2645 D
1090 2604 1201 2654 ejus?
1219 2607 1382 2644 maxime.
1401 2622 1486 2645 cum
1508 2622 1605 2658 puer
1625 2610 1718 2657 sim,
1743 2620 1780 2648 et
1802 2613 1964 2650 nesciam
1984 2615 2103 2665 loqui,

1089 2666 1249 2716 pusillus
1276 2668 1376 2705 inter
1399 2669 1534 2706 fratres
1557 2683 1662 2707 meos
1679 2700 1688 2716 ‚
1718 2680 1755 2708 et
1778 2673 1929 2709 novella
1953 2674 2105 2724 planta—

1091 2725 1144 2762 tio
1165 2725 1424 2775 injuventute
1447 2742 1542 2765 mea.
1564 2729 1675 2766 Absit
1691 2759 1700 2776 ,
1724 2731 1879 2769 domine
1904 2733 1974 2779 mi,
2006 2733 2106 2772 absit

1089 2800 1110 2823 a
1133 2786 1306 2825 moribus
1327 2797 1363 2825 et
1384 2789 1584 2839 disciplina
1613 2791 1879 2830 adolescentiae
1914 2807 2006 2832 meae
2021 2825 2030 2843 ,
2064 2805 2105 2833 ut

1088 2847 1249 2884 audeam
1272 2848 1383 2887 vobis
1409 2850 1489 2887 sine
1519 2864 1631 2889 causa
1663 2852 1791 2902 loqui,
1828 2853 1968 2892 nedum
1999 2856 2104 2906 quod

1086 2907 1246 2945 habeam
1269 2909 1316 2946 ad
1341 2923 1409 2947 vos
1429 2911 1594 2949 litterata
1618 2913 1822 2963 colloquia.
1854 2918 1994 2952 Verum
2019 2945 2028 2963 ,
2063 2925 2106 2954 ut

1085 2969 1273 3018 praedixi,
1306 2971 1527 3020 postulandi
1551 2976 1754 3010 Sermones
1774 2983 1921 3012 vestros
1943 2989 2043 3014 nunc
2064 2991 2103 3014 se

1084 3028 1240 3078 ingessit
1260 3031 1411 3068 occasio
1426 3060 1435 3077 ,
1459 3046 1555 3082 quos
1579 3047 1679 3084 saepe
1702 3048 1772 3084 per
1791 3036 1946 3074 nuntios
1975 3038 2103 3087 requi-

1082 3102 1170 3126 rens
1193 3118 1202 3134 ‚
1241 3099 1462 3140 opportune
1499 3093 1617 3130 institi
1651 3103 1689 3130 et
1716 3094 1964 3145 importune;
1998 3110 2101 3134 nunc

1082 3162 1238 3198 quoque
1273 3150 1409 3188 litteris
1444 3151 1751 3202 improbioribus
1779 3154 1895 3192 insto.
1932 3160 2040 3194 Certe
2070 3157 2101 3192 si

1083 3222 1202 3246 essem
1227 3209 1387 3260 aliquis,
1411 3225 1543 3250 nonne
1567 3215 1704 3252 merito
1726 3215 1882 3266 indigne
1910 3216 2100 3263 tulissem,

40 2688 107 2700 *tow
117 2691 701 2708 nunnuswnssxxxmvuxsnssxnswssxxvsxu
708 2700 772 2709 txxux
779 2701 844 2710 ιιιιι
851 2702 903 2711 ssu
911 2702 991 2711 vutxx
998 2703 1024 2713 ’ς

162 2812 533 2872 EPISTOLA
594 2818 890 2893 cmxx,

71 2965 248 2995 nunoms
275 2972 555 2998 ancmnueom
583 2976 886 3002 CATALAUNENSIS
915 2979 964 3001 AD

371 3035 606 3059 BERNARDL'M
621 3023 649 3060 *.

38 3132 234 3171 teverendo
257 3138 356 3186 patri
383 3152 426 3176 ac
452 3141 621 3177 Domino
646 3145 685 3179 B.
712 3142 920 3180 venerabili
946 3145 1014 3182 Dei

67 3191 179 3239 gratia
195 3194 499 3237 Clarae-vallensi
515 3199 666 3248 abbati,
685 3205 734 3240 H.
748 3203 879 3240 eadem
897 3205 1015 3255 gratia

66 3332 142 3363 'let
158 3336 186 3365 11
203 3337 276 3367 Cor.
291 3355 333 3360 —
352 3343 362 3361 ²
379 3340 482 3373 Galat.
504 3353 557 3380 ιιι,
579 3346 607 3375 1.
