2533 3920
362 195 433 231 711

1136 192 1158 225 S
1203 191 1229 224 B
1238 190 1262 223 E
1268 189 1332 223 RN
1336 187 1459 222 ARDI
1487 186 1580 221 ABB
1583 186 1690 221 ATIS

2379 164 2463 229 712l

363 283 489 311 tamen
525 285 630 322 giax
620 271 669 308 ati
689 299 698 317 ‚
728 269 886 306 fecimus
915 266 1020 317 quod
1043 265 1218 317 jussistis.
1253 262 1713 304 Si1nul⁵⁰⁴Rexwe1entiun
1736 260 1783 297 de
1804 259 1919 297 celeri
1939 260 2184 310 coneptione
2209 274 2323 313 super
2341 267 2463 318 malo

364 349 492 372 coiam
521 339 625 379 Deo,
651 340 688 369 ct
715 339 844 368 xestia
870 329 1101 375 Sanctitate,
1138 336 1232 364 teste
1265 327 1377 363 etiam
1393 330 1426 362 A
1447 322 1584 373 quod
1575 337 1614 360 in
1636 323 1718 359 dies
1745 321 1942 371 divulgare
1960 334 2039 357 non
2056 321 2178 371 parcit
2201 322 2298 361 sama
2312 327 2448 367 volans.
2462 336 2463 368 i

363 398 448 447 ipso
479 393 691 431 xeneiabili
718 393 832 428 fiatie
865 391 1088 437 ΠίΠεΙιΠο,
1120 403 1191 427 nos
1216 402 1378 426 excusa-

364 470 448 494 mus
464 485 473 501 ,
506 454 612 505 quod
630 454 852 504 ignorantes
874 459 1044 488 vestrum
1062 464 1142 488 esse
1159 450 1376 501 professum

363 516 590 566 recepimus.
625 514 661 552 Si
687 514 799 564 culpa
817 521 890 558 est,
925 511 1030 562 quod
1061 513 1112 548 ita
1133 525 1154 548 a
1173 510 1284 548 nobis
1313 524 1377 548 re-

363 586 496 628 ceptus
517 584 597 623 est3
629 575 767 626 ipsius,
799 587 879 610 non
902 581 1034 610 nostra
1060 581 1128 610 est.
1159 576 1250 610 Post
1279 572 1377 608 hanc

364 647 534 675 nostram
558 650 688 674 veram
710 649 752 673 ac
771 648 908 685 puram
941 633 1237 671 satisfactionem
1255 661 1264 679 ,
1298 646 1379 670 me-

365 711 519 735 reamur
539 706 703 734 vestram
728 696 887 746 gratiam
912 703 950 732 et
966 694 1288 732 benedictionem.
1309 699 1384 733 Va-

364 761 451 798 lete.
479 763 665 810 Optamus
690 770 759 794 vos
780 765 856 794 tam
877 757 1035 807 plenum
1057 755 1206 793 dierum
1224 785 1234 803 ‚
1265 769 1381 805 quam

366 822 553 859 virtutum
585 819 793 870 tranquillo
834 818 997 855 transitu
1033 825 1196 854 mortem
1242 818 1379 863 finire,

365 891 514 927 sancte,
543 890 579 918 et
599 878 917 917 reverendissime
936 886 1058 929 pater.

368 1018 1384 1034 =====================================================================

464 1136 840 1196 EPISTOLA
897 1132 1311 1194 CCCXCVH?

372 1299 417 1320 ,m
439 1297 598 1320 ‹moxi-231
622 1295 795 1320 Assffirmt
817 1292 1232 1318 MAJORIS-MOXASTERII
1266 1292 1384 1315 paors

764 1355 934 1379 Tritonis
949 1343 979 1379 *.

368 1470 563 1508 Monachos,
587 1469 626 1500 de
643 1467 833 1510 quibusdam
855 1466 1007 1498 reditibus
1027 1477 1099 1497 cum
1119 1466 1239 1497 clericis
1260 1472 1387 1498 conten-

416 1526 543 1562 dentes,
578 1522 769 1554 arbitrorum
799 1520 960 1553 sententiae
988 1520 1185 1563 acquiescere
1212 1519 1337 1552 debere.

369 1653 704 1694 Reverendissimo
737 1651 837 1703 patri
865 1659 903 1688 et
937 1649 1096 1687 domino
1133 1651 1287 1696 Onom,
1317 1651 1388 1687 Dei

424 1715 544 1767 gratia
566 1713 695 1751 abbati
715 1710 1118 1762 Majoris-Monasterii
1135 1739 1144 1757 ‚
1179 1720 1390 1761 sanctoque

423 1778 511 1815 etin
533 1775 672 1815 Cluisti
689 1774 872 1812 charitate
886 1771 1024 1822 juncto
1043 1773 1266 1820 conventui,
1281 1776 1391 1810 Hcco

1445 384 1633 421 Miramui
1662 396 1750 420 sane
1777 382 1925 431 aliquos
1948 390 2117 418 xestium
2144 381 2264 433 (absit
2289 386 2388 424 enim
2410 398 2464 428 ut,

1447 459 1580 482 omnes
1608 442 1870 495 suspicemur)
1901 451 2006 479 tanta
2034 442 2095 479 xel
2123 443 2361 493 simplicitate
2384 447 2450 486 de-

1445 514 1597 556 ceptos,
1623 505 1683 542 xel
1711 503 1919 555 cupiditate
1946 516 2096 550 caeoes,
2135 512 2178 540 ut
2213 505 2450 556 celeberrimo

1445 568 1593 604 nomini
1622 580 1699 603 non
1723 573 1946 616 parcentes,
1975 564 2087 601 unius
2117 565 2245 602 altaris
2276 569 2465 616 pauculos,¹

1450 627 1596 665 reditus
1616 625 1634 650 b
1655 626 1759 664 orbis
1779 626 1910 677 gloriae
1935 625 2154 676 praeferant.
2175 629 2261 663 Non
2281 637 2466 679 oportet,

1452 689 1611 735 fratres,
1643 702 1722 725 non
1759 696 1914 738 oportet
1938 687 2026 724 ullis
2053 687 2240 724 aestimare
2267 695 2453 740 tempora-

1451 749 1551 787 libus
1574 749 1689 786 lucris
1717 748 1980 786 testimonium
1995 778 2004 795 ,
2025 747 2130 798 quod
2154 747 2265 785 vobis
2294 747 2341 786 ab
2359 752 2465 791 amir

1450 824 1545 862 quo,
1579 810 1658 847 imo
1685 809 1732 847 ab
1763 810 1896 857 initio,
1938 809 1985 847 ab
2015 809 2074 847 his
2095 822 2251 860 quoque
2276 810 2343 860 qui
2370 812 2454 852 foris

1450 879 1565 917 sunt,
1597 870 1900 907 conversationis
1932 870 2070 907 merito
2104 869 2358 920 conquisistis.
2388 872 2467 911 Sed}

1451 931 1580 968 forsan
1610 930 1734 967 dicitis
1758 944 1766 966 ε
1789 934 1867 968 Nos
1901 930 2047 967 nemini
2081 929 2262 980 injuriam
2296 930 2467 972 facimus*

1450 994 1642 1029 Tenemus
1676 999 1809 1028 nostra
1830 1019 1840 1037 ,
1875 991 2028 1042 parati,
2060 991 2091 1028 si
2121 991 2208 1041 quis
2230 1003 2279 1027 ex
2307 991 2456 1033 adverso
2483 1015 2485 1019 ·

1451 1060 1525 1099 est,
1559 1050 1688 1090 subire
1703 1050 1906 1102 judicium.
1927 1055 2061 1091 Recte.
2085 1051 2159 1091 Sed
2180 1051 2295 1102 quid,
2318 1053 2348 1090 si
2370 1051 2468 1094 alius}

1451 1112 1697 1163 responderit
1716 1120 1754 1149 et
1774 1112 1941 1160 dixerit,
1968 1115 2045 1149 Hoc
2065 1117 2186 1163 ipsum
2217 1115 2387 1152 delictum
2408 1125 2459 1154 est

1453 1178 1489 1210 in
1509 1173 1618 1211 vobis
1631 1204 1640 1222 ‚
1663 1175 1766 1223 qaod
1784 1188 1921 1211 causas
1939 1174 2100 1212 habetis.
2135 1175 2266 1221 Quare
2287 1189 2360 1212 non
2379 1167 2468 1214 ’πα-ἶ

1449 1240 1507 1285 g1's
1518 1234 1700 1284 fraudem
1717 1239 1900 1284 patimini
1913 1242 1921 1256 ¹
1936 1237 1950 1272 9
1967 1235 2062 1286 quid
2074 1263 2085 1282 ‚
2105 1235 2136 1273 si
2151 1235 2287 1285 legerit
2304 1244 2342 1272 et
2359 1236 2457 1286 alius,

1452 1298 1494 1333 Si
1527 1300 1607 1346 quis
1634 1296 1830 1333 abstulerit
1859 1305 1950 1344 tua,
1985 1311 2033 1333 ne
2059 1305 2206 1347 repetas
2235 1311 2247 1333 :
2276 1297 2468 1347 quinimo,·

1448 1362 1674 1407 pezcutz'enti
1693 1363 1732 1394 in
1753 1360 1927 1394 (lez-tram
1955 1359 2159 1394 maxillam
2175 1387 2186 1404 ‚
2205 1357 2337 1407 proebe
2354 1367 2389 1395 et
2404 1361 2457 1396 al-

1454 1429 1599 1455 leram·
1586 1447 1596 1463 ‚
1629 1417 1816 1467 auferenti
1836 1428 1916 1455 tecm
1920 1433 2018 1465 cam,
2038 1417 2171 1468 praebe
2196 1427 2233 1454 et
2251 1421 2460 1468 pallium¹?

1508 1480 1544 1516 2.
1589 1482 1636 1516 Et
1669 1479 1750 1516 haec
1786 1478 1917 1526 vobis,
1948 1479 2083 1529 hisque
2110 1478 2246 1515 similia
2281 1477 2460 1528 objicere—

1456 1553 1553 1588 mus,
1573 1541 1645 1577 nisi
1665 1540 1771 1591 quod
1789 1541 1981 1590 corrigere
1995 1553 2085 1587 vos,
2103 1553 2218 1590 quam
2239 1539 2462 1579 confundere
2490 1568 2491 1572 ,

1456 1603 1657 1639 malumus.
1685 1606 1770 1639 Hoc
1796 1610 1925 1639 autem
1946 1601 2108 1638 dicimus
2124 1629 2134 1647 ‚
2158 1600 2276 1638 tutius
2293 1613 2372 1638 esse
2387 1613 2469 1638 om-=

1456 1662 1495 1699 ni
1519 1662 1726 1699 christiano
1744 1691 1753 1708 ,
1779 1670 1816 1699 et
1845 1662 2010 1699 maxime
2036 1660 2250 1708 monacho,
2278 1660 2470 1714 possidere-j

1459 1722 1657 1774 quidpiam
1679 1723 1805 1760 minus
1827 1722 1866 1760 in
1895 1735 2012 1773 pace,
2045 1735 2161 1772 quam
2187 1734 2275 1758 cum
2300 1721 2366 1758 lite
2388 1723 2469 1759 arn-²

1459 1783 1572 1834 plius
1595 1784 1653 1821 Sic
1676 1784 1820 1834 quippe
1845 1783 2009 1820 canitis:
2031 1785 2174 1819 Melias
2205 1791 2258 1818 est
2288 1770 2475 1822 modicum?

422 1836 729 1877 POssUfflas-'enffls
760 1844 798 1872 (ῗῑ
823 1838 1053 1872 BFRNARDFS
1087 1834 1263 1871 (313Ῑὲἓῆ
1257 1803 1388 1871 'allen‘
1410 1842 1567 1892 Cjusto‚
1592 1859 1706 1894 super
1732 1848 1885 1881 clwicias
1898 1853 2138 1894 peccatorum
2155 1846 2335 1880 multas.
2309 1843 2323 1867 3
2355 1838 2469 1893 Quid,

424 1901 499 1945 sis,
534 1897 672 1948 spiritu
707 1894 933 1940 ambulare,
968 1902 1004 1929 et
1029 1907 1202 1943 quaeieie
1237 1909 1388 1946 sempei

425 1974 505 1998 non
533 1959 641 2010 pigre
674 1958 807 1994 faciem
832 1956 902 1993 Dei
934 1953 1064 1992 Jacob.

430 2085 462 2119 1.
489 2081 673 2126 Charitas,
697 2080 846 2126 fratres,
868 2092 937 2117 nos
952 2079 1135 2118 admonet
1155 2079 1322 2118 scribere
1343 2080 1390 2118 ad

375 2157 442 2181 vos
465 2152 502 2180 et
522 2156 593 2193 pro
612 2140 722 2178 vobis
740 2169 749 2187 ,
775 2149 811 2177 et
833 2139 938 2190 quod
964 2142 1078 2192 longe
1101 2155 1121 2179 a
1146 2141 1256 2179 vobis
1277 2142 1391 2180 absu-

372 2219 479 2252 mus,
503 2204 569 2242 sed
590 2203 706 2250 locis,
727 2215 807 2239 non
829 2202 977 2240 animis.
1004 2207 1126 2240 Porro
1158 2203 1308 2241 animos
1334 2204 1392 2240 fa-

372 2266 442 2303 cile
470 2265 509 2301 in
532 2263 707 2300 eamdem
729 2271 864 2299 vestrae
886 2263 1132 2301 fraternitatis
1160 2265 1394 2302 unanimita-

373 2334 451 2363 tem
472 2324 655 2362 conssavit
675 2323 844 2374 fragrans
865 2323 1008 2374 ubique
1029 2325 1128 2362 odor
1148 2326 1394 2365 suavissimus

374 2385 637 2424 famosissimae
671 2384 890 2421 sanctitatis.
931 2387 1119 2423 Caeterum
1156 2386 1204 2424 ab
1241 2387 1324 2424 heri
1358 2396 1396 2426 et

374 2445 653 2485 nudiustertius
678 2444 827 2482 modice
847 2445 948 2482 intra
970 2459 1039 2483 nos
1058 2446 1253 2485 turbatum
1281 2448 1394 2486 dole-

375 2521 460 2546 mus
482 2516 595 2545 tantae
618 2506 832 2544 serenitatis
853 2506 1112 2557 participium.
1135 2507 1269 2546 Subito
1290 2523 1396 2546 nem-

376 2582 426 2620 pe
449 2568 589 2606 oborto
619 2566 753 2604 nubilo
776 2567 883 2604 famae
904 2566 1179 2617 subtristioris,
1197 2569 1299 2606 haud
1319 2570 1395 2607 du-

376 2630 483 2668 bium
517 2629 610 2679 quin
631 2642 652 2665 a
673 2628 766 2665 facie
787 2628 977 2678 aquilonis
995 2657 1004 2675 ,
1032 2629 1187 2679 operuit
1220 2630 1394 2668 confusio
1414 2634 1448 2668 D
1466 2642 1503 2670 et
1526 2636 1572 2670 cle
1591 2632 1722 2682 fructu
1756 2635 1837 2682 ejus
1866 2649 1940 2671 non
1970 2635 2067 2671 edit.
2063 2637 2080 2662 ³
2106 2641 2194 2681 aut,

379 2691 493 2728 facies
524 2697 696 2735 nostraS,
727 2688 831 2738 quod
860 2688 906 2725 de
934 2688 1046 2726 vobis
1073 2698 1147 2726 tam
1176 2690 1395 2740 insolitum,

380 2760 458 2788 tam
478 2758 608 2788 vestro
636 2749 783 2786 nomini
815 2749 1012 2786 dissonum
1040 2750 1270 2789 audiremus.
1303 2756 1397 2790 For-

381 2811 570 2848 midantes
614 2810 729 2859 igitur
765 2809 1002 2859 jamjamque
1036 2811 1204 2859 graviter
1242 2814 1398 2862 pericli-

384 2872 457 2909 tari
481 2880 518 2908 et
544 2871 682 2907 famam
717 2879 901 2917 vestram,
928 2879 965 2907 et
992 2879 1162 2908 nostram
1187 2886 1259 2922 pro
1290 2874 1401 2912 vobis

384 2932 572 2982 gloriam,
609 2931 638 2967 si
674 2943 752 2967 non
793 2944 944 2977 sermo,
975 2931 1041 2981 qui
1081 2932 1172 2969 exiit
1208 2935 1400 2984 velocius,

385 2991 586 3030 evanuerit
627 2990 718 3027 flatu
749 2990 980 3038 secundior;
1016 2992 1182 3030 fraterna
1224 3008 1402 3036 curamus

386 3051 642 3090 sollicitudine
675 3051 733 3088 his
776 3052 911 3089 litteris
946 3061 1112 3090 vestram
1153 3068 1401 3096 commonere

1456 1905 1561 1955 quod
1580 1905 1627 1942 de
1646 1906 1755 1942 altari
1780 1905 2048 1951 contenditur,
2073 1913 2111 1941 et
2135 1905 2210 1941 hoc
2229 1904 2409 1941 adversus
2423 1900 2469 1941 fiss

1456 1966 1527 2002 lios
1550 1966 1666 2012 Lexi,
1690 1965 1728 2002 id
1749 1974 1806 2003 est
1826 1965 1900 2003 adv
1903 1979 2010 2003 ersus
2035 1965 2215 2002 clericos.
2208 1967 2223 1993 'r'
2240 1964 2464 2003 Clericorum

1457 2035 1513 2063 est
1529 2027 1638 2064 altari
1659 2027 1875 2073 deservire,
1899 2036 1937 2064 et
1956 2027 2003 2064 de
2024 2026 2160 2064 altario
2177 2026 2321 2063 vivere.
2354 2023 2470 2077 Nobis}

1457 2096 1589 2125 nostra
1624 2088 1813 2139 professio
1849 2095 1886 2124 et
1921 2087 2171 2137 antiquorum
2198 2085 2464 2123 monachorum
2483 2131 2492 2135 p

1459 2148 1636 2199 exempla
1664 2149 1809 2186 victum
1829 2161 1876 2185 ex
1900 2148 2072 2200 propriis
2090 2146 2348 2199 praescribunt
2364 2144 2470 2184 labo-·

1459 2209 1566 2247 ribus
1580 2239 1590 2256 ‚
1621 2219 1659 2247 et
1679 2223 1758 2247 non
1779 2223 1827 2247 ex
1847 2209 2067 2247 sanctuario
2089 2208 2173 2246 Dei.
2202 2211 2287 2246 Huc
2306 2204 2464 2260 accedit,
2491 2230 2493 2234 ι

1460 2271 1566 2321 quod
1587 2269 1709 2308 eidem
1731 2271 1917 2318 ecclesiae,
1939 2270 1986 2308 de
2005 2283 2082 2321 qua
2102 2282 2273 2320 praesens
2292 2267 2464 2319 discepta-

1462 2332 1515 2368 tio
1536 2340 1622 2378 est,
1663 2332 1791 2369 clerici
1827 2333 1898 2369 soli
1933 2331 2182 2377 deserviunt,
2221 2342 2367 2380 vosque
2387 2339 2464 2366 cum

1461 2392 1535 2430 illis
1565 2392 1762 2443 partimini
1798 2391 2030 2429 beneficium
2049 2419 2059 2439 ‚
2099 2404 2188 2428 cum
2220 2389 2361 2441 quibus
2394 2398 2465 2426 non

1462 2452 1652 2490 exhibetis
1673 2452 1916 2503 obsequium.
1946 2453 2086 2490 Paulus
2110 2452 2249 2489 clamat
2271 2463 2344 2501 pro
2366 2446 2464 2487 cleri-

1463 2513 1539 2561 cis,
1578 2513 1656 2550 imo
1687 2522 1775 2551 ante
1804 2516 1932 2564 ipsum
1959 2517 2112 2566 Moyses
2133 2541 2143 2559 ‚
2178 2514 2266 2550 Non
2303 2507 2491 2571 alligatas

1463 2587 1502 2609 os
1517 2572 1596 2610 bovi
1618 2578 1810 2610 trituranti
1826 2575 1864 2602 ’5-
1857 2574 2001 2621 .item,
2028 2575 2120 2620 Quis
2135 2575 2288 2622 plantat
2310 2562 2471 2614 virteam}

2234 2634 2329 2680 Quis
2352 2629 2474 2681 pascit

1461 2708 1612 2744 gregem
1629 2723 1641 2740 ,
1660 2704 1695 2731 et
1715 2698 1761 2731 de
1778 2698 1875 2732 lacte
1889 2700 2013 2746 gregis
2032 2709 2107 2732 non
2125 2690 2383 2731 Ῑηαητίαοαὶ5ἓ
2400 2683 2469 2731 'Vos¹

1465 2764 1593 2792 autem
1626 2769 1697 2807 per
1722 2758 1959 2795 contrarium
1989 2756 2241 2794 convenimus
2268 2768 2277 2791 :

1467 2817 1592 2864 dacia,
1612 2831 1633 2854 o
1664 2818 1861 2864 monachi,
1886 2817 2142 2869 praesumitis,
2172 2830 2239 2854 seu
2269 2816 2400 2853 vinum
2427 2811 2463 2851 dt
2484 2842 2487 2846 »

1467 2878 1581 2914 vinea
1601 2892 1716 2929 quam
1739 2893 1819 2916 non
1847 2879 2069 2930 plantastis,
2102 2892 2169 2916 seu
2199 2878 2258 2915 lac
2289 2876 2336 2913 de
2366 2884 2493 2926 grege⁴

1469 2952 1583 2988 quem
1605 2953 1684 2977 non
1708 2941 1894 2992 pascitis?
1913 2945 1999 2990 Quo
2019 2948 2134 2991 pacto
2152 2938 2206 2976 ibi
2226 2936 2396 2988 exigitis,
2409 2932 2469 2977 ubi=

1467 2999 1561 3036 nihil
1590 2999 1807 3038 exhibetis?
1842 3004 1952 3040 Certe
1980 3000 2010 3037 si
2039 3000 2093 3037 ita
2120 2999 2259 3046 vultis,
2290 2995 2493 3048 baptizate»

1469 3069 1688 3109 nascentes,
1719 3062 1879 3113 sepelite
1912 3061 2139 3107 morientes,
2168 3059 2319 3096 visitate
2342 3056 2462 3108 jacen-

437 3192 447 3207 1
467 3188 482 3216 1
503 3187 576 3217 Cor.
601 3195 658 3223 vx,
681 3187 713 3216 7.
740 3203 785 3208 —
802 3192 814 3207 ²
830 3189 906 3218 Luc.
926 3198 974 3223 vr,
1000 3190 1041 3218 29
1056 3211 1063 3225 ,
1084 3190 1138 3220 30.
1159 3207 1204 3212 —-
1225 3187 1238 3211 3
1259 3192 1618 3232 Psal.xxxv1‚16.—
1633 3193 1647 3220 4
1663 3197 1756 3226 Deut.
1780 3205 1862 3232 xxv,
1881 3196 1913 3226 4.
1930 3212 1976 3217 —-
1992 3191 2036 3225 ⁵1
2057 3194 2131 3226 Cor.
2152 3199 2214 3232 xxj
2239 3194 2283 3230 9,
2303 3193 2335 3222 7·

434 3248 448 3263 ³
467 3249 571 3277 Antea
587 3244 718 3287 epistola
733 3248 810 3277 387.

433 3299 450 3322 b
467 3304 588 3336 Altaria
600 3304 755 3337 vocabant
768 3305 913 3337 ecclesias
931 3305 1126 3348 parochiales
1145 3318 1216 3340 cum
1236 3309 1364 3344 decimis
1379 3338 1386 3351 ‚
1409 3314 1513 3356 qualia
1535 3320 1609 3347 tunc
1628 3314 1779 3357 temporis
1798 3315 1995 3347 monasteriis
2010 3313 2164 3353 conferri,
2183 3313 2278 3346 etiam
2293 3321 2310 3343 a
2328 3306 2458 3342 saeculari

387 3361 466 3395 bus.
489 3369 556 3391 mos
582 3365 658 3391 erat.
680 3359 797 3391 Confer
810 3359 975 3403 epistolam
993 3363 1073 3392 375.

2306 2757 2389 2803 Qua
2405 2764 2469 2793 aue
2484 2775 2495 2787 .=
2527 2767 2529 2781 ³
