2565 3952
287 478 666 538 EPISTOLA
710 476 929 537 CLVI.a

139 634 187 656 AD
206 632 366 655 EUMDEM
380 646 390 664 ‚
414 631 486 654 PRO
509 630 682 653 CLERICIS
702 629 1058 653 AURELIANENSIBUS.

138 738 348 785 Usquequo
374 734 514 771 misera
536 734 601 770 illa
621 733 912 771 Aurelianensis
933 733 1101 770 Ecclesia

86 797 275 834 incassum
297 796 442 832 viscera
465 795 591 845 pulsat
612 794 731 844 patris
756 794 1043 844 orphanorum,
1065 802 1103 831 et

82 857 221 910 judicis
249 857 481 894 viduarum?
515 856 668 907 Quippe
694 855 797 905 jacet
824 854 905 905 jam
936 856 1028 893 olim
1062 856 1101 892 in

85 919 244 971 pulvere
258 919 367 969 virgo
387 917 528 955 nobilis
542 918 678 963 Israel,
698 931 777 954 non
801 917 925 955 solum
947 916 1104 953 viduata

85 981 168 1018 viro
189 980 218 1028 ¹⁶,
252 979 319 1017 sed
350 988 389 1017 et
418 980 543 1017 charis
566 978 702 1016 orbata
723 977 966 1029 pignoribus.
1000 978 1101 1015 Proh

86 1041 217 1078 dolor!
240 1054 320 1078 non
339 1049 396 1078 est
416 1041 482 1091 qui
511 1039 687 1077 sublevet
711 1053 807 1076 eam.
832 1043 1044 1088 Quousque
1065 1047 1103 1075 et

85 1102 182 1140 filios
197 1115 275 1138 non
294 1101 484 1139 dimittitis
496 1115 583 1139 cum
601 1110 722 1138 matre
741 1101 880 1137 misera
896 1100 1103 1136 clamantes

84 1171 172 1214 post
190 1165 283 1200 vos?
303 1163 389 1200 illos
410 1162 516 1210 dico,
538 1163 604 1212 qui
625 1162 772 1199 amissis
790 1161 904 1199 rebus
924 1170 960 1198 et
981 1161 1103 1197 domi-

83 1223 178 1271 bus,
209 1224 400 1276 capitibus
431 1225 510 1262 suis
540 1225 731 1274 refugium
764 1225 889 1261 solum
918 1224 1102 1260 invenere

84 1285 300 1336 diffugium.
324 1287 424 1335 Quid
448 1286 574 1323 tardat
590 1285 785 1335 intrepida
807 1298 964 1331 manus,
989 1283 1105 1320 nullis

83 1346 270 1384 hactenus
293 1348 352 1384 vel
376 1355 513 1397 negata
528 1346 816 1397 oppressis,ve1
834 1346 991 1382 remissa
1008 1358 1108 1395 prae-

91 1407 384 1459 sumptoribus?
409 1407 512 1457 Quid
548 1407 696 1454 tardat,
730 1407 913 1456 inquam,
945 1405 1108 1442 afflictos

85 1469 233 1520 eripere
247 1469 294 1507 de
312 1483 426 1506 manu
442 1470 601 1506 fortium
616 1498 626 1515 ,
648 1477 686 1506 et
704 1468 866 1505 reddere
884 1466 1105 1504 retributio·

86 1543 173 1568 nem
204 1529 409 1581 superbis?
435 1534 483 1568 Et
512 1531 543 1568 si
563 1529 710 1575 tardat,
748 1543 828 1566 non
861 1529 1106 1578 derelinquat

85 1604 374 1642 usquequaque.
397 1594 562 1643 Oportet
586 1592 706 1641 magis
728 1591 889 1628 dilatum
919 1590 1104 1627 auxilium

87 1653 241 1690 tandem
254 1653 387 1691 venire
399 1653 565 1691 validius
577 1681 587 1699 ‚
602 1662 641 1691 et
654 1652 862 1691 subvenire
878 1652 1100 1703 perfectius.

86 1714 155 1753 Illa
168 1714 238 1761 sit,
260 1714 292 1752 si
307 1715 452 1766 placet,
474 1715 646 1752 molestae
665 1713 855 1751 tarditatis
872 1726 1105 1764 recompen-

88 1774 205 1821 satio,
237 1783 282 1812 ut
311 1783 350 1812 et
379 1775 447 1825 qui
476 1775 688 1826 apostolica
720 1775 905 1826 patientia
936 1773 1105 1825 superbe

88 1834 135 1873 ab
152 1835 319 1883 usisunt,
340 1835 435 1874 nihil
455 1836 547 1873 inde
567 1836 608 1873 in
629 1836 705 1873 fine
726 1836 928 1873 lucrentur
950 1851 958 1873 :
982 1844 1020 1873 et
1039 1835 1106 1885 qui

1006 224 1269 260 EPISTOLAE.

1109 297 1156 315 15⁷

1123 1104 1151 1138 B

1331 471 1708 529 EPISTOLA
1767 471 2042 529 CLVIII?

1169 631 1218 652 AD
1238 630 1417 653 Domum
1448 631 1567 653 PAPAM
1596 629 1885 661 INNOCENTltM,
1910 629 2024 652 surm
2046 629 2182 651 INTER—

1225 692 1411 715 FECTIONE
1428 692 1610 715 MAGISTRI
1631 691 1770 714 THOMAE
1791 690 1941 714 emonis
1962 690 1990 713 s.
2009 690 2185 712 neronis

1224 753 1453 776 PARISIEXSIS
1466 739 1496 775 *.

1170 850 1444 888 Amantissimo
1467 850 1568 900 patri
1595 857 1632 886 et
1653 848 1812 885 domino
1833 852 2069 885 Ixxocrxrio
2090 859 2190 883 sum-

1225 926 1288 949 mo
1310 912 1511 957 Pontifici,
1542 910 1767 948 Bi-:quznrs
1790 909 2050 947 Clarae-Vallis
2073 906 2189 944 abbas

1224 974 1426 1025 indignus,
1462 974 1663 1010 minimum
1696 972 1734 1009 id
1767 971 1872 1022 quod
1901 980 1983 1017 est,
2015 978 2052 1007 et
2084 968 2188 1019 quod

1225 1044 1352 1086 potest
1371 1036 1410 1072 in
1433 1035 1615 1073 Domino.

1229 1156 1260 1191 l.
1290 1156 1385 1192 Fcra
1405 1153 1570 1204 pessima
1599 1165 1684 1202 quae
1704 1151 1905 1188 devorarit
1925 1149 2089 1200 Josepli,
2123 1163 2187 1185 ca-

1171 1228 1263 1252 num
1282 1224 1504 1252 nostrorum
1524 1214 1857 1264 importunitatem
1878 1226 1955 1249 non
1976 1212 2101 1248 serens
2115 1240 2123 1255 ‚
2145 1210 2191 1246 ad

1174 1285 1311 1313 vestras·
1333 1276 1473 1312 dicitur
1493 1275 1726 1311 defensionis
1747 1273 1931 1310 auxilium
1962 1271 2190 1320 confugisse.

1175 1342 1219 1375 In
1241 1344 1424 1387 quantam
1444 1337 1583 1373 misera
1603 1335 1759 1372 devenit
1779 1333 2004 1377 amentiam,
2028 1340 2071 1367 ut
2097 1344 2193 1379 vaga

1175 1406 1214 1435 et
1229 1398 1394 1448 profuga
1411 1405 1448 1433 et
1466 1405 1633 1434 tremens
1653 1408 1769 1445 super
1791 1402 1949 1439 terram,
1968 1392 2058 1428 illuc
2076 1391 2194 1441 potis-

1176 1459 1315 1495 simum
1335 1458 1461 1508 fugam
1478 1457 1629 1503 inierit,
1648 1455 1714 1493 ubi
1732 1456 1820 1506 plus
1838 1455 1970 1491 timere
1989 1452 2192 1503 oportuit?

1172 1518 1470 1557 Sceleratissime
1496 1548 1505 1564 ,
1549 1526 1589 1554 tu
1629 1530 1789 1554 summae
1828 1514 2018 1565 aequitatis
2061 1513 2189 1550 sedem

1173 1589 1286 1631 putas
1307 1594 1388 1618 esse
1408 1580 1630 1630 speluncam
1651 1579 1865 1623 latronum,
1884 1585 1950 1613 aut
1970 1574 2095 1612 cubile
2112 1575 2193 1611 lco-

1172 1643 1290 1679 num?
1312 1650 1352 1678 tu
1381 1641 1449 1678 filii
1470 1649 1664 1678 recentem
1691 1639 1816 1676 adhuc
1838 1650 2016 1675 cruorem
2039 1649 2105 1673 ore
2131 1648 2192 1671 ra-

1172 1702 1264 1739 bido
1282 1716 1324 1739 ac
1352 1702 1459 1739 ferali
1489 1713 1674 1752 spumans
1701 1708 1738 1737 et
1760 1699 1986 1743 masticans,
2017 1697 2115 1747 fugis
2145 1695 2191 1732 ad

1172 1765 1300 1802 sinum
1318 1765 1469 1811 matris,
1494 1763 1611 1814 patris
1632 1761 1749 1799 audes
1770 1774 1956 1811 apparere
1973 1757 2191 1809 conspecti—

1172 1826 1269 1864 bus?
1300 1830 1444 1863 Tamen
1467 1825 1497 1862 si
1518 1823 1786 1875 poenitentiam
1807 1822 1925 1872 petit,
1956 1819 2131 1870 neganda
2159 1819 2192 1855 ei

88 1896 128 1934 in
154 1895 274 1934 verbo
294 1905 424 1934 vestro
449 1897 642 1948 patienter
670 1897 772 1948 passi
806 1905 916 1945 sunt,
947 1897 1106 1934 minime
1128 1901 1155 1937 C
1175 1902 1254 1925 non
1276 1896 1333 1925 est
1355 1903 1362 1925 :
1383 1886 1491 1938 quod
1513 1886 1544 1923 si
1565 1884 1821 1929 audientiam,
1853 1882 2016 1932 accipiat
2038 1881 2140 1917 illam
2163 1880 2192 1915 si

90 1970 153 1995 eos
171 1970 249 1995 suae
267 1957 504 2010 quandoque
520 1959 649 2010 pigeat
664 1959 874 2009 patientiae.

88 2100 867 2114 wum==n=r=:mansuumwswvmwnw=msmt==§nv-nxsxs
873 2104 896 2112 ιι
902 2104 955 2114 ιιιι
961 2105 988 2114 ιι.
994 2104 1075 2113 mustus
1082 2104 1094 2112 ι,

259 2207 646 2265 EPISTOLA
700 2197 956 2267 CLVII.¹'

273 2375 323 2397 AD
351 2375 598 2399 HAIMERICUM
619 2391 628 2409 5
662 2377 733 2400 PRO
763 2377 917 2401 EISDEM.

94 2488 250 2540 Speciali
270 2490 394 2529 amico
413 2505 484 2530 suo
509 2496 735 2531 HAIMERICO
748 2522 758 2540 ,
789 2494 859 2531 Dei
881 2495 1003 2544 gratia
1025 2495 1109 2533 dia-

145 2565 242 2591 cono
265 2554 480 2602 cardinali,
511 2563 550 2592 et
569 2554 794 2607 apostolicae
815 2556 923 2595 Sedis
950 2558 1110 2595 cancel-

144 2612 260 2662 lario,
282 2616 399 2654 frater
418 2619 645 2655 Bnmnncs
665 2617 712 2654 de
733 2618 975 2656 Clara-Valle
989 2648 998 2665 ,
1023 2619 1108 2656 luce

148 2675 341 2725 sapientiae
361 2685 400 2714 et
417 2677 573 2715 virtutis
591 2679 812 2716 clarescere.

111 2796 127 2805 ³
145 2806 227 2846 Nisi
262 2808 354 2858 quia
391 2817 558 2847 vestram
594 2810 688 2847 novi
727 2819 765 2848 et
803 2811 905 2848 circa
943 2812 1108 2850 afflictos

35 2880 42 2887 ‘
97 2869 397 2918 compassionem
410 2898 420 2915 ‚
443 2878 482 2907 et
498 2879 634 2908 contra
650 2879 856 2921 protervos
872 2872 1109 2922 indignatio-

97 2939 202 2975 nem;
216 2938 438 2980 opportune
448 2961 458 2977 ,
471 2930 695 2982 importune
712 2932 896 2970 instarem
910 2933 1021 2971 vobis
1037 2948 1108 2984 pro

62 3007 63 3014 κ
99 2988 276 3038 magistro
290 2991 487 3029 Willelmo
504 2992 762 3031 Maudunensi
776 2993 793 3009 *
808 3002 846 3031 et
863 2995 975 3032 sociis
993 2994 1077 3045 ejus
1100 3011 1108 3032 :

99 3050 365 3099 compellarem
387 3066 458 3090 vos
485 3052 669 3091 adversus
701 3067 951 3105 oppressores
981 3064 1019 3093 et
1045 3069 1110 3093 ca-

99 3107 344 3150 lumniatores
365 3127 512 3152 eorum.
544 3118 656 3153 Nunc
682 3124 811 3153 autem
842 3116 1008 3153 sufficiat
1028 3130 1112 3154 me—

102 3181 265 3209 morasse
282 3187 291 3209 :
312 3182 485 3212 vestrum
513 3184 571 3213 est
588 3189 707 3228 opere
726 3175 894 3226 probare
913 3176 990 3214 cito
1007 3176 1112 3226 quod

102 3242 231 3270 revera
251 3233 426 3273 sufficiat.

1124 2692 1158 2726 D

1175 1950 1324 2001 placet,
1356 1961 1471 1999 quam
1492 1948 1554 1984 vel
1585 1950 1738 1996 Moyses
1760 1944 1917 1982 indulsit
1938 1943 2085 1994 populo
2106 1949 2195 1978 ante

1176 2011 1369 2048 conflatile
1401 2008 1578 2048 curvanti
1608 2014 1755 2058 genu¹3
1790 2006 1851 2043 vel
1881 2006 2043 2043 Phinees
2073 2002 2194 2039 forni-

1176 2073 1278 2110 canti
1314 2072 1498 2110 Israelitae
1517 2076 1553 2117 ²3
1591 2070 1653 2106 vel
1688 2068 1916 2106 Mathathias
1953 2063 2194 2103 daemonibus

1176 2134 1393 2172 immolanti
1408 2132 1445 2181 33
1467 2133 1527 2170 vel
1550 2140 1652 2169 certe
1666 2161 1675 2178 ,
1697 2139 1740 2168 ut
1764 2129 1876 2167 vobis
1895 2129 1941 2166 de
1961 2127 2097 2165 vestris
2122 2126 2192 2162 ali-

1175 2208 1292 2245 quem
1319 2207 1605 2246 proponamus,
1628 2205 1742 2243 quam
1766 2205 1787 2228 a
1805 2190 1920 2228 beato
1947 2193 2061 2227 Petro
2087 2193 2191 2225 Ana—

1178 2257 1259 2294 nias
1291 2266 1329 2294 et
1357 2256 1547 2308 Sapphira
1567 2254 1817 2292 merueruntss
1846 2267 1854 2290 ε
1886 2265 2000 2302 quam
2028 2249 2194 2298 denique

1178 2317 1411 2354 audientiam
1437 2317 1544 2354 dedit
1573 2314 1862 2367 negotiantibus
1884 2315 1922 2350 in
1945 2312 2090 2362 templo
2112 2310 2195 2348 Sal-

1178 2387 1289 2415 vator
1302 2377 1329 2415 5.
1343 2383 1403 2417 An
1418 2378 1639 2428 ignoramus
1654 2375 1911 2427 quorumdam
1926 2381 2080 2425 peccata
2100 2384 2196 2422 prae-

1179 2439 1315 2476 cedere
1349 2438 1397 2476 ad
1429 2437 1619 2488 judicium
1642 2436 1687 2474 5?
1722 2450 1853 2474 nonne
1890 2448 1969 2471 vox
1999 2432 2197 2482 sanguinis

1177 2501 1304 2538 fratris
1327 2501 1382 2537 tui
1399 2500 1537 2537 clamat
1554 2499 1758 2536 adversum
1780 2506 1816 2534 te
1838 2497 1884 2534 de
1906 2497 2036 2533 terra?
2058 2493 2194 2532 Credi-

1176 2576 1261 2599 mus
1280 2570 1318 2599 et
1338 2562 1462 2599 nostri
1478 2561 1659 2611 Martyris
1680 2560 1855 2611 spiritum
1869 2587 1878 2604 ,
1899 2570 2012 2607 quem
2032 2553 2198 2591 novissi-

1176 2637 1236 2661 me
1257 2622 1392 2660 diebus
1412 2623 1493 2660 istis
1514 2631 1579 2660 tua
1601 2621 1805 2659 crudelitas
1824 2619 1939 2657 morti
1961 2617 2084 2662 dedit,
2106 2627 2193 2651 cum

1177 2684 1324 2722 caeteris
1356 2683 1559 2721 animabus
1589 2683 1904 2727 interfectorum,
1939 2692 2035 2715 voce
2069 2675 2195 2713 valida

1175 2745 1246 2783 sub
1268 2745 1378 2782 altari
1399 2746 1583 2791 clamare,
1609 2753 1645 2782 et
1672 2744 1843 2793 flagitare
1869 2740 2100 2783 vindictam,
2123 2750 2192 2773 eo-

1175 2821 1250 2857 que
1282 2806 1488 2843 instantius
1508 2835 1517 2851 ,
1554 2819 1632 2856 quo
1667 2803 1858 2842 recentius
1889 2801 2009 2853 ipsius
2040 2797 2194 2847 sanguis

1176 2869 1320 2906 effusus
1341 2876 1398 2905 est
1419 2882 1535 2918 super
1556 2876 1710 2904 terram.

1233 2930 1269 2967 2.
1304 2928 1377 2968 Sed
1406 2928 1597 2978 numquid
1623 2941 1716 2977 ego,
1750 2925 1895 2976 inquit,
1929 2921 2052 2960 occidi
2077 2920 2195 2957 eum?

1177 2994 1263 3029 Non
1285 2989 1418 3039 utique
1450 2997 1510 3034 tu,
1544 2988 1609 3025 sed
1642 2987 1718 3033 tui,
1750 2995 1788 3023 et
1811 2992 1973 3036 propter
2002 2991 2049 3018 te.
2076 2986 2135 3018 An
2158 2986 2194 3014 et

1179 3066 1250 3103 per
1270 3060 1306 3088 te
1320 3081 1329 3097 ,
1349 3051 1477 3088 videat
1496 3054 1598 3087 Deus
1619 3058 1655 3086 et
1672 3047 1834 3098 judicet.
1857 3046 1895 3084 Si
1912 3041 2137 3082 excusabilis
2154 3047 2193 3075 tu

1181 3126 1242 3159 es,
1267 3111 1376 3162 cujus
1395 3111 1548 3157 dentes,
1571 3124 1676 3147 arma
1695 3118 1732 3147 et
1752 3108 1916 3158 sagittae,
1935 3104 2042 3154 cujus
2065 3103 2193 3149 lingua

1181 3174 1329 3224 gladius
1361 3182 1514 3219 acutus;
1542 3170 1708 3222 proinde
1736 3183 1805 3206 nec
1827 3167 1950 3205 Judaei
1983 3162 2118 3201 Christi
2147 3159 2192 3195 (lc

1183 3244 1306 3272 morte
1331 3233 1513 3284 culpandi
1547 3241 1635 3270 sunt
1669 3247 1676 3268 :
1711 3231 1855 3281 quippe
1883 3236 1919 3264 et
1954 3224 2026 3274 ipsi
2060 3231 2195 3258 manus

151 3367 159 3382 ¹
177 3363 275 3394 Exod.
290 3375 401 3403 xxxxi,
416 3369 522 3397 25.—
536 3372 548 3388 ²
564 3369 661 3398 Num.
683 3378 761 3406 xxv,
781 3372 863 3399 8.—-
876 3365 1378 3399 31Machab.11,2'1.*—1A‹·1.
1401 3367 1589 3399 ν,1-1Η.ὴ
1604 3361 1615 3382 3
1631 3364 1711 3393 Mal.
1732 3372 1803 3395 ssi,
1826 3364 1874 3388 12.
1890 3376 1903 3377 w
1933 3352 2069 3384 “²1'ii1n.
2091 3363 2120 3387 v,
2136 3353 2190 3380 12¹1.

149 3423 162 3439 ²
175 3423 295 3465 Scripta
314 3436 396 3456 anno
414 3425 530 3458 Christi
554 3430 562 3457 1
579 3430 639 3457 135
663 3428 709 3458 vel
739 3434 902 3469 sequente.
921 3448 963 3451 νὴ
982 3421 997 3442 ¹*
1019 3427 1139 3469 Scripta
1171 3437 1252 3458 anno
1270 3425 1383 3457 Christi
1409 3429 1415 3455 1
1432 3428 1506 3455 130.
1528 3444 1558 3447 -

1590 3430 1594 3440 ¹
1621 3421 1739 3463 Scripta
1763 3429 1844 3450 auno
1863 3414 1976 3449 Christi
2000 3415 2097 3444 1133.
