2565 3952
65 139 136 178 417

119 285 235 313 teram
249 303 259 318 ,
280 287 349 311 nec
369 272 415 309 ad
439 273 643 309 sinistram.

116 395 298 447 Injuriam
325 395 422 432 facio
444 393 578 442 vobis,
600 395 630 432 si
652 395 819 445 aliquem
846 408 867 432 a
887 394 997 432 vobis
1024 395 1077 431 ita

67 458 169 508 diligi
188 456 362 502 credam,
384 464 427 492 ut
455 469 543 493 cum
573 470 619 494 eo
647 457 791 506 pariter
818 455 901 505 ejus
927 468 1079 493 errores

67 519 240 569 diligatis.
278 517 458 567 Quisquis
493 517 593 553 enim
640 517 693 554 sic
728 517 894 566 aliquem
935 515 1079 566 diligit,

67 577 237 618 nondum
270 577 379 614 novit
413 576 742 627 quemadmodum
773 585 953 627 oporteat
991 589 1080 613 eum

68 639 233 688 diligere.
251 637 349 675 Talis
368 651 534 687 namque
553 637 707 674 dilectio
730 645 881 674 terrena
902 645 980 683 est,
998 636 1082 673 ani-

68 698 194 743 malis,
217 696 426 742 diabolica,
459 710 602 734 nocens
627 710 736 748 aeque
767 697 939 748 diligenti
964 707 1080 748 atque

69 759 217 797 dilecto.
240 758 468 796 Existiment
498 759 559 795 alii
590 758 636 795 de
660 759 742 795 aliis
770 768 887 809 prout
907 759 1043 796 volunt
1073 775 1081 796 z

69 833 137 872 ego
157 819 281 856 adhuc
302 819 348 856 de
369 818 479 856 vobis
501 820 688 857 aestimare
710 833 789 856 non
811 834 967 870 possum
981 851 990 868 ,
1013 820 1085 858 nisi

69 880 172 932 quod
192 880 358 918 vicinum
380 890 436 918 est
457 882 615 929 rationi,
637 881 743 931 quod
763 881 811 918 ad
835 883 974 919 lineam
996 896 1086 933 pcr—

71 943 161 980 tinet
179 942 379 992 aequitatis.
398 942 562 991 Quidam
579 944 689 994 prius
701 942 879 993 judicant
891 974 900 991 ‚
922 952 959 981 et
975 953 1086 995 post—

984 136 1248 171 EPISTOLAE.

116 214 230 255 Vallis
248 221 404 250 vocatus
430 211 569 258 abbas,
595 225 672 249 non
702 212 894 250 declinare
914 211 962 249 ad
983 209 1112 249 dex-'⁸

2098 138 2166 175 518

1203 225 1278 248 ncs
1303 211 1565 250 Clarae-Vallis
1597 220 1757 249 iocatus
1779 212 1916 261 abbas,
1942 214 2169 265 dilige-reju-

1197 272 1356 320 stitiam,
1377 280 1414 308 et
1431 271 1539 309 odire
1556 272 1811 322 iniquitatem.

1199 385 1379 435 Magister
1393 390 1528 424 Petrus
1545 385 1783 424 Abaelardus
1795 415 1804 432 ,
1825 386 1906 423 sine
1924 387 2056 435 regula
2081 400 2166 423 mo-

1147 452 1314 499 nachus,
1337 453 1418 490 sine
1446 453 1706 491 sollicitudine
1735 453 1938 504 praelatus,
1967 466 2038 490 nec
2059 453 2167 490 ordi-

1148 527 1235 550 nem
1258 522 1383 561 tenet,
1412 528 1483 552 nec
1515 523 1668 552 tenetur
1697 513 1744 550 ab
1765 514 1911 551 ordine.
1938 517 2065 551 Homo
2097 514 2168 551 sibi

1148 574 1340 612 dissimilis
1375 585 1452 623 est,
1476 577 1579 613 intus
1616 575 1813 621 Herodes,
1849 575 1940 611 foris
1975 579 2166 620 Joannc53

1150 644 1254 673 totus
1291 635 1512 687 ambiguus,
1549 637 1644 673 nihil
1682 636 1830 673 habens
1871 636 1918 672 de
1953 636 2168 680 monacho,

1149 706 1291 748 praetcr
1316 711 1461 735 nomen
1490 707 1527 736 ct
1555 697 1741 735 habitum.
1772 697 1844 735 Sed
1874 697 1967 747 quid
2001 697 2049 734 ad
2085 699 2172 733 me?

1152 760 1429 810 Unusquisque
1460 773 1558 798 onus
1594 773 1705 797 suum
1745 758 1929 810 portabit.
1965 758 2082 796 Aliud
2117 767 2171 795 cst

1153 819 1258 870 quod
1289 820 1529 858 dissimulare
1559 834 1639 858 non
1666 833 1843 871 possum,
1867 819 1972 869 quod
2005 819 2176 870 pertinet

1153 881 1200 917 ad
1233 895 1367 918 omnes
1400 883 1466 932 qui
1488 881 1653 932 diligunt
1680 878 1823 918 nomen
1855 879 2005 917 Christi.
2028 880 2176 929 Iniqui—

1155 950 1277 989 tatem·
1293 943 1333 979 in
1355 943 1508 980 excelso
1534 943 1708 993 loquitur
1739 957 1745 979 :
1772 942 2029 991 iutegritatem
2059 940 2171 985 fidei,

69 1017 113 1042 ea
139 1003 308 1055 probant
329 1019 336 1040 :
357 1017 428 1054 ego
457 1004 504 1041 de
524 1005 706 1055 potione,
735 1013 865 1042 utrum
897 1005 1017 1043 dulcis
1041 1006 1088 1043 sit
1105 1000 1133 1035 Β
1155 1003 1367 1041 castitatem
1402 998 1579 1042 Ecclesiae
1619 1003 1846 1053 corrumpit.
1880 1001 2178 1052 Transgreditur

69 1079 115 1104 an
135 1077 284 1111 amara,
303 1073 389 1102 ante
418 1074 571 1115 gustum
594 1079 673 1102 non
688 1065 886 1115 judicabo.
908 1067 1088 1116 Magister

69 1129 202 1164 Petrus
231 1124 270 1162 in
294 1124 401 1162 libris
422 1125 499 1162 suis
522 1126 703 1176 profanas
729 1139 869 1163 vocum
898 1127 1088 1164 novitates

69 1185 216 1224 inducit
236 1195 274 1224 et
296 1200 478 1223 sensuum
512 1202 520 1224 :
547 1187 746 1237 disputans
774 1187 821 1224 de
849 1187 924 1224 fide
954 1197 1090 1225 contra

71 1245 203 1292 fidem,
228 1245 355 1283 verbis
371 1247 465 1296 legis
486 1247 608 1296 legem
630 1247 844 1297 impugnat.
863 1248 963 1285 Nihil
984 1248 1091 1285 videt

71 1319 139 1358 per
158 1307 358 1357 speculum
379 1315 417 1343 et
437 1306 476 1343 in
506 1307 730 1356 aenigmate3
753 1307 819 1344 sed
845 1308 938 1345 facie
956 1308 1003 1345 ad
1033 1309 1091 1346 sa-

72 1367 165 1405 ciem
187 1367 318 1404 omnia
333 1367 526 1414 intuetur,
546 1367 749 1405 ambulans
766 1368 806 1404 in
827 1370 975 1419 magnis
998 1379 1035 1406 et
1051 1370 1090 1406 in

73 1427 309 1466 mirabilibus
332 1441 449 1478 super
480 1441 532 1466 se.
554 1429 693 1466 Melius
723 1429 778 1466 illi
807 1438 908 1477 erat,
930 1430 960 1466 si
979 1429 1092 1480 juxta

76 1489 226 1526 titulum
254 1488 343 1526 libri
362 1489 422 1526 sui
442 1495 458 1512 ³
473 1519 483 1537 ,
511 1502 550 1527 se
573 1490 702 1541 ipsum
723 1500 991 1541 cognosceret,
1021 1505 1093 1529 nec

74 1550 318 1601 egrederetur
345 1564 566 1588 mensuram
599 1565 728 1598 suam,
763 1552 830 1590 sed
860 1561 1013 1604 saperet
1044 1553 1093 1590 ad

75 1611 329 1649 sobrietatem.
344 1614 425 1662 Ego
440 1625 520 1649 non
537 1625 625 1649 eum
643 1626 781 1650 accuso
796 1613 900 1664 apud
914 1616 1066 1650 Patrem
1083 1629 1090 1651 :

76 1681 130 1710 est
149 1672 216 1723 qui
235 1685 324 1709 eum
340 1681 493 1710 accuset
509 1671 608 1709 liber
623 1686 733 1720 suus,
750 1674 790 1710 in
807 1687 884 1724 quo
903 1673 975 1711 sibi
995 1675 1094 1711 male

77 1734 313 1784 complacuit.
348 1736 444 1771 Cum
477 1733 525 1770 de
555 1733 742 1771 Trinitate
770 1735 963 1785 loquitur,
997 1736 1096 1786 sapit

77 1794 208 1832 Arium
234 1808 242 1830 :
274 1808 363 1832 cum
396 1793 444 1831 de
463 1794 608 1844 gratia,
634 1795 733 1845 sapit
752 1795 947 1845 Pelagium
978 1810 986 1832 :
1007 1809 1096 1832 cum

79 1854 124 1892 de
145 1868 309 1906 persona
329 1855 489 1903 Christi,
514 1855 613 1906 sapit
635 1856 869 1893 Nestorium.
890 1857 1019 1894 Minus
1048 1856 1096 1894 de

77 1924 199 1954 vestra
219 1917 397 1967 aequitate
415 1930 631 1968 praesumo,
653 1917 684 1954 si
706 1916 773 1954 diu
793 1931 863 1954 vos
885 1931 1072 1968 rogavero
1085 1947 1094 1964 ,

78 1977 176 2014 utin
198 1990 311 2014 causa
338 1977 477 2014 Christi
499 1977 649 2015 nullum
671 1978 822 2016 Christo
846 1979 1094 2028 praeponatis.

79 2036 174 2075 Illud
191 2046 316 2075 autem
338 2038 495 2086 scitote,
515 2039 605 2088 quia
627 2038 785 2090 expedit
803 2038 936 2086 vobis,
955 2038 1097 2089 quibus

79 2105 243 2148 potestas
274 2098 362 2135 data
395 2107 453 2136 est
473 2112 494 2136 a
514 2100 706 2147 Domino;
733 2099 890 2151 expedit
918 2100 1097 2137 Ecclesiae

81 2157 236 2204 Christi,
258 2159 415 2210 expedit
434 2159 489 2196 illi
509 2160 624 2197 eriam
653 2160 824 2207 homiui,
851 2169 894 2197 ut
915 2160 949 2197 ei
978 2160 1097 2198 silen-

65 2219 172 2257 *n’um
191 2220 437 2272 imponatur,
461 2219 571 2271 cujus
589 2221 860 2259 maledictione
878 2235 920 2259 os
938 2222 1097 2272 plenum

83 2288 154 2328 est,
177 2289 216 2318 et
230 2280 484 2319 amaritudine
497 2310 508 2328 ,
529 2290 567 2318 et
592 2281 697 2319 dolo.

84 2419 728 2434 “mutuata-sustt-uuwstxnzsnxwms=====
734 2424 844 2434 ttsxnsn
850 2424 950 2433 txnxmxs
957 2424 980 2432 ux

180 2617 187 2627 ι
231 2538 609 2597 EPISTOLA
658 2528 949 2598 CXCIII?

157 2706 201 2730 AD
228 2708 450 2734 MAGISTRUM
480 2711 630 2735 IVONEM
661 2713 900 2736 CARDINALEM
919 2698 950 2746 *5
983 2714 1031 2736 DE

515 2773 659 2797 EODEM.

88 2882 250 2927 Indignum
272 2897 338 2919 esse
360 2894 396 2920 ut
414 2888 613 2921 Abaelardus
638 2890 671 2921 in
695 2892 841 2922 Romana
863 2890 950 2921 curia
966 2889 1105 2922 fautores

515 2950 666 2976 invemat.

90 3057 338 3099 Dilectissimo
357 3076 427 3101 suo
447 3068 561 3102 Ivom
576 3094 586 3112 ,
609 3074 750 3103 sanctae
765 3069 952 3104 Romanae
970 3067 1108 3104 Eccle-

142 3120 204 3158 siae
221 3123 289 3160 Dei
312 3124 432 3173 gratia
452 3125 683 3178 presbytero
704 3126 910 3174 cardinali,
934 3130 1107 3164 Bizana-

140 3260 152 3277 ¹
167 3255 250 3289 Psal.
264 3269 438 3299 (xxxma,
458 3264 497 3293 21
509 3287 516 3294 .

1156 1066 1341 1103 terminos
1361 1079 1459 1116 quos
1473 1074 1689 1117 posuerunt
1704 1073 1833 1116 patres
1850 1064 1973 1101 nostri
1993 1079 1999 1100 :
2018 1063 2065 1100 de
2083 1062 2174 1109 fide,

1156 1126 1203 1163 de
1223 1127 1500 1174 Sacramentis,
1534 1127 1580 1164 de
1613 1134 1744 1163 sancta
1773 1125 1958 1162 Trinitate
1980 1123 2180 1174 disputans

1157 1195 1194 1224 et
1224 1186 1417 1234 scribens,
1439 1188 1589 1237 singula
1620 1200 1691 1237 pro
1723 1200 1791 1223 sua
1810 1186 2011 1222 voluntate
2034 1192 2176 1228 mutat,

1157 1255 1293 1296 auget,
1317 1256 1355 1283 et
1382 1247 1531 1284 minuit.
1554 1250 1598 1284 In
1619 1246 1729 1283 libris
1759 1254 1797 1282 et
1819 1246 1856 1282 in
1890 1244 2073 1295 operibus
2105 1244 2182 1281 suis

1159 1306 1329 1343 ostendit
1349 1320 1388 1343 se
1417 1306 1686 1343 fabricatorem
1715 1305 1905 1342 mendacii
1933 1313 1971 1341 et
1991 1305 2183 1340 cultorem

1158 1380 1432 1417 perversorum
1465 1367 1710 1417 dogmatum3
1747 1366 1969 1402 haereticum
2011 1378 2050 1401 se
2086 1377 2183 1414 pro-

1158 1426 1278 1474 bans,
1300 1440 1381 1464 non
1399 1435 1474 1464 tam
1492 1427 1530 1463 in
1549 1440 1682 1464 errore
1696 1455 1705 1470 ‚
1724 1439 1839 1476 quam
1861 1425 1900 1462 in
1922 1425 2133 1475 pertinacia
2149 1432 2187 1460 et

1160 1486 1386 1524 defensione
1404 1487 1559 1526 erroris.
1579 1491 1708 1526 Homo
1729 1495 1786 1524 est
1806 1485 2007 1536 egrediens
2027 1497 2184 1521 mensu-

1161 1561 1241 1584 ram
1260 1561 1369 1585 suam
1383 1577 1392 1594 ,
1410 1548 1450 1585 in
1467 1548 1653 1599 sapientia
1670 1546 1780 1584 verbi
1796 1559 1988 1584 evacuans
2002 1546 2186 1582 virtutem

1162 1609 1286 1646 crucis
1307 1609 1458 1648 Christi.
1478 1610 1583 1648 Nihil
1600 1610 1722 1647 nescit
1737 1609 1911 1645 omnium
1929 1620 2014 1658 quae
2034 1607 2072 1643 in
2090 1607 2188 1643 coelo

1162 1676 1200 1706 et
1219 1682 1305 1719 quae
1324 1669 1365 1706 in
1388 1678 1489 1707 terra
1511 1678 1621 1715 sunt,
1640 1677 1783 1720 praeter
1805 1681 1843 1705 se
1862 1668 2001 1718 ipsum.
2020 1670 2188 1704 Damna-

1163 1737 1224 1766 tus
1243 1738 1300 1766 est
1322 1730 1526 1768 Suessione
1548 1743 1634 1768 cum
1665 1742 1784 1780 opere
1814 1742 1883 1765 suo
1914 1741 2044 1765 coram
2065 1728 2190 1777 legato

1117 1790 1144 1827 C
1166 1793 1350 1827 Romanae
1370 1792 1548 1829 Ecclesiae
1570 1799 1596 1829 ⁰.
1620 1791 1692 1830 Sed
1712 1790 1820 1840 quasi
1838 1803 1917 1826 non
1941 1790 2134 1826 sufficeret
2156 1788 2191 1824 ei

1164 1851 1229 1888 illa
1250 1851 1471 1899 damnatio;
1494 1853 1634 1890 iterum
1655 1853 1763 1899 facit,
1781 1851 1885 1889 unde
1912 1852 2051 1888 iterum
2080 1849 2191 1886 dam-

1164 1920 1280 1949 netur
1297 1928 1305 1950 :
1323 1921 1360 1950 et
1373 1913 1454 1963 jam
1472 1915 1704 1951 novissimus
1721 1927 1832 1951 error
1846 1911 1958 1963 pejor
1975 1920 2032 1949 est
2045 1911 2189 1962 priore.

1165 1975 1330 2011 Securus
1357 1983 1414 2011 est
1436 1983 1583 2023 tamen,
1604 1975 1789 2026 quoniam
1813 1973 2026 2011 cardinales
2044 1980 2081 2010 et
2110 1972 2192 2009 cle-

1164 2034 1264 2072 ricos
1286 2036 1402 2073 curiae
1430 2050 1468 2074 se
1491 2036 1699 2088 discipulos
1719 2035 1897 2074 habuisse
1919 2035 2126 2086 gloriatur,
2155 2042 2193 2070 et

1165 2107 1230 2132 eos
1253 2095 1293 2132 in
1312 2095 1538 2135 defensione
1559 2098 1746 2148 praeteriti
1771 2106 1809 2134 et
1829 2096 2029 2148 praesentis
2050 2094 2193 2132 erroris

1166 2156 1342 2203 assumit,
1358 2171 1379 2194 a
1395 2157 1714 2208 quibusjudicari
1733 2158 1868 2195 timere
1887 2156 2021 2194 debuit
2036 2165 2074 2193 et
2088 2155 2194 2192 dam-

1166 2217 1261 2253 nari.
1279 2218 1317 2254 Si
1334 2218 1422 2268 quis
1443 2219 1621 2270 spiritum
1641 2220 1713 2257 Dei
1733 2218 1870 2265 habet,
1888 2219 1989 2255 illius
2012 2216 2194 2254 versiculi

1166 2277 1394 2316 recordetur
1427 2294 1434 2316 :
1463 2280 1600 2316 Nonae
1633 2284 1698 2329 qui
1731 2281 1888 2315 oderunt
1918 2288 1967 2325 te,
2004 2281 2190 2323 Domine,

1166 2339 1334 2383 oderam,
1363 2348 1400 2375 et
1429 2354 1542 2389 super
1574 2345 1747 2377 inimicos
1779 2349 1862 2376 tuos
1889 2338 2125 2376 tabescebam
2153 2339 2195 2373 ¹?

1166 2397 1323 2436 Liberet
1338 2403 1442 2437 Deus
1460 2414 1531 2451 per
1545 2414 1634 2448 vos,
1653 2409 1690 2438 et
1706 2414 1777 2451 per
1793 2409 1952 2437 eaeteros
1968 2400 2066 2436 filios
2082 2411 2170 2436 suos
2181 2427 2191 2445 ,

1168 2459 1376 2498 Ecclesiam
1399 2475 1506 2499 suam
1527 2476 1548 2499 a
1568 2461 1678 2499 labiis
1697 2461 1838 2512 iniquis
1860 2469 1898 2498 et
1927 2474 1949 2498 a
1968 2461 2098 2511 lingua
2119 2459 2193 2496 do-

1167 2520 1260 2557 losa.

1164 2667 1370 2678 κιικιιιννιιιιι
1375 2664 1722 2676 ιιιιιιιινιειιινιιινιιιιι
1728 2663 1872 2673 mxxxvxsss
1877 2660 2196 2672 »xxxxsssvsss==x=m===*

1326 2789 1491 2847 EPIS
1504 2790 1550 2844 T
1563 2788 1717 2845 OLA
1761 2775 2046 2844 CXCIV.‘¹

1200 2950 1439 2976 RESCRIPTUM
1469 2949 1614 2972 DOMINI
1645 2947 1872 2972 INNOCENTH
1903 2947 1997 2970 PAPAE
2029 2945 2173 2969 CONTRA

1402 3010 1572 3034 HAERESES
1602 3010 1714 3033 PETRI
1743 3008 1963 3032 ABAEIARDI.

1178 3132 1442 3166 INNOCENTIL‘S
1472 3126 1686 3177 Episcopus
1707 3128 1848 3164 Servus
1876 3135 2078 3162 servorum
2102 3121 2173 3160 Dei
2192 3150 2202 3167 ,

930 3268 944 3282 ²¹
965 3270 1068 3308 Quem
1093 3266 1268 3310 inscripsit,
1288 3265 1372 3298 Scito
1399 3270 1429 3296 te
1455 3264 1571 3307 ipsum.
1592 3282 1636 3286 —
1651 3255 1666 3279 Β
1681 3262 1802 3305 Scripta
1826 3271 1910 3292 anno
1930 3258 2048 3292 Christi
2073 3259 2158 3289 1140

141 3313 156 3330 ⁰
173 3310 330 3343 Nimirum
353 3313 412 3346 sub
430 3325 548 3348 annum
568 3319 668 3351 1121.
693 3337 737 3343 -
753 3317 769 3339 ‘¹
786 3319 910 3364 Scripta
928 3330 1011 3352 anno
1030 3321 1144 3353 Christi
1165 3324 1175 3352 1
1190 3322 1266 3352 140.

239 3383 329 3409 TOM.
362 3386 389 3409 1.

2038 3371 2048 3386 f

2010 3374 2053 3408 14
