2517 3920
340 194 410 231 951

392 275 453 305 711
489 274 525 303 B.
560 282 600 301 sn
630 280 771 300 01101(οΜ
802 279 954 298 ABBATEM
984 274 1348 305 amsonxs-moxasrntztt

345 337 450 357 ruore
468 334 631 355 Tcnoxns.
645 341 688 345 -
704 325 808 363 Quem
826 331 842 351 a
860 319 998 351 secunda
1018 318 1213 361 profectione
1226 316 1265 347 ad
1281 316 1348 346 1003

342 385 448 410 sancta
472 377 657 408 dehortatur
682 373 845 406 Goffridns
873 371 1117 402 Vindocinensis
1144 369 1275 412 epistola
1304 370 1342 398 21

344 431 415 462 libri
438 429 540 472 quarti
566 428 605 459 ad
631 438 702 458 eum
725 427 839 468 scripta
855 450 863 463 ‚
891 426 978 466 cujus
1000 424 1092 454 etiam
1119 421 1259 453 meminit
1284 419 1347 462 epi—

345 484 422 515 stola
444 487 485 514 26
503 481 574 513 libri
588 480 715 512 secundi
737 480 771 510 in
794 490 855 520 qua
873 478 910 508 (10
934 476 1051 519 rapinis
1071 481 1101 506 et
1123 473 1264 505 saeculari
1286 472 1350 503 vio-

343 537 442 568 lentia
467 547 525 567 suo
544 533 753 571 monasterio,
779 531 964 574 injuriisque
988 528 1223 570 archiepiscopo
1248 530 1349 558 Turo-

346 590 438 622 nensi
469 589 563 620 illatis
592 587 676 630 apud
712 585 901 618 Gaufridum
938 586 1163 615 Carnotensem
1202 579 1349 610 adversus

344 641 688 686 Majoris-Monasterii
720 638 889 670 monachos
920 636 1053 679 graxiter
1087 634 1274 676 expostulat.
1311 635 1349 663 Et

345 704 449 728 tamen
481 696 592 727 horum
614 694 760 736 pietatem
786 697 816 722 et
846 690 1029 731 religionem
1049 698 1086 718 eo
1114 687 1182 728 ipso
1208 692 1348 726 tempore

343 750 480 781 maxime
499 747 696 779 commendat
712 745 856 786 L'lgerius
870 740 1106 783 Andegavensis
1125 738 1290 780 episcopus
1310 737 1342 767 in

343 804 477 846 quadam
502 802 607 832 charta
633 799 707 830 anni
737 801 818 829 1131
847 796 894 827 his
921 794 1024 826 verbis
1051 804 1086 824 2«
1108 795 1172 833 Ego
1198 790 1343 832 [lgerius

344 873 357 884 n
377 857 545 899 episcopus
564 851 797 893 Andegavensis
814 874 821 887 ,
835 849 971 880 ecclesiae
985 844 1318 887 Majoris-Monasterii
1334 868 1342 882 ‚

343 926 356 938 1»
377 916 405 941 01
423 908 571 940 fratribus
587 905 665 937 meis
686 904 791 935 Odoni
811 901 980 934 venerabili
998 899 1106 931 abbati
1133 904 1160 929 e'
1182 897 1346 929 monachis

341 980 354 991 ιι
373 963 471 1000 1111115,
491 961 604 1002 (111111115
630 958 834 989 ferventiores
859 956 892 986 iu
918 954 1026 985 divino
1044 952 1172 983 servitio
1194 952 1271 982 alios
1294 962 1345 982 me

342 1032 358 1043 ‚›
375 1014 501 1047 novisse
519 1024 580 1043 non
606 1011 752 1048 memini,
783 1009 855 1041 dedi
888 1019 971 1039 311110
1000 1005 1233 1038 Iucarnationis
1258 1009 1340 1037 1131

341 1085 354 1097 ›-
373 1068 536 1100 eeclesiam
555 1067 593 1097 de
620 1065 767 1097 Bessiaeo
791 1068 822 1093 et
847 1062 997 1104 capellam
1023 1060 1062 1091 de
1091 1058 1308 1098 Belli-Fortis,
1334 1076 1345 1086 u

338 1129 398 1153 etc.
425 1124 463 1152 Et
480 1119 512 1150 in
542 1119 603 1150 alio
632 1118 864 1149 instrumento:
895 1131 909 1141 «
942 1118 1006 1156 Ego
1028 1113 1175 1155 Ulgerius
1198 1112 1348 1155 Andega·

339 1191 351 1202 u
376 1173 477 1205 vensis
503 1172 667 1214 episcopus
688 1181 757 1201 cnm
786 1167 1022 1210 cognovissem,
1043 1165 1272 1198 sanctissimam
1299 1177 1347 1198 ec-

339 1243 353 1254 »
372 1227 497 1259 clesiam
524 1221 861 1266 Majoris-Monasterii
877 1221 998 1252 nullum
1019 1219 1255 1261 receptaculum
1281 1230 1345 1250 snae

343 1296 355 1308 »
376 1279 578 1323 proprietatis
596 1277 629 1307 111
656 1274 879 1316 Andegavensi
899 1273 1025 1304 civitate
1046 1272 1164 1303 habere
1181 1296 1188 1311 ‚
1212 1271 1285 1302 dedi
1304 1272 1346 1302 vi-

337 1349 350 1361 »
368 1332 518 1364 ridarium
530 1329 610 1372 juris
625 1327 807 1371 episcopalis
819 1350 826 1363 ‚
848 1326 931 1368 quod
944 1325 1103 1357 habebam
1120 1324 1285 1367 proprium
1302 1325 1335 1356 in

340 1402 352 1413 ι)
372 1384 522 1428 parochia
534 1380 805 1423 Sancti-Stephani
818 1404 825 1417 ,
843 1389 905 1409 non
917 1379 1009 1420 longe
1026 1377 1067 1409 ab
1085 1378 1217 1408 ecclesia
1234 1377 1344 1420 ipsius,

338 1454 350 1466 ›·
372 1437 563 1470 concedente
581 1433 801 1476 Andegavensi
824 1431 972 1474 capitulo.
988 1433 1061 1463 Non
1085 1430 1171 1461 enim
1191 1430 1341 1469 decebat,

338 1508 350 1518 n
372 1497 404 1522 ut
425 1497 487 1522 1311]
505 1495 645 1521 5311011111]
663 1498 698 1518 30
713 1486 895 1528 religiosum
909 1483 1136 1515 monasterium
1155 1508 1162 1522 ,
1185 1483 1271 1525 quod
1290 1482 1345 1514 ho-

339 1561 352 1573 »
371 1546 538 1588 spitalitate
560 1542 803 1583 insignissimum
828 1538 944 1580 ubique
968 1538 1199 1580 plantationem
1220 1536 1340 1575 1131101,

338 1616 350 1626 1·
371 1605 401 1630 et
424 1609 488 1641 111εο
511 1597 631 1628 caeteris
652 1594 860 1637 praedicatur.
880 1592 913 1624 in
941 1598 1005 1623 tam
1032 1592 1186 1634 populosa
1215 1591 1292 1623 urbe
1313 1597 1344 1623 et

337 1669 351 1679 »
374 1658 435 1683 tam
452 1652 554 1682 vicina
576 1649 635 1680 sibi
655 1647 791 1690 hospitio
814 1657 973 1677 carere...
998 1649 1164 1687 Regnante
1184 1645 1345 1677 Ludovico

336 1722 349 1733 υ
371 1717 442 1747 rege
456 1707 672 1740 Francorum,
695 1700 850 1733 Gautrido
864 1699 928 1730 filio
946 1698 1094 1730 Fulconis
1112 1698 1195 1740 regis
1215 1702 1343 1730 ,101050-

337 1774 350 1786 n
369 1757 509 1801 lymitani
523 1782 531 1795 ‚
547 1763 578 1788 et
603 1759 738 1796 lingone
760 1753 995 1795 archiepiscopo
1010 1751 1202 1783 Turonensi.
1221 1767 1235 1778 n
1254 1751 1342 1793 Quin

335 1818 363 1843 et
396 1814 599 1843 Normannus
628 1807 747 1850 L‘lgerii
777 1816 938 1837 successor
968 1806 1000 1836 in
1027 1804 1134 1836 charta
1163 1804 1341 1836 donationis

335 1866 472 1898 ecetesiae
492 1865 531 1896 de
546 1868 624 1900 Yer,
641 1873 723 1893 anno
749 1860 978 1892 incarnationis
1004 1863 1112 1897 1152,
1134 1859 1249 1890 Indict.
1272 1862 1310 1890 15
1330 1883 1338 1897 ‚

335 1920 476 1951 contecta
492 1944 499 1957 ‚
518 1929 582 1949 non
606 1916 735 1947 inferius
755 1915 857 1946 reddit
877 1913 992 1945 amoris
1009 1920 1039 1945 et
1054 1913 1184 1944 honoris
1201 1913 1340 1944 testimo-

334 1974 420 2004 nium
438 1972 476 2003 de
490 1970 648 2002 monachis
663 1966 1004 2010 Majoris-Monasterii.
1025 1981 1037 1992 n
1058 1968 1146 2006 Quos
1160 1990 1168 2004 ‚
1191 1982 1203 1993 »
1219 1965 1338 2006 inquit,

334 2044 348 2054 «
370 2027 410 2058 ob
431 2025 587 2067 religionis
612 2028 725 2055 sanctie
747 2021 965 2064 privilegium,
992 2031 1054 2062 (1110
1070 2019 1248 2062 specialiter
1271 2019 1340 2060 pol-

337 2096 348 2107 »
369 2081 458 2118 lent,
485 2085 516 2110 et
541 2079 613 2120 quia
644 2077 717 2107 boni
751 2076 953 2108 :edificatores
982 2080 1012 2105 et
1039 2078 1266 2116 propagatores
1291 2071 1339 2103 sui

337 2148 349 2160 n
372 2133 500 2164 Ordinis
517 2132 675 2168 existunt,
699 2129 851 2172 singulari
865 2129 1036 2171 amplector
1058 2127 1221 2158 charitate.
1238 2141 1250 2153 n
1271 2129 1338 2157 Iino

335 2198 458 2219 causam
483 2186 604 2218 abbatis
622 2183 955 2226 Majoris-Monasterii
977 2181 1161 2224 (Guillelmi
1190 2180 1339 2212 videlicet

334 2253 399 2273 11011
424 2241 543 2273 Ο(101]15
571 2240 637 2280 ejus
663 2238 868 2273 successoris,
887 2237 939 2278 (1111
965 2236 1046 2268 113110
1073 2235 1256 2277 dignitatem
1280 2235 1338 2266 inii

332 2307 416 2327 anno
435 2297 519 2327 1124
543 2294 583 2325 ad
599 2304 716 2324 annum
740 2292 846 2333 1135)
867 2291 987 2333 egregie
1009 2296 1116 2321 tuetur
1141 2292 1199 2320 Ivo
1219 2291 1338 2320 Carno-

332 2350 428 2381 tensis
457 2348 590 2392 epistola
630 2350 691 2378 108
710 2372 718 2385 ‚
755 2346 794 2377 ad
826 2345 1007 2377 Paschalem
1037 2345 1154 2387 scripta
1185 2343 1337 2374 adversus

332 2403 457 2435 Rodutfi
477 2401 705 2444 archiepiscopi
719 2400 914 2432 Turonensis
936 2398 1170 2435 accusationes,
1191 2397 1339 2439 quamvis

330 2463 436 2500 postea
454 2457 582 2500 epistola
606 2457 669 2487 234
689 2454 726 2486 ad
744 2453 990 2496 promittendam
1017 2451 1258 2494 metropolitano
1280 2462 1337 2483 suo

331 2512 538 2543 obedientiam
560 2510 760 2542 Guillelinuin
782 2508 974 2539 cohortetur.
1004 2510 1100 2538 Porro
1119 2506 1157 2536 de
1174 2504 1267 2536 simili
1286 2505 1338 2536 de-

329 2565 480 2596 cimarum
500 2564 672 2606 litigatione
685 2587 692 2600 ,
719 2562 757 2592 de
772 2573 830 2603 qua
845 2561 903 2592 1130
929 2561 959 2591 in
983 2560 1115 2602 epistola
1135 2559 1248 2600 agitur,
1265 2558 1335 2590 vide

329 2619 412 2650 inter
426 2619 503 2649 alios
528 2617 612 2648 Petri
628 2615 827 2647 Venerabilis
844 2615 1007 2657 epistolam
1026 2616 1067 2644 28
1090 2613 1161 2643 libri
1180 2612 1262 2642 tertii
1280 2611 1334 2642 nbi

328 2673 390 2704 1100
413 2677 631 2714 argumentum
649 2670 747 2701 solide
767 2663 947 2712 pertractat.

380 2728 443 2757 715
471 2729 510 2756 A.
532 2724 677 2755 scandalo
702 2723 779 2754 sitis.
799 2742 841 2745 ——
863 2726 900 2754 In
927 2721 1064 2753 editione
1093 2719 1271 2751 Mabillonii
1289 2720 1335 2752 sic

332 2779 462 2821 epistola
478 2778 675 2809 concluditur
699 2789 705 2809 z
725 2779 799 2807 Hm:
821 2775 966 2807 mlversus
985 2774 1056 2806 illos
1068 2798 1077 2810 ‚
1110 2775 1163 2818 qui
1188 2785 1220 2803 se
1234 2773 1272 2803 de
1288 2772 1335 2804 his

332 2843 460 2877 quorum
479 2843 535 2861 sua
549 2830 629 2861 nihil
641 2831 768 2861 imeres!
781 2830 1063 2875 prtcsamptuosius
1077 2828 1328 2865 intromitlenles,

332 2885 568 2930 semsterparati
587 2892 660 2914 sunt
673 2885 823 2927 iujuriam
842 2884 1013 2914 concitare.
1031 2886 1110 2924 Quae
1124 2888 1227 2912 autem
1245 2881 1334 2912 addi-

331 2940 433 2971 dimus
449 2963 457 2976 ,
484 2950 522 2969 ex
535 2938 640 2968 codice
655 2937 828 2968 Yedastino
846 2938 931 2968 dedit
957 2935 1143 2968 Edinundus
1160 2937 1308 2966 Martene
1323 2959 1330 2972 ,

329 2993 362 3024 in
383 2991 587 3034 Amplissitna
604 2991 793 3023 Collectioue
812 2997 952 3021 xeternni
969 2991 1158 3032 scriptorum
1179 2994 1210 3020 et
1225 2999 1333 3020 monu-

330 3053 508 3078 mentorum
523 3069 531 3083 ‚
548 3056 616 3086 pag.
636 3046 714 3075 746.
733 3044 757 3082 †

380 3103 444 3132 715
466 3102 501 3130 B.
527 3097 632 3128 abbati
660 3095 884 3128 Arremarensi.
913 3114 951 3118 -—
978 3099 1200 3127 Arremarense
1221 3106 1333 3127 mona-

329 3154 478 3190 sterium,
502 3150 641 3182 dioecesis
659 3148 821 3181 Trecensis
840 3172 847 3185 ,
874 3149 1001 3179 Ordinis
1027 3149 1124 3179 sancti
1151 3149 1329 3187 Benedicti,

329 3214 496 3250 patronum
519 3204 614 3236 habet
641 3209 782 3234 sanctuni
806 3202 965 3231 Victorem
991 3201 1218 3238 consessorem,
1246 3203 1333 3243 cujus

327 3265 405 3292 Acta
421 3271 458 3290 ex
469 3257 627 3291 Bernardo
638 3255 870 3287 1131105111101110
887 3258 916 3285 3.
934 3254 1006 3294 Ejus
1023 3254 1080 3283 loci
1096 3253 1333 3286 111011301111511111

325 3314 473 3347 Nicotaus
487 3310 637 3343 Bernardi
651 3309 802 3345 notarius,
822 3307 860 3338 de
875 3318 936 3348 (1110
953 3316 1046 3348 supra
1058 3306 1090 3336 in
1107 3306 1235 3347 epistola
1253 3311 1331 3339 298.

373 3371 437 3400 710
461 3370 498 3399 Γ».
522 3368 637 3398 Cautus
655 3364 739 3406 ipse,
756 3362 779 3394 si
797 3361 906 3398 fuerit,
932 3361 1040 3403 plenus
1055 3360 1091 3391 sit
1112 3360 1271 3401 gravitate.
1289 3381 1331 3384 —

841 190 890 225 IN
921 188 1100 225 TOMUM
1129 186 1328 223 PRIMUM
1358 184 1563 221 OPERUM
1593 184 1628 218 S.
1661 179 1913 215 BERNARDI

2341 179 2417 216 952

1415 265 1569 302 Perquam
1592 259 1749 299 eleganter
1772 257 1830 287 ista
1853 255 2048 293 Bernartius,
2072 255 2206 297 ideoque
2227 255 2330 287 debite
2345 268 2422 299 pon-

1415 314 1567 345 deranda.
1586 313 1617 344 Si
1643 312 1730 342 locus
1754 316 1784 341 et
1809 309 2005 351 propositum
2030 314 2202 350 pateretur,
2233 308 2329 340 verba
2346 313 2420 342 Ber-

1414 367 1504 397 nardi
1531 364 1714 397 illustranda
1738 369 1861 400 essent,
1884 368 1914 393 et
1936 362 2069 393 aliorum
2094 368 2273 393 sanctorum
2295 366 2422 395 Patrum

1415 420 1575 450 sententiis
1589 417 1759 449 munienda
1771 440 1778 454 ,
1795 422 1849 446 aut
1862 422 1944 447 certe
1960 416 2202 451 ostendendum,
2218 426 2286 457 quae
2298 416 2421 449 illorum

1415 472 1453 503 de
1472 479 1565 503 cantu
1588 470 1731 502 Ecclesiae
1749 476 1779 501 et
1801 468 1914 499 divinis
1932 469 2042 500 officiis
2062 469 2175 500 idoneo
2199 480 2287 500 mens
2304 469 2420 502 fuisset.

1416 526 1476 556 Sed
1496 525 1568 566 qnia
1585 524 1724 556 severior
1743 529 1773 554 et
1794 522 1922 565 rigidior
1940 522 2019 554 forte
2041 522 2202 565 disciplina
2223 522 2299 561 fuit,
2327 533 2421 564 quam

1416 578 1577 620 praesentis
1587 577 1690 608 saecnli
1700 587 1802 607 mores
1812 582 1842 607 et
1852 576 1975 618 ingenia
1985 576 2085 607 ferant
2096 588 2104 614 ;
2117 576 2193 607 libet
2203 575 2312 607 audire
2320 576 2422 608 virum

1415 642 1543 673 prorsus
1562 631 1647 673 pium
1663 636 1693 661 et
1710 630 1890 671 religiosum
1905 653 1913 667 ,
1936 640 1972 660 30
1987 629 2026 660 (10
2051 629 2145 660 rebus
2170 629 2210 660 ad
2235 629 2359 671 pietatis
2386 640 2422 661 30

1414 684 1535 715 virtutis
1564 684 1682 715 cultum
1704 682 1916 725 spectantibus
1933 682 2056 725 pridem
2070 683 2227 724 eleganter
2250 682 2423 725 ssorideque

1414 738 1630 769 disserentem.
1654 753 1666 764 α
1688 738 1749 769 Hic
1766 748 1858 779 11300,
1879 752 1892 763 ι»
1914 737 2033 779 inquit,
2062 751 2075 763 α
2102 743 2205 768 vestra
2229 736 2381 775 dixerim,
2402 747 2421 768 ο

1419 808 1431 819 »
1454 792 1588 829 mnsiei3
1619 803 1703 823 nunc
1730 791 1855 832 templis
1881 790 2028 822 cantandi
2049 801 2146 833 genus
2163 790 2342 822 dominatur
2363 801 2420 822 no-

1417 861 1430 872 »
1453 856 1539 883 vum,
1559 845 1613 876 sed
1630 844 1829 882 exorbitans,
1850 844 2021 881 concisum,
2042 843 2248 882 saltatorium,
2267 850 2297 875 et
2310 854 2422 886 parum

1418 915 1431 927 ›-
1456 898 1597 941 profecto
1613 898 1805 940 religiosum,
1827 897 1949 929 theatro
1963 904 2017 929 aut
2033 897 2155 929 choreis
2171 892 2420 936 convenientius,

1416 968 1430 980 u
1453 963 1547 994 quam
1569 952 1700 994 templo.
1719 951 1896 983 Artificium
1918 951 2100 993 quaerimus,
2128 957 2159 982 et
2180 950 2340 993 perdimus
2358 950 2423 993 pri-

1417 1022 1429 1033 »
1453 1016 1540 1037 scum
1568 1005 1718 1047 precandi
1742 1015 1779 1036 30
1799 1004 1946 1036 cantandi
1965 1004 2102 1036 studium
2127 1014 2134 1035 :
2153 1003 2325 1035 curiositati
2346 1014 2421 1035 con-

1417 1074 1430 1086 »
1454 1059 1582 1090 sulimus
1599 1083 1606 1097 ‚
1635 1058 1690 1090 sed
1712 1068 1821 1089 revera
1846 1057 2031 1100 negligimus
2053 1057 2214 1099 pietatem.
2235 1056 2320 1097 Quid
2337 1056 2420 1088 enim

1417 1128 1429 1140 r·
1453 1112 1571 1144 novitia
1587 1111 1654 1144 baec
1671 1118 1701 1143 et
1717 1111 1892 1153 tripudians
1911 1110 2057 1142 cantandi
2080 1110 2158 1142 ratio
2170 1134 2178 1147 ‚
2192 1110 2253 1141 nisi
2268 1110 2420 1142 comoedia

1417 1181 1429 1193 »
1453 1172 1519 1204 est,
1538 1166 1571 1196 in
1588 1177 1649 1208 qua
1665 1171 1808 1196 cantores
1826 1164 1910 1196 velut
1926 1170 2046 1195 actores
2065 1169 2154 1202 sunt,
2173 1174 2306 1205 quorum
2325 1163 2420 1195 modo

1416 1234 1428 1246 »
1454 1231 1533 1250 nnus
1547 1219 1673 1262 prodit,
1690 1218 1784 1250 modo
1801 1218 1876 1256 dno,
1897 1217 1992 1249 modo
2011 1217 2103 1249 simul
2116 1217 2273 1260 prodeunt
2287 1228 2395 1248 omnes
2409 1241 2417 1255 ,

1415 1288 1428 1300 »
1452 1279 1482 1304 01
1498 1273 1664 1304 1110(11113115
1681 1272 1809 1304 vocibus
1828 1272 2050 1313 colloquuntur
2071 1282 2079 1303 :
2099 1281 2173 1302 mox
2194 1271 2307 1302 iterum
2332 1271 2420 1302 vivus

1415 1342 1428 1354 υ
1452 1326 1625 1369 triumphat
1642 1327 1746 1363 solus,
1770 1326 1887 1358 caeteris
1908 1324 1997 1356 brevi
2022 1324 2196 1356 secuturis?
2223 1326 2287 1356 »Et
2304 1323 2384 1355 infra
2411 1335 2418 1355 ε

1414 1395 1426 1406 «ι
1452 1383 1589 1412 Fuerunt
1607 1392 1672 1412 aevo
1691 1380 1851 1423 superiore
1873 1378 2117 1422 praestantissimi
2138 1377 2268 1416 musici,
2291 1378 2345 1409 sed
2370 1389 2419 1409 re-

1415 1450 1428 1462 »
1450 1446 1523 1466 vera
1538 1459 1544 1472 ‚
1564 1435 1614 1465 vel
1629 1433 1718 1465 vobis
1738 1433 1867 1465 testibus
1879 1457 1886 1470 ,
1912 1432 1932 1463 ii
1947 1432 2037 1463 aliter
2053 1437 2084 1463 et
2100 1431 2214 1474 (liceat
2231 1430 2355 1473 dicere)
2370 1442 2419 1462 re-

1413 1505 1426 1516 »
1448 1489 1585 1531 ligiosius
1604 1488 1795 1519 cecinerunt.
1816 1486 1878 1518 Sed
1893 1497 2003 1517 eorum
2019 1485 2116 1517 libros
2134 1484 2268 1516 musicos
2281 1491 2418 1516 vesuum

1413 1558 1425 1569 »
1444 1542 1510 1584 jam
1528 1541 1684 1573 fastidium
1712 1540 1835 1583 pridem
1862 1540 2014 1582 sepelivit.
2042 1538 2239 1576 Reviviscat,
2264 1537 2416 1577 obsecro,

1413 1611 1425 1622 „
1450 1595 1560 1626 saltem
1591 1594 1709 1636 aliquid
1737 1594 1847 1636 priscae
1871 1592 2082 1635 religiositatis
2101 1592 2135 1624 in
2162 1603 2250 1624 sacra
2274 1591 2391 1622 musica
2407 1616 2415 1629 ,

1413 1665 1425 1676 n
1450 1649 1534 1690 qnod
1554 1648 1578 1679 si
1593 1648 1681 1679 cordi
1698 1654 1744 1679 est
1758 1653 1788 1678 et
1806 1658 1889 1678 curte
1903 1646 2026 1678 divinus
2038 1646 2153 1681 honor.
2175 1645 2236 1677 hoc
2249 1645 2330 1687 agite
2343 1645 2415 1683 viri,

1412 1718 1426 1730 »
1448 1702 1509 1733 hoc
1525 1702 1666 1733 laborate
1679 1726 1686 1739 ‚
1703 1707 1737 1732 ut
1754 1712 1823 1743 (11110
1839 1706 2004 1732 cantantur
2020 1699 2116 1731 verba
2127 1724 2135 1738 ‚
2150 1699 2242 1730 simul
2259 1698 2353 1730 etiam
2373 1698 2418 1729 in-

1413 1772 1426 1783 »
1448 1757 1636 1798 telligantur.
1659 1755 1744 1797 Quid
1770 1754 1845 1786 mihi
1873 1754 1977 1785 varius
2003 1753 2035 1784 in
2057 1753 2176 1795 templo
2197 1763 2292 1784 sonus
2307 1776 2315 1791 ,
2342 1752 2417 1794 quid

1413 1825 1426 1837 u
1450 1810 1612 1852 multiplex
1632 1814 1802 1841 concentus
1815 1832 1823 1846 ‚
1845 1808 1870 1839 si
1887 1807 1964 1839 desit
1982 1807 2010 1838 ei
2031 1807 2161 1838 nucleus
2177 1831 2185 1846 ,
2203 1806 2229 1837 si
2251 1817 2375 1838 sensum
2388 1813 2419 1838 et

1413 1878 1425 1890 u
1451 1863 1545 1894 verba
1560 1888 1568 1901 ‚
1591 1874 1659 1905 qnae
1677 1867 1832 1894 concentu
1850 1867 1922 1893 sunt
1946 1859 2125 1891 instillanda
2142 1884 2149 1897 ,
2176 1860 2338 1902 percipere
2361 1871 2416 1892 ne-

1412 1932 1424 1943 »
1447 1927 1558 1958 queam
1571 1918 1585 1947 9
1605 1931 1619 1943 n
1640 1919 1688 1947 Ita
1706 1915 1918 1956 Hieronymus
1934 1914 2098 1946 Drexelius
2116 1913 2148 1944 in
2165 1912 2341 1945 Rhetoricae
2358 1925 2417 1946 coe-

1406 1970 1489 2001 lestis
1505 1970 1585 2001 libro
1607 1973 1636 2009 1,
1662 1980 1732 2011 cap.
1755 1973 1786 2000 5.
1807 1968 1868 2000 Sed
1884 1978 1958 2010 age,
1984 1967 2151 1999 liberemus
2170 1967 2348 2009 religiosum
2367 1979 2416 1999 re-

1405 2024 1502 2055 centis
1527 2023 1687 2055 memoriae
1712 2023 1814 2053 vii-nm
1840 2022 1879 2053 ab
1898 2021 2035 2059 invidia,
2057 2032 2151 2064 quam
2167 2021 2212 2052 illi
2230 2020 2310 2053 forte
2332 2022 2417 2064 apud

1405 2078 1540 2109 musicos
1565 2083 1689 2108 nostros
1715 2076 1894 2118 hujusmodi
1920 2086 2052 2107 censura
2081 2080 2167 2106 creat
2192 2084 2199 2105 :
2227 2081 2280 2106 aut
2307 2075 2415 2107 saltem

1405 2137 1564 2163 consortes
1579 2132 1623 2162 illi
1643 2131 1763 2168 demus,
1780 2129 1966 2171 quibuscum
1983 2129 2026 2160 uti
2043 2128 2275 2171 grandioribus,
2296 2128 2416 2160 facilius

1405 2186 1553 2216 sustineat
1582 2185 1712 2219 odium,
1743 2184 1913 2215 infaustum
1941 2182 2082 2214 veritatis
2110 2189 2245 2225 partum.
2277 2185 2316 2214 Et
2343 2193 2415 2214 ecce

1404 2239 1539 2270 occurrit
1553 2250 1570 2270 e
1586 2238 1737 2270 Bemardi
1754 2237 1851 2269 nostri
1874 2236 1977 2268 schola
1993 2261 2001 2274 ‚
2025 2237 2078 2278 qui
2093 2236 2162 2278 pari
2178 2247 2249 2267 cum
2269 2236 2415 2278 magistro

1404 2303 1460 2323 sno
1479 2303 1573 2324 sensu
1591 2293 1763 2335 spirituque
1778 2291 1911 2322 musices
1924 2290 2055 2321 abusum
2077 2289 2189 2320 acriter
2213 2289 2414 2332 perstringit,

1404 2345 1557 2378 Aelredus
1571 2370 1578 2383 ,
1599 2346 1726 2387 inquam
1744 2369 1750 2383 ,
1771 2343 1868 2375 abbas
1887 2343 2036 2375 Rievallis
2052 2342 2083 2373 in
2100 2342 2214 2384 Anglia
2225 2367 2232 2381 ‚
2249 2343 2336 2384 cnjus
2348 2343 2415 2385 ple-

1404 2410 1501 2441 raque
1526 2406 1611 2430 tomo
1640 2399 1749 2440 quinto
1775 2401 1915 2440 Operum
1943 2395 2096 2428 Bernardi
2123 2395 2231 2427 habes.
2261 2396 2317 2427 Ille
2341 2407 2414 2438 ergo

1403 2453 1528 2495 Speculi
1545 2451 1713 2484 Charitatis
1730 2451 1811 2482 libro
1830 2454 1862 2488 2,
1882 2461 1952 2492 cap.
1970 2453 2002 2486 2,
2024 2449 2068 2480 ita
2080 2448 2230 2490 loquitur.
2246 2463 2259 2475 u
2274 2448 2326 2480 Ad
2339 2449 2430 2491 quid-

1408 2523 1420 2534 »
1446 2507 1496 2538 illa
1527 2506 1611 2537 vocis
1641 2505 1812 2537 contractio
1844 2509 1875 2535 et
1905 2502 2074 2534 infractio?
2099 2502 2160 2534 Hic
2187 2502 2339 2541 succinit,
2363 2502 2415 2534 ille

1408 2576 1420 2587 »
1445 2560 1569 2591 discinit
1588 2571 1595 2591 :
1614 2559 1691 2590 alter
1708 2557 1897 2600 supet-cinit,
1918 2557 1996 2588 alter
2022 2556 2140 2587 medias
2157 2556 2309 2598 quasdam
2324 2563 2414 2588 notas

1407 2630 1419 2641 υ
1444 2613 1553 2644 (1111(111
1570 2619 1599 2644 et
1617 2611 1734 2643 incidit.
1758 2613 1851 2642 Nunc
1875 2621 1934 2641 vox
1950 2609 2122 2651 stringitur,
2145 2620 2228 2640 1111110
2247 2608 2411 2651 frangitur,

1405 2683 1418 2695 »ι
1444 2678 1528 2698 1111110
1554 2665 1748 2708 impingitur,
1765 2675 1849 2695 nunc
1871 2663 2023 2695 diflusiori
2040 2662 2144 2694 sonitu
2167 2662 2326 2694 dilatatur.
2348 2663 2414 2694 Ali-

1406 2735 1418 2747 »
1443 2720 1587 2762 quando,
1608 2718 1690 2761 quod
1714 2718 1810 2760 pudet
1827 2717 1951 2754 dicere,
1978 2717 2010 2748 in
2039 2717 2170 2759 equinos
2197 2715 2337 2748 hinnitus
2360 2726 2412 2747 co-

1405 2789 1418 2800 »
1443 2774 1542 2814 gitur,
1579 2771 1748 2813 aliqnando
1776 2771 1857 2802 virili
1883 2770 1990 2813 vigore
2024 2769 2188 2812 deposito,
2216 2769 2248 2800 in
2274 2768 2414 2800 femineae

1405 2843 1417 2855 »ι
1443 2828 1527 2858 vocis
1558 2826 1727 2869 gracilitate
1756 2825 1889 2864 acuitur,
1919 2835 2124 2867 nonunquam
2147 2823 2314 2856 artificiosa
2339 2834 2413 2865 qua·

1405 2895 1417 2907 »
1436 2880 1507 2911 dam
1535 2879 1814 2911 circumvolutione
1836 2884 2000 2920 torquetur
2019 2884 2050 2909 et
2071 2883 2280 2919 retorquetur.
2297 2875 2415 2908 Videas

1404 2949 1417 2961 »
1436 2933 1603 2976 aliqnando
1617 2933 1777 2964 hominem
1791 2939 1899 2974 aperto
1923 2942 1995 2969 ore,
2023 2931 2110 2973 quasi
2129 2930 2297 2962 intercluso
2313 2929 2413 2962 halitu

1405 3003 1417 3014 »ι
1436 2987 1612 3029 exspirare,
1643 2997 1705 3018 non
1735 2992 1879 3023 eantare,
1902 2996 1939 3016 ac
1970 2984 2137 3016 ridiculosa
2165 2982 2301 3026 quadam
2328 2982 2413 3014 vocis

1405 3056 1418 3068 »ι
1437 3040 1679 3082 interceptione,
1709 3040 1797 3081 (111351
1823 3039 1959 3070 minitari
1985 3038 2160 3075 silentium,
2187 3047 2272 3068 nunc
2299 3045 2414 3078 agones

1405 3110 1418 3122 »ι
1437 3093 1655 3131 morientium,
1684 3094 1732 3124 xel
1758 3092 1889 3124 ecstasin
1914 3091 2098 3134 patientium
2127 3090 2253 3122 imitari.
2284 3089 2413 3121 Interim

1406 3164 1418 3175 ι»
1436 3147 1625 3178 histrionicis
1642 3146 1829 3188 quibusdam
1846 3145 1982 3187 gestibus
2006 3150 2106 3176 totum
2128 3154 2241 3186 corpus
2265 3143 2411 3185 agitatur,

1406 3217 1418 3228 »
1437 3206 1622 3242 torquentur
1640 3199 1742 3236 labia,
1761 3205 1865 3230 rotant
1893 3198 1992 3236 oculi,
2020 3198 2132 3229 ludunt
2150 3196 2290 3233 humeri,
2318 3201 2349 3227 et
2373 3194 2413 3226 ad

1405 3269 1418 3281 n
1436 3254 1570 3295 singulas
1590 3263 1728 3294 quasque
1751 3258 1841 3282 notas
1865 3251 2032 3293 digitorum
2050 3251 2150 3283 11011115
2174 3249 2353 3292 respondet.
2374 3250 2414 3279 Et

1405 3322 1418 3333 ιι
1436 3307 1502 3337 brec
1531 3306 1696 3337 ridiculosa
1723 3305 1885 3336 dissolutio
1911 3311 2042 3336 vocatur
2064 3303 2190 3345 religio,
2218 3308 2249 3334 et
2272 3301 2326 3333 nbi
2346 3300 2412 3332 haec

1407 3375 1418 3385 n
1436 3359 1626 3400 frequentius
1644 3358 1810 3400 agitantur,
1831 3357 1873 3388 1111
1901 3360 1968 3389 Deo
1988 3356 2203 3388 honorabilius
2223 3354 2332 3388 serviri
2348 3353 2411 3385 cla·
