2517 3936
53 179 126 217 837

50 255 233 299 importunis
260 255 386 286 taudem
408 256 542 296 querelis
560 262 632 287 ante
652 256 876 298 professionem
899 258 993 290 fuisse
1009 271 1058 290 re-

50 316 192 343 vocatus;
217 309 303 350 isque
325 308 407 339 idem
432 309 496 351 ipse
513 309 648 347 xidetur,
665 311 716 352 qui
737 312 874 353 expulsis
890 313 1052 344 sanctimo-

50 363 181 397 nialibus
198 373 215 393 e
233 362 421 393 monasterio
435 363 684 394 Sancti-Joanuis
698 364 912 395 Laudunensis
923 390 930 402 ,
948 377 1056 397 mona-

49 417 178 449 chorum
202 421 316 446 coetum
344 415 417 446 illuc
442 416 590 453 adduxit,
619 417 732 458 quibus
756 428 794 448 ex
819 418 925 449 Priore
939 420 1059 450 Sancti-

49 469 163 504 Nicasii
179 468 341 500 Rcmensis
363 469 394 500 in
416 470 552 511 primum
574 469 721 500 abbatem
736 471 900 512 praefectus
915 477 959 502 est
975 482 1057 503 anno

54 526 138 557 1128
151 546 158 560 ‚
179 528 211 553 ut
228 522 347 553 dicetur
360 521 439 553 infra
455 522 496 553 ad
508 523 670 564 epistolam
691 525 744 554 48.
767 523 968 554 Postmodum
983 535 1057 556 vcro

0 570 1 573 Ἰ
48 575 212 610 cardinalis
226 582 256 607 et
269 575 434 618 episcopus
447 576 598 607 Ostiensis
614 582 735 608 creatus
752 582 797 607 est
813 575 853 607 ab
874 578 1057 609 Innocentio

48 633 98 668 Η,
126 639 209 660 anno
239 632 325 661 1136
354 629 402 671 (111
426 629 541 671 probat
564 635 669 660 noster
694 629 846 661 Acherius
871 629 904 660 in
930 630 992 661 suis
1018 631 1057 662 ad

47 681 235 716 Guibertum
247 682 357 724 notis),
382 693 447 713 non
470 693 545 714 vero
564 685 670 720 1133,
693 689 726 714 ut
749 682 844 713 habet
866 683 1053 722 Ciacouius3

48 737 97 768 vel
115 738 199 768 1134
211 760 219 774 ‚
236 742 269 766 ut
286 742 391 767 censet
405 735 555 778 Ughellus
572 736 603 767 in
624 736 713 767 Italia
736 746 834 766 sacra.
857 738 952 767 Gesta
974 740 1057 768 Dro-

46 789 134 833 gonis
157 789 312 831 percurrit
337 792 555 827 llermannus‚
574 789 613 820 de
638 788 819 826 miraculis,
845 788 899 819 lib.
923 792 962 827 3,
987 800 1055 832 cap.

48 845 111 881 22;
137 848 169 874 et
198 848 307 874 auctor
335 843 529 885 Appendicis
557 842 597 874 ad
630 842 838 884 Sigibertum‚
866 841 906 872 ad
940 853 1057 874 annum

5 891 136 948 §1128
149 919 157 934 ‚
181 895 236 938 qui
257 907 330 927 eum
345 907 363 927 e
385 897 449 928 vita
470 897 617 938 migrasse
638 896 747 927 asserit
768 906 852 926 anno
879 899 964 927 1138
977 920 984 933 ,
1009 896 1060 931 his

46 948 169 983 verbis:
188 964 202 976 α
217 948 305 980 Obiit
318 952 425 992 Drogo
438 949 530 980 bona:
542 950 702 981 memoriae
713 949 865 981 Ostiensis
878 949 1055 991 episcopus,

48 1019 64 1032 n
82 1002 130 1034 vir
155 1002 305 1044 religione
333 1013 370 1034 ac
399 1003 552 1046 sapientia
579 1004 692 1035 clarus.
725 1018 738 1030 ι»
765 1005 803 1034 Et
836 1003 1058 1045 Necrologium

46 1055 297 1090 sancti-Joaunis
310 1056 524 1088 Laudunensis
548 1068 556 1089 ;
581 1072 594 1084 α
615 1057 747 1088 Ι)001100
772 1062 884 1098 quarto
907 1055 1058 1087 kalendas

47 1125 64 1139 ι
81 1110 213 1153 januarii
229 1110 306 1142 obiit
327 1113 435 1153 Drogo
458 1110 610 1143 Ostiensis
631 1111 795 1153 episcopus
814 1115 845 1141 et
868 1109 1033 1141 cardinalis
1047 1135 1054 1148 ‚

46 1177 62 1192 ι
79 1163 198 1206 primus
211 1163 309 1195 abbas
322 1169 436 1195 nostrae
450 1164 716 1206 congregationi5‚
733 1170 763 1195 et
784 1162 948 1195 Mathildis
969 1174 1059 1195 soror

46 1231 63 1244 a·
81 1217 156 1260 ejus.
183 1231 200 1243 »ι
227 1217 357 1259 Scripsit
384 1228 561 1249 sermonem
592 1217 631 1248 de
656 1217 804 1248 Passione
829 1217 975 1254 Domini,
1004 1217 1058 1258 qui

43 1277 143 1303 exstat
158 1271 191 1302 in
206 1271 401 1304 Bibliotheca
423 1276 563 1304 Patrum.
583 1272 755 1313 Soliloquia
777 1282 902 1313 quoque
924 1271 1058 1303 edidisse

44 1330 170 1357 notatur
191 1325 225 1356 in
240 1325 434 1357 Bibliotheca
458 1326 582 1367 Belgica
603 1325 826 1366 manuscripta.
852 1328 949 1355 Porro
971 1325 1057 1366 quod

43 1384 162 1421 spectat
174 1378 216 1409 ad
227 1381 404 1411 Jorannum
420 1378 567 1410 abbatem
578 1404 586 1417 ‚
608 1384 761 1420 quantum
774 1389 811 1408 eo
830 1383 955 1419 regente
972 1389 1056 1409 asce-

43 1431 155 1464 terium
167 1431 369 1464 Nicasianum
385 1432 543 1470 floruerit,
558 1431 693 1474 probant
709 1431 767 1462 viri
783 1431 918 1473 insignes
928 1455 935 1468 ‚
952 1431 1004 1472 qui
1019 1442 1056 1462 ex

43 1495 82 1517 eo
96 1485 137 1517 ad
152 1486 326 1528 regularem
340 1485 538 1528 disciplinam
561 1486 654 1527 longe
671 1485 796 1526 lateque
820 1484 1057 1526 propagandam

43 1538 200 1582 prodiere.
219 1542 301 1571 Nam
313 1545 427 1582 praeter
447 1543 629 1581 Drogonem
650 1539 743 1570 istum
755 1563 763 1575 ‚
784 1537 954 1569 Gaufridus
971 1538 1056 1580 apud

43 1593 437 1625 Sanctum-Theodericum
457 1604 556 1636 prope
578 1596 694 1624 Remos
706 1616 714 1629 ‚
730 1602 766 1623 ac
786 1597 857 1634 post
879 1602 950 1622 eum
965 1591 1055 1623 Guil-

43 1646 152 1678 lelmus
166 1647 200 1678 in
221 1647 369 1679 abbatem
391 1654 567 1690 assumptus
586 1653 650 1685 est;
670 1647 777 1678 Simon
800 1645 884 1688 apud
906 1647 1055 1677 Sanctum

43 1699 209 1732 Nicolaum
235 1700 274 1732 de
301 1704 401 1733 Bosco
426 1701 459 1731 in
492 1700 618 1732 dioecesi
642 1699 862 1736 Laudunensi,
890 1698 930 1729 ad
962 1709 1055 1740 quem

41 1752 180 1796 epistolae
200 1757 243 1785 8-1
260 1759 291 1785 et
314 1756 377 1792 84;
393 1753 546 1785 Arnulfus
562 1752 647 1795 apud
663 1751 869 1784 Gemblacum
880 1776 888 1789 ‚
905 1758 938 1783 ut
961 1758 1054 1782 testa-

42 1811 93 1838 tur
113 1807 298 1838 Auctarium
319 1806 558 1839 Gemblacense.
576 1810 648 1849 Ipse
669 1816 744 1836 vero
765 1809 925 1837 Jorannus
946 1805 1055 1836 solitu-

41 1858 122 1891 dinis
137 1859 240 1892 studio
262 1871 427 1898 accensus,
445 1860 598 1892 Ordinem
617 1859 835 1892 Cartusianum
854 1858 887 1889 in
908 1857 1052 1889 coenobio

41 1913 233 1945 Montis-Dei
245 1914 408 1956 amplexus
419 1920 466 1945 est
478 1924 561 1944 anno
580 1916 682 1950 1138,
698 1911 753 1943 ubi
769 1923 802 1942 se
820 1918 884 1943 tam
903 1912 1052 1953 praeclare

41 1966 150 2008 gessit,
174 1973 208 1999 ut
230 1967 262 1998 in
278 1967 486 1999 cardinalium
509 1977 675 1997 numerum
697 1965 737 1996 ab
754 1965 938 1996 Innocentio
961 1969 993 1996 ΙΙ
1014 1965 1053 1996 sit

41 2026 214 2063 cooptatus.
229 2022 385 2052 Caeterum
398 2031 469 2052 cum
486 2019 554 2051 haec
576 2019 707 2062 epistola
724 2019 839 2061 scripta
853 2019 891 2050 sit
910 2018 1052 2050 Roberto

41 2074 139 2106 saneti
160 2074 313 2106 Bernardi
335 2074 567 2116 consanguineo
588 2072 730 2104 nondum
751 2072 811 2103 sibi
833 2072 992 2109 restituto,
1018 2079 1052 2104 ut

40 2132 164 2159 sanctus
183 2131 304 2160 Doctor
322 2126 374 2159 hic
396 2127 522 2166 asserit,
538 2126 579 2158 ad
601 2137 720 2157 annum
741 2126 864 2157 circiter
886 2129 972 2158 1120
1000 2138 1051 2158 re-

27 2170 169 2212 10100113
181 2187 238 2213 est.

92 2236 151 2266 181
171 2237 214 2277 A.
233 2245 400 2265 ntmomffl
426 2245 606 2265 nasu-cm.
623 2252 668 2256 -—
682 2234 790 2265 Plures
807 2232 933 2264 invenio
947 2244 1003 2275 per
1020 2234 1052 2264 id

41 2291 162 2330 tempus
175 2290 324 2330 Hugones
337 2287 484 2319 Farsitos.
498 2291 587 2319 Duos
605 2286 776 2318 monachos
791 2297 799 2318 ε
818 2287 951 2318 alterum
968 2287 1051 2318 Lati-

41 2341 235 2380 nhcensem,
251 2341 416 2373 laudatum
431 2341 466 2372 in
479 2341 562 2373 libro
577 2347 664 2372 sexto
689 2341 728 2372 de
756 2344 805 2372 Re
827 2340 1028 2382 diplomatica
1041 2366 1048 2379 ,

40 2402 111 2438 pag.
125 2398 204 2434 585;
219 2396 353 2427 alterum
365 2395 612 2427 Sancti-Luciani
625 2394 709 2437 apud
724 2394 917 2432 Bellovacos,
938 2393 977 2425 de
990 2405 1052 2436 quo

41 2449 261 2491 Necrologium
272 2455 360 2480 sexto
380 2448 531 2480 kalendas
545 2448 665 2490 Aprilis
680 2472 688 2486 ‚
719 2463 734 2474 α
758 2447 846 2478 Obiit
862 2450 956 2489 Hugo
978 2451 1002 2478 F
1005 2458 1053 2478 ar-

0 2535 1 2538 *
43 2515 62 2528 n
78 2501 153 2533 situs
169 2501 342 2534 monachus
353 2501 524 2544 professus.
542 2517 557 2527 »ι
572 2505 625 2532 An
638 2500 692 2543 qui
708 2500 740 2532 in
753 2500 892 2531 Historia
907 2501 1049 2538 Louvefi,

40 2563 111 2598 pag.
129 2559 195 2588 555
208 2558 223 2587 Ξ1
245 2556 387 2587 Tertium
402 2556 472 2598 lego
488 2559 656 2597 Hugonem
675 2555 830 2586 Farsitum
841 2578 848 2591 ,
868 2554 1053 2586 canonicum

38 2609 212 2650 regmarem
232 2607 684 2646 Sancti-Joanuis-de-Vineis‚
709 2607 871 2638 laudatum
893 2607 925 2638 in
938 2611 1054 2639 Necro-

0 2645 1 2662 i
41 2656 123 2703 logio
139 2662 285 2693 Ecclesiae
309 2662 549 2694 Suessionensis.
570 2664 727 2702 Quartum
748 2661 880 2703 suggerit
899 2661 1052 2693 Farsitum

0 2708 2 2724 1

0 2730 1 2738 t

0 2784 3 2803 l

42 2713 236 2747 iAhaelardus
256 2715 289 2746 in
307 2726 452 2747 sermone
465 2715 505 2746 de
519 2718 550 2747 S.
564 2718 688 2746 Joanne
701 2715 839 2757 Baptista
851 2739 858 2753 ‚
875 2725 945 2757 pag.
968 2719 1049 2753 967,

42 2766 98 2798 ubi
110 2767 304 2800 Norbertum
323 2774 354 2800 et
372 2768 587 2811 coapostolum
611 2769 678 2810 ejus
699 2769 855 2800 Farsitum
878 2775 1049 2807 memorat,

42 2818 148 2856 forsan
160 2824 326 2864 Hugonem
341 2822 575 2854 Praemonstrati
589 2821 736 2853 abbatem
748 2846 755 2859 ‚
772 2821 962 2863 Ordinisque
975 2832 1053 2863 prce-

0 2878 2 2889 '
42 2873 177 2916 positum
201 2881 273 2917 post
304 2875 516 2913 Norbertum,
549 2876 637 2917 cujus
664 2875 784 2917 primus
812 2885 849 2906 ac
879 2875 1053 2917 przecipuus

0 3180 5 3275 l

43 2925 210 2971 discipulus
222 2928 298 2968 fuit,
315 2929 356 2960 ad
368 2940 464 2971 quem
480 2928 613 2971 epistola
629 2932 708 2960 253.
728 2928 838 2970 Qualis
855 2927 947 2959 fuerit
961 2931 1052 2969 Ilugo

34 2974 195 3022 iffarsitus,
213 2982 326 3024 insigni
345 2982 492 3014 discimus
509 2982 621 3014 harum
643 2981 845 3024 epistolarum
860 2981 1050 3019 testimonio,

42 3025 78 3067 111
88 3034 200 3076 quibus
219 3046 292 3067 eum
311 3036 490 3068 Bernardus
506 3052 521 3063 «
536 3035 752 3067 charissimum
773 3034 902 3065 fratrem
916 3040 945 3064 et
958 3033 1053 3064 coab-

43 3085 201 3127 abatem,
233 3089 397 3131 antiquum
422 3089 604 3121 dilectorem
625 3095 657 3120 et
678 3089 827 3119 dilectum
854 3102 867 3114 n
894 3087 1029 3129 appellat
1042 3112 1050 3125 ‚

45 3137 108 3172 imo
121 3147 152 3172 et
164 3157 179 3168 u
194 3148 336 3174 sanctum
353 3157 368 3170 υ
381 3142 464 3175 fama
477 3149 508 3174 et
523 3143 672 3186 opinione
688 3147 881 3173 contestante
896 3151 903 3171 :
919 3139 972 3170 sed
985 3140 1053 3181 quis

45 3193 170 3225 tandem
197 3194 310 3232 fuerit,
342 3206 409 3226 non
440 3195 485 3227 ita
510 3196 618 3238 liquet.
645 3194 743 3237 Apud
767 3194 875 3225 doctos
903 3192 1055 3223 familiare

46 3252 176 3286 nomen,
197 3254 310 3280 caetera
327 3248 392 3279 fere
404 3249 521 3291 ignota.
539 3248 726 3281 Possevinus
739 3247 772 3278 10
785 3251 950 3290 Apparatu
969 3245 1053 3275 affir-

45 3305 108 3331 mat
119 3310 191 3331 eum
203 3300 296 3332 fuisse
316 3301 506 3333 monachum
526 3300 792 3333 Sancti-Medardi
804 3298 1030 3331 Suessionensis
1044 3323 1051 3335 ‚

0 3379 3 3381 .
47 3350 99 3383 sed
115 3363 216 3391 mera,
243 3360 275 3386 ut
298 3360 393 3397 puto,
410 3355 600 3398 conjectura.
623 3357 670 3386 Ex
693 3353 802 3385 litteris
823 3351 921 3383 nostri
943 3351 1052 3382 Hilde-

0 3535 11 3936 1

533 179 801 216 LECTIONES
833 181 1109 217 VARIANTES
1139 185 1198 218 ΕΤ
1228 187 1371 221 ΝΟΊ’;Ε
1401 188 1647 224 FUSIORES.

2048 199 2120 232 8th

1124 259 1203 291 sonsi
1218 264 1334 304 Vrayct
1358 262 1432 293 olim
1457 264 1649 305 accepimus,
1676 270 1836 307 Hugoncm
1862 272 2008 302 Farsitum
2031 274 2121 303 this„-

1124 315 1306 345 cauouicum
1322 316 1491 355 regularem
1506 318 1925 351 Sancti-Joannis—de-Yin--is
1940 325 2020 364 apud
2034 329 2120 355 Sui-³⁷

1123 366 1224 397 5101105
1235 391 1242 404 ,
1260 374 1291 398 ut
1307 368 1467 399 manifeste
1482 369 1614 410 probant
1628 372 1764 411 ejusdcm
1779 372 1911 404 abbatia·
1927 378 2118 418 ,Νι-01010313,

1123 419 1310 461 publicaque
1341 421 1561 459 instrumenta,
1593 423 1704 464 quibus
1732 424 1796 466 ipse
1821 425 1964 467 frequens
1990 429 2119 460 subscri-

1123 472 1219 513 psisse
1234 473 1397 515 reperitur.
1414 477 1448 504 In
1463 474 1653 506 Kal-sudario
1667 476 1850 508 cathedralis
1870 480 2003 510 ccclesiae
2016 489 2121 511 sam-tu

1123 526 1273 556 Gervasio
1294 537 1387 557 sacrae
1407 526 1471 557 hoec
1497 526 1535 558 de
1560 538 1597 559 eo
1624 528 1756 560 babetur
1783 532 1929 562 memoria
1953 543 1959 562 :
1983 549 1996 558 ι·
2020 534 2120 564 Ρ11ἀὶιε

1125 592 1139 603 >³
1159 588 1258 609 nonas
1273 580 1392 620 augusti
1408 579 1484 610 obiit
1502 582 1594 621 Hugo
1609 582 1755 618 Farsitus,
1772 583 1937 613 canonicus
1953 586 2098 625 regularis
2113 611 2119 621 ,

1123 645 1139 656 »
1159 630 1211 672 qui
1233 630 1318 663 dedit
1335 632 1425 663 nobis
1447 632 1543 663 libros
1564 644 1634 664 suos
1657 640 1718 665 tam
1740 635 1850 666 dixinac
1874 636 2009 677 paginae,
2030 648 2121 678 quam

1125 698 1139 709 υ
1158 684 1324 715 5000013115.
1359 700 1374 711 n
1399 686 1492 727 Cujus
1517 686 1575 716 loci
1603 686 1698 717 abbas
1729 687 1836 725 suerit,
1869 689 2028 720 incertum.
2061 692 2123 722 Alii

1123 737 1207 777 apud
1226 737 1567 770 Castrum-Theudorici
1584 738 1742 781 przrfuisse
1755 741 1959 782 suspicantur,
1977 742 2025 772 alii
2041 744 2122 784 apud

1122 789 1334 828 Valencenas;
1353 790 1433 822 forte
1452 792 1553 833 petius
1581 791 1713 823 abbatim
1738 794 1982 825 Sancti-„loannis
2008 797 2124 826 Carno-

1121 843 1235 880 tensis,
1253 844 1303 874 cui
1316 854 1398 874 anno
1417 848 1498 876 1131
1517 844 1662 876 abbatem
1679 846 1804 877 nomine
1822 850 1985 888 Hugoncm
2004 859 2124 890 prmpo-

1121 895 1214 926 situm
1226 896 1304 938 lego.
1323 900 1437 928 Locum
1452 903 1617 939 utcumque
1634 898 1733 930 innuit
1749 900 1878 941 epistola
1896 904 1952 936 35,
1968 900 2123 932 abbatiam

1121 959 1234 991 nempe
1259 949 1369 981 ditioni
1387 950 1557 992 subjectam
1574 951 1747 983 'l'heobaldi
1764 953 1901 990 comitis,
1922 965 2012 995 quem
2031 954 2125 996 ipsius

1123 1003 1264 1043 Hugcmis
1281 1019 1295 1029 «
1311 1004 1463 1034 Comitem
1481 1019 1493 1030 ι»
1511 1005 1657 1046 appellat.
1676 1006 1824 1036 Existimo
1839 1018 1926 1043 011111,
1943 1007 1991 1037 cui
2008 1007 2123 1039 directa

1122 1061 1167 1085 est
1186 1066 1320 1097 praesens
1336 1057 1483 1098 epistola,
1503 1068 1567 1088 esse
1592 1058 1678 1088 illum
1695 1058 1732 1089 ad
1755 1070 1847 1100 quem
1869 1063 1959 1101 Hugo
1978 1061 2123 1091 Metellus

1122 1118 1178 1150 per
1199 1108 1231 1139 id
1259 1115 1379 1151 teinpus
1398 1111 1563 1141 canonicus
1588 1111 1735 1152 regularis
1758 1112 1840 1153 apud
1863 1113 2121 1144 Tullum-Leuco-

1122 1172 1191 1192 rum
1207 1186 1214 1199 ‚
1245 1163 1407 1204 epistolam
1436 1166 1478 1195 34
1506 1165 1747 1206 manuscriptam
1775 1165 1927 1207 inscripsit
1956 1182 1970 1191 α
1997 1168 2122 1207 Hugoni

1123 1230 1137 1240 >³
1159 1217 1340 1247 Carnotensi
1371 1217 1515 1258 magistro
1545 1218 1724 1248 venerabili.
1757 1234 1771 1244 »
1810 1222 1858 1248 An
1889 1222 1979 1259 Ilugo
2006 1220 2061 1250 iste
2091 1220 2122 1250 in

1121 1269 1260 1310 regimen
1285 1269 1419 1300 abbatia:
1437 1270 1682 1302 Sancti-Joannis
1700 1271 1783 1313 apud
1809 1274 1957 1302 Carnutes
1981 1273 2125 1303 successit

1121 1320 1298 1363 Stephano,
1327 1323 1380 1364 qui
1405 1333 1486 1353 anno
1510 1326 1616 1360 1128,
1638 1324 1752 1354 electus
1772 1323 1946 1365 patriarcha
1963 1326 2120 1367 Jerosoljf-

1121 1386 1263 1412 morum,
1287 1375 1326 1406 ad
1345 1386 1438 1417 quarn
1462 1376 1592 1418 epistola
1612 1379 1652 1407 82
1667 1379 1680 1406 Ρ
1694 1378 1844 1407 Casterum
1864 1387 1954 1418 quam
1978 1388 2042 1407 000
2059 1389 2122 1409 mc-

1121 1427 1234 1459 diocris
1258 1428 1440 1460 litteraturae
1461 1428 1570 1466 fuerit,
1590 1428 1701 1471 probat
1720 1429 1749 1459 in
1770 1429 1876 1471 primis
1900 1429 1951 1459 illa
1974 1430 2123 1461 librorum

1121 1482 1260 1523 supellex
1278 1482 1415 1513 ecclesiae
1443 1482 1612 1513 cathedrali
1632 1493 1794 1519 concessa;
1816 1483 1940 1524 insuper
1966 1483 2044 1514 liber
2070 1487 2125 1515 Sa-

1120 1541 1370 1574 crementorum,
1392 1536 1480 1577 cujus
1504 1537 1643 1567 meminit
1664 1536 1839 1567 Bernardus
1858 1537 1890 1567 10
1909 1536 2037 1578 epistola
2059 1541 2098 1569 35
2114 1550 2122 1576 ;

1120 1588 1154 1618 in
1173 1598 1237 1630 quo
1254 1588 1335 1620 libro
1356 1600 1428 1620 cum
1451 1589 1567 1631 aliquid
1591 1588 1631 1620 ad
1650 1588 1722 1620 fidei
1741 1589 1842 1631 apices
1861 1600 1923 1620 non
1942 1590 2014 1621 satis
2034 1601 2124 1622 accu-

1118 1647 1221 1672 ratum
1237 1641 1398 1673 admisisse
1414 1641 1672 1684 reprehendatur,
1692 1642 1782 1673 facile
1799 1643 1928 1673 inducor
1945 1643 1983 1674 de
2002 1654 2038 1674 eo
2059 1654 2124 1676 esse

1119 1693 1356 1737 intelligendum
1382 1698 1548 1737 Hugonem
1577 1696 1769 1726 Victorinum
1794 1696 1987 1726 Bernardum
2013 1707 2123 1728 consu-

1119 1747 1235 1779 lentem
1256 1748 1294 1779 de
1312 1749 1465 1780 sententia
1483 1748 1643 1790 cujusdam
1668 1749 1821 1786 auctoris,
1842 1749 1930 1779 aliter
1952 1760 2042 1790 quam
2067 1760 2124 1791 par

1121 1807 1218 1839 esset,
1242 1801 1281 1833 de
1306 1802 1463 1844 Baptismo
1480 1801 1657 1839 sentientis,
1682 1812 1774 1843 quem
1792 1801 1862 1832 ideo
1882 1812 2043 1843 suppresso
2068 1813 2125 1833 no-

1121 1854 1205 1885 mine
1229 1854 1418 1897 designarit,
1447 1855 1520 1896 quia
1545 1865 1645 1885 suum.
1669 1855 1811 1896 Denique
1832 1865 1895 1896 prae
1920 1854 2062 1888 manibus
2081 1861 2126 1886 est

1120 1907 1201 1938 liber
1226 1908 1454 1950 manuscriptus
1479 1908 1517 1939 de
1545 1908 1707 1939 Miraculis
1730 1907 1829 1938 beatae
1855 1907 1964 1939 Mariae
1989 1908 2124 1938 Suessio-

1120 1961 1224 1992 nensis
1241 1961 1280 1992 ab
1300 1961 1409 1993 eodem
1429 1961 1460 1992 in
1475 1960 1598 2002 triginta
1615 1967 1644 1992 et
1664 1972 1760 1991 unum
1775 1961 1876 2002 capita
1892 1960 2070 1997 distinctus,
2092 1961 2124 1991 in

1121 2014 1206 2055 cujus
1223 2015 1314 2046 titulo
1333 2014 1491 2052 scribitur,
1515 2029 1527 2039 α
1545 2017 1636 2055 Hugo
1653 2014 1788 2045 Farsitus
1805 2012 1988 2044 venerabilis
2006 2024 2123 2044 memo-

1122 2081 1137 2092 »
1156 2067 1222 2099 riae.
1250 2083 1265 2094 n
1292 2068 1352 2099 Hic
1378 2067 1458 2114 libes
1485 2073 1567 2098 totus
1594 2066 1694 2098 editus
1723 2073 1767 2098 est
1793 2066 1825 2097 in
1853 2066 1991 2097 Historia
2016 2066 2121 2108 gallica

1120 2121 1323 2162 parthenonis
1339 2120 1566 2154 Suessionensis
1578 2145 1585 2158 ,
1610 2126 1735 2151 auctore
1755 2126 1860 2151 nostro
1876 2119 2030 2151 Michaele
2047 2122 2123 2151 Ger-

1121 2185 1224 2206 mano.

1172 2231 1181 2259 1
1193 2231 1234 2259 82
1252 2232 1292 2260 D.
1308 2229 1488 2270 episcopum
1501 2233 1640 2258 sanctum
1654 2233 1684 2258 et
1700 2226 1836 2258 (10011011.
1848 2244 1893 2249 —
1904 2226 2006 2257 Fallor
2022 2225 2047 2257 si
2059 2237 2123 2257 non

1120 2282 1144 2313 is
1162 2289 1207 2313 est
1224 2282 1408 2313 Guillelmus
1425 2281 1463 2312 de
1483 2280 1648 2322 Campellis
1659 2305 1666 2318 ‚
1685 2280 1847 2322 episcopus
1866 2279 2096 2311 Catalaunensis
2111 2304 2118 2317 ,

1120 2335 1280 2366 Bai-nardo
1304 2334 1518 2372 charissimus,
1546 2344 1584 2364 ex
1607 2333 1695 2364 dictis
1721 2333 1759 2363 ad
1785 2332 1946 2374 epistolam
1971 2336 1988 2364 3
2010 2343 2016 2363 :
2036 2333 2122 2374 cujus

1120 2389 1278 2420 Guillelmi
1295 2389 1381 2419 varia
1406 2387 1583 2428 Theologiae
1601 2386 1749 2429 opuscula
1764 2386 1797 2416 10
1814 2385 1920 2416 0011100
1945 2385 2123 2416 Cheminio-

1120 2443 1208 2473 nensi
1231 2442 1370 2473 dioecesis
1388 2440 1621 2474 Catalaunensis
1647 2444 1857 2469 memorantur
1881 2438 1913 2468 in
1934 2437 2014 2468 libro
2037 2437 2118 2468 dicto

1120 2495 1303 2537 Panchrj-sis
1314 2519 1321 2533 ,
1344 2495 1376 2525 10
1392 2504 1453 2536 quo
1470 2493 1567 2524 multa
1585 2502 1693 2523 eorum
1708 2491 1878 2532 fragmenta
1893 2490 2079 2521 referuntur.

1173 2551 1235 2580 183
1266 2552 1305 2579 A.
1337 2546 1499 2579 Laudabili
1526 2544 1658 2588 principi
1691 2547 1960 2575 Tneonstno.-
1977 2543 2060 2573 Mira
2087 2549 2118 2574 et

1121 2612 1232 2644 magna
1248 2602 1313 2643 ejus
1330 2600 1470 2632 encomia
1489 2599 1601 2641 passim
1616 2599 1758 2639 leguntur
1775 2596 1857 2638 apud
1874 2596 2038 2638 scriptores
2053 2597 2119 2638 ejus

1121 2655 1229 2687 aetatis.
1253 2655 1418 2686 Ansehnus
1432 2652 1663 2685 Gemblacensis
1676 2650 1715 2681 ad
1728 2660 1844 2680 annum
1866 2653 1874 2679 1
1888 2652 1949 2680 134
1966 2659 1974 2679 ε
1988 2665 2002 2675 «
2018 2649 2121 2680 Theo-

1123 2724 1136 2735 »
1156 2708 1266 2739 baldus
1293 2718 1414 2745 comes,
1439 2722 1453 2732 »
1473 2706 1590 2747 inquit,
1611 2720 1623 2730 «
1642 2703 1794 2735 Blesensis
1817 2702 1881 2733 sive
1899 2702 2095 2732 Carnotensis
2109 2726 2116 2739 ‚

1121 2778 1136 2788 »
1155 2772 1219 2804 prze
1236 2761 1354 2792 cunctis
1366 2759 1558 2802 principibus
1574 2757 1682 2790 Gattiae
1693 2781 1701 2794 ‚
1717 2766 1828 2797 magno
1843 2755 1981 2797 pondere
1996 2755 2121 2797 justitiae

1121 2831 1136 2841 u
1156 2815 1271 2846 eminet
1293 2814 1323 2844 in
1346 2813 1493 2849 Francia,
1518 2811 1666 2852 religiosis
1682 2808 1841 2840 monachis
1857 2814 1887 2838 et
1909 2807 2027 2838 clericis
2052 2807 2121 2849 pius

1121 2884 1136 2895 »
1156 2879 1191 2899 30
1220 2866 1395 2903 familiaris,
1427 2864 1570 2896 Ecclesia*
1600 2862 1756 2899 defensor,
1785 2871 1957 2903 pauperum
1982 2860 2117 2902 adjutor,

1121 2938 1136 2948 »ι
1149 2921 1346 2952 moerentium
1359 2918 1544 2954 consolator,
1562 2916 1594 2946 in
1607 2914 1798 2947 commerciis
1811 2913 2036 2955 negotiatorum
2048 2923 2121 2943 cau-

1122 2990 1136 3001 »
1156 2981 1204 3005 tus
1225 2980 1254 3004 et
1276 2972 1424 3003 discretus
1436 2996 1443 3009 ‚
1464 2971 1496 3000 in
1514 2969 1574 3000 reis
1596 2975 1626 3000 et
1643 2979 1660 2999 3
1677 2974 1762 2998 recto
1779 2965 1975 2998 deviantibus
1993 2965 2075 2996 ultor
2091 2971 2123 2996 et

1121 3044 1134 3055 »
1155 3027 1279 3058 vindex.
1299 3041 1312 3052 u
1329 3025 1444 3056 Iisdem
1462 3023 1590 3054 omnino
1614 3021 1720 3063 elogiis
1739 3019 1913 3051 celebratur
1931 3019 1970 3049 ab
1990 3021 2122 3059 Hugone

1120 3080 1273 3112 monacho
1289 3076 1552 3110 Autissiodorensi
1564 3100 1571 3114 ‚
1591 3075 1632 3106 ad
1645 3084 1762 3105 annum
1780 3076 1878 3104 1136.
1893 3071 1986 3113 Quod
2005 3076 2121 3112 spectat

1121 3134 1161 3166 ad
1181 3132 1308 3175 justitiae
1332 3132 1450 3168 zelum,
1478 3129 1518 3160 ob
1536 3140 1629 3170 quem
1652 3126 1808 3170 praecipue
1829 3123 2061 3156 commendatur
2079 3121 2119 3152 ab

1120 3188 1180 3219 1100
1196 3186 1345 3219 Αο501100
1356 3209 1364 3222 ,
1386 3184 1504 3215 illustre
1519 3182 1617 3213 habes
1633 3185 1848 3222 argumentum
1872 3188 1909 3208 ex
1930 3175 2058 3217 epistola
2076 3176 2118 3205 39

1121 3248 1150 3272 et
1164 3240 1231 3271 aliis
1243 3264 1250 3277 ‚
1269 3249 1307 3269 ex
1329 3237 1441 3279 quihus
1460 3235 1605 3267 discimus
1620 3244 1714 3275 quam
1729 3231 1826 3273 rigide
1847 3230 1879 3260 in
1900 3225 2120 3259 monomachos

1122 3305 1139 3326 a
1167 3291 1361 3335 principibus
1388 3289 1453 3321 fere
1480 3288 1582 3319 ubivis
1608 3287 1771 3322 toleratos,
1798 3282 1933 3325 primus,
1961 3285 2011 3310 3111
2039 3283 2120 3308 certe

1124 3348 1203 3378 inter
1219 3345 1351 3387 primos,
1370 3341 1639 3377 animadverterit,
1655 3339 1687 3370 id
1702 3336 1785 3380 quod
1798 3335 1914 3367 clericis
1927 3334 2016 3373 longe
2031 3336 2121 3361 antea
