2517 3920
386 198 483 235 1019

382 286 584 326 possumus
610 273 739 309 deesse
764 271 974 322 oppressis,
1001 283 1079 307 non
1105 283 1242 319 negare
1273 267 1418 318 inin-⁴¹

379 337 473 373 riam
491 332 722 385 patientibus
733 332 932 381 judicium.
948 331 1024 369 Nisi
1038 331 1226 380 agitentur
1242 342 1362 366 causae
1374 358 1383 374 ,
1408 335 1435 366 A

380 396 582 433 audiantur
618 402 766 444 partes,
806 393 905 428 inter
940 400 1065 441 partes
1096 389 1260 439 judicari
1292 389 1384 438 quid

382 456 559 506 potesta?
578 454 780 503 Agitentur
812 464 952 495 causae,
991 450 1056 486 sed
1086 450 1182 485 sieut
1217 456 1381 498 oportet.

380 521 475 554 Nam
502 516 533 552 is
560 513 717 559 modus,
750 512 815 561 qui
846 512 1119 560 frequentatur,
1143 507 1384 545 exsecrabilis

383 578 514 627 plane;
544 584 582 612 et
612 574 703 624 qui,
737 585 815 609 non
842 571 926 607 dico
959 570 1189 614 Ecclesiam,
1218 567 1284 604 sed
1316 581 1384 604 nec

382 638 504 673 sorum
537 633 704 671 deceatb.
729 633 847 669 Miror
878 643 1041 679 namque
1061 627 1382 678 quemadmodum

384 697 566 746 religiosae
586 707 695 731 aures
717 702 789 729 tuae
811 691 941 728 audire
960 689 1147 726 sustinent
1165 687 1386 737 hujusmodi

383 755 657 806 disputationes
683 752 974 795 advocatorum,
1000 757 1037 785 et
1067 761 1211 798 pugnas
1242 747 1385 785 verbo-

385 831 490 862 rum,
522 830 606 865 quae
634 814 752 862 magis
783 812 830 848 ad
860 810 1171 855 subversionem,
1199 821 1311 858 quam
1340 808 1384 844 ad

384 877 643 914 inventionem
672 874 876 924 proliciunt
907 871 1087 909 veritatis.
1111 870 1268 919 Corrige
1298 882 1387 919 pra-

384 950 471 973 vum
500 948 664 979 morem,
686 942 721 969 et
741 931 905 982 praecide
934 932 1081 980 linguas
1114 930 1382 979 va11ilo‹1uas⁶‚

382 1006 419 1033 et
444 995 542 1032 labia
562 996 693 1031 dolosa
717 993 862 1029 claude.
886 993 935 1028 Hi
955 1000 1044 1028 sunt
1072 991 1137 1040 qui
1169 991 1384 1027 docuerunt

379 1059 525 1107 linguas
556 1069 641 1092 suas
668 1054 773 1104 loqui
802 1053 1060 1099 mendacium,
1080 1052 1212 1089 diserti
1245 1051 1384 1088 adver-
1405 1048 1432 1081 Β

379 1130 440 1154 sus
471 1116 682 1165 justitiam,
707 1113 845 1150 eruditi
877 1127 948 1163 pro
982 1113 1153 1149 falsitate.
1190 1112 1386 1162 Sapientes

379 1185 467 1214 sunt
495 1185 535 1213 ut
564 1175 705 1213 faciant
730 1175 895 1219 malum,
929 1174 1153 1222 eloquentes
1186 1181 1229 1208 ut
1261 1173 1387 1222 impu—

379 1245 495 1286 gnent
524 1249 669 1272 verum.
700 1235 749 1271 Hi
777 1243 866 1271 sunt
898 1234 964 1283 qui
995 1234 1189 1270 instruunt
1208 1246 1228 1269 a
1248 1232 1387 1282 quibus

383 1297 533 1334 fuerant
565 1294 797 1340 instruendi3
821 1294 1025 1330 adstruunt
1059 1307 1137 1330 non
1172 1301 1386 1343 comperta,

382 1357 448 1394 sed
476 1370 563 1403 sua;
585 1364 737 1393 struunt
769 1355 815 1391 de
847 1355 1007 1404 proprio
1039 1354 1245 1390 calumnias
1275 1354 1389 1390 inno-

383 1417 536 1463 centiae3
559 1417 760 1453 destruunt
793 1415 1073 1465 simplicitatem
1102 1414 1292 1460 veritam,
1319 1413 1389 1450 ob-

382 1486 535 1514 struunt
562 1476 697 1525 judicii
729 1475 819 1511 vias.
855 1475 954 1512 Nihil
993 1475 1041 1512 ita
1078 1475 1220 1525 absque
1259 1475 1390 1512 labore

384 1538 618 1574 manifestam
646 1537 733 1573 facit
753 1536 972 1582 veritatem,
1002 1544 1044 1572 nt
1071 1535 1197 1573 brevis
1225 1545 1262 1573 et
1293 1550 1391 1586 pura

383 1599 562 1635 narratio.
585 1601 683 1647 Ergo
708 1598 789 1633 illas
817 1610 910 1646 quas
938 1597 985 1633 ad
1006 1606 1041 1633 te
1062 1611 1213 1634 necesse
1233 1598 1305 1634 erit
1327 1598 1388 1634 in-

383 1669 481 1696 trare
504 1672 633 1695 causas
660 1658 807 1709 (neque
834 1658 934 1694 enim
955 1671 1086 1695 omnes
1106 1672 1258 1695 necesse
1280 1658 1390 1709 erit),

382 1720 581 1770 diligenter
611 1720 723 1756 velim
740 1749 748 1765 ,
778 1718 842 1755 sed
872 1718 1041 1755 breviter
1064 1719 1236 1756 decidere
1263 1732 1391 1755 assue-

379 1794 481 1827 scas,
509 1780 844 1829 frustratoriasque
871 1787 908 1815 et
940 1780 1156 1816 venatorias
1182 1779 1389 1829 praecidere
1406 1782 1432 1817 C

379 1841 590 1878 dilationes.
610 1843 730 1878 Causa
744 1839 869 1875 viduae
884 1839 1001 1875 intret
1018 1839 1065 1875 ad
1091 1847 1143 1884 te,
1165 1852 1277 1875 causa
1296 1852 1389 1888 pau-

378 1902 502 1951 peris,
526 1909 563 1937 et
595 1900 676 1950 ejus
710 1900 774 1949 qui
804 1913 882 1936 non
915 1899 1029 1936 habet
1061 1899 1166 1949 quod
1198 1899 1272 1936 det.
1295 1900 1387 1937 Aliis

380 1962 469 1998 alias
502 1961 640 1998 multas
670 1961 814 2010 poteris
841 1960 1078 1996 committere
1108 1961 1385 2007 terminandas,

381 2035 495 2071 quam
510 2022 638 2071 plures
651 2035 720 2057 nee
735 2021 867 2070 dignas
883 2021 1268 2070 audientiajiulicare.
1287 2022 1387 2070 Quid

1430 267 1441 285 1

380 2083 479 2119 enim
504 2095 601 2132 opus
619 2090 674 2118 est
693 2081 893 2118 admittere
913 2082 997 2118 illos
1011 2110 1020 2126 ,
1044 2096 1208 2131 quorum
1235 2092 1388 2132 peccata

380 2143 574 2179 manifesta
594 2151 680 2179 sunt
700 2142 952 2192 praecedentia
970 2142 1017 2179 ad
1034 2142 1221 2192 judicium
1238 2145 1251 2179 P
1268 2148 1388 2180 Tanta

380 2212 435 2239 est
452 2203 688 2252 impudentia
706 2203 981 2239 nonnullorum
993 2233 1002 2250 ,
1017 2212 1060 2240 ut
1075 2217 1161 2240 cum
1179 2204 1386 2241 manifestae

383 2263 600 2300 ambitionis
628 2262 824 2312 prurigine
852 2271 992 2299 scateat
1020 2272 1098 2300 tota
1126 2263 1238 2301 facies
1267 2278 1389 2301 causae

379 2337 536 2369 eornm,
564 2337 641 2359 non
673 2322 900 2359 erubescant
932 2322 1164 2360 audientiam
1196 2324 1389 2373 flagitare,

381 2384 619 2434 publicantes
640 2384 862 2434 semetipsos
889 2384 935 2420 ad
957 2385 1166 2421 multorum
1188 2385 1389 2422 conscien-

386 2447 472 2491 tias,
492 2446 529 2482 in
555 2459 631 2495 quo
657 2446 717 2481 vel
738 2459 814 2481 suae
840 2446 957 2482 solius
978 2446 1065 2482 satis
1097 2454 1276 2495 poterant
1298 2460 1392 2483 con-

385 2506 492 2542 fundi
517 2505 674 2554 judicio,
711 2509 796 2543 Non
831 2506 903 2542 fuit
934 2506 999 2555 qui
1030 2506 1251 2543 retunderet
1279 2507 1392 2543 attri-

382 2575 436 2602 tas
467 2566 631 2611 frontes;
656 2574 692 2601 et
714 2565 800 2602 ideo
823 2566 954 2615 plures
975 2566 1060 2602 facti
1090 2575 1197 2612 sunt,
1218 2576 1255 2603 et
1274 2568 1391 2617 magis
1410 2571 1442 2605 D

384 2626 649 2663 induruerunt.
681 2626 754 2663 Sed
784 2635 821 2663 et
848 2627 976 2663 nescio
1004 2627 1202 2676 quomodo
1233 2628 1393 2665 vitiosus

383 2685 631 2722 conscientias
646 2686 870 2722 vitiosorum
893 2699 969 2722 non
992 2686 1129 2736 refugit
1147 2695 1212 2723 :et
1231 2686 1295 2723 ubi
1311 2701 1391 2724 om-

384 2760 448 2783 nes
469 2747 642 2793 sordent,
664 2747 777 2784 unius
798 2748 898 2784 fetor
922 2747 1078 2784 minime
1099 2748 1275 2785 sentitur.
1299 2750 1391 2797 Quis

383 2807 483 2842 enim
513 2821 707 2856 unquam,
737 2807 845 2845 verbi
879 2822 1011 2855 causa,
1040 2822 1198 2846 avarum
1231 2823 1389 2857 avarus,

383 2865 623 2903 immundum
644 2867 865 2905 immundus
882 2899 891 2914 ,
908 2869 1150 2906 luxuriosum
1171 2869 1391 2907 luxuriosus

383 2925 562 2962 erubuit?
583 2927 699 2963 Plena
718 2937 773 2964 est
789 2928 998 2966 ambitiosis
1016 2929 1185 2966 Ecclesia
1206 2944 1214 2965 :
1236 2942 1313 2965 non
1335 2938 1391 2965 est

379 2984 457 3033 jam
474 2984 578 3033 quod
594 2985 746 3023 horreat
762 2988 801 3023 in
821 2989 954 3026 studiis
974 2998 1012 3026 et
1032 2987 1295 3026 molitionibus
1311 3002 1393 3025 am-

381 3043 558 3090 bitionis,
591 3059 670 3081 non
704 3047 789 3096 plus
813 3062 927 3097 quam
955 3050 1135 3099 spelunca
1161 3049 1318 3086 latronis
1353 3049 1390 3085 in

385 3105 516 3155 spoliis
533 3105 737 3142 viatorum.

431 3307 439 3321 ¹
455 3303 549 3331 Joan.
566 3311 614 3330 xu
630 3324 637 3336 ,
663 3304 716 3331 20.

1138 195 1172 230 S.
1204 192 1457 228 BERNARDI
1492 189 1691 225 ABRATIS

2434 78 2455 94 U

1815 329 1991 367 CAPUT
2021 329 2095 367 XI.

1452 464 1487 491 In
1506 460 1673 491 advocatos
1692 466 1721 490 et
1739 465 1975 501 procuratores,
1995 459 2048 501 qui
2068 470 2105 490 ex
2127 460 2289 502 iniquitate
2309 471 2456 505 quaestum

1652 513 1787 552 faciunt,
1813 524 1919 545 severe
1941 514 2260 548 animadvertendum.

2483 286 2485 356 !

2483 388 2486 420 1

2371 549 2380 561 Ι

1509 627 1568 663 14.
1603 626 1640 663 Si
1669 626 1808 663 Christi
1838 626 2046 677 discipulus
2074 640 2137 674 es,
2168 628 2336 678 ignescat
2358 632 2456 671 zelus
2484 638 2507 670 Ι,

1454 695 1562 732 tuus,
1590 695 1769 736 exsurgat
1801 687 2007 724 auctoritas
2039 687 2222 725 adversus
2256 689 2455 740 impuden-
2484 700 2510 739 μ

1454 747 1542 783 tiam
1569 747 1666 783 hanc
1689 756 1727 784 et
1746 749 1960 797 generalem
1988 757 2148 798 pestem.
2171 753 2325 787 Intuere
2342 753 2457 803 Magi·
2482 742 2507 799 l}

1453 814 1572 843 strum
1609 806 1661 843 sic
1696 807 1920 853 facientem,
1943 816 1981 844 et
2013 807 2103 844 audi
2134 807 2323 846 dicentem
2351 825 2359 846 ι
2385 812 2458 859 Qui
2483 808 2508 842 ²⁸

1454 867 1545 903 milti
1566 872 1779 912 ministrat,
1803 882 1861 904 me
1880 875 2097 917 sequatur¹.
2118 872 2204 906 Non
2224 876 2334 919 parat
2351 884 2457 911 aures
2483 858 2510 915 lt,

1453 936 1495 964 ut
1521 928 1672 974 audiat,
1696 929 1761 965 sed
1789 929 1979 979 flagellum
2001 942 2079 978 quo
2101 929 2222 966 feriat.
2249 929 2372 968 Verba
2392 945 2458 971 nec
2482 916 2499 971 l«

1454 986 1560 1034 facit,
1583 1001 1653 1024 nec.
1674 988 1822 1039 recipit.
1844 992 1921 1025 Nec
1939 988 2041 1024 enim
2060 988 2167 1025 sedet
2182 987 2375 1037 judicans,
2395 993 2458 1030 sed
2483 999 2486 1008 ‘

1453 1047 1670 1097 insequitur
1694 1048 1872 1097 puniens.
1900 1051 2060 1085 Causam
2090 1056 2217 1085 tamen
2244 1062 2322 1085 non
2345 1057 2458 1100 tacet,
2482 1033 2511 1097 l}

1454 1108 1558 1157 quod
1584 1108 1763 1145 videlicet
1788 1108 1947 1145 domum
1974 1108 2175 1155 orationis,
2199 1109 2460 1158 negotiationis
2484 1102 2510 1157 Ἰἰ)

1455 1169 1645 1206 fecissent.
1669 1172 1769 1219 Ergo
1801 1178 1838 1206 et
1863 1178 1902 1206 tu
1935 1170 1992 1206 fac
2022 1169 2207 1206 similiter.
2232 1163 2509 1212 E1·ubescant⁴e';

1453 1230 1602 1266 vultum
1638 1238 1745 1266 tuum
1776 1229 1990 1267 istiusmodi
2023 1229 2302 1279 negotiat01·e5‚
2325 1230 2354 1267 si
2384 1231 2461 1269 fieri
2483 1229 2509 1284 sl

1455 1298 1583 1339 potest
1605 1305 1612 1326 :
1635 1291 1665 1327 si
1690 1304 1788 1337 non,
1811 1291 1982 1327 timeant.
2005 1294 2053 1328 Et
2070 1298 2112 1326 tu
2131 1290 2321 1340 flagellum
2349 1298 2458 1329 tenes.
2482 1294 2507 1327 ἰ

1455 1351 1629 1388 Timeant
1657 1351 1923 1398 nummularii,
1955 1364 2026 1388 nec
2060 1351 2181 1388 fidant
2207 1351 2247 1387 in
2279 1351 2459 1399 nummis,
2482 1367 2507 1390 a

1457 1411 1522 1448 sed
1544 1412 1742 1459 diffidant3
1764 1411 2004 1449 abscondant
2024 1424 2074 1448 aes
2096 1424 2205 1448 suum
2227 1424 2249 1447 a
2268 1419 2322 1457 te,
2341 1411 2460 1448 scien-
2482 1419 2503 1444 ἰ

1458 1481 1511 1509 tes
1536 1472 1753 1519 effundere,
1775 1486 1891 1523 quam
1917 1473 2090 1522 accipere
2111 1472 2356 1522 paratiorem.
2384 1476 2462 1510 Hoc
2481 1464 2507 1511 Ἡ

1457 1533 1626 1570 studiose
1649 1542 1685 1570 et
1708 1541 1930 1570 constanter
1956 1532 2126 1583 agendo,
2151 1532 2293 1569 multos
2316 1532 2463 1570 lucrifa-
2481 1542 2507 1584 ξι·

1458 1594 1551 1640 cies,
1574 1594 1742 1644 turpium
1774 1602 1978 1630 sectatores
2006 1594 2202 1630 lucrorum
2232 1592 2461 1630 honestiori-
2481 1601 2508 1657 Μιξ

1459 1652 1530 1690 bus
1549 1654 1685 1691 officiis
1701 1654 1933 1691 vindicando
1953 1669 1960 1690 :
1980 1654 2140 1699 multos,
2156 1666 2204 1689 ne
2224 1653 2284 1690 vel
2303 1652 2462 1690 audeant
2481 1650 2507 1712 2⁴3

1458 1713 1680 1763 hujusmodi
1718 1723 1925 1761 attentare,
1959 1714 2139 1751 servabis.
2174 1712 2309 1762 Adjice
2348 1712 2458 1760 illud,
2481 1709 2485 1714 ’

1454 1775 1559 1825 quod
1580 1789 1659 1812 non
1678 1789 1813 1826 parum
1830 1776 2006 1826 proficiet
2026 1783 2064 1812 et
2083 1775 2130 1812 ad
2155 1775 2265 1812 ferias
2287 1787 2380 1824 quas
2397 1772 2459 1811 tibi
2481 1765 2485 1770 ⁴

1456 1836 1610 1873 suadeo.
1626 1840 1682 1873 Ita
1700 1850 1838 1887 nempe
1852 1850 1931 1873 non
1946 1849 2070 1886 pauca
2085 1835 2154 1872 tibi
2168 1842 2362 1872 momenta
2376 1843 2462 1872 tem·
2474 1859 2485 1879 2,
2505 1839 2507 1842 ’

1455 1910 1594 1946 porum
1627 1897 1791 1934 redimes
1820 1897 1867 1933 ad
1898 1896 2114 1933 vacandum
2148 1893 2485 1942 considerationi,}

1455 1956 1652 2005 quaedam,
1674 1965 1715 1993 ut
1738 1956 1836 2003 dixi,
1858 1956 2012 2005 negotia
2031 1969 2102 1993 nec
2127 1955 2318 1992 audiendo
2332 1985 2342 2002 ,
2363 1963 2463 2005 quae's

1456 2016 1541 2053 dam
1563 2017 1643 2053 aliis
1662 2016 1938 2053 committendo
1956 2031 1964 2053 ε
1987 2030 2072 2066 quae
2093 2024 2158 2053 tua
2179 2016 2292 2066 digna
2311 2023 2462 2066 putave-
2484 2020 2486 2027 ⁸

1455 2078 1505 2115 ris
1529 2078 1738 2124 audientia,
1764 2078 1866 2115 fideli
1886 2078 2054 2128 quodam
2072 2085 2109 2114 et
2124 2076 2372 2114 accommodo
2393 2075 2462 2126 ipsi

1454 2152 1577 2176 causae
1598 2138 1828 2188 compendio
1851 2138 2106 2176 terminando.
2121 2142 2178 2176 De
2197 2151 2272 2188 qua
2293 2136 2461 2174 conside·-

1456 2200 1603 2236 ratione
1619 2200 1676 2236 his
1691 2199 1830 2236 addere
1845 2200 1973 2249 aliqua
1986 2199 2111 2249 cogito
2122 2227 2131 2243 ‚
2149 2198 2215 2235 sed
2229 2197 2300 2235 sub
2314 2197 2460 2234 alterius
2482 2220 2484 2231 .

1456 2273 1546 2297 sane
1574 2260 1766 2310 principio
1788 2259 1876 2297 libri
1905 2275 1912 2298 :
1940 2251 2054 2310 atque
2080 2260 2141 2297 hic
2159 2260 2207 2297 sit
2234 2259 2319 2296 finis
2337 2258 2460 2303 istius,

1458 2333 1506 2357 ne
1537 2321 1657 2371 duplo
1693 2329 1729 2358 te
1767 2330 1902 2358 oneret
1935 2321 2060 2358 minus
2089 2320 2215 2358 suavis
2252 2318 2398 2364 oratio,
2432 2315 2483 2375 si¹

1458 2381 1573 2431 longa
1599 2382 1723 2418 fuerit.

425 3363 436 3376 ²¹
454 3360 538 3390 Alias
551 3384 558 3397 ,
580 3360 661 3390 Inter
676 3360 940 3404 parlesjudicm·e
961 3362 1030 3405 quis
1042 3370 1160 3405 polest.
1175 3383 1211 3386 v
1242 3358 1256 3380 ¹'
1271 3365 1356 3396 Alias
1368 3389 1375 3400 ,
1396 3365 1527 3396 fla-efer.
1547 3384 1584 3388 -r
1608 3362 1621 3384 ὁ
1640 3364 1726 3396 Alias
1740 3388 1748 3401 ,
1766 3362 1964 3409 maliloquas.
