2517 3936
76 209 172 247 1105
620 210 907 246 TRACTATUS
935 211 1001 246 DE
1031 210 1222 247 OFFICIO
1251 214 1606 253 EPISCOPORt'M.
2055 225 2149 259 1106

71 298 108 326 et
122 286 374 340 popularibus
385 286 622 324 hominibus:
643 289 829 338 autcapiti
847 290 912 325 liat
925 289 1078 338 injuria,
1094 288 1141 307 ⁴⁶⁵
1160 290 1282 327 facere
1303 291 1476 336 audeam,
1495 290 1680 341 jubetque
1698 295 1753 329 ori
1774 308 1925 332 manum
1946 312 2151 348 apponere,

71 350 103 387 si
125 348 216 400 ipsis
253 346 462 397 forcipibus
494 347 622 396 capilli
651 357 913 385 excrescentes
942 349 1082 385 dcton-
1101 362 1134 395 Α
1153 349 1282 386 dicens
1304 350 1547 394 monachum,
1563 351 1629 399 qui
1647 365 1723 388 non
1745 353 1900 391 habeam
1915 356 2084 404 judicare
2105 360 2151 396 dc

72 409 246 455 deantur,
279 407 420 458 quibus
445 416 482 443 et
518 408 705 456 unguium
737 408 876 445 fuerint
913 417 1080 446 resecata

71 469 275 519 superflua.
312 470 488 504 Attamen
521 467 552 502 si
580 466 838 515 dedignantur
877 469 960 517 pari
994 481 1079 505 cum

71 528 318 574 mulierculis,
338 540 415 564 non
435 525 588 576 quidem
607 539 628 562 a
648 539 721 572 me,
743 527 809 563 sed
829 526 876 563 ab
893 529 1082 577 Apostolo

72 587 176 626 feriri
192 587 394 632 sententia,
413 585 669 635 dedignentur
689 594 727 622 et
743 599 827 622 cum
844 586 935 635 ipsis
950 586 1083 622 cadem

71 647 346 697 involviculpa.
358 645 586 695 Despiciant
603 643 681 694 jam
695 645 898 681 textricum
914 646 992 682 sive
1006 645 1085 694 pel-

71 706 212 744 lificum
226 735 237 751 ,
253 715 291 744 et
311 718 389 743 non
411 705 581 756 propriis
597 703 780 754 operibus
793 704 959 754 gloriari.
980 708 1085 741 Hor—

71 775 181 805 reant
193 775 232 804 et
242 767 407 804 murium
424 764 633 802 rubricatas
646 765 856 815 pelliculas,
873 777 967 814 quas
981 765 1086 814 gulas

70 835 213 865 vocant
226 827 257 873 *,
270 826 447 864 manibus
457 825 695 863 circumdare
706 825 876 871 sacratis,
887 833 924 861 et
938 827 1084 861 sacran-

72 886 175 925 tibus
196 887 394 924 tremenda
410 887 602 936 mysteria.
619 890 818 936 Respuant
834 895 872 923 et
888 898 1085 936 apponere

69 948 233 998 pectori,
248 947 351 997 quod
368 947 566 984 decentius
581 955 693 983 ornat
711 959 860 996 gemma
877 946 1084 996 sapientire.

69 1007 214 1046 Pudeat
237 1015 276 1044 et
301 1007 402 1044 collo
430 1007 730 1053 circumtexere,
754 1006 860 1056 quod
890 1006 1088 1042 honestius

1147 409 1347 459 episcopis.
1375 410 1530 447 Utinam
1560 418 1597 446 ct
1627 411 1758 447 oculos
1792 414 1881 449 milii
1910 416 2085 460 claudas,
2110 427 2149 454 ut

1151 482 1219 505 nec
1240 482 1398 506 cernere
1418 482 1568 518 possem
1587 498 1597 516 ,
1632 484 1714 519 quae
1739 473 1997 510 contradicere
2017 477 2150 524 prohi-

1149 530 1227 566 bes.
1247 533 1384 579 Magna
1401 542 1492 566 vero
1508 531 1776 580 praesumptio,
1805 531 1833 567 si
1858 533 1938 568 ovis
1956 547 2038 569 cum
2064 536 2150 581 sim,

1149 590 1188 625 in
1218 590 1342 638 ipsum
1372 597 1563 638 pastorem
1593 602 1718 625 mcum
1761 590 1869 640 lupas
1909 593 2150 640 saeris-simas,

1150 650 1357 685 vanitatem
1386 658 1422 686 et
1448 649 1721 694 curiositatem,
1741 651 1886 687 irrucrc
1903 665 2074 699 cerneus,
2093 654 2153 690 in-

1152 710 1358 755 fremuero,
1382 722 1460 758 quo
1482 709 1528 745 ad
1548 722 1671 745 mcum
1695 709 1790 746 sorte
1808 709 1973 747 balatum
1992 714 2154 748 cruentis

1152 768 1283 806 bestiis
1309 782 1330 805 a
1364 769 1544 819 quopiam
1577 777 1812 821 occurratur,
1847 778 1883 805 et
1915 781 2156 809 succurratur

1151 830 1336 880 peritum.
1359 829 1458 878 Quid
1487 830 1625 866 facient
1643 829 1688 866 de
1705 843 1778 875 me,
1803 830 1867 879 qui
1883 831 2031 868 ovicula
2051 846 2131 869 sum
2144 863 2152 878 ,

1152 904 1237 940 quae
1265 899 1302 927 et
1329 891 1367 927 in
1400 891 1523 940 ipsum
1546 899 1738 940 pastorem
1762 898 1865 927 tanta
1886 891 2033 928 feritate
2063 893 2154 930 insi-

1152 950 1275 987 liunt?
1296 955 1342 987 Et
1361 950 1513 1000 quidem
1531 951 1561 987 si
1579 964 1658 987 non
1678 951 1760 987 ⁷vult
1776 959 1817 987 ut
1835 951 1990 988 clamem
2007 966 2078 1002 pro
2096 967 2134 990 se
2149 984 2157 999 ,

1156 1011 1341 1060 numquid
1360 1024 1437 1047 non
1455 1019 1491 1047 et
1507 1024 1577 1060 pro
1599 1024 1657 1047 me
1673 1009 1801 1047 balare
1820 1011 1975 1047 licebit?
1994 1012 2065 1049 Sed
2086 1014 2153 1050 etsi

69 1068 186 1118 atque
225 1068 379 1105 suavius
414 1067 554 1106 Christi
584 1066 678 1117 jugo
713 1066 964 1104 submittitur.
1000 1070 1086 1104 Non
1104 1070 1131 1105 B
1153 1084 1222 1121 ego
1244 1072 1350 1117 sileo,
1369 1085 1416 1108 ne
1433 1062 1579 1121 ponere
1592 1070 1723 1107 videar
1739 1071 1777 1107 in
1795 1071 1929 1107 coelum
1951 1085 1993 1109 os
2013 1085 2153 1119 mcum,

69 1128 208 1167 Christi
235 1128 411 1179 stigmata
444 1136 534 1165 sunt
551 1128 647 1174 haec,
671 1141 756 1178 quae
785 1128 845 1164 isti
868 1136 1081 1176 martyrum

69 1189 248 1239 exemplo
284 1189 557 1226 circumferant
584 1188 623 1225 in
653 1201 817 1238 corpore
844 1201 926 1225 suo.
945 1188 1083 1225 Mulie-

68 1248 152 1286 bria
168 1249 297 1300 potius
321 1262 402 1286 6556
419 1257 634 1286 1105611111111·
649 1248 825 1298 insignia,
847 1261 932 1298 quae
954 1249 1086 1298 utique

68 1308 255 1346 curiosius
290 1316 329 1345 et
358 1308 620 1359 sumptuosius
658 1308 732 1345 illae
765 1307 838 1345 sibi
867 1320 1086 1358 praeparare

68 1378 382 1416 consueverunt,
413 1370 623 1420 cogitantes
652 1369 834 1406 nimirum
871 1382 956 1419 quae
997 1376 1086 1406 sunt

68 1430 221 1476 mundi,
241 1430 440 1480 quomodo
456 1431 634 1481 placeant
653 1430 756 1466 viris.

121 1491 159 1528 5.
189 1494 334 1529 Verum
362 1498 402 1527 tu
417 1519 426 1537 ,
448 1490 627 1528 sacerdos
646 1490 718 1527 Dei
744 1489 935 1536 altissimi,
957 1490 1019 1526 cui
1039 1503 1087 1526 ex

67 1550 126 1588 his
144 1550 294 1601 placere
313 1551 445 1600 gestis,
468 1550 629 1596 mundo,
649 1563 696 1587 an
721 1552 827 1587 Deo?
852 1550 889 1588 Si
911 1550 1057 1587 mundo
1076 1580 1085 1597 ,

68 1624 138 1648 cur
156 1610 361 1648 sacerdos?
381 1611 418 1648 Si
435 1614 519 1648 Deo
532 1640 541 1657 ,
563 1624 632 1648 cur
647 1611 773 1661 qualis
794 1611 982 1661 populus,
1002 1611 1087 1647 talis

68 1679 107 1708 et
135 1670 344 1708 sacerdos?
374 1674 468 1708 Nam
494 1671 525 1707 si
554 1671 706 1721 placere
732 1670 787 1706 vis
808 1670 968 1716 mundo,
992 1670 1085 1720 quid

70 1730 141 1768 tibi
160 1731 320 1781 prodest
338 1730 622 1768 sacerdotium?
642 1734 719 1768 'Nec
740 1731 840 1767 enim
862 1739 970 1782 potes
985 1730 1085 1767 duo-.

66 1790 140 1829 bus
157 1791 323 1828 dominis
339 1791 494 1829 servire.
515 1794 591 1839 Qui
604 1801 732 1827 autem
750 1794 834 1828 vult
849 1796 990 1827 atm'cus
1007 1805 1085 1827 esse

67 1853 178 1900 hujus
210 1855 364 1899 mundi,
400 1857 579 1889 inimicus
606 1856 681 1889 Dei
705 1857 944 1894 constituitur
973 1858 983 1872 ¹

66 1913 257 1965 propheta
270 1943 280 1960 ,
301 1915 404 1950 Deus
417 1941 429 1959 ,
451 1913 579 1963 inquit
593 1943 603 1961 ,
627 1912 828 1962 dissipabit
850 1927 933 1949 ossa
959 1927 1085 1949 eorum

67 1979 133 2024 qui
153 1973 368 2010 hominibus
391 1976 548 2023 placent
556 1988 571 2018 ‚·
600 1972 747 2022 confusi
771 1983 854 2010 sunt
862 2002 872 2018 ,
903 1978 1086 2022 quoniam

66 2037 169 2072 Deus
197 2039 337 2085 sprevit
364 2048 426 2071 eos
447 2040 460 2056 ²
483 2049 491 2071 ε
510 2042 549 2071 et
569 2035 795 2084 Apostolus,
818 2035 858 2070 Si
871 2033 1084 2070 hominibus

63 2097 284 2144 placerem,
327 2094 464 2131 Christi
490 2108 614 2131 servus
652 2108 725 2131 non
753 2108 866 2130 essem
887 2093 912 2131 3.
938 2095 1081 2131 Volens

39 2182 41 2187 .
66 2153 195 2204 itaque
224 2154 374 2204 placere
403 2153 646 2201 hominibus,
670 2158 753 2192 Deo
779 2168 856 2191 non
874 2154 1001 2204 places
1022 2155 1080 2192 :si

66 2227 146 2252 non
165 2215 293 2265 places
307 2244 317 2261 ,
334 2227 413 2251 non
434 2215 573 2265 placas.
599 2217 675 2252 Cur
693 2228 784 2265 ergo
799 2243 808 2260 ,
832 2223 875 2251 ut
895 2214 973 2251 dixi
990 2244 1000 2261 ,
1022 2229 1082 2252 sa-

67 2275 228 2313 cerdos?
247 2276 284 2314 Si
301 2289 409 2322 vero,
430 2275 534 2326 quod
551 2276 704 2321 addidi,
723 2277 876 2326 placere
890 2277 1056 2314 intendis
1070 2306 1079 2323 ,

66 2347 146 2372 non
165 2335 332 2382 mundo,
354 2335 422 2373 sed
444 2339 524 2372 Deo
542 2351 550 2373 :
571 2349 640 2373 cur
656 2337 778 2386 qualis
794 2337 974 2387 populna
998 2338 1082 2375 talis

67 2403 106 2432 et
135 2395 341 2433 sacerdos?
357 2396 566 2433 Enimvero
597 2397 627 2433 si
648 2397 825 2434 sacerdos
852 2406 982 2447 pastor
1001 2407 1078 2445 est,

67 2463 106 2493 et
114 2456 282 2507 populus
294 2469 406 2503 oves3
420 2456 579 2507 dignum
592 2466 646 2495 est
665 2466 707 2494 ut
722 2458 760 2494 in
775 2458 881 2494 nullo
897 2468 1081 2509 appareat

67 2515 206 2553 ovibus
220 2525 354 2566 pastor
373 2516 591 2554 dissimilis?
613 2518 649 2555 Si
670 2518 789 2555 instar
810 2519 897 2564 mei,
915 2519 979 2568 qui
997 2519 1080 2556 ovis

66 2588 176 2624 sum,
196 2584 330 2627 pastor
360 2590 468 2614 meus
499 2585 536 2614 et
564 2577 646 2627 ipse
672 2578 858 2615 incurvus
888 2579 1076 2628 graditur,

1153 1133 1338 1169 clamatur
1368 1141 1491 1169 tamen
1514 1132 1553 1168 in
1573 1131 1738 1168 Ecclesia
1757 1146 1764 1167 z
1786 1132 1869 1166 Xon
1892 1136 1930 1167 ιή
1951 1142 2050 1168 veste
2065 1147 2153 1180 pre-

1152 1197 1262 1229 tiosa.
1294 1193 1485 1229 Clamatur
1511 1200 1635 1228 autem
1666 1192 1878 1241 specialiter
1898 1191 1944 1227 ad
1968 1192 2124 1229 feminas
2144 1209 2151 1229 :

1152 1260 1196 1288 ut
1215 1251 1414 1288 erubescat
1431 1252 1470 1287 in
1502 1264 1540 1287 se
1562 1250 1796 1300 deprehendi
1816 1251 2029 1300 episcopus,
2050 1252 2153 1300 quod

1152 1312 1193 1348 in
1223 1312 1406 1361 fragiliori
1431 1324 1584 1361 quoque
1612 1323 1703 1346 sexu
1730 1309 1890 1346 audierit
1915 1310 2152 1359 reprehendi.

1153 1376 1213 1410 An
1239 1372 1336 1408 forte
1360 1371 1464 1408 nulla
1490 1371 1644 1407 timetur
1676 1370 1872 1415 confusio,
1908 1370 1938 1406 si
1960 1384 2028 1419 ego
2055 1371 2155 1407 solus

1153 1431 1425 1468 submussitare
1445 1430 1621 1466 desiero?
1651 1429 1845 1478 Numquid
1874 1429 1943 1466 etsi
1978 1442 2046 1479 ego
2078 1443 2152 1466 non

1155 1493 1309 1542 loquor,
1341 1505 1407 1528 sua
1432 1491 1569 1540 cuique
1598 1504 1677 1527 non
1705 1490 1875 1540 loquitur
1901 1491 2156 1528 conscientia?

1153 1552 1254 1600 Quid
1273 1552 1302 1589 si
1319 1552 1413 1588 alius
1428 1551 1609 1588 audacior
1625 1563 1703 1596 me,
1719 1563 1797 1586 non
1818 1549 1972 1599 quidem
1991 1550 2036 1586 de
2046 1556 2154 1600 Apo-

1154 1613 1251 1649 stolo
1267 1642 1276 1658 ‚
1302 1621 1342 1649 ut
1362 1625 1451 1662 cgo3
1474 1625 1552 1647 non
1574 1610 1620 1647 de
1640 1610 1845 1659 Evangelio
1862 1638 1870 1654 ‚
1895 1623 1971 1645 non
1995 1610 2040 1646 de
2061 1614 2156 1647 Pro-

1152 1673 1268 1723 pheta
1287 1701 1296 1718 ,
1324 1686 1401 1709 non
1432 1672 1596 1721 denique
1624 1670 1818 1720 quidpiam
1844 1670 2153 1716 ecclesiasticum,

1152 1733 1218 1770 sed
1246 1732 1340 1769 illud
1371 1741 1515 1768 tantum
1538 1731 1756 1781 gentilicum
1778 1731 1926 1779 ingerat
1948 1745 1954 1766 :
1973 1748 1986 1762 α
2008 1730 2128 1767 Dicite
2142 1760 2150 1773 ‚

1152 1810 1167 1826 υ
1187 1794 1406 1844 pontifices,
1427 1810 1441 1825 υ
1464 1806 1540 1829 non
1560 1791 1712 1841 quidem
1734 1808 1748 1823 «
1769 1791 1807 1826 in
1834 1798 1976 1835 sancto,
1998 1808 2012 1823 »
2029 1791 2093 1827 scd
2115 1791 2152 1826 in

1016 1867 1023 1888 :
1048 1861 1086 1889 61
1107 1862 1133 1898 C
1154 1854 1283 1900 freno,
1301 1871 1316 1886 «
1339 1853 1429 1904 quid
1457 1853 1544 1889 facit
1567 1865 1701 1888 aurum
1734 1853 1748 1887 .³
1780 1869 1793 1883 υ
1818 1854 1939 1898 Quam
1975 1850 2154 1887 tolerabi-

1153 1915 1226 1953 lius
1242 1916 1413 1952 cernitur
1428 1914 1467 1950 in
1492 1921 1637 1958 sancto,
1657 1926 1770 1962 quam
1788 1912 1826 1948 in
1844 1912 1949 1948 freno
1966 1916 1973 1948 ἴ
1994 1915 2076 1949 Hoc
2097 1925 2155 1948 me

1152 1976 1266 2012 etiam
1284 1983 1451 2021 tacente,
1471 1974 1540 2010 etsi
1560 1986 1636 2009 non
1654 1973 1756 2009 curia
1778 1986 1928 2022 regum,
1948 1981 2071 2009 tamen
2088 1986 2155 2022 pe-

1148 2036 1258 2072 nuria
1283 2048 1497 2086 pauperum
1520 2034 1666 2070 clamat.
1694 2033 1806 2069 Sileat
1830 2033 1916 2068 licet
1944 2033 2053 2077 fama,
2090 2031 2153 2068 sed

1148 2109 1227 2133 non
1250 2097 1377 2133 fames.
1396 2099 1509 2133 Fama
1530 2094 1683 2144 quidem
1701 2093 1808 2138 silet,
1827 2093 1915 2142 quia
1933 2106 2010 2129 non
2028 2100 2152 2142 potest

1148 2157 1315 2194 mundus
1331 2156 1454 2193 odisse
1471 2168 1552 2191 vos.
1573 2158 1665 2191 Nam
1688 2152 1883 2203 quomodo
1900 2160 2031 2202 arguet
2045 2166 2153 2189 mun—

1151 2217 1221 2254 dus
1240 2226 1459 2268 peccatum,
1483 2229 1501 2251 a
1529 2228 1604 2264 quo
1626 2214 1752 2264 potius
1779 2213 1955 2250 laudatur
1975 2222 2151 2263 peccator

1149 2278 1189 2314 in
1204 2278 1398 2315 desideriis
1415 2276 1549 2313 animae
1563 2288 1652 2321 suae,
1668 2283 1703 2311 et
1719 2274 1874 2323 iniquus
1890 2272 2150 2309 benedicitur?

1206 2340 1240 2376 7.
1256 2339 1428 2377 Clamant
1444 2349 1535 2373 vero
1553 2335 1667 2380 nudi,
1684 2336 1846 2371 clamant
1865 2334 2039 2378 famelici,
2061 2346 2151 2370 con-

1149 2408 1377 2449 queruntur,
1404 2406 1440 2434 et
1460 2397 1590 2433 dicunt
1611 2410 1619 2432 z

1220 2521 1340 2559 Dicite,
1359 2520 1538 2564 pontifices,
1559 2518 1591 2549 in
1608 2517 1694 2548 freno
1711 2516 1785 2558 quid
1799 2516 1873 2547 facit
1890 2526 2000 2546 aurum
2015 2514 2054 2554 ἦῆ

65 2637 213 2674 vultum
244 2650 382 2687 gerens
407 2637 608 2684 deorsum,
625 2647 663 2675 et
683 2647 822 2675 terram
846 2652 998 2689 semper
1017 2654 1079 2676 re-
1095 2642 1129 2675 D
1146 2634 1340 2685 Numquid
1372 2646 1506 2670 aurum
1546 2644 1565 2667 a
1607 2630 1713 2666 freno
1742 2628 1890 2678 repellit
1920 2628 2035 2676 frigus
2066 2625 2150 2662 sive*

66 2695 252 2747 spiciens,
280 2705 318 2733 et
347 2697 416 2734 soli
447 2697 575 2734 ventri
602 2706 730 2736 mente
752 2697 910 2747 jejunus
938 2697 1079 2748 pabula

65 2758 296 2806 quaeritans;
317 2757 359 2794 iu
384 2771 463 2808 quo
485 2757 764 2796 discernimur?
780 2763 858 2806 Vae,
877 2760 907 2796 si
932 2760 1079 2796 venerit

65 2814 193 2867 lupus,
213 2830 292 2854 non
306 2817 380 2854 erit
394 2817 461 2867 qui
474 2818 698 2868 praevideat,
717 2819 784 2868 qui
804 2828 993 2866 occurrat,
1012 2820 1078 2869 qui

65 2876 212 2927 eripiat.
235 2880 406 2915 Decetne
429 2887 622 2928 pastorem
649 2892 758 2916 more
780 2893 964 2930 pecorum
990 2893 1077 2916 sen-

66 2935 169 2975 sibus
196 2937 380 2976 incubare
407 2939 626 2989 corporeis,
663 2939 808 2976 haerere
830 2940 990 2986 infimis,
1014 2940 1075 2976 in-

64 2995 169 3034 hiare
191 2998 354 3036 terrenis
374 3013 382 3035 :
406 3007 445 3036 et
465 3012 544 3036 non
564 2999 694 3050 potius
722 3008 890 3037 erectum
912 3008 1012 3037 stare
1033 3009 1076 3037 ut

63 3054 274 3106 hominem,
293 3060 431 3097 coelum
453 3068 580 3098 mente
596 3060 802 3110 suspicere,
821 3074 906 3110 quae
922 3074 1073 3098 sursum

65 3125 154 3154 sunt
190 3126 228 3155 et
258 3132 454 3169 quaerere,
481 3129 520 3158 et
546 3134 705 3171 sapere,
739 3134 818 3158 non
847 3134 932 3171 quae
959 3134 1075 3171 super

65 3180 230 3216 terram?

118 3239 155 3276 6.
172 3241 358 3278 Caeterum
380 3241 474 3279 mihi
498 3241 735 3293 indignatur,
762 3242 792 3279 si
820 3242 879 3278 vel
903 3250 1037 3278 nutum
1058 3247 1072 3263 «Ἰ

113 3377 124 3393 ¹
140 3373 250 3406 Jacobi
268 3386 315 3413 xv,
335 3378 364 3407 4.
387 3395 430 3399 ———
453 3383 466 3398 ²
488 3378 569 3409 Psal.
591 3390 656 3417 Lu,
677 3383 707 3410 6.
728 3396 761 3401 --
789 3375 801 3398 3
824 3377 926 3408 Galat.
949 3388 979 3414 1,
1006 3379 1056 3407 10.
1079 3394 1121 3398 ,-
1143 3373 1156 3401 -1
1180 3371 1324 3408 Persius,
1346 3373 1409 3402 Sat.
1442 3372 1482 3406 8,
1515 3378 1582 3399 xers
1603 3370 1655 3398 69-

1146 2697 1336 2734 esuriem?
1363 2692 1480 2731 Nobis
1515 2691 1652 2740 frigore
1684 2697 1720 2726 et
1753 2689 1849 2724 same
1883 2685 2146 2723 miserabiliter

1146 2754 1422 2796 laborantibus,
1441 2752 1531 2802 quid
1554 2750 1755 2787 conserunt
1775 2756 1831 2784 tot
1847 2746 2062 2791 mutatoria,
2083 2746 2148 2782 vel

1146 2825 1301 2853 extensa
1328 2815 1366 2851 in
1402 2812 1576 2863 perticis,
1606 2810 1665 2846 vel
1703 2808 1838 2858 plicata
1874 2808 1913 2843 in
1947 2806 2145 2842 manticis?

1143 2881 1323 2915 Nostrum
1350 2882 1405 2911 est
1427 2871 1530 2922 quod
1551 2869 1769 2915 effunditis;
1798 2867 1909 2904 nobis
1940 2866 2145 2903 crudeliter

1143 2937 1397 2980 subtrahitur,
1430 2932 1534 2982 quod
1565 2930 1730 2967 inaniter
1750 2928 1974 2979 expenditis.
1994 2931 2041 2964 Et
2075 2939 2152 2965 nos»

1142 2999 1242 3036 enim
1278 2996 1348 3034 Dei
1378 2993 1594 3045 plasmatio,
1627 3000 1664 3028 et
1696 3004 1766 3027 nos
1799 2989 1981 3038 sanguine
2007 2987 2130 3025 Christ

1141 3057 1326 3107 redempti
1342 3068 1485 3093 sumus.
1508 3057 1585 3090 Nos
1605 3065 1695 3101 ergo
1714 3052 1846 3087 fratres
1861 3049 1989 3086 vestri.
2009 3047 2148 3085 Videte*

1141 3119 1252 3169 quale
1281 3117 1328 3153 sit
1350 3115 1396 3152 de
1424 3115 1589 3151 fraterna
1620 3112 1799 3162 portione
1828 3122 1981 3161 pascere
2012 3108 2142 3144 oculos

1140 3186 1299 3215 vestros.
1328 3175 1411 3213 Vita
1443 3182 1574 3210 nostra
1600 3172 1700 3209 cedit
1721 3170 1831 3207 iobis
1862 3170 1900 3205 in
1932 3166 2140 3217 superfluas

1142 3237 1282 3288 copias.
1303 3235 1449 3273 Nostris
1478 3231 1764 3271 necessitatibus
1785 3228 2006 3272 detrahitur,
2028 3224 2138 3274 quid-

1846 3369 1859 3384 ³
1878 3361 1982 3397 Alias,
2007 3364 2132 3388 malum.
