2565 3952
123 198 166 232 13
875 195 1133 230 PRAEFATIO
1164 194 1457 230 GENERALIS.
2167 193 2208 230 14

115 287 189 328 sed
217 288 342 328 etiam
374 292 536 328 veteres
564 288 754 337 codices,
786 291 1064 341 veterumque
1093 289 1315 327 auctorum
1342 283 1584 335 citationes,
1620 296 1704 337 prae
1728 284 1888 325 caeteris
1912 295 2014 324 vero
2037 284 2210 337 antiqua

116 365 314 408 Collectio
338 379 389 407 ex
418 366 624 407 Bernardi
646 366 839 419 scriptis,
871 378 964 420 quae
988 364 1114 406 Liber
1135 363 1331 414 Florum,
1358 361 1656 415 Florilegium,
1679 366 1720 402 et
1737 361 2047 402 Bel-nardinum
2065 348 2223 414 appelss

114 444 248 496 latur,
274 445 465 498 primum
492 444 604 486 edita
629 444 803 485 Parisiis
832 457 943 485 anno
971 446 1103 496 1503,
1133 442 1270 483 multo
1298 440 1562 496 probabilior
1592 440 1673 481 alia
1695 440 1958 491 collectione,
1985 452 2079 493 (111εο
2099 451 2210 480 anno

122 524 223 564 1571
260 521 313 563 ab
352 522 546 564 Huberto
575 524 839 576 Scuteputaco
867 523 1070 563 canonico
1100 520 1286 574 regulari
1309 520 1417 561 facta
1440 524 1524 572 est,
1551 520 1595 560 in
1617 518 1823 560 Bernardi
1851 517 1985 560 editos
2008 530 2031 558 a
2050 519 2070 558 J
2077 528 2211 557 oanne

114 593 292 642 Picardo
318 601 496 642 intrusa.
530 601 671 654 Longe
701 613 802 641 vero
832 601 1050 654 antiquior
1079 604 1141 640 est
1170 599 1309 653 prima
1336 599 1407 640 illa
1440 598 1640 640 Collectio
1657 631 1667 650 ,
1698 597 1818 651 cujus
1845 601 2061 638 auctorem
2088 594 2212 635 nobis

115 681 323 734 suggessit
353 684 476 721 vetus
507 679 640 720 codex
670 680 978 731 Cisterciensis,
1017 679 1061 719 in
1092 691 1178 732 quo
1211 678 1297 719 haec
1330 677 1513 719 babetur
1547 689 1645 718 cum
1677 678 1872 731 sequenti
1902 676 2210 730 inscriptione:

121 778 134 791 ν
158 759 315 813 Incipit
340 758 543 813 prologus
563 757 709 799 domni
727 759 952 811 Willermi,
973 759 1170 800 monachi
1197 758 1537 800 Sancti-Martini
1552 757 1841 808 Tornacensis,
1862 757 1905 797 in
1923 754 2212 806 Bernardino,

122 859 134 872 υ
167 850 295 892 (1110111
324 836 436 878 idem
465 839 629 892 excepit
661 843 700 879 et
731 838 977 892 compilavit
1008 837 1060 879 (10
1091 836 1213 878 libris
1236 841 1277 877 et
1306 835 1430 876 dictis
1463 836 1595 876 sancti
1627 834 1833 876 Bernardi
1861 834 2024 875 abbatis
2058 832 2213 875 Clarae-

122 938 135 953 »
165 918 311 959 Vallis.
334 938 348 952 n
375 918 584 972 Prologus
612 919 671 960 ita
700 919 872 973 incipit,
901 938 914 951 «
946 919 1053 959 Cum
1082 929 1168 957 non
1198 928 1332 957 essem
1362 914 1488 955 alicui
1517 915 1717 955 exercitio
1746 926 2000 968 magnopere
2029 925 2213 966 occupa-

121 1016 135 1030 »
163 1001 247 1049 tus,
274 1016 288 1030 »
316 1000 394 1038 010.
417 1001 464 1038 111
482 997 528 1038 111
547 996 672 1038 editis
689 1029 698 1049 ,
721 997 765 1037 in
786 996 945 1051 quibus
965 995 1230 1037 desideratur
1250 994 1435 1035 auctoris
1458 1006 1613 1034 nomen
1629 1026 1639 1046 ,
1668 1006 1797 1048 quem
1817 993 1970 1034 51001110
1990 992 2115 1034 tertio
2136 989 2213 1032 de-

115 1077 226 1118 cimo
248 1076 405 1117 vixisse
423 1076 545 1117 facile
565 1077 781 1131 colligitur
801 1090 851 1117 ex
883 1077 1137 1130 antiquitate
1157 1074 1374 1125 codicum,
1401 1074 1445 1113 in
1475 1072 1634 1127 quibus
1658 1072 1744 1114 11100
1767 1072 1966 1114 Collectio
1988 1070 2215 1125 reperitur.

116 1155 251 1195 Porro
274 1155 352 1195 etsi
384 1153 580 1209 quaedam
610 1155 835 1209 opuscula,
858 1167 953 1208 quae
970 1153 1237 1195 Bernardum
1261 1158 1475 1194 auctorem
1505 1136 1591 1193 non
1630 1151 1810 1204 habent,
1839 1150 1983 1192 laudet
2011 1149 2220 1192 Collector

117 1233 195 1274 iste
208 1265 218 1285 ,
239 1237 392 1287 utputa
418 1233 651 1286 Epistolam
680 1233 734 1274 ad
761 1235 928 1274 Fratres
948 1232 1000 1273 (10
1019 1232 1289 1283 Monte-Dei,
1314 1230 1632 1283 Meditationes,
1653 1230 1812 1271 librum
1830 1230 2218 1280 Declamati0num3

118 1312 162 1353 in
194 1312 356 1352 caeteris
379 1316 521 1352 tamen
547 1324 632 1352 non
664 1311 769 1352 levis
788 1316 850 1352 est
869 1311 1073 1351 momenti
1093 1309 1147 1350 ad
1175 1309 1522 1351 internoscendos
1541 1310 1722 1350 maxime
1741 1309 1947 1350 Bernardi
1973 1311 2219 1349 Sermones:

117 1389 235 1444 quod
252 1390 298 1430 in
323 1402 447 1430 causa
472 1389 575 1442 fuit,
601 1393 649 1431 ut
674 1388 811 1430 sicubi
835 1388 887 1431 de
909 1387 1168 1443 quibusdam
1193 1386 1421 1428 dubitandi
1444 1388 1552 1428 ratio
1576 1388 1784 1439 occurrit,
1810 1392 1859 1428 ut
1882 1388 1927 1427 in
1947 1385 2221 1428 Sermonibus

117 1467 170 1509 de
198 1468 412 1521 Diversis,
441 1467 517 1509 has
540 1481 592 1509 ex
616 1467 880 1509 Bernardino
906 1468 1126 1509 citationes
1153 1467 1355 1509 adnotare
1387 1467 1528 1507 visum
1554 1468 1622 1508 sit.
1654 1469 1739 1510 Nec
1767 1480 1868 1508 vero
1891 1468 2075 1517 mirum,
2107 1463 2224 1519 quod

118 1550 211 1587 tum
236 1545 424 1600 Epistola
441 1545 500 1600 ad
516 1547 684 1588 Fratres
698 1545 750 1588 de
771 1546 1039 1599 Monte-Dei,
1061 1551 1155 1588 tum
1174 1547 1510 1589 Declamationes
1536 1552 1577 1589 01
1598 1547 1894 1589 Meditationes
1920 1547 1963 1587 in
1987 1546 2059 1587 illa
2084 1545 2223 1587 Colle-

118 1625 256 1666 ctione
286 1624 365 1666 sub
391 1624 599 1666 Bernardi
620 1626 791 1666 nomine
812 1624 1081 1667 adducantur
1111 1640 1119 1666 :
1147 1638 1245 1668 cum
1269 1630 1311 1667 et
1341 1631 1510 1667 sanctus
1543 1628 1842 1668 Bonavcntura
1868 1625 1980 1668 idem
2009 1629 2154 1680 peccet
2181 1624 2227 1664 in

119 1703 290 1746 laudata
317 1703 517 1760 epistola,
545 1709 586 1746 et
615 1704 717 1746 libri
745 1705 1112 1748 Declamationum
1135 1709 1176 1746 et
1200 1704 1525 1747 Meditationum
1542 1719 1592 1748 ex
1616 1706 1824 1748 Bernardi
1844 1704 2096 1747 centonibus
2117 1716 2222 1746 con-

121 1786 256 1836 stent,
276 1786 326 1824 ut
343 1782 429 1824 suis
449 1782 552 1824 locis
570 1782 728 1825 dicturi
745 1796 907 1825 sumus.

180 1862 278 1903 XII.
301 1862 460 1903 Praeter
479 1874 701 1904 censuram
720 1875 920 1918 operum,
942 1862 1107 1918 aliquid
1125 1864 1251 1905 etiam
1271 1867 1484 1905 mutatum
1502 1864 1548 1906 in
1568 1863 1717 1906 ordine
1736 1864 1988 1918 Horstiano,
2008 1876 2160 1919 nempe
2180 1864 2226 1905 in

121 1938 399 1994 dispositione
424 1953 523 1982 cum
539 1945 778 1995 tomorum,
798 1945 892 1984 tum
914 1942 1236 1997 opusculorum.
1264 1943 1371 1984 Nam
1390 1942 1466 1984 ubi
1485 1943 1683 1984 Horstius
1706 1943 1906 1998 Epistolis
1927 1942 2113 1985 secundo
2135 1942 2228 1984 1000

123 2017 304 2073 subjecit
331 2021 551 2061 Sermones
580 2020 632 2062 de
661 2023 868 2076 Tempore
890 2034 938 2062 ac
963 2021 1015 2063 (10
1048 2021 1233 2074 Sanctis3
1258 2021 1384 2063 tertio
1408 2021 1500 2063 loco
1526 2023 1746 2064 Sermones
1771 2022 1817 2063 in
1849 2022 2046 2075 Cantica,
2073 2025 2227 2076 quarto

122 2107 224 2137 vero
244 2096 459 2151 Opuscula
479 2110 553 2139 seu
572 2100 791 2141 Tractatus
815 2114 824 2139 ε
844 2099 1080 2141 consultius
1099 2101 1240 2141 visum
1258 2104 1321 2141 cst
1338 2100 1538 2155 Epistolis
1559 2100 1767 2154 subjicere
1787 2100 2002 2155 Opuscula
2026 2113 2101 2141 seu
2123 2102 2227 2142 Tra-

122 2178 258 2216 ctatus
275 2207 284 2228 ,
305 2175 382 2230 (1111
399 2175 594 2230 plerique
614 2176 681 2217 vel
701 2178 917 2231 epistolari
937 2177 1064 2219 modo
1086 2177 1234 2231 scripti
1253 2182 1353 2218 sunt
1368 2210 1378 2230 ,
1400 2178 1467 2218 vel
1488 2191 1539 2219 ex
1558 2177 1835 2232 epistolarum
1854 2178 1984 2220 classe
2004 2179 2049 2219 in
2068 2183 2225 2220 tracta-

122 2257 248 2295 tuum
266 2253 462 2296 ordinem
484 2254 658 2296 redacti.
682 2257 744 2297 Ex
764 2257 844 2298 1100
863 2256 1013 2299 ordine
1035 2255 1333 2309 consequitur,
1357 2260 1405 2297 ut
1426 2257 1551 2298 tertio
1574 2256 1668 2297 loco
1688 2256 1916 2298 succedant
1936 2258 2155 2298 Sermones
2175 2255 2228 2297 de

124 2335 330 2388 Tempore
353 2339 393 2376 01
415 2334 467 2376 (10
488 2336 672 2389 Sanctis,
702 2341 857 2390 quarto
871 2369 881 2389 ,
905 2338 1125 2377 Sermones
1144 2334 1190 2374 in
1211 2334 1382 2375 Cantica
1405 2348 1413 2373 ε
1439 2333 1598 2388 quibus
1618 2334 1664 2374 in
1684 2335 1836 2388 quinto
1856 2334 2134 2389 subsequitur
2153 2347 2242 2377 0οη

125 2413 321 2455 rumdem
339 2415 590 2456 Sermonum
609 2415 873 2456 continuatio
887 2447 897 2467 ,
919 2414 963 2456 id
984 2419 1046 2456 est
1065 2413 1286 2455 Gilleberti
1306 2415 1526 2454 Sermones
1546 2413 1591 2454 in
1617 2413 1763 2454 eadem
1783 2414 1967 2454 Cantica.
1989 2414 2052 2454 De
2079 2413 2229 2455 ordine

126 2491 311 2534 duorum
331 2493 598 2548 reliquorum
622 2499 860 2547 tomorum,
883 2494 1025 2549 quinti
1049 2494 1254 2534 nimirum
1279 2504 1326 2533 ac
1344 2492 1474 2544 sexti,
1499 2493 1544 2533 in
1564 2491 1811 2546 praefatione
1831 2491 1885 2533 ad
1909 2497 2073 2534 tomum
2097 2493 2228 2547 quin-

125 2575 220 2613 tum
249 2571 426 2614 uberius
455 2572 684 2615 dicendum
715 2574 818 2626 erit3
852 2573 917 2614 uti
945 2573 1072 2614 etiam
1102 2571 1154 2613 de
1186 2570 1404 2626 prioribus
1436 2572 1480 2611 in
1509 2570 1688 2625 singulis
1720 2569 1775 2611 ad
1803 2582 1873 2611 eos
1901 2570 2226 2625 praefationibus

127 2650 354 2704 agendum.

187 2731 307 2772 XIII.
330 2733 472 2786 Atque
498 2737 547 2773 ut
565 2733 749 2787 genuina
772 2733 921 2781 omnia-2
934 2731 1141 2774 Bernardi
1168 2743 1297 2786 opera
1319 2743 1405 2772 uno
1426 2730 1642 2772 volumine
1663 2729 2006 2782 continerentur,
2029 2729 2160 2770 libros
2177 2729 2229 2770 (10

130 2807 220 2864 ejus
245 2811 342 2852 Vita
368 2815 410 2852 et
433 2812 596 2865 GestiS,
627 2825 736 2867 quos
766 2813 966 2854 Horstius
993 2814 1038 2853 in
1066 2812 1207 2867 primo
1236 2811 1453 2852 volumine
1478 2810 1762 2864 praemiserat,
1784 2808 2006 2862 rejecimus
2032 2809 2075 2849 in
2102 2808 2230 2851 finem

130 2889 237 2930 tomi
259 2891 367 2932 sexti
388 2903 463 2932 seu
492 2891 667 2933 secundi
694 2892 950 2944 voluminis3
981 2904 1034 2932 ne
1060 2891 1129 2932 vel
1155 2902 1355 2944 germana
1374 2888 1581 2930 Bernardi
1607 2900 1735 2941 opera
1753 2900 1776 2927 a
1794 2899 1882 2928 sese
1901 2887 2228 2941 divellerentur,

132 2967 200 3009 vel
217 2969 399 3010 nimium
416 2970 638 3025 inaequalis
665 2977 773 3013 esset
792 2972 1063 3013 voluminum
1081 2967 1346 3022 magnitudo.
1373 2969 1509 3008 Porro
1536 2968 1581 3007 in
1602 2965 1686 3007 fine
1712 2966 1868 3020 prioris
1894 2966 2147 3020 voluminis,
2170 2968 2232 3008 uti

133 3050 175 3087 01
191 3047 385 3101 secundi,
406 3050 604 3104 proprios
620 3050 780 3092 indices
796 3051 1110 3105 copiosissimos
1127 3047 1426 3091 collocavimus
1437 3077 1447 3097 ,
1467 3049 1514 3086 ut
1532 3045 1695 3099 priores
1715 3043 1874 3085 indices
1892 3045 2032 3085 omnia
2049 3045 2232 3098 genuina

135 3136 263 3178 opera
275 3157 286 3178 ,
305 3127 562 3180 posteriores
581 3128 716 3169 aliena
734 3128 1129 3182 complecterentur.

194 3203 308 3245 XIV.
330 3205 526 3260 Denique
549 3206 768 3249 uberiores
791 3212 900 3248 notae
923 3211 964 3248 et
981 3204 1318 3254 observationes,
1344 3213 1439 3256 (11100
1462 3199 1515 3242 ab
1539 3201 1712 3241 Horstio
1737 3200 1804 3241 vel
1824 3213 1847 3241 a
1865 3213 1930 3241 me
1951 3199 2166 3254 quondam
2191 3201 2235 3239 in

138 3281 334 3335 epistolas
350 3288 391 3324 et
407 3283 487 3325 alia
504 3286 710 3340 opuscula
727 3286 907 3328 condita}
927 3290 1041 3339 sunt,
1062 3283 1115 3326 ad
1132 3283 1288 3325 calcem
1306 3280 1513 3335 cujusque
1530 3280 1635 3321 tomi
1655 3278 1816 3333 rejectze
1834 3284 1946 3320 sunt.
1966 3279 2110 3319 Brcris
2128 3278 2236 3319 inte-

141 3359 222 3401 rim
239 3360 521 3417 Chronologia
539 3365 754 3419 praemissa
771 3370 833 3408 est
849 3370 965 3407 tomo
983 3366 1121 3419 primo
1133 3396 1142 3414 ,
1165 3360 1283 3416 quod
1299 3361 1487 3415 ipsarum
1506 3363 1702 3399 notarum
1725 3357 1848 3397 1011111
1872 3356 1939 3396 sax
1958 3353 2150 3409 qufedam
2168 3387 2176 3402 ,
2198 3359 2237 3395 01
