2517 3936
55 218 130 255 933

54 306 165 328 nuxm.
177 311 222 317 -—
234 297 271 325 In
287 292 425 326 editione
444 294 545 336 prima
563 295 760 336 Lugdunensi
779 296 853 326 anni
879 298 963 327 1494
986 296 1059 337 legi-

52 356 120 387 tur,
139 347 253 380 comiti
267 344 462 390 Angelberto
476 347 531 388 (an
555 348 579 377 is
600 347 639 378 de
656 359 718 389 quo
737 349 867 390 epistola
886 349 983 390 123?)
998 360 1059 393 pro

50 399 202 440 fratr-Ibus
226 398 265 431 de
284 400 416 431 Bruxia.
438 403 475 430 In
501 400 560 430 alia
579 401 652 431 anni
681 404 786 438 1530,
812 402 924 432 Comiti
943 401 1059 444 Engel-

50 453 137 486 berto
154 465 216 499 pro
227 451 384 495 fratribus
405 451 444 483 de
465 453 598 484 Brutia.
618 458 655 484 In
672 454 810 485 editione
835 455 907 485 item
935 455 1058 496 Lugdu-

50 507 139 540 nensi
166 506 241 538 anni
267 508 372 543 1520,
396 512 426 536 et
452 506 653 547 sequentibus
678 513 920 548 111-3101003111,
947 509 1059 539 Comiti

50 559 283 604 Engolismensi
302 570 366 604 pro
384 557 542 600 fimf-ibus
567 558 608 589 de
636 560 750 591 Basia.
777 563 866 591 Hanc
894 561 1058 592 lectionem

50 614 219 659 praeierunt
251 614 355 645 saeculi
386 613 484 644 nostri
509 619 650 644 auctores
664 638 671 651 ,
702 620 873 645 asserentes
885 639 893 650 ‚
928 615 1058 646 Guillel-

50 678 152 707 mum,
168 673 374 710 cognomento
390 666 637 698 Sectorem-ferri
649 691 656 705 ,
679 668 823 698 comitem
843 668 1058 709 Eugolismeu-

49 731 114 754 sem
126 745 134 760 ,
150 720 406 754 cisterciensibus
420 720 523 751 locum
538 720 724 751 concessisse
737 730 820 751 anno
839 724 850 751 1
863 724 924 753 143
941 721 973 751 in
986 722 1058 753 villa

48 774 166 812 Buxia,
183 773 239 805 ubi
258 774 351 806 situm
368 773 645 805 Benedictinorum
661 773 840 804 coenobium
857 776 887 805 S.
903 775 1054 813 Amantii,

47 827 89 860 ab
104 827 246 860 Arnaldo
264 828 379 859 comite
401 828 514 859 saeculo
531 826 653 858 decimo
675 834 898 859 constructum.
912 829 973 860 Sed
987 841 1057 861 cum

50 880 91 914 de
103 874 304 913 concessione
320 881 380 913 loci
396 880 652 913 Cisterciensibns
669 879 749 911 facta
766 881 815 912 isti
831 882 1054 921 reclamarent,

50 934 241 968 Ber-nardum
263 935 350 977 pacis
370 934 472 966 studio
498 934 601 965 locum
619 934 744 965 cessisse
763 945 845 965 anno
868 938 954 967 1153
975 946 981 967 :
1003 937 1057 968 tali

49 989 176 1032 quidem
194 988 393 1026 conditione,
421 988 464 1019 ait
487 987 656 1026 Picardus,
685 987 771 1028 quod
792 988 951 1030 sexaginta
976 1000 1057 1021 mar-

49 1053 101 1075 035
118 1042 238 1086 argenti
260 1041 421 1073 monachis
441 1039 754 1074 Clarae-Vallensibus
775 1047 904 1083 propter
929 1042 1058 1075 aedificia

48 1101 81 1128 et
100 1102 210 1128 caetera
234 1095 275 1127 ab
297 1095 415 1127 eisdem
436 1094 505 1126 loco
531 1094 682 1136 acquisita
704 1093 850 1125 monaehi
873 1098 903 1126 S.
920 1097 1059 1128 Amantii

49 1148 228 1182 redderent.
245 1148 375 1191 Scripsit
390 1148 494 1190 itaque
511 1147 689 1179 Bernardns
707 1146 768 1178 hoc
787 1147 893 1179 modo.
917 1163 929 1174 u
948 1151 985 1179 In
1004 1160 1060 1180 no-

53 1217 69 1232 »
83 1202 168 1234 mine
189 1202 328 1234 Domini.
352 1205 417 1244 Ego
440 1201 617 1234 Bernardus
640 1201 910 1233 Clarae—Vallensis
932 1210 1059 1236 1003105

52 1269 69 1286 ι
84 1255 182 1288 abbas
192 1280 200 1295 ,
217 1262 327 1287 notum
339 1256 412 1287 1010
425 1266 491 1287 0550
501 1279 509 1294 ,
526 1254 611 1297 quod
624 1255 726 1286 locum
740 1255 779 1286 de
794 1256 891 1287 Buxia
903 1281 910 1294 ‚
926 1263 956 1288 et
971 1258 1060 1299 quid-

53 1324 68 1339 ·
84 1309 160 1352 quid
173 1309 207 1341 in
221 1320 260 1341 eo
275 1309 427 1341 habemus
440 1334 449 1348 ,
464 1320 503 1341 ex
517 1309 600 1340 dono
614 1309 737 1341 comitis
750 1310 991 1352 Engolisniensis
1005 1337 1012 1350 ,
1030 1318 1060 1344 et

55 1378 70 1392 ι
85 1363 170 1395 Petri
190 1364 367 1403 Austentii,
391 1363 528 1395 ecclesiae
553 1364 815 1395 Sancti-Amantii
840 1366 1058 1398 concessimus.

55 1432 69 1445 -
86 1420 194 1449 Testes
213 1417 339 1449 fuerunt
354 1417 500 1449 dominus
514 1420 605 1459 Hugo
619 1417 859 1459 Engolismensis
874 1418 1038 1461 episcopus
1049 1444 1057 1458 ‚

54 1485 69 1499 ι
85 1470 230 1502 dominus
247 1470 438 1503 Godefridus
457 1471 661 1513 Lingonensis
675 1471 840 1514 episcopus
853 1496 861 1510 ,
881 1475 899 1503 J
903 1472 994 1503 unius
1008 1473 1060 1504 ab·

55 1539 70 1554 ι
85 1524 142 1557 1135
162 1525 202 1557 110
219 1527 362 1564 Corona,
386 1524 483 1556 frater
500 1536 625 1567 quoque
645 1524 809 1567 Philippus
824 1526 914 1556 Prior
934 1532 1057 1565 noster,

54 1593 68 1607 ι
83 1585 115 1611 01
139 1579 236 1612 frater
259 1579 438 1618 Gerardus,
462 1586 492 1611 et
509 1579 605 1611 frater
622 1579 812 1618 Gausridus,
834 1579 980 1611 monachi
1006 1581 1061 1612 do-

54 1648 68 1660 ·
84 1643 153 1664 mus
175 1639 302 1665 nostrae.
319 1637 436 1666 Actum
454 1632 538 1675 apud
555 1633 821 1665 Claram-Vallem
840 1644 923 1664 anno
948 1633 988 1664 ab
1007 1636 1060 1666 In-

54 1701 69 1714 ·
85 1687 267 1718 carnatione
299 1686 428 1718 Domini
453 1689 491 1717 M
520 1687 544 1717 C
570 1689 656 1718 LIII.
692 1701 705 1712 ›·
742 1689 790 1717 Ita
821 1685 969 1718 Pieardns
980 1711 988 1724 ,
1023 1697 1059 1717 ex

50 1738 171 1772 schedis
184 1727 280 1782 ipsius
293 1739 475 1771 monasterii
488 1740 593 1771 Sancti
611 1738 763 1772 Amantii.

98 1796 164 1826 582
191 1796 232 1825 D.
249 1804 404 1824 1110501151
428 1804 622 1824 comrrxssae.
647 1810 693 1815 ——
709 1794 783 1824 Non
808 1803 889 1823 13113
910 1803 985 1835 spe,
1008 1799 1061 1824 aut

50 1833 154 1890 poiins
178 1846 325 1878 vaticinio
353 1846 532 1878 Bernardus
563 1845 686 1877 11110101
713 1846 908 1878 Comitissam
932 1846 1059 1878 solatus.

50 1901 134 1933 Nam
150 1906 285 1942 quatuor
308 1910 378 1931 eam
402 1899 482 1931 filios
498 1899 684 1931 Theobaldo
701 1902 820 1941 Magno
842 1900 949 1931 comiti
970 1902 1061 1932 Cam·

49 1953 149 1996 paniae
173 1953 316 1996 genuisse
330 1954 472 1997 reperio,
496 1954 670 1985 Henricum
694 1953 839 1984 comitem
864 1954 1058 1992 Blesensem,

49 2007 104 2049 qui
127 2007 209 2049 patri
233 2007 380 2039 successit
398 2018 482 2038 anno
505 2010 614 2043 1151;
641 2006 861 2038 Theobaldnm
887 2007 1061 2050 dapiferum

49 2059 199 2092 Ludovici
223 2061 383 2099 Junioris,
410 2071 447 2092 ac
471 2066 581 2103 postea
605 2059 745 2103 Philippi
770 2061 904 2102 Augusti
932 2072 1058 2103 regum,

49 2123 112 2156 quo
124 2113 157 2145 in
171 2124 301 2145 munere
316 2113 462 2146 successit
475 2113 614 2146 Radulfo
629 2114 736 2145 comiti
748 2114 1037 2145 Viromanduorum
1051 2126 1058 2153 3

49 2166 242 2210 stephanum
254 2169 559 2199 saci-um-Caesarem
569 2191 577 2206 ,
594 2173 703 2209 postea
719 2167 937 2198 Cartusianum
950 2179 958 2205 3
975 2168 1062 2198 item-

49 2229 111 2262 que
123 2221 327 2253 Guillelmum
338 2244 347 2259 ‚
363 2220 403 2252 de
419 2231 482 2262 quo
495 2231 590 2263 supra
609 2220 741 2263 epistola
757 2224 837 2259 271,
854 2221 904 2252 eui
915 2221 982 2263 jam
995 2227 1061 2252 tum

49 2284 147 2317 puero
159 2274 201 2306 ad
216 2274 381 2317 dignitates
396 2274 542 2306 Ecclesiae
557 2274 773 2317 promovendo
790 2274 968 2306 Bernartius
985 2285 1060 2317 ope-

48 2337 116 2360 ram
128 2338 218 2359 suam
238 2328 414 2360 recusabat.
428 2328 607 2360 Bernardus
631 2327 690 2359 1130
706 2328 740 2358 10
766 2328 899 2370 epistola
915 2338 1005 2369 agere
1019 2329 1062 2359 11·

50 2379 142 2413 detur
157 2380 197 2413 de
213 2381 353 2413 Henrico
366 2381 575 2424 primogenito
597 2381 638 2412 ad
650 2392 744 2423 quem
757 2381 888 2423 epistola
904 2384 970 2412 279
983 2405 990 2419 ‚
1007 2381 1060 2423 qui

16 2428 21 2433 ’
49 2444 88 2466 ex
106 2435 195 2477 Syria
216 2434 338 2474 redux,
357 2441 389 2467 et
413 2441 553 2477 paternae
579 2435 728 2478 potentiae
757 2435 951 2474 successione
976 2434 1059 2466 intu-

49 2497 187 2519 mescens
201 2512 209 2527 ,
229 2488 262 2519 in
287 2488 440 2530 quosdam
456 2498 598 2520 excessus
618 2488 716 2519 aetatis
737 2487 861 2519 fervore
882 2487 1059 2530 abripieba-

49 2545 110 2573 mr.
129 2544 217 2572 Inter
235 2551 313 2583 quos
329 2551 349 2572 a
364 2543 478 2573 Sancto
494 2547 686 2573 memoratur
700 2566 708 2580 ‚
726 2541 858 2583 epistola
876 2544 955 2578 376,
975 2540 1059 2582 quod

54 2608 69 2621 ι
84 2594 263 2626 maledictas
278 2594 436 2626 nundinas
448 2606 520 2627 cum
536 2594 679 2627 Roberto
699 2594 794 2636 Regis
814 2594 909 2625 fratre
922 2600 991 2636 post
1014 2594 1058 2625 fe-

52 2661 67 2676 ·
82 2654 129 2680 sta
145 2648 305 2691 paschalia
326 2649 502 2688 statuisset,
521 2664 534 2676 ›-
548 2655 582 2680 ut
604 2648 823 2680 monomachia
836 2649 970 2680 1111100111
983 2659 1059 2679 con-

50 2701 262 2744 grederentur.
277 2705 309 2734 Is
330 2708 436 2734 tamen
448 2703 601 2735 Bernardi
615 2702 743 2734 monitis
764 2709 794 2733 et
816 2702 876 2744 pire
892 2701 998 2732 matris
1013 2701 1058 2731 la-

49 2755 162 2798 crymis
181 2755 271 2787 brevi
297 2755 342 2787 ita
360 2756 510 2799 resipuit,
538 2762 572 2787 ut
598 2755 639 2787 ab
666 2756 748 2787 illius
773 2755 831 2786 1011
856 2754 1059 2797 scriptoribus

50 2807 132 2840 inter
147 2808 282 2840 illustres
295 2808 379 2841 viros
391 2809 502 2841 referri
520 2810 680 2841 meruerit.

58 2886 62 2889 ,
99 2865 164 2894 583
189 2864 225 2895 C.
252 2873 378 2893 saxone
410 2874 529 2894 sonent
561 2874 786 2894 nuri-:aaronis
821 2872 994 2893 uismmae.
1013 2879 1059 2884 —

50 2913 173 2947 Alfonsi
189 2915 323 2955 scilicet,
343 2923 550 2959 cognomento
569 2916 668 2954 Boni,
689 2916 830 2947 Castellae
844 2921 875 2946 et
892 2913 1058 2945 Leonensis

51 2967 130 3010 regis
156 2979 211 3000 seu
234 2969 432 3012 imperatoris
455 2980 463 3002 :
487 2980 561 3001 nam
585 2969 647 3001 hoc
666 2969 757 3000 titulo
783 2968 893 3000 donari
913 2966 1059 2998 amabant

51 3025 126 3053 tunc
140 3022 290 3065 temporis
302 3023 349 3055 illi
361 3034 459 3066 reges.
474 3023 586 3055 Sancia
596 3022 663 3054 baec
678 3023 712 3053 in
725 3024 757 3053 S.
771 3020 964 3053 Bernardum
982 3019 1060 3050 mire

51 3083 222 3117 propensa,
242 3077 426 3108 asceterium
442 3076 654 3110 Cisterciensis
668 3075 794 3107 Ordinis
810 3074 843 3105 in
860 3073 985 3104 dioecesi
1001 3075 1058 3103 Pa-

51 3123 186 3167 lentilia,
205 3129 410 3162 Sancti-Petri
427 3129 466 3161 de
485 3130 582 3173 Spina
596 3129 805 3172 appellatum,
822 3126 961 3158 condidit
979 3134 1061 3155 anno

56 3182 163 3220 1147,
186 3183 311 3214 colonia
334 3194 352 3215 a
367 3183 530 3215 Bernardo
557 3182 757 3220 transmissa,
782 3181 861 3211 duce
878 3180 942 3221 ejus
967 3177 1062 3208 fratre

51 3233 202 3268 Niv'ardo.
236 3238 303 3268 Nec
334 3237 434 3268 multo
464 3242 536 3280 post
568 3235 716 3267 monachi
752 3234 832 3276 nigri
863 3231 996 3263 coenobii
1025 3229 1064 3260 de

53 3287 212 3321 Toldanos
227 3289 260 3321 in
272 3301 370 3333 regno
386 3290 571 3333 Legionensi
581 3315 590 3329 ‚
605 3290 646 3321 ab
661 3289 766 3321 Elvira
781 3286 942 3318 infantissa
957 3294 1064 3315 recens

54 3338 194 3382 nudati,
220 3345 512 3382 Carracetensium,
542 3344 658 3386 quibus
690 3343 861 3378 suberant,
886 3340 994 3381 jugum
1015 3336 1065 3367 de·

55 3402 224 3437 ponenteS,
243 3398 501 3430 Cisterciensibus
521 3409 554 3430 se
579 3397 796 3429 subdiderunt.
826 3393 935 3425 Statim
956 3393 1063 3423 Carra·

534 217 800 254 Lt-:CTIONES
837 220 1111 254 VARIANTES
1143 220 1200 253 1⁴21·
1230 221 1372 254 NOTAE
1403 221 1647 258 Festonfis.

2041 232 2111 266 934

1126 301 1263 327 cetenses
1295 296 1522 334 νει-1311131010,
1544 298 1707 339 implorata
1735 304 1851 333 Saucia.»
1881 306 1962 345 apud
1993 309 2116 337 Bernar-

1124 348 1199 379 dum
1221 349 1416 380 auctoritate.
1441 350 1525 390 Quid
1556 362 1629 382 1010
1649 353 1720 383 inde
1738 362 1873 386 set-utum
1893 358 1926 387 sit
1943 383 1950 394 ,
1975 359 2116 390 discimus

1123 413 1161 434 ex
1176 403 1272 433 1011Τί
1289 403 1510 441 instrumento,
1533 405 1615 445 quod
1635 406 1748 447 profert
1772 410 1930 439 Mauricus
1949 411 1977 440 in
1993 414 2115 443 Annali—

1124 456 1182 487 bus
1201 457 1240 487 ad
1260 468 1375 487 annum
1396 460 1405 486 1
1421 459 1480 487 148
1497 481 1503 493 ,
1522 468 1588 499 cap.
1609 462 1640 495 8,
1659 459 1689 489 111
1712 471 1773 501 quo
1793 461 1872 491 inter
1892 469 1998 493 caetera
2016 465 2056 494 sic
2072 466 2112 494 ln·-

1122 509 1214 550 gitnr.
1235 525 1247 535 τ·
1267 513 1337 541 Post
1354 509 1512 540 decessum
1533 513 1572 541 D.
1599 512 1745 543 Florentii
1770 513 1889 544 abbatis
1905 540 1911 551 ,
1932 516 1985 546 iste
2015 518 2114 548 ferdi-

1123 576 1136 588 ι
1156 562 1277 593 naudus
1304 562 1400 593 abbas
1426 563 1465 593 de
1496 563 1652 595 Toldanos
1685 568 1933 598 Carracetensi-m
1958 571 2114 601 ecclesiam

1123 631 1136 642 a
1151 617 1243 657 gratis
1259 616 1331 647 odio
1350 616 1456 646 babuit
1470 639 1478 650 ,
1498 623 1526 647 et
1542 617 1568 647 ei
1593 617 1731 655 rebellis,
1751 626 1780 650 et
1797 623 1987 652 contumacia
2006 623 2114 653 duetus

1124 684 1135 695 n
1151 670 1190 700 311
1208 670 1497 700 Clarae-vallensem
1515 671 1673 701 ecclesiam
1690 682 1721 702 se
1740 674 1879 703 contulit.
1904 675 1996 715 Quod
2012 676 2114 716 regina

1123 723 1265 754 »domna
1285 723 1394 754 Saucia
1416 747 1423 758 ,
1450 734 1518 764 qnae
1547 726 1762 756 Carracetense
1788 727 2005 758 monasterinm
2038 728 2113 758 asse-

1123 790 1136 803 ·
1153 783 1258 808 ctuose
1276 776 1398 812 dilexit,
1419 777 1546 808 moleste
1563 776 1663 808 serens
1677 802 1684 814 ‚
1705 779 1952 810 Clarae-Vallensi
1967 781 2070 811 abbati
2085 788 2114 811 et

1123 845 1136 855 υ
1150 830 1317 861 conventui
1336 830 1450 861 litteras
1479 830 1608 868 direxit,
1631 842 1669 861 ne
1695 832 1874 873 praedictum
1894 833 2037 864 abbatem
2062 835 2116 865 illi-

1123 897 1135 910 ·
1153 890 1258 914 center
1274 884 1435 926 recipiant.
1462 884 1726 916 Clarae-Vallensis
1747 885 1842 917 abbas
1869 887 1993 929 Regina:
2010 900 2114 930 preces

1123 938 1324 976 -101311111111,
1343 938 1488 969 abbatem
1509 938 1738 971 Ferdinandum
1758 940 1894 982 recipere
1914 942 2011 972 noluit
2025 966 2033 977 ,
2058 942 2113 972 nisi

1123 1006 1137 1017 »
1162 1002 1179 1023 a
1196 992 1407 1023 Carracetensi
1421 991 1547 1022 ecclesia
1558 1015 1566 1030 ,
1585 998 1616 1023 nt
1631 992 1840 1035 reciperetur,
1857 994 2008 1025 licentiam
2023 995 2116 1038 impe-

1123 1060 1135 1071 »
1150 1051 1258 1076 traret.
1283 1049 1387 1086 Quam
1409 1055 1479 1075 011111
1509 1044 1674 1087 impetrare
1697 1056 1759 1076 non
1782 1054 1902 1089 posset,
1930 1059 1985 1079 nec
2007 1050 2115 1080 (113110-

1123 1115 1135 1125 a
1151 1099 1290 1130 Vallensi
1303 1123 1311 1137 ‚
1338 1109 1395 1130 nec
1421 1099 1633 1135 Carracetensi
1653 1101 1787 1131 ecelesia·
1807 1101 1994 1143 aliquamdiu
2014 1102 2116 1133 obedi-

1124 1169 1137 1180 »
1154 1154 1209 1185 111.
1243 1169 1258 1179 n
1284 1157 1359 1185 Haec
1386 1153 1439 1184 ibi.
1466 1153 1552 1184 Istud
1583 1159 1687 1184 tamen
1713 1154 1887 1185 coenobium
1919 1162 1987 1197 post
2014 1157 2117 1198 plures

1122 1218 1219 1238 annos
1231 1207 1339 1249 jugum
1353 1206 1600 1238 Cisterciensiuni
1613 1207 1717 1238 subiit.

1171 1270 1237 1299 584
1258 1271 1293 1299 B.
1313 1270 1394 1299 Nam
1407 1273 1437 1298 et
1455 1267 1548 1297 frater
1565 1267 1733 1298 Nixardus.
1757 1285 1800 1289 —
1822 1271 1867 1299 Ex
1886 1268 1945 1299 hoc
1964 1269 2032 1300 loco
2048 1272 2118 1301 scri-

1123 1328 1227 1364 ptores
1243 1322 1461 1353 cistercienses
1478 1327 1559 1351 recte
1573 1321 1719 1362 colligunt
1730 1345 1738 1358 ,
1760 1321 1932 1352 Nix-ardum
1944 1345 1952 1359 ,
1972 1325 2119 1354 Bernardi

1123 1386 1305 1417 germanum
1323 1381 1399 1405 natu
1414 1374 1574 1404 minimum
1587 1399 1594 1411 ,
1619 1384 1637 1404 a
1661 1381 1766 1405 sancto
1781 1374 1873 1405 fratre
1895 1387 1950 1406 sno
1967 1377 1997 1406 in
2016 1378 2122 1419 Hispa-

1123 1430 1205 1460 niam
1221 1429 1349 1459 missum
1363 1428 1402 1459 ad
1415 1427 1628 1458 deducendam
1641 1428 1795 1458 coloniam
1811 1428 1842 1458 in
1860 1428 2038 1470 praedietuni
2056 1431 2121 1472 Spi-

1123 1494 1218 1514 110050
1243 1482 1476 1514 monasterium.
1501 1481 1583 1512 Vide
1607 1481 1752 1523 epistolas
1779 1484 1844 1513 372
1869 1488 1898 1512 01
1931 1485 2008 1513 373.
2036 1483 2122 1515 Idem

1123 1538 1216 1568 etiam
1235 1537 1274 1568 ab
1291 1536 1401 1568 eodem
1418 1542 1509 1566 antea
1528 1535 1637 1566 missus
1653 1534 1751 1566 fuerat
1767 1535 1799 1565 in
1814 1536 1973 1566 Neutriam
1986 1536 2024 1567 ad
2044 1537 2123 1568 ordi·

1123 1592 1262 1623 nandum
1286 1591 1319 1622 in
1338 1590 1466 1622 dioecesi
1487 1589 1646 1632 Bajocensi
1668 1600 1783 1619 novum
1805 1589 1982 1620 ccenobium
2003 1591 2035 1621 in
2054 1592 2121 1623 loco

1124 1647 1274 1689 Solopera
1293 1657 1347 1677 seu
1371 1644 1531 1677 Soleuvria
1556 1643 1638 1674 dicto
1653 1667 1660 1681 ,
1686 1643 1738 1684 qui
1765 1643 1849 1673 10005
1875 1644 1949 1674 situs
1977 1650 2021 1675 est
2040 1644 2122 1676 baud

1124 1701 1234 1743 procul
1269 1700 1308 1731 ab
1337 1698 1452 1742 oppido
1483 1698 1584 1728 Yirio.
1616 1696 1772 1728 Robertus
1795 1720 1802 1733 ,
1834 1697 1988 1727 Heirnesii
2019 1698 2098 1729 lilius
2112 1724 2119 1736 ‚

1127 1769 1139 1781 u
1161 1753 1320 1786 Bernardo
1354 1751 1460 1783 abbati
1481 1750 1737 1782 Clarae-vallensi
1760 1774 1768 1787 ,
1795 1756 1825 1780 et
1853 1751 1986 1781 ecclesiae
2024 1751 2121 1783 beatae

1128 1823 1140 1835 »2
1154 1809 1263 1840 Mariae
1281 1807 1319 1838 de
1337 1805 1515 1843 Soleuvria,
1534 1820 1546 1830 u
1564 1804 1655 1835 tradit
1678 1803 1901 1834 habitationem
1919 1814 2005 1834 suam
2030 1807 2124 1846 fago-

1129 1861 1281 1893 Pendenti
1303 1860 1457 1897 1101113111,
1487 1858 1608 1889 circiter
1633 1867 1749 1887 annum
1775 1858 1873 1887 1146.
1901 1857 2030 1898 Algarus
2053 1869 2125 1889 1010

1129 1913 1374 1947 Constantiensis
1394 1912 1557 1955 episcopus
1579 1910 1741 1942 confirmat
1766 1909 1966 1940 donationem
1982 1934 1989 1948 ‚
2010 1921 2027 1941 a
2053 1921 2126 1952 quo-

1127 1968 1199 1999 dam
1213 1969 1374 2000 VVillelmo
1402 1967 1526 1998 Silvano
1539 1990 1546 2003 ,
1568 1981 1581 1992 κ
1600 1968 1666 1995 Deo
1681 1989 1688 2002 ,
1714 1970 1744 1995 et
1768 1963 1865 1995 beatae
1887 1964 1996 1995 Mariae
2021 1965 2059 1995 de
2075 1968 2128 1997 So-

1129 2038 1141 2050 »
1159 2023 1277 2055 10111113
1291 2047 1298 2060 ,
1314 2028 1344 2053 01
1364 2020 1511 2052 fratribus
1527 2019 1643 2050 ibidem
1662 2021 1728 2049 Deo
1748 2017 1950 2048 servientibus
1970 2017 2080 2049 factam
2095 2019 2126 2050 in

1129 2092 1141 2104 ι
1158 2088 1253 2108 manu
1266 2074 1416 2111 Nivardi,
1436 2073 1538 2104 fratris
1563 2072 1669 2103 domni
1687 2071 1837 2103 Bernardi
1862 2071 2128 2103 Clarae-Veliensis

1127 2146 1140 2158 ι.
1160 2130 1291 2161 abbatis.
1311 2144 1323 2156 n
1349 2132 1421 2170 Quo
1441 2138 1479 2158 ex
1496 2128 1564 2158 loco
1582 2126 1736 2163 inferunt,
1757 2124 1929 2157 Nix-ardum
1948 2131 2021 2156 tunc
2039 2126 2126 2157 istius

1127 2184 1261 2216 coenobii
1286 2183 1378 2214 fuisse
1397 2181 1554 2213 abbatem.
1577 2180 1675 2212 l'aulo
1692 2186 1781 2222 post,
1799 2179 1830 2209 id
1844 2185 1888 2209 est
1913 2189 1994 2209 anno
2018 2184 2025 2210 Ι
2041 2183 2102 2211 150
2114 2204 2121 2217 ,

1125 2234 1209 2270 idem
1233 2237 1454 2269 monasterium
1482 2235 1522 2266 ob
1553 2235 1611 2266 loci
1640 2234 1835 2275 exiguitatem
1871 2238 1901 2262 et
1928 2232 2124 2264 incommoda

1125 2294 1307 2325 translatum
1322 2298 1366 2322 est
1384 2291 1417 2322 in
1435 2288 1726 2324 Vallem-Richerii,
1739 2297 1807 2328 quae
1824 2287 1862 2317 de
1878 2285 1968 2316 feodo
1990 2286 2124 2317 ecclesiae

1125 2347 1299 2390 Bajocensis
1320 2352 1349 2377 et
1366 2343 1515 2388 parochia
1528 2349 1612 2380 erat,
1638 2342 1786 2383 Solopera
1799 2340 1831 2370 in
1850 2339 2019 2370 dominium
2036 2340 2123 2380 Bajo-

1124 2403 1223 2434 censis
1242 2401 1400 2444 episcopi,
1422 2399 1500 2428 sicut
1519 2402 1609 2427 antea
1624 2395 1722 2426 fuerat
1737 2417 1744 2431 ‚
1766 2393 1936 2434 resignata,
1962 2402 2032 2422 eum
2055 2402 2125 2422 con-

1123 2467 1215 2488 sensu
1234 2452 1385 2486 Bernardi
1406 2450 1537 2482 abbatis.
1555 2452 1684 2480 Exstant
1704 2447 1737 2478 in
1756 2446 1900 2477 Neustria
1921 2444 1971 2486 pia
1987 2443 2120 2485 Philippi

1123 2509 1260 2553 episcopi
1291 2505 1465 2549 Bajocensis
1490 2504 1599 2534 litterae
1632 2501 1670 2532 de
1698 2499 1919 2535 conventione,
1950 2508 2016 2539 quae
2041 2498 2121 2528 inter

1124 2575 1194 2596 eum
1208 2587 1215 2601 ,
1235 2578 1248 2589 u
1269 2568 1299 2593 et
1318 2561 1462 2592 abbatem
1480 2557 1633 2589 Thomam
1659 2554 1696 2585 de
1716 2550 1959 2583 Yalle-Rjeherii
1975 2550 2054 2581 sacta
2075 2556 2120 2580 est

1125 2633 1140 2644 »
1153 2617 1192 2648 de
1207 2618 1293 2654 loco,
1309 2615 1361 2657 qui
1379 2613 1528 2654 Solopera
1544 2616 1670 2641 vocatur
1683 2632 1690 2644 ‚
1711 2608 1742 2638 in
1766 2616 1827 2647 quo
1841 2604 1926 2647 prius
1942 2604 2006 2645 ejus
2027 2602 2120 2633 abba-

1125 2689 1137 2700 »
1151 2673 1194 2704 tia
1210 2676 1293 2707 erat,
1310 2685 1323 2696 n
1341 2672 1530 2700 cummutato
1547 2675 1616 2696 cum
1635 2658 1874 2693 Valle-Rieherii
1888 2681 1895 2695 ,
1913 2668 2004 2698 quem
2018 2657 2119 2687 locum

1123 2727 1284 2768 Philippus
1302 2723 1466 2765 episcopus
1485 2720 1511 2751 ei
1529 2716 1697 2754 concessit,
1723 2714 1799 2745 sicut
1813 2711 1909 2742 abbas
1928 2709 1965 2767 de
1979 2713 2119 2767 Mortuo-

1123 2780 1206 2813 Mari
1219 2785 1309 2810 antea
1322 2777 1360 2807 ab
1374 2777 1440 2818 ipso
1454 2778 1626 2815 acceperat.
1644 2773 1734 2810 Hugo
1748 2771 1982 2805 Rotomagens1s
1995 2768 2119 2793 antistes

1123 2836 1203 2867 hanc
1223 2832 1495 2865 commutationem
1527 2823 1720 2858 confirmavit
1754 2820 1873 2862 Bajocis
1906 2828 1987 2848 anuo
2022 2820 2118 2848 1150-

1124 2889 1253 2921 Thomae
1282 2885 1387 2917 abbati
1416 2877 1667 2914 Vallis-Richerii
1692 2874 1835 2907 successit
1866 2870 2036 2912 Rogerius,
2069 2877 2123 2911 qu·²

1124 2943 1183 2975 loci
1202 2942 1288 2973 istius
1302 2937 1453 2970 secundus
1467 2934 1562 2966 abbas
1576 2934 1608 2964 in
1621 2928 1779 2973 epitaphio
1791 2936 1854 2958 ‘suo
1873 2925 1998 2956 dicitur.

1174 3005 1238 3034 585
1271 3005 1311 3032 A.
1346 3007 1479 3028 LEGAT15
1510 3001 1735 3027 arosromcis,
1770 2998 1831 3017 rao
1875 2993 2123 3016 ARCBIEPISCOPO

1126 3065 1338 3091 MOGL'NTIXO.
1352 3070 1398 3074 ——
1410 3054 1458 3082 De
1474 3053 1537 3081 Ista
1554 3046 1706 3088 legatione
1723 3043 1767 3073 ita
1784 3038 1936 3072 Baronius
1951 3036 1989 3067 ad
2006 3044 2123 3092 annum

1131 3116 1215 3145 1153
1239 3121 1246 3141 :
1263 3125 1278 3135 α
1297 3106 1413 3138 Eodem
1430 3115 1512 3136 anno
1523 3126 1530 3140 ‚
1549 3117 1561 3128 »
1576 3099 1687 3142 inquit,
1707 3112 1722 3123 «
1737 3093 1916 3127 decernitur
1930 3090 1968 3122 ab
1982 3092 2122 3129 Eugenio

1129 3184 1141 3196 n
1156 3175 1237 3209 papa
1259 3161 1370 3204 legatio
1388 3160 1419 3190 in
1435 3155 1640 3190 Germaniam
1657 3152 1696 3184 ad
1715 3147 1919 3192 judicandum
1942 3144 2118 3186 episcopum

1742 3204 1799 3235 hoc
1815 3210 1929 3232 munus
1944 3195 2121 3228 obeundum

1130 3237 1142 3249 ι
1155 3216 1388 3260 Moguntinum.
1407 3216 1547 3245 Fuerunt
1561 3207 1670 3241 delecti
1687 3205 1727 3237 ad
1997 3255 2024 3279 tc
2051 3250 2111 3278 Be,-

1950 3266 1962 3277 2·
1977 3262 1992 3280 C
2028 3273 2034 3279 .
2111 3264 2122 3269 ·

1132 3291 1144 3303 ..
1158 3270 1333 3306 Bernardus
1355 3267 1517 3310 presbyter
1533 3270 1563 3296 et
1579 3260 1747 3303 Gregorius
1765 3257 1930 3289 diaconus,
1982 3303 1986 3307 .
2034 3304 2047 3308 ἢ

1130 3328 1245 3361 nardus
1264 3323 1389 3367 quidem
1405 3333 1443 3353 ex
1464 3320 1571 3352 Priore
1591 3312 1770 3348 monasterii
1789 3312 2011 3364 Lateranensis·
2026 3307 2037 3331 t
2051 3310 2123 3356 ano-

1132 3383 1219 3415 nicus
1239 3378 1388 3421 regularis
1410 3375 1450 3407 ab
1471 3371 1608 3414 Eugenio
1631 3367 1794 3412 presbyter
1809 3358 1973 3393 cardinalis
1992 3353 2119 3385 titulis.
