2533 3920
385 198 453 234 ‘151

1150 196 1185 231 S.
1216 194 1469 230 BERNARDI
1498 193 1699 228 ABBATIS

2384 193 2458 231 452

384 277 464 314 ficis
487 275 628 326 justam
656 273 788 326 (quod
809 272 962 310 diffiteri
993 285 1069 309 non
1086 270 1235 321 debeo)
1256 279 1389 308 contra
1400 268 1504 306 ²⁰³lis
1528 282 1612 319 quae
1634 269 1730 305 fiunt
1757 267 1795 304 in
1823 280 1941 316 regno
1961 266 2067 316 ejus,
2090 267 2229 318 ipsius,
2255 269 2352 306 sicut
2367 269 2461 308 dici-

385 351 445 374 me
464 336 792 386 indignationem3
815 347 905 383 ego,
932 333 1087 383 inquam
1103 361 1112 378 ,
1142 331 1300 369 assiduis
1325 344 1391 367 ve-
1410 335 1440 367 A
1460 338 1540 375 tur,
1562 343 1715 366 assensu
1737 344 1745 364 :
1768 337 1805 365 et
1826 327 1930 377 quod
1958 328 2174 377 rescripsit,
2198 328 2353 378 dignum
2371 330 2461 369 duxi

383 397 470 434 stris
485 426 494 443 ,
517 410 613 446 quos
637 397 822 433 innovare
845 393 1016 444 quotidie
1034 406 1111 429 non
1129 393 1300 438 cessatis,
1320 406 1389 428 ex-

382 456 550 494 cessibus
571 464 822 507 provocatus,
847 454 932 490 dico
953 452 1082 499 vobis,
1104 453 1244 502 incipio
1262 452 1387 502 poeni-

384 525 462 553 tere
483 530 596 567 super
609 514 827 565 insipientia
844 527 926 550 mea
940 513 1059 563 priori
1075 527 1082 548 :
1101 525 1175 562 qua
1188 511 1389 561 plusjusto

381 586 517 614 vestrae
531 576 795 614 adolescentiae
812 575 1008 623 hucusque
1027 573 1123 619 favi,
1140 573 1237 609 etde
1251 581 1388 609 caetero

381 650 453 688 pro
476 651 558 673 mea
577 636 780 685 exiguitate
797 648 873 670 non
891 633 1006 670 deero
1026 633 1187 669 veritati.

435 699 471 735 4.
488 702 572 735 Non
590 696 723 733 tacebo
739 694 843 745 quod
860 708 946 731 cum
968 691 1308 730 excommunicatis
1322 691 1388 727 ite-

383 768 465 796 rato
499 758 620 794 foedus
641 765 678 793 et
709 757 927 792 societatem
950 755 1046 790 inire
1067 753 1234 802 satagitis
1254 767 1261 789 ι
1282 751 1385 801 quod

382 820 420 856 in
442 832 573 856 necem
595 817 793 855 hominum
807 845 816 862 ,
838 815 1144 852 combustionem
1161 813 1386 857 domorum,

381 878 677 916 destructionem
701 876 965 920 ecclesiarum,
993 873 1267 923 dispersionem
1290 885 1387 922 pau-

382 951 516 988 perum
531 966 540 981 ,
557 935 774 985 raptoribus
791 943 827 970 et
844 932 1112 984 praedonibus,
1128 933 1223 969 sicut
1234 931 1386 977 dicitur,

384 996 604 1039 adhaerctis,
637 995 747 1044 juxta
777 994 870 1030 illud
901 993 1102 1043 Prophetae
1116 1022 1125 1038 ,
1163 993 1204 1027 Si
1231 990 1388 1027 videbas

375 1055 518 1104 furem,
539 1055 712 1091 currebas
730 1067 810 1089 cum
828 1067 883 1099 80,
902 1061 938 1088 et
951 1066 1033 1088 cum
1053 1054 1388 1099 mlulterisporlio—
1409 1054 1435 1087 B
1456 1048 1538 1098 ipse
1559 1049 1688 1098 aliquo
1711 1047 1828 1084 modo
1848 1048 2037 1098 pepigerit
2053 1061 2092 1084 se
2110 1048 2313 1085 facturum.
2332 1066 2347 1082 «
2367 1049 2459 1087 Illu-
2501 1057 2506 1093 ζ

378 1131 462 1152 nem
478 1126 580 1151 taam
591 1113 781 1163 ponebas'
800 1129 809 1159 3
831 1113 939 1162 quasi
953 1125 1030 1148 non
1048 1112 1135 1148 satis
1153 1124 1224 1161 per
1234 1124 1302 1147 vos
1311 1124 1388 1146 ma-

377 1178 412 1213 la
435 1177 557 1212 facere
579 1173 746 1211 valeatis.
767 1177 852 1211 'Non
870 1171 1004 1217 silebo,
1031 1171 1137 1221 quod
1154 1171 1326 1207 illicitum
1345 1170 1388 1206 il-

376 1236 442 1273 lud
460 1232 1051 1284 maledictumquejurameutum
1065 1231 1386 1268 inconsultissime

376 1305 602 1346 usurpatum
625 1309 646 1331 a
665 1294 775 1331 vobis
795 1302 931 1330 contra
956 1292 1229 1330 Bituricensem
1253 1291 1385 1328 Eccle-

378 1358 469 1393 siam
491 1357 577 1407 (pro
596 1369 687 1405 quo,
707 1355 802 1399 heu,
826 1362 883 1390 tot
898 1362 935 1390 et
958 1361 1060 1390 tanta
1079 1353 1175 1389 mala
1187 1351 1266 1401 jam
1284 1365 1385 1388 nunc

378 1418 515 1454 merito
531 1414 808 1467 provenerunt)
830 1428 906 1451 non
923 1414 973 1450 ita
993 1412 1145 1450 tandem
1167 1413 1356 1462 corrigitis
1373 1441 1382 1459 ,

378 1486 419 1513 ut
447 1477 583 1515 Christi
613 1475 748 1512 ovibus
773 1474 875 1524 apud
911 1474 1158 1511 Catalaunum
1191 1482 1384 1523 pastorem

377 1538 517 1587 praefici
549 1550 627 1573 non
657 1535 788 1572 sinatis
811 1549 818 1571 :
840 1535 998 1585 insuper
1018 1543 1055 1571 et
1076 1534 1181 1571 fratri
1202 1542 1330 1570 vestro
1347 1534 1384 1580 *,

377 1596 535 1647 ejusque
551 1595 753 1641 militibus,
771 1594 971 1644 sagittariis
983 1623 993 1639 ,
1007 1592 1301 1644 ballistariisque
1319 1594 1385 1631 do-

378 1670 461 1693 mos
478 1657 714 1706 episcopales
733 1663 866 1691 contra
881 1653 944 1703 jus
960 1663 997 1690 et
1011 1654 1064 1690 fas
1083 1653 1307 1690 habitandas
1321 1683 1330 1699 ,
1350 1662 1387 1690 et

378 1731 438 1754 res
455 1717 630 1754 Ecclesiae
654 1717 692 1753 in
717 1715 937 1765 hujusmodi
955 1715 1121 1752 nefarios
1136 1728 1226 1751 usus
1250 1715 1387 1765 profli-

377 1777 518 1826 gandas
535 1777 715 1814 audacter
731 1777 894 1813 nimium
908 1776 1121 1825 exponatis.
1142 1776 1239 1812 Dico
1255 1775 1384 1822 vobis,

1457 389 1589 436 vobis,
1611 390 1678 439 qui
1699 389 1744 425 dc
1766 389 1926 425 consilio
1945 387 2028 436 ejus
2052 388 2159 434 estis,
2178 388 2460 430 insinuandum.

1457 451 1576 487 Miror
1594 450 1693 486 enim
1716 450 1745 486 si
1764 450 1815 485 ita
1833 448 1973 494 credit,
1993 456 2034 484 ut
2055 448 2228 497 loquitur
2249 461 2257 483 :
2279 457 2316 485 et
2335 449 2365 486 si
2384 464 2462 490 non

1458 510 1599 555 credit,
1623 509 1820 559 quomodo
1846 508 1999 545 conscio
2026 508 2118 544 mihi
2138 508 2271 558 utique
2291 510 2460 559 omnium

1459 570 1577 620 (sicut
1595 568 1716 619 scitis)
1737 581 1821 618 quae
1843 568 1890 604 ad
1913 580 2045 617 pacem
2067 566 2348 604 reformandam
2367 569 2462 608 faeta

1455 631 1633 676 suerunt,
1669 631 1738 667 ista
1767 628 2000 680 persuadere
2036 636 2208 665 conatur.
2240 628 2304 666 Ait
2322 629 2460 678 ,enim‚
2505 651 2529 667 4;

1454 691 1550 727 sicut
1570 691 1728 740 potestis
1756 690 1888 726 videre
1906 689 1943 725 in
1964 688 2101 725 litteris
2120 687 2203 737 ejus
2217 717 2226 735 ,
2251 702 2336 725 cum
2367 690 2462 728 male

1453 758 1601 787 servata
1622 751 1658 786 in
1678 759 1785 800 parte
1803 749 1960 786 Comitis
1977 757 2086 799 pacta
2109 757 2314 786 conaretur
2333 758 2461 787 osten-

1455 810 1572 847 dere:
1596 827 1608 841 «
1633 811 1768 847 Adhuc
1797 810 1971 860 suspensi
2002 817 2159 846 manent
2192 809 2362 860 episcopi
2389 823 2461 848 no-

1455 887 1470 902 »
1489 870 1556 906 stri
1578 884 1585 906 :
1607 869 1730 906 adhuc
1747 878 1845 906 terra
1861 878 1991 906 nostra
2010 868 2214 905 interdicta
2229 876 2297 905 est.
2317 886 2332 902 a>
2348 869 2461 918 Quasi

1452 943 1546 966 vero
1567 929 1791 978 cujusquam
1814 929 2056 966 ecclesiastici
2085 928 2276 966 absolutio
2301 929 2460 968 interdi-

1455 990 1503 1024 cti
1523 988 1568 1024 ad
1591 989 1770 1025 comitem
1795 987 2055 1025 Theobaldum
2074 988 2264 1038 pertineat
2277 1018 2287 1036 ,
2308 997 2373 1026 aut
2391 989 2461 1028 hoc

1457 1126 1471 1141 »
1493 1122 1555 1146 sus
1576 1118 1644 1155 est,
1665 1127 1680 1142 »
1699 1109 1763 1155 ait,
1787 1126 1800 1141 α
1820 1121 1947 1145 comes
1964 1108 2166 1155 Radulfus,
2187 1117 2226 1146 et
2240 1109 2378 1146 iterum
2399 1124 2459 1148 re-

1455 1186 1470 1201 »
1492 1169 1636 1218 legatus
1659 1177 1726 1206 est.
1750 1187 1764 1202 υ
1783 1173 1831 1206 Et
1860 1169 1932 1206 hoc
1951 1169 2045 1219 quid
2066 1169 2114 1206 ad
2140 1169 2319 1206 comitem
2338 1170 2460 1208 Theo-

1453 1228 1640 1266 baldum?
1668 1233 1803 1267 Nonne
1829 1229 2018 1280 quidquid
2035 1229 2083 1267 de
2106 1229 2178 1267 hac
2202 1243 2243 1267 re
2266 1230 2460 1280 promisit,

1453 1289 1618 1326 fideliter
1646 1289 1877 1337 elaboravit,
1905 1299 1943 1327 et
1976 1290 2182 1327 efficaciter
2215 1291 2460 1341 adimplevit?
2500 1320 2502 1328 .

1452 1351 1520 1387 Ille
1536 1364 1628 1388 vero
1642 1349 1905 1402 deprehensus
1922 1359 1977 1388 est
1997 1351 2035 1387 in
2054 1351 2191 1388 astutia
2207 1364 2288 1397 sua,
2311 1360 2348 1389 et
2361 1352 2458 1390 ceci-
2500 1381 2503 1390 ,

1453 1409 1507 1446 dit
1522 1411 1558 1447 in
1579 1411 1726 1448 foveam
1745 1425 1859 1461 quam
1880 1412 1981 1449 fecit.
2007 1415 2064 1449 En
2087 1420 2144 1449 est
2158 1412 2233 1449 hoc
2249 1421 2370 1450 totum
2395 1427 2461 1451 cur

1451 1470 1557 1507 irrita
1580 1471 1720 1509 faceret
1740 1476 1823 1509 Rex
1843 1480 1955 1522 pacta
1991 1485 2080 1518 sua,
2101 1486 2186 1522 quae
2208 1472 2463 1512 distinxerunt

1451 1533 1553 1570 labia
1574 1535 1725 1571 vestra?
1754 1537 1811 1570 An
1836 1541 1998 1583 propter
2027 1533 2100 1570 hoc
2130 1532 2258 1570 decuit
2282 1533 2461 1572 incande-
2498 1539 2523 1569 Ἰἑ

1453 1607 1558 1631 scere
1590 1595 1685 1631 iram
1722 1594 1837 1644 Regis
1871 1602 2005 1631 contra
2028 1597 2152 1631 Deum
2184 1602 2223 1631 et
2256 1595 2459 1633 Ecclesiam
2496 1617 2519 1628 -·

1453 1655 1557 1705 ejus,
1578 1664 1711 1692 contra
1745 1668 1784 1692 se
1811 1655 1937 1705 ipsum
1962 1663 2000 1691 et
2022 1667 2183 1704 regnum
2200 1657 2335 1692 suum?
2354 1659 2460 1693 Itane

1452 1724 1614 1766 propter
1632 1715 1706 1752 hoc
1723 1714 1856 1752 debuit
1881 1714 2055 1751 oblivisci
2078 1715 2237 1752 honoris
2259 1715 2335 1762 sui,
2356 1724 2399 1752 ut
2413 1715 2459 1753 ad

1454 1775 1724 1812 debellandum
1757 1775 1954 1812 hominem
1982 1788 2113 1822 suum,
2141 1788 2255 1825 quem
2277 1788 2355 1812 non
2377 1776 2460 1814 dico
2495 1785 2503 1825 ’ς

381 1851 460 1874 11011
484 1839 555 1874 crit
572 1838 634 1874 diu
658 1837 841 1883 inultum,
862 1836 893 1872 si
909 1836 989 1872 haec
1010 1836 1058 1872 ita
1078 1836 1199 1872 facere
1219 1837 1386 1886 pergitis.
1407 1839 1434 1875 C
1456 1835 1715 1881 diffidaverat,
1738 1835 1804 1872 sed
1829 1848 1900 1872 nec
1920 1833 2222 1881 submonuerat,
2242 1836 2301 1872 vel
2318 1848 2458 1886 posue-

381 1901 428 1935 Et
448 1897 554 1944 ideo,
577 1897 732 1934 domine
760 1897 811 1933 mi
846 1910 934 1941 rCX,
968 1895 1217 1933 amicabiliter
1248 1910 1386 1933 moneo

381 1971 448 1995 vos
465 1987 474 2003 ‚
498 1967 535 1995 et
557 1958 720 1994 fideliter
740 1957 900 1994 consulo
920 1956 1051 2002 vobis,
1072 1965 1112 1993 ut
1127 1957 1236 1994 citius
1255 1957 1387 1994 abbae

379 2019 522 2055 malitia
554 2018 740 2055 desistatis
762 2033 769 2054 :
792 2018 822 2054 si
852 2017 949 2054 forte
974 2016 1053 2066 jam
1080 2017 1192 2054 ferire
1215 2019 1385 2067 parantis

365 2092 558 2125 ananum,
590 2079 767 2117 Ninivitae
806 2078 905 2128 regis
939 2078 1139 2128 exemplo,
1161 2079 1386 2128 poenitentia

380 2148 416 2176 et
436 2140 648 2176 humilitate
668 2139 881 2189 praevenire
906 2139 1072 2188 possitis.
1092 2142 1196 2176 Dure
1217 2140 1355 2189 loquor
1373 2168 1382 2185 ,

378 2202 467 2250 quia
487 2201 643 2237 duriora
662 2200 771 2237 vobis
801 2200 966 2237 formido
989 2215 996 2237 :
1021 2200 1087 2237 sed
1112 2210 1343 2238 mementote
1364 2215 1385 2238 a

377 2262 554 2311 Sapiente
575 2260 717 2297 dictum
733 2289 742 2306 ,
767 2262 932 2296 flleliorct
955 2273 1034 2296 esse
1060 2260 1219 2296 verbera
1245 2266 1381 2306 amici,

376 2335 487 2369 quam
501 2319 748 2368 fraudulenta
765 2323 889 2357 oscula
906 2324 1086 2357 inimicz'2.

532 2468 556 2477 ι·
562 2468 657 2477 sumnus
663 2468 686 2476 u
692 2468 917 2478 ιιιιἏνιιινιιιιι
923 2468 1150 2478 ιιιιιψιιιιιννιςη
1156 2468 1354 2478 νιικιιςιιπνι-ι
1361 2469 1383 2478 -κ

505 2589 878 2647 EPISTOLA
937 2587 1247 2647 CCXXII.a

398 2752 445 2773 An
479 2751 670 2774 JOSIAENtM
686 2736 703 2759 b
729 2750 1026 2773 SCESSIONENSEM
1049 2750 1279 2784 EPISCOPL‘M,
1308 2751 1354 2773 ET

484 2811 674 2834 SECERH'M
706 2811 873 2833 ABBATEM
915 2810 1257 2834 SANCTI-DIONYSH.

368 2933 518 2974 Queritur
533 2933 616 2975 apud
635 2944 702 2969 eos,
722 2933 765 2964 uti
782 2933 877 2975 Regis
891 2933 1101 2972 consiliarios,
1120 2933 1158 2964 de
1178 2933 1291 2975 iniquis
1311 2935 1377 2977 ejus

415 2992 522 3017 contra
544 2987 762 3018 Theobaldum
793 2987 1026 3026 molitionibus,
1055 2993 1163 3019 contra
1194 2994 1319 3030 pactum
1347 2995 1377 3020 et

413 3052 521 3084 pacem
535 3042 654 3073 initam.

422 3164 454 3200 1.
476 3163 710 3213 Scripseram
729 3163 845 3213 Regi,
865 3175 1026 3212 arguens
1046 3176 1133 3200 eum
1154 3176 1269 3213 super
1291 3177 1372 3200 ma-

411 3304 419 3318 ¹
441 3298 520 3329 Psal.
539 3308 635 3335 xmx,
658 3301 710 3329 18.
728 3316 769 3320 ——
791 3301 911 3329 ²1¹1-ov.
929 3309 1041 3336 xxvii,
1062 3302 1094 3329 ὓ.

1454 1905 1510 1932 rat
1533 1896 1577 1932 ad
1601 1897 1784 1933 rationem
1800 1911 1809 1942 ;
1829 1896 1998 1932 mitteret
2013 1895 2169 1932 fratrem
2189 1909 2300 1933 suum
2314 1925 2323 1942 ‚
2346 1896 2460 1947 idque
2494 1902 2512 1930 2:

1452 1970 1522 2006 per
1554 1957 1828 2003 Catalaunum,
1859 1956 1905 1992 de
1935 1969 2010 2005 qua
2038 1956 2280 2006 potissimum
2310 1957 2459 1996 civitate

1453 2017 1554 2054 scitis
1585 2017 1678 2067 quid
1707 2020 1789 2054 Rex
1811 2029 1897 2053 cum
1929 2016 2068 2053 comite
2099 2015 2322 2054 Theobaldo
2351 2018 2460 2069 pepi·
2492 2031 2506 2043 ‘-

1452 2079 1549 2128 gerit
1564 2080 1578 2114 Ξ)

1506 2139 1541 2175 2.
1565 2138 1637 2175 Sed
1664 2142 1748 2176 Rex
1773 2138 1898 2175 adhuc
1918 2137 2022 2174 aliud
2049 2136 2177 2185 addit,
2200 2138 2305 2189 quod
2327 2139 2457 2176 matri-
2492 2162 2496 2167 ·

1452 2199 1590 2236 moniis
1617 2198 1690 2235 sibi
1716 2199 1898 2236 moliatur
1925 2197 2185 2248 conjungere,
2215 2207 2351 2236 contra
2378 2197 2458 2249 ejus

1451 2259 1694 2307 fidelitatem,
1716 2260 1894 2297 comitem
1922 2259 2197 2298 Flandrensem
2224 2268 2262 2297 et
2286 2260 2456 2299 Suessio-
2490 2287 2493 2292 «

1450 2333 1606 2357 nensem
1618 2320 1648 2357 *.
1670 2324 1718 2358 Et
1737 2320 1784 2357 de
1805 2320 1986 2356 fidelitate
2014 2319 2167 2369 quidem
2193 2319 2359 2370 suspicio
2379 2327 2457 2366 est,

1449 2394 1528 2417 non
1551 2380 1753 2418 certitudo.
1785 2383 1907 2417 Porro
1932 2380 2063 2416 inanes
2091 2379 2327 2429 suspiciones
2347 2378 2456 2417 certis

1448 2440 1688 2490 pactionibus
1708 2439 1958 2491 praejudicare
1973 2467 1982 2485 ‚
2005 2439 2117 2489 quale
2134 2439 2207 2484 sit,
2231 2452 2300 2476 vos
2316 2438 2456 2476 videri·

1450 2501 1509 2538 tis.
1532 2505 1759 2550 Quanquam
1777 2499 1816 2537 id
1837 2499 1995 2537 omnino
2012 2499 2249 2536 credendum
2272 2513 2351 2536 non
2374 2500 2457 2538 fue·
2488 2518 2491 2550 ξ

1450 2561 1498 2597 rit
1517 2561 1564 2597 de
1583 2561 1644 2597 tali
1666 2561 1763 2597 viro.
1789 2559 1984 2610 Numquid
2003 2560 2106 2596 enim
2126 2559 2255 2597 hostes
2275 2568 2363 2597 sunt
2379 2563 2453 2598 Re-

1398 2620 1529 2670 Dgis,
1568 2620 1710 2670 quibus
1745 2621 1921 2670 alligatur
1957 2621 2119 2666 Comes,
2146 2628 2186 2657 et
2225 2633 2304 2657 non
2337 2619 2452 2670 magis

1447 2680 1621 2718 homines
1645 2680 1726 2730 ejus
1747 2690 1784 2718 et
1803 2680 1885 2730 ejus
1911 2681 2045 2718 amici?
2068 2685 2206 2719 Nonne
2226 2680 2452 2731 consangui—

1446 2754 1540 2778 neus
1560 2741 1690 2791 Regis,
1709 2750 1766 2788 et,
1788 2741 1885 2778 sicut
1905 2742 2064 2788 fatetur,
2085 2740 2244 2778 baculus
2263 2741 2369 2791 regni
2385 2753 2451 2778 co-
2504 2754 2513 2778 :

1446 2815 1526 2839 mes
1545 2801 1787 2840 Flandrensis
1804 2803 1882 2838 est?
1902 2801 2003 2850 Quid
2019 2815 2111 2852 ergo
2127 2809 2260 2838 contra
2277 2801 2389 2851 Regis
2407 2801 2452 2838 fi—

1447 2862 1640 2899 delitatem
1665 2863 1751 2899 facit
1778 2862 1861 2912 ejus
1889 2862 2026 2908 homo,
2049 2870 2087 2899 et
2115 2861 2238 2900 fidelis
2257 2861 2400 2913 ipsius,
2418 2860 2449 2898 si
2484 2881 2488 2890 ν

1445 2923 1525 2960 aliis
1545 2922 1628 2972 ejus
1647 2923 1777 2960 amicis
1792 2953 1801 2970 ‚
1823 2936 1982 2960 suorum
2009 2922 2263 2959 matrimoniis
2292 2920 2449 2972 copula-

1445 2985 1535 3019 tur?
1558 2986 1694 3020 Nonne
1712 2983 1742 3019 si
1765 2983 1850 3032 quis
1871 2982 2034 3033 simplici
2050 2982 2162 3019 oculo
2179 2995 2258 3018 rem
2272 3010 2282 3028 ,
2304 2989 2345 3018 ut
2369 2987 2451 3028 est,
2482 2999 2508 3034 :²

1443 3043 1726 3090 consideraret3
1767 3056 1904 3094 magna
1934 3043 2063 3093 potius
2092 3055 2168 3093 pax
2207 3043 2335 3093 regni,
2366 3054 2447 3079 ma·
2500 3065 2501 3069 =

1442 3117 1634 3155 gnumque
1654 3104 1792 3153 robur,
1813 3112 1851 3142 et
1870 3117 2007 3155 magna
2027 3111 2156 3155 posset
2181 3103 2310 3155 putari
2337 3114 2444 3140 secu-

1442 3165 1532 3202 ritas
1546 3167 1561 3201 Ξ)

1550 3303 1562 3317 ‘¹
1579 3301 1699 3343 Scripta
1719 3311 1802 3332 anno
1820 3300 1933 3332 Christi
1954 3304 1962 3331 1
1979 3302 2052 3332 142.

410 3344 423 3366 ¹³
445 3350 558 3381 Rufum
578 3350 774 3392 cognominat
788 3350 954 3383 Ordcricus
969 3362 1038 3394 pag.
1059 3354 1137 3383 880.
1153 3351 1203 3383 Ad
1220 3361 1288 3382 eum
1304 3351 1433 3393 epistola
1453 3355 1517 3384 342
1531 3378 1538 3391 ,
1559 3360 1672 3395 praetcr
1689 3360 1748 3384 tres
1763 3359 1936 3395 sequentes.
