2517 3920
1095 160 1129 193 S.
1161 155 1414 192 BERNARDI
1444 151 1645 187 ARssATls

2312 146 2410 181 1508

330 170 424 206 1507

325 248 442 284 terior
469 243 648 282 revixerit
684 241 812 276 homo.
847 241 893 274 Et
926 250 1027 273 nunc
1058 246 1255 271 curramus
1285 231 1330 268 ad
1344 229 1410 262 63“»
1435 235 1586 265 verunt.
1608 244 1621 259 »
1644 225 1766 261 Etille
1789 239 1826 260 1«
1851 224 2070 274 P1·aecipe,»
2089 224 2232 274 inquit,
2256 241 2269 257 «
2292 223 2411 260 laxari

326 307 485 355 reliqua.
1352 291 1382 324 A
1401 307 1415 321 υ
1436 287 1529 324 retia
1544 287 1584 323 in
1606 284 1762 321 nomine
1788 283 1957 321 Domini.
1981 300 1995 316 »
2015 287 2168 320 Factum
2189 292 2268 331 est,
2287 293 2323 321 et
2348 297 2413 320 ca-

379 369 442 403 55.
464 365 530 402 Vir
551 360 759 400 secundum
781 358 961 396 saeculum
990 353 1247 399 honorabilis,
1274 365 1335 388 se-

326 425 494 463 cundum
529 426 652 460 Deum
689 419 911 462 timoratus,
943 416 1100 452 veniens
1135 413 1181 450 ad
1214 412 1335 448 Mala-

326 486 467 530 chiam,
495 491 654 533 questus
679 488 735 518 est
763 479 797 515 ei
831 490 946 527 super
979 474 1174 512 sterilitate
1201 472 1336 508 animae

329 559 425 591 suae,
448 544 667 594 supplicans
687 549 728 578 ut
758 539 828 575 sibi
857 538 1050 574 obtineret
1077 534 1124 571 ab
1155 533 1337 583 omnipo-

330 615 432 643 tente
465 609 548 642 Deo
579 602 736 653 gratiam
767 601 1034 647 lacrymarum.
1056 599 1104 631 Et
1135 593 1338 631 subridens

328 666 551 711 Malachias,
572 662 675 713 quod
693 668 841 710 gratum
857 657 1014 694 haberet
1030 657 1068 692 in
1089 654 1245 691 homine
1266 666 1337 689 sae-

331 727 450 764 eulari
485 723 713 762 desiderium
746 718 962 769 spirituale,
1002 729 1105 753 suam
1146 714 1338 750 maxillam

332 787 497 824 maxillae
525 784 625 821 illius
660 781 767 831 quasi
796 777 1030 815 blandiendo
1063 774 1301 824 conjungens
1328 789 1336 810 :

328 865 341 879 α
362 847 464 892 Fiat,
491 862 505 877 >2
529 842 676 892 inquit,
701 857 716 872 «
738 839 825 884 tibi,
857 837 954 873 sicut
987 834 1130 885 petisti.
1152 852 1167 866 n
1197 837 1339 870 Tantos

325 905 483 948 exinde,
506 912 542 939 et
563 914 660 951 pene
687 898 892 935 continuos
913 895 1036 937 exitus
1061 905 1247 943 aquarum
1270 891 1337 928 de-

326 966 519 1002 duxerunt
535 961 636 998 oculi
656 959 738 1008 ejus
750 987 759 1004 ,
777 965 820 994 ut
840 955 933 992 illud
951 954 1157 1004 Scripturae
1174 953 1207 989 ei
1224 965 1337 1002 posse

325 1024 445 1075 aptari
471 1022 667 1059 videretur
688 1034 695 1056 :
718 1021 819 1055 Fores
839 1018 1042 1059 hortorum,
1058 1022 1192 1062 puteus
1211 1026 1336 1060 aqua·
1359 1016 1386 1050 B

328 1100 406 1122 rum
431 1087 634 1120 viventium
655 1088 679 1116 ¹.
697 1083 762 1116 Est
784 1077 908 1114 insula
936 1075 1049 1112 maris
1070 1075 1108 1110 in
1129 1072 1335 1117 Hibernia,

328 1145 375 1181 ab
394 1145 484 1181 olim
506 1141 668 1179 fecunda
681 1139 842 1189 piscium
865 1152 872 1173 :
895 1145 932 1172 et
948 1148 1050 1172 mare
1072 1134 1124 1171 ibi
1146 1134 1337 1184 piscosum

326 1204 448 1242 valde.
476 1202 662 1246 Peccatis,
692 1208 735 1236 ut
764 1196 951 1242 creditur,
983 1195 1238 1232 habitantium
1269 1193 1337 1230 ad-

327 1274 455 1315 empta
476 1264 586 1313 copia
606 1261 736 1306 solita,
758 1272 842 1309 quae
864 1257 1004 1293 multos
1032 1255 1196 1292 habebat
1221 1255 1338 1300 filios,

327 1328 516 1363 infirmata
539 1331 611 1368 est,
629 1330 667 1357 et
687 1334 706 1357 a
729 1327 831 1355 tanta
852 1316 1023 1353 funditus
1044 1315 1101 1352 sui
1122 1314 1338 1351 commodi—

330 1395 404 1423 tate
436 1382 630 1421 emarcuit.
652 1377 880 1417 Dolentibus
908 1376 1064 1422 accolis,
1092 1384 1129 1412 et
1150 1374 1338 1424 jacturam

329 1459 484 1496 gravem
510 1442 664 1494 populis
686 1453 784 1489 aegrc
804 1437 1034 1482 serentibus,
1053 1437 1262 1472 revelatum
1284 1444 1340 1472 est

330 1505 478 1543 cuidam
496 1502 664 1546 mulieri,
679 1499 857 1550 precibus
869 1497 1064 1535 Malachiae
1086 1510 1196 1546 posse
1211 1497 1339 1533 afferri

330 1565 542 1603 remedium
566 1578 572 1600 :
596 1562 711 1610 idque
732 1560 898 1596 innotuit
919 1558 1099 1595 omnibus
1113 1587 1122 1603 ,
1145 1558 1226 1607 ipsa
1248 1571 1342 1607 pro-

329 1627 455 1663 dente.
473 1628 574 1661 Nutu
590 1623 659 1659 Dei
671 1621 829 1670 contigit
846 1619 975 1656 adesse
991 1618 1226 1656 Malachiam.
1241 1621 1342 1655 Dum

328 1687 429 1724 enim
447 1684 642 1727 circuiret,
665 1690 701 1718 et
721 1681 886 1730 repleret
908 1679 1112 1728 Evangelio
1132 1678 1340 1727 regionem,

331 1746 484 1784 divertit
507 1745 618 1789 illuc,
649 1751 691 1778 ut
713 1750 750 1778 et
770 1741 862 1790 ipsis
886 1740 1058 1776 camdem
1081 1738 1238 1788 gratiam
1270 1739 1343 1774 im—

1402 349 1457 399 pti
1476 355 1564 385 sunt
1580 347 1770 383 salmones
1791 344 2007 381 duodecim.
2023 343 2198 380 Secundo
2214 345 2413 389 miserunt,

1403 418 1440 446 et
1462 408 1583 458 captis
1604 406 1762 443 totidem
1777 434 1786 450 ,
1818 405 2060 455 inopinatum
2082 404 2254 441 inferunt
2273 403 2414 441 mensis

1404 478 1441 505 et
1462 468 1647 504 ferculum
1660 495 1669 511 ,
1688 473 1725 502 et
1748 464 1986 501 miraculum.
2008 467 2055 500 Et
2075 471 2118 499 ut
2134 463 2235 500 clare
2253 464 2414 514 liqueat,

1403 527 1598 566 Malachiae
1616 525 1759 562 meritis
1773 525 1846 561 hoc
1864 524 1994 561 datum
2013 524 2149 571 fuisse3
2167 523 2247 561 aliis
2260 537 2415 574 quoque

1405 589 1558 627 duobus
1591 585 1840 637 sequentibus
1872 585 1981 622 annis
2006 585 2138 622 eadem
2166 584 2416 621 nihilominus

1405 649 1582 686 sterilitas
1603 646 1839 699 perduravit.

1732 773 1911 812 CAPUT
1940 772 2093 813 XXVI.

1451 890 1623 922 Veritatem
1636 889 1778 931 corporis
1793 887 1908 920 Christi
1923 888 1956 919 in
1972 887 2167 920 Eucharistia
2179 895 2368 931 propugnat.

1459 1012 1522 1049 57.
1544 1010 1631 1048 Fuit
1654 1009 1809 1059 quidam
1833 1009 1992 1045 clericus
2017 1009 2056 1045 in
2074 1012 2252 1056 Lesmor,
2273 1008 2419 1059 proba-

1406 1071 1491 1108 bilis
1519 1070 1576 1122 (ut
1598 1069 1733 1120 fertur)
1757 1071 1866 1116 vitae,
1885 1069 1951 1107 sed
1968 1069 2057 1106 fidei
2077 1083 2156 1107 non
2177 1070 2244 1107 ita.
2270 1073 2307 1107 Is
2322 1071 2420 1108 scio-

1406 1133 1465 1169 lus
1493 1132 1533 1168 in
1561 1132 1684 1169 oculis
1713 1131 1811 1176 suis,
1837 1130 2081 1181 praesumpsit
2109 1130 2260 1176 dicere,
2278 1130 2317 1168 in
2341 1134 2420 1168 Eu-

1406 1193 1582 1229 charistia
1621 1205 1701 1228 esse
1741 1190 2009 1228 tantummodo
2048 1199 2327 1228 sacramentum
2342 1222 2352 1239 ,
2383 1201 2421 1229 et

1406 1267 1484 1290 non
1503 1267 1581 1290 rem
1604 1251 1851 1298 sacramenti,
1869 1251 1907 1288 id
1933 1260 1990 1288 est
2016 1252 2135 1288 solam
2152 1252 2421 1290 sanctificatio—

1406 1327 1515 1360 nem,
1536 1322 1573 1350 et
1594 1327 1671 1349 non
1704 1312 1880 1362 corporis
1900 1311 2116 1349 veritatem.
2145 1314 2269 1362 Super
2293 1326 2370 1363 quo
2399 1327 2421 1350 a

1406 1374 1592 1411 Malachia
1612 1382 1778 1420 secreto,
1797 1381 1834 1410 et
1848 1386 1949 1423 saepe
1966 1381 2199 1420 conventus,
2217 1373 2283 1410 sed
2300 1374 2421 1411 incas-

1407 1448 1507 1480 sum,
1528 1443 1687 1471 vocatus
1705 1433 1752 1470 ad
1782 1433 1951 1470 medium
1969 1442 2045 1479 est,
2062 1447 2234 1471 seorsum
2254 1443 2379 1472 tamen
2401 1449 2422 1472 a

1407 1495 1532 1541 laicis,
1550 1503 1612 1541 ut,
1632 1495 1659 1531 si
1679 1495 1759 1531 fieri
1776 1503 1926 1544 posset,
1943 1503 2165 1542 sanaretur,
2183 1503 2221 1531 et
2236 1508 2314 1532 non
2333 1509 2423 1532 con-

1409 1555 1646 1592 funderetur.
1665 1558 1798 1605 Itaque
1814 1555 1852 1592 in
1878 1564 2072 1592 conventu
2090 1556 2314 1593 clericorum
2337 1556 2424 1594 data

1410 1616 1568 1653 facultas
1588 1616 1736 1652 homini
1758 1624 1815 1652 est
1843 1629 1917 1665 pro
1945 1629 2013 1652 sua
2041 1615 2229 1652 sententia
2258 1629 2423 1666 respon—

1410 1677 1537 1714 dendi.
1566 1681 1738 1726 Cumque
1766 1677 1855 1714 totis
1888 1677 2030 1727 ingenii
2058 1677 2222 1724 viribus,
2243 1691 2321 1728 quo
2344 1692 2422 1715 non

1409 1738 1655 1775 mediocriter
1674 1736 1856 1783 callebat,
1879 1751 2048 1774 asserere
2068 1746 2105 1774 et
2127 1737 2334 1775 defendere
2355 1752 2423 1775 co-

329 1807 499 1858 pertiret.
522 1809 571 1840 At
591 1802 760 1847 barbari,
782 1801 922 1850 quibus
943 1809 1024 1836 erat
1039 1798 1161 1847 maJ'or
1176 1812 1267 1835 cura
1293 1798 1339 1835 de
1361 1805 1387 1840 C
1408 1808 1565 1836 naretur
1594 1812 1789 1843 errorem3
1818 1798 2004 1834 Malachia
2036 1806 2170 1835 contra
2205 1797 2426 1848 disputante

330 1867 517 1918 piscibus,
534 1864 640 1902 omni
660 1861 837 1899 instantia
859 1861 1052 1909 flagitant,
1074 1868 1113 1895 ut
1134 1859 1262 1908 potius
1284 1873 1340 1895 re-

330 1928 473 1977 spicere
495 1926 673 1974 dignetur
693 1935 808 1971 super
832 1921 1067 1956 sterilitatem
1091 1920 1225 1955 insulae
1246 1932 1336 1955 suae.

330 1987 403 2035 Qui
419 1999 505 2022 cum
523 1981 775 2033 responderet
789 1994 827 2016 se
843 1980 999 2016 mininie
1018 1979 1064 2015 ad
1082 1979 1154 2014 hoc
1168 1978 1317 2015 venisse
1328 2007 1338 2024 ,

328 2045 529 2082 hominum
560 2041 698 2090 magis,
719 2053 832 2089 quam
856 2038 1016 2088 piscium
1040 2037 1255 2074 desiderare
1279 2052 1342 2074 ca-

331 2115 507 2155 pturam3
538 2101 673 2138 videns
704 2109 827 2136 tamen
860 2099 972 2134 fidem
994 2112 1150 2144 eorum,
1173 2098 1280 2135 flexis
1303 2099 1340 2134 in

330 2167 458 2202 littore
486 2161 669 2212 genibus,
692 2160 816 2196 oravit
843 2159 889 2195 ad
910 2160 1139 2205 Dominum,
1174 2168 1231 2204 ut,
1255 2159 1343 2196 licet

328 2225 512 2273 indignis,
554 2222 745 2258 indultum
776 2220 866 2255 olim
900 2219 1129 2255 beneficium
1158 2227 1260 2255 tanta
1294 2221 1343 2255 fi-

326 2286 373 2322 de
403 2282 663 2333 repetentibus
686 2294 764 2317 non
795 2288 961 2329 negaret.
986 2279 1167 2316 Ascendit
1196 2280 1341 2326 oratio,

328 2345 496 2384 ascendit
526 2353 564 2380 et
589 2342 750 2393 piscium
781 2341 1009 2386 multitudo,
1041 2349 1078 2377 et
1111 2341 1208 2377 forte
1242 2341 1342 2377 ube-

328 2408 426 2451 rior,
447 2417 562 2454 quam
584 2403 622 2438 in
654 2400 791 2438 diebus
812 2401 999 2449 antiquis,
1026 2409 1062 2436 et
1091 2401 1172 2449 ipsa
1193 2402 1341 2450 populo

330 2475 441 2502 terrae
469 2474 718 2514 perseverans
744 2474 866 2510 usque
896 2461 932 2496 in
962 2460 1192 2496 hodiernum
1221 2460 1339 2498 diem.

326 2525 427 2573 Quid
448 2524 587 2560 mirum
602 2551 611 2568 ,
629 2521 658 2558 si
679 2521 802 2557 oratio
822 2520 932 2569 justi,
959 2534 1044 2569 quae
1064 2529 1241 2570 penetrat
1258 2535 1338 2557 coe-

1407 1869 1444 1897 et
1471 1859 1744 1904 convincente,
1762 1858 1909 1907 judicio
1937 1858 2110 1894 omnium
2135 1866 2359 1908 superatus,
2379 1859 2427 1896 de

1408 1927 1601 1956 conventu
1626 1918 1809 1955 confusus
1830 1917 1986 1967 quidem
2005 1918 2117 1965 exiit,
2136 1918 2201 1955 sed
2231 1932 2310 1956 non
2333 1933 2425 1956 cor-

1408 1989 1546 2016 rectus.
1563 1978 1722 2016 Dicebat
1733 1987 1859 2015 autem
1873 1992 1911 2015 se
1926 1992 2003 2015 non
2018 1978 2166 2016 ratione
2178 1979 2322 2016 victum
2333 2008 2344 2026 ,
2359 1980 2425 2016 sed

1408 2039 1589 2089 Episcopi
1612 2052 1785 2089 pressum
1807 2038 2045 2075 auctoritate.
2065 2055 2079 2071 α
2099 2042 2146 2076 Et
2163 2047 2224 2085 tu,
2244 2057 2259 2072 »
2280 2040 2424 2089 inquit,

1411 2116 1424 2131 «
1445 2114 1468 2136 o
1491 2099 1697 2145 Malachia,
1719 2099 1800 2135 sine
1821 2111 1935 2135 causa
1966 2112 2027 2135 me
2055 2098 2170 2136 hodie
2197 2099 2424 2147 confudisti,

1409 2160 1591 2196 adversus
1611 2159 1786 2209 profecto
1807 2158 2007 2195 veritatem
2027 2159 2195 2206 locutus,
2226 2168 2264 2196 et
2289 2168 2425 2197 contra

1412 2237 1426 2252 »
1448 2228 1550 2256 tuam
1572 2220 1690 2269 ipsius
1708 2218 1994 2255 conscientiam.
2015 2222 2203 2256 »Moestus
2219 2220 2424 2257 Malachias

1408 2293 1481 2329 pro
1502 2280 1658 2316 homine
1675 2279 1727 2316 sic
1747 2278 1927 2315 indurato
1941 2307 1950 2325 ,
1969 2278 2035 2315 sed
2051 2279 2169 2328 magis
2186 2279 2275 2316 fidei
2288 2279 2424 2317 dolens

1409 2339 1608 2389 injuriam,
1632 2339 1769 2376 timens
1803 2339 2016 2389 periculum
2047 2339 2243 2377 ecclesiam
2276 2354 2424 2378 convo-

1410 2408 1469 2437 cat
1482 2429 1490 2445 ,
1507 2408 1699 2436 errantem
1721 2399 1874 2450 publice
1893 2400 2038 2448 arguit,
2057 2399 2212 2449 publice
2232 2409 2364 2437 monet
2381 2409 2424 2438 ut

1408 2461 1615 2510 resipiscat.
1638 2459 1895 2499 Suadentibus
1923 2459 1997 2496 hoc
2017 2460 2143 2510 ipsum
2166 2461 2356 2511 episcopis
2385 2470 2424 2499 et

1406 2522 1589 2558 universo
1615 2522 1738 2568 clero,
1760 2535 1845 2558 cum
1873 2534 1953 2557 non
1985 2521 2262 2571 acquiesceret3
2285 2531 2424 2559 contu-

324 2587 399 2631 los,
421 2583 639 2634 penetravit
659 2581 817 2630 abyssos
833 2611 842 2627 ‚
864 2589 900 2617 et
932 2580 977 2617 de
1007 2581 1204 2631 profundo
1226 2583 1339 2619 maris
1356 2590 1388 2623 D
1407 2582 1503 2618 maci
1524 2582 1725 2618 anathema
1742 2581 1896 2627 dicunt,
1913 2581 2134 2618 haereticum
2151 2590 2420 2632 protestantes.

327 2654 448 2682 tantas
464 2643 624 2693 piscium
646 2642 775 2691 copias
796 2641 992 2677 evocavit?

382 2708 443 2742 56.
466 2709 663 2741 Venerunt
685 2702 890 2751 aliquando
916 2710 991 2737 tres
1012 2701 1182 2751 episcopi
1203 2702 1241 2738 in
1263 2702 1337 2738 vil-

326 2767 401 2802 lam
422 2765 586 2803 Fochart
605 2762 637 2810 ¹³,
669 2776 782 2812 quem
812 2762 945 2798 dicunt
974 2763 1100 2798 locum
1130 2762 1339 2800 nativitatis

327 2825 486 2873 Brigidae
506 2824 662 2872 virginis
682 2838 689 2859 :
709 2831 747 2858 et
766 2831 924 2871 quartus
948 2830 1029 2858 erat
1046 2822 1261 2858 Malachias.
1279 2822 1339 2859 Ad

326 2896 439 2932 quem
470 2882 671 2931 presbyter
704 2882 771 2930 qui
797 2881 965 2930 hospitio
998 2889 1218 2930 susceperat
1239 2894 1303 2917 eos
1327 2896 1335 2917 :

325 2960 339 2974 «
361 2942 462 2989 Quid
482 2942 634 2985 faciam,
655 2961 668 2974 υ
690 2942 833 2990 inquit,
857 2959 871 2973 «
895 2941 1000 2990 quod
1028 2942 1150 2991 pisces
1170 2954 1249 2978 non
1271 2942 1337 2978 ha-

324 3002 422 3039 beo?
441 3019 455 3033 »
476 3005 561 3049 Quo
583 3003 861 3050 respondente,
886 3011 929 3038 ut
948 3010 1137 3052 quaereret
1166 3016 1185 3038 a
1207 3003 1334 3052 pisca-

327 3061 474 3099 toribus
496 3075 503 3097 :
537 3077 552 3093 «
579 3060 778 3097 Biennium
811 3070 888 3107 est,
915 3080 928 3095 υ
961 3062 1030 3108 ait,
1066 3079 1080 3093 «
1116 3062 1220 3110 quod
1256 3076 1335 3099 non

326 3139 341 3155 »
358 3121 609 3158 inveniuntur
627 3120 750 3170 pisces
766 3121 805 3156 in
826 3121 984 3158 flumine
1006 3137 1013 3158 ε
1034 3122 1137 3158 unde
1158 3130 1195 3158 et
1211 3122 1335 3172 pisca—

324 3198 339 3213 »
360 3189 462 3218 tores
483 3192 642 3230 prorsus
657 3178 804 3225 diffusi,
823 3180 937 3216 etiam
952 3181 1023 3218 arti
1040 3194 1117 3218 suae
1136 3183 1334 3219 renuntia—

373 3313 381 3327 ¹
401 3306 520 3338 Cantic.
539 3317 584 3344 xv,
609 3308 661 3336 15.

1407 2645 1482 2679 Nec
1502 2642 1553 2678 sic
1574 2642 1757 2690 evigilans
1787 2655 1794 2677 :
1822 2657 1835 2673 «
1857 2644 2020 2686 Omnes,
2046 2658 2061 2673 »
2081 2641 2228 2691 inquit,
2253 2659 2267 2674 «
2291 2641 2424 2679 favetis

1406 2718 1421 2734 υ
1444 2701 1589 2737 homini
1615 2702 1765 2750 potius,
1787 2714 1901 2749 quam
1926 2701 2100 2747 veritati,
2123 2713 2194 2750 ego
2214 2714 2422 2751 personam

1408 2778 1422 2793 »
1444 2774 1519 2796 non
1538 2760 1684 2810 accipio
1698 2790 1707 2806 ,
1728 2769 1771 2796 ut
1793 2760 1964 2797 deseram
1989 2761 2204 2798 veritatem.
2229 2778 2244 2794 »
2263 2761 2322 2798 Ad
2350 2761 2423 2798 hoc

1405 2820 1566 2857 verbum
1589 2820 1904 2858 substomachans
1933 2829 2086 2858 sanctus
2107 2836 2115 2858 ε
2138 2838 2152 2854 «
2175 2821 2384 2869 Dominus,
2405 2839 2421 2855 »

1405 2882 1549 2931 inquit,
1565 2899 1579 2914 α
1599 2881 1706 2918 fateri
1726 2890 1761 2918 te
1777 2882 1977 2919 veritatem
1995 2882 2107 2919 faciat
2119 2911 2129 2927 ,
2147 2882 2209 2919 vel
2230 2895 2277 2919 ex
2293 2896 2422 2920 neces-

1406 2959 1421 2974 »
1439 2943 1559 2979 sitate.
1581 2959 1595 2974 »
1613 2946 1698 2990 Quo
1720 2942 2000 2992 respondente,
2026 2959 2041 2975 «
2061 2947 2207 2990 Amen,
2229 2960 2243 2977 »
2260 2943 2422 2981 solvitur

1405 3011 1629 3040 conventus.
1646 3003 1726 3040 Tali
1742 3003 1806 3040 ille
1825 3003 1974 3040 inustus
1989 3003 2179 3050 cauterio,
2196 3003 2323 3053 fugam
2344 3017 2421 3040 me-

1403 3063 1567 3108 ditatur,
1588 3063 1740 3099 infamis
1757 3071 1871 3112 atque
1887 3063 2101 3100 inhonorus
2117 3063 2199 3100 fore
2215 3076 2295 3099 non
2312 3063 2421 3100 susti-

1401 3135 1509 3159 nens.
1534 3126 1580 3159 Et
1601 3123 1788 3159 continuo
1809 3136 1876 3160 sua
1897 3123 2035 3160 tollens
2051 3122 2203 3169 exibat,
2220 3136 2307 3160 cum
2331 3136 2418 3160 ecce

1402 3181 1529 3219 subita
1549 3190 1751 3231 correptus
1771 3181 1993 3219 infirmitate
2006 3211 2017 3230 ,
2035 3182 2133 3219 sistit
2151 3181 2312 3232 gradum
2326 3211 2336 3230 ,
2358 3182 2419 3220 vi-

1378 3310 1390 3323 ²
1409 3307 1513 3344 Alias,
1533 3306 1684 3347 Foclzatft.
