2517 3920
341 208 434 246 1511

341 297 487 325 tantum
527 298 629 322 nunc
668 296 769 329 esse,
807 282 997 319 tantillum
1032 280 1190 317 antehac
1228 275 1384 315 suisse⁶⁸

1105 204 1140 238 S.
1172 200 1424 238 BERN-mol
1454 197 1656 234 ABBATIS

1389 274 1539 322 ³111iser,
1560 271 1800 310 orationibus
1819 271 2070 308 sanctorum?
2099 273 2198 308 Num
2219 279 2274 308 est
2294 270 2420 307 oratio

2320 192 2420 231 1512

341 349 522 391 scientes,
549 355 586 382 et
618 344 722 394 loqui
757 344 857 380 inter
877 356 916 379 se
937 357 945 378 ι
967 359 979 373 «
1002 340 1115 379 [ude
1145 339 1345 376 inundatio
1362 334 1390 367 A
1409 333 1509 383 jacta
1531 334 1681 382 sagitta,
1697 341 1740 369 ut
1761 332 1880 381 fugias
1899 344 1920 367 a
1938 331 2030 367 facie
2050 332 2182 367 arcus?
2203 334 2289 379 Quo
2304 330 2377 367 ibis
2398 344 2419 366 a

343 426 357 440 »
379 408 488 444 haec?
517 419 580 443 aer
600 418 757 442 serenus
777 412 852 449 est,
873 402 1014 439 imbres
1035 414 1110 438 non
1139 407 1227 437 sunt
1243 428 1252 443 ,
1278 411 1347 434 nec

342 487 356 501 n
377 468 553 518 proxime
592 466 705 502 fuisse
744 464 997 501 meminimus.
1032 465 1078 498 Et
1116 460 1146 496 si
1184 459 1345 495 multum

338 547 351 561 n
372 529 550 579 pluisset,
566 526 652 576 quis
672 533 846 562 nostrum
867 535 1036 571 unquam
1060 520 1244 556 hactenus
1267 531 1347 554 me-

341 607 355 621 n
379 589 487 625 minit
509 587 544 623 in
560 593 868 636 quantacumque
889 581 1018 617 illuvie
1032 581 1083 616 ita
1103 578 1346 623 intumuisse,

341 666 356 681 »
377 656 419 684 ut
443 647 611 697 operiret
630 654 767 682 terram
783 672 792 689 ,
813 651 891 678 sata
908 650 944 677 et
962 648 1071 690 prata
1092 638 1345 689 pervaderet?

340 726 357 741 ν)
378 708 527 757 Digitus
560 706 628 743 Dei
658 712 714 741 est
744 704 833 749 iste,
854 710 891 738 et
919 701 1109 738 Dominus
1142 699 1240 749 sepit
1267 699 1346 734 vias

340 787 355 801 1>
380 777 528 804 nostras
565 773 725 815 propter
759 770 929 800 sanctum
965 773 1075 797 suuni
1110 758 1344 803 Malachiam,

340 847 356 861 υ
377 829 485 877 cujus
511 839 641 863 sumus
661 823 896 874 praevaricati
923 829 1098 870 pactum,
1122 819 1346 868 transgressi

342 908 356 923 υ
378 888 612 925 mandatum.
636 903 650 917 υ
672 889 728 921 Ita
752 893 789 920 et
806 883 844 918 hi
860 881 999 917 infecto
1020 880 1188 929 negotio,
1211 879 1258 915 ad
1279 892 1345 915 sua

341 960 448 997 :eque
463 946 611 982 confusi
627 943 920 993 repedaverunt.
936 940 1180 988 Divulgatum
1196 947 1251 976 est
1263 952 1348 975 ver-

338 1008 429 1044 bum
452 1020 520 1056 per
536 1005 754 1041 universam
773 1002 967 1051 regionem
988 1015 995 1036 ε
1015 1008 1052 1036 ct
1067 998 1346 1036 benedicebant

1415 394 1557 444 Spiritu
1576 393 1668 438 Dei,
1690 392 1755 442 qui
1773 406 1854 429 eam
1874 399 2020 441 portat,
2037 399 2074 427 et
2088 404 2165 440 quo
2185 404 2207 427 a
2224 391 2317 427 facie
2337 389 2420 438 ejus

1415 454 1562 503 fugies?
1585 454 1761 502 Denique
1791 452 1997 501 fugientem
2024 451 2252 500 insequitur,
2272 449 2422 487 invenit

1414 514 1625 550 latitantem
1654 527 1661 549 :
1693 512 1842 560 erisque
1873 523 1994 547 caecus
2022 518 2059 546 et
2089 523 2168 546 non
2201 509 2357 558 videns,
2378 516 2422 545 ut

1415 574 1549 610 melius
1563 573 1712 619 videas,
1730 581 1767 608 et
1787 571 1986 620 intelligas,
2003 570 2185 620 quoniam
2203 570 2342 607 durum
2365 576 2422 605 est

1415 634 1482 671 tibi
1511 642 1645 670 contra
1670 633 1866 670 stimulum
1892 631 2101 668 calcitrare.
2128 630 2305 680 Denique
2325 628 2422 666 senti

1413 695 1474 731 vel
1492 708 1612 739 nunc,
1635 693 1724 743 quia
1744 692 1888 741 sagitta?
1910 691 2080 741 potentis
2097 698 2217 727 acutae
2237 701 2424 740 pervene-

1415 762 1505 790 runt
1531 753 1577 790 ad
1598 762 1633 789 te
1654 768 1661 789 :
1685 765 1768 802 quae
1799 751 1869 788 etsi
1890 750 2108 787 resilierunt
2136 763 2156 786 a
2173 748 2311 793 corde,
2333 747 2422 798 quia

1415 826 1570 850 saxeum
1591 821 1664 858 est,
1684 811 1749 848 sed
1768 824 1845 847 nou
1874 810 1922 847 ab
1944 810 2075 847 oculis.
2094 810 2251 847 Utinam
2280 821 2350 858 per
2370 808 2423 844 fe-

1414 882 1561 909 nestras
1590 873 1721 909 saltem
1755 872 1955 907 oculorum
1987 870 2216 920 perveniant
2235 881 2355 918 usque
2376 867 2422 904 ad

1414 947 1495 978 cor,
1515 942 1553 970 et
1569 933 1721 969 vexatio
1741 932 1803 967 det
1819 931 2055 967 intellectum
2075 929 2246 966 caecitati.
2259 931 2424 966 Cernere

1413 1002 1495 1030 erat
1516 993 1670 1031 Saulum
1694 992 1822 1029 denuo
1843 991 1890 1028 ad
1916 1004 2052 1028 manus
2071 990 2192 1036 trahi,
2214 1000 2252 1027 et
2271 989 2358 1026 duci
2377 988 2425 1026 ad

339 1072 483 1112 Deum,
505 1067 571 1116 qui
593 1062 883 1115 comprehendit
919 1061 1106 1111 sapientes
1137 1060 1176 1096 in
1212 1060 1347 1096 astutia
1370 1059 1396 1093 B
1413 1054 1602 1091 Ananiam
1617 1060 1643 1098 ¹,
1667 1053 1713 1090 ad
1741 1065 1851 1088 ovem
1876 1051 2018 1088 scilicet
2048 1051 2202 1100 lupum,
2223 1058 2267 1086 ut
2292 1049 2426 1086 refun-

340 1141 406 1164 sua
420 1157 428 1173 ,
450 1136 487 1163 et
507 1125 751 1173 confringens
770 1135 914 1159 cornua
934 1128 1179 1171 peccatorum
1195 1148 1204 1166 ,
1228 1118 1349 1155 subli-

341 1189 461 1225 mavit
482 1200 602 1223 cornu
624 1185 755 1221 christi
775 1183 845 1219 sui.

393 1250 456 1285 (50.
487 1246 634 1296 Aliquis
666 1245 712 1281 de
733 1242 927 1280 nobilibus
948 1242 1118 1278 infensus
1143 1239 1258 1290 Regi,
1281 1253 1348 1276 re-

341 1309 562 1347 conciliatus
582 1316 637 1343 est
658 1320 727 1356 per
746 1318 901 1342 manum
924 1303 1131 1341 Malachiae.
1151 1306 1227 1339 Nec
1246 1302 1346 1339 enim

339 1369 435 1418 Regi
464 1369 550 1405 satis
580 1366 719 1403 fidebat
740 1366 823 1410 ille,
846 1374 888 1401 ut
910 1377 1042 1414 pacem
1067 1377 1152 1399 cum
1177 1376 1221 1399 eo
1247 1363 1348 1399 face—

340 1438 420 1475 ret,
451 1429 523 1465 nisi
557 1427 747 1464 mediante
780 1424 986 1465 Malachia,
1025 1432 1090 1460 aut
1119 1436 1232 1472 quem
1267 1427 1349 1460 Rex

340 1502 447 1538 aeque
465 1495 717 1524 revereretur.
738 1489 815 1522 Nec
837 1484 1040 1529 innuerim,
1063 1491 1104 1519 ut
1120 1492 1207 1533 post
1227 1496 1348 1532 appa-

339 1549 428 1586 ruit.
453 1552 545 1585 Nam
569 1548 705 1583 factum
729 1559 903 1582 securum
919 1573 928 1589 ,
949 1553 986 1580 et
1010 1544 1167 1580 minime
1181 1542 1263 1592 jam
1285 1557 1349 1579 ca—

339 1617 491 1645 ventem
523 1607 616 1651 sibi,
650 1614 803 1656 captum
838 1606 949 1642 trusit
980 1605 1018 1641 in
1052 1604 1224 1647 vincula,
1260 1603 1349 1639 odio

341 1668 499 1717 antiquo
529 1675 662 1716 captus
694 1667 779 1716 plus
806 1667 899 1715 ipse.
928 1665 1152 1714 Requiritur
1184 1664 1300 1700 homo
1330 1678 1350 1700 a

342 1728 418 1765 suis
441 1727 487 1764 de
505 1740 619 1763 manu
637 1726 856 1762 mediatoris
877 1740 883 1761 :
907 1738 976 1761 nec
997 1724 1099 1761 enim
1121 1723 1223 1760 aliud
1242 1724 1353 1760 amici

341 1796 562 1838 exspectare
583 1800 697 1836 quam
721 1795 897 1822 mortem.
930 1785 1031 1833 Quid
1062 1785 1203 1821 faceret
1229 1784 1351 1820 Mala-

342 1848 470 1884 chias?
489 1851 575 1885 Non
595 1854 652 1882 est
672 1845 777 1894 quod
796 1845 939 1894 possit,
959 1845 1030 1880 nisi
1052 1852 1095 1880 ut
1115 1852 1286 1880 recurrat
1305 1843 1351 1880 ad
1372 1841 1399 1876 C

343 1921 455 1945 suum
480 1906 574 1943 illud
596 1906 749 1942 solitum
770 1905 1003 1953 unicumque
1025 1904 1228 1953 refugium.
1249 1907 1352 1941 Con-

345 1974 500 2016 gregato
527 1965 695 2002 exercitu
724 1964 813 2000 forti
835 1963 967 2006 nimis,
993 1962 1105 1998 turba
1133 1976 1269 2012 magna
1295 1963 1353 1999 di-

344 2026 578 2076 scipulorum
617 2036 797 2069 suorum,
829 2022 906 2058 adit
946 2022 1163 2068 hominem,
1194 2022 1353 2071 requirit

343 2087 540 2132 vinctum,
569 2093 741 2134 negatur.
773 2087 820 2120 Et
850 2083 1085 2120 Malachias:
1117 2099 1131 2115 α
1161 2083 1316 2132 Inique,
1339 2100 1353 2114 »

344 2147 490 2197 inquit,
511 2164 525 2178 (ι
550 2146 627 2195 agis
649 2152 783 2181 contra
806 2143 1013 2180 Dominum
1027 2173 1036 2189 ,
1059 2152 1096 2179 et
1120 2151 1253 2179 contra
1273 2156 1352 2187 me,

347 2225 363 2240 »
385 2216 421 2244 et
450 2215 583 2243 contra
608 2214 641 2241 te
663 2205 787 2254 ipsum
803 2233 812 2250 ,
834 2212 988 2253 pactum
1020 2202 1298 2252 praevaricans:
1323 2202 1354 2238 si

347 2286 362 2301 »
384 2267 598 2304 dissimulas
619 2273 683 2311 tu,
705 2264 771 2301 sed
792 2277 869 2300 non
889 2276 970 2312 ego.
991 2262 1160 2300 Credidit
1179 2275 1217 2299 se
1238 2262 1354 2298 homo

347 2344 363 2360 »
385 2326 473 2363 fidei
503 2339 623 2362 meae:
647 2325 677 2361 si
711 2324 907 2372 contingat
941 2323 1063 2368 mori,
1099 2336 1168 2371 ego
1199 2322 1355 2372 prodidi

347 2407 363 2423 »
384 2401 492 2433 eum,
515 2400 585 2436 ego
604 2399 690 2422 reus
708 2384 901 2434 sanguinis
921 2383 1016 2432 ejus.
1033 2384 1130 2431 Quid
1147 2382 1214 2419 tibi
1231 2383 1354 2419 visum

349 2466 364 2482 n
386 2457 443 2485 est
471 2461 530 2484 me
558 2445 816 2496 proditorem,
841 2453 876 2481 te
904 2445 1238 2494 praevaricatorem
1261 2457 1355 2480 con-

348 2527 364 2543 »
388 2509 573 2546 stituere?
596 2507 756 2544 Nox-eris
779 2519 862 2551 me,
891 2505 1013 2542 donec
1034 2504 1230 2550 liberetur,
1262 2504 1356 2540 nihil

350 2586 366 2602 υ
385 2577 648 2619 gustaturum,
674 2566 738 2603 sed
768 2579 892 2615 neque
924 2566 1029 2602 istos.
1055 2583 1070 2598 »
1103 2565 1162 2603 Sic
1186 2565 1355 2609 locutus,

1417 1114 1523 1151 deret
1542 1113 1725 1164 praedam.
1743 1112 1899 1150 Refudit
1912 1140 1921 1157 ‚
1939 1120 1977 1148 et
1998 1110 2144 1161 recepit
2161 1110 2283 1147 visum
2295 1138 2304 1156 ,
2321 1108 2427 1159 quod

1416 1175 1618 1212 Malachias
1633 1187 1754 1223 usque
1772 1172 1867 1210 adeo
1885 1172 1967 1208 ovis
1984 1179 2105 1217 esset,
2120 1178 2164 1207 ut
2182 1170 2230 1207 sit
2249 1169 2427 1206 misertus

1415 1245 1453 1273 et
1473 1237 1579 1285 lupo.
1603 1235 1816 1284 Diligenter
1838 1247 1884 1269 ex
1907 1232 1966 1269 his
1989 1231 2163 1277 adverte,
2183 1231 2318 1276 lector,
2339 1242 2427 1266 cum

1414 1296 1554 1347 quibus
1572 1295 1755 1332 habitatio
1777 1293 1973 1331 Malachiae
1985 1322 1994 1339 ,
2015 1293 2147 1342 quales
2165 1290 2374 1341 principes,
2390 1297 2430 1326 et

1416 1358 1546 1406 quales
1572 1356 1718 1406 populi.
1747 1353 1953 1403 Quomodo
1980 1366 2058 1389 non
2088 1359 2126 1388 et
2155 1351 2185 1387 is
2216 1351 2332 1387 frater
2358 1349 2430 1385 fuit

1417 1417 1649 1461 draconum,
1683 1424 1720 1452 et
1751 1414 1878 1451 socius
1918 1412 2176 1450 struthionum
2190 1411 2231 1446 ²?
2260 1413 2309 1446 Et
2341 1409 2429 1445 ideo

1417 1477 1521 1513 dedit
1548 1476 1582 1513 ei
1602 1476 1791 1513 Dominus
1817 1474 1998 1510 virtutem
2021 1470 2191 1508 calcandi
2210 1483 2328 1520 super
2347 1481 2430 1505 ser-

1415 1546 1549 1587 pentes
1570 1545 1606 1572 et
1634 1535 1870 1585 scorpiones,
1901 1534 2055 1582 alligare
2087 1544 2193 1581 reges
2225 1542 2358 1566 eorum
2388 1528 2429 1564 in

1417 1595 1687 1646 compedibus,
1710 1604 1747 1631 et
1767 1593 1916 1631 nobiles
1945 1605 2079 1628 eorum
2107 1591 2147 1627 in
2168 1589 2325 1626 manicis
2353 1588 2429 1624 fer-

1418 1657 1502 1693 rei5.
1530 1656 1631 1694 Audi
1648 1655 1813 1704 denique
1830 1653 1922 1703 quid
1939 1660 2133 1701 sequatur.

1722 1782 1900 1821 CAPL'T
1931 1780 2127 1820 XXVIII.

1418 1911 1547 1940 Sacrum
1578 1907 1743 1938 aedificium
1770 1906 1923 1943 moliens,
1953 1902 2168 1936 adversarium
2203 1901 2338 1944 patitur,
2377 1900 2430 1932 sed

1656 1972 1728 1993 mox
1746 1961 1865 1992 ultione
1885 1960 1991 1990 divina
2004 1963 2194 2000 correptum.

1476 2083 1538 2118 61.
1569 2085 1623 2128 Is,
1643 2081 1702 2118 cui
1723 2078 2000 2118 Benchorensis
2027 2074 2249 2114 monasterii
2268 2081 2432 2111 cesserat

1420 2142 1876 2192 possessiones,ingratus
1894 2138 2096 2185 beneficio,
2114 2145 2255 2174 extunc
2273 2143 2310 2172 et
2327 2134 2432 2171 dein-

1422 2216 1511 2253 ceps
1531 2201 1824 2238 insolentissime
1853 2213 2005 2250 semper
2029 2212 2070 2236 se
2095 2196 2229 2242 habuit
2249 2195 2433 2232 adversus

1423 2276 1509 2299 eum
1528 2270 1565 2298 et
1584 2275 1692 2307 suos,
1712 2261 1750 2297 in
1773 2259 1952 2298 omnibus
1974 2259 2152 2304 infestus,
2169 2256 2313 2306 ubique
2338 2254 2433 2291 insi-

1423 2323 1542 2368 dians,
1556 2322 1835 2370 detrahensque
1849 2320 1995 2357 actibus
2011 2319 2105 2369 ejus.
2117 2322 2167 2356 At
2181 2330 2257 2354 non
2272 2316 2433 2366 impune

1422 2382 1506 2431 hoc.
1530 2385 1621 2418 Erat
1644 2381 1700 2417 illi
1721 2381 1855 2416 unicus
1885 2379 2002 2425 filius,
2023 2378 2090 2428 qui
2107 2378 2278 2414 imitator
2295 2374 2429 2425 patris,

1423 2441 1567 2479 audens
1598 2439 1742 2490 aliquid
1774 2448 1812 2476 et
1841 2440 1923 2490 ipse
1952 2439 1990 2475 in
2016 2437 2263 2481 Malachiam,
2296 2433 2432 2472 eodem

1424 2516 1526 2540 anno
1558 2510 1734 2538 mortuus
1766 2508 1832 2537 est.
1856 2503 2032 2537 llortuus
2067 2507 2192 2535 autem
2219 2497 2285 2534 sic.
2299 2496 2432 2533 Visum

1425 2572 1481 2600 est
1505 2562 1699 2600 Malachiae
1726 2560 1866 2597 debere
1895 2559 2066 2596 construi
2090 2559 2128 2595 in
2147 2557 2324 2595 Benchor
2343 2568 2433 2592 ora-

349 2630 467 2666 intrat
480 2628 675 2665 ecclesiam
691 2641 699 2663 :
715 2630 837 2663 Deum
852 2626 1155 2675 omnipotentem
1171 2625 1261 2669 suis,
1275 2637 1361 2660 suo-
1378 2621 1410 2655 D
1428 2623 1567 2659 torium
1604 2620 1797 2671 lapideum
1812 2648 1821 2664 ,
1852 2619 1974 2656 instar
2003 2632 2134 2655 eorum
2166 2630 2250 2667 quae
2282 2616 2322 2653 in
2353 2615 2434 2652 aliis

350 2701 513 2738 rumque
533 2687 654 2724 anxiis
675 2685 878 2735 gemitibus
897 2685 1135 2735 interpellat,
1162 2692 1204 2720 ut
1218 2682 1360 2732 injuste

353 2749 547 2786 addictum
578 2747 755 2796 dignetur
781 2746 930 2795 eripere
959 2745 1006 2781 de
1028 2758 1144 2781 manu
1177 2745 1360 2793 praevari-

353 2808 490 2845 catoris
511 2816 547 2844 et
566 2806 698 2855 iniqui.
729 2809 776 2842 Et
796 2819 839 2841 ea
861 2805 921 2841 die
938 2818 1025 2841 cum
1053 2812 1166 2840 nocte
1186 2804 1359 2853 sequenti

351 2868 391 2903 in
409 2867 555 2916 jejunio
574 2875 610 2902 et
628 2865 800 2902 oratione
819 2864 1080 2914 perstiterunt.
1096 2863 1293 2900 Perlatuin
1311 2863 1358 2898 ad

353 2931 496 2975 Regem
527 2926 619 2975 quid
653 2927 780 2971 lieret,
805 2933 842 2960 et
872 2925 989 2973 magis
1017 2923 1106 2960 inde
1135 2923 1357 2959 induratum

355 2994 412 3023 est
425 2999 492 3022 cor
508 2984 602 3033 ejus,
616 2984 718 3020 unde
734 2984 900 3020 emolliri
919 2982 1114 3020 debuerat.
1128 2982 1203 3019 Init
1218 2982 1356 3031 fugam,

354 3045 500 3081 veritus
531 3044 646 3080 homo
677 3044 858 3089 carnalis,
889 3057 936 3080 ne
966 3043 996 3079 si
1030 3056 1153 3093 prope
1183 3055 1358 3078 remane-

354 3113 434 3150 ret,
465 3103 647 3140 orationis
676 3115 754 3139 non
784 3112 913 3151 posset
943 3105 1131 3140 sustinere
1161 3101 1356 3138 virtutem.

355 3164 471 3213 Quasi
489 3176 581 3200 vero
604 3162 666 3198 vel
688 3161 955 3199 absconditum
985 3176 1063 3199 non
1089 3161 1279 3208 inveniat,
1298 3161 1358 3197 vel

356 3238 436 3262 non
472 3223 671 3274 perveniat
700 3222 746 3259 ad
774 3231 977 3259 remotum.
1004 3227 1058 3260 Tu
1082 3231 1200 3260 metas
1227 3222 1359 3272 ponis,

403 3358 413 3373 ¹
430 3357 500 3384 Act.
521 3364 566 3382 ix.
598 3370 641 3373 »-
659 3357 671 3373 ²
690 3350 752 3382 Job
769 3362 836 3380 xxx
850 3374 858 3388 ,
882 3354 935 3382 29.

1428 2681 1648 2732 regionibus
1663 2688 1855 2717 exstructa
1869 2686 2132 2729 conspexerat.
2146 2681 2193 2715 Et
2204 2690 2289 2714 cum
2304 2674 2435 2725 coepis-

1427 2751 1484 2780 set
1499 2742 1627 2791 jacere
1649 2740 1910 2784 fundamenta,
1928 2738 2116 2788 indigenae
2129 2735 2282 2786 quidem
2300 2746 2433 2771 omnes

1427 2802 1554 2838 mirati
1575 2809 1683 2845 sunt,
1715 2799 1820 2850 quod
1846 2800 2009 2836 interra
2038 2798 2104 2834 illa
2133 2795 2298 2833 necdum
2329 2793 2434 2844 ejus-

1426 2861 1529 2898 modi
1548 2860 1707 2897 aedificia
1722 2860 1998 2896 invenirentur.
2017 2862 2158 2895 Verum
2175 2855 2239 2893 ille
2253 2867 2432 2904 nequam,
2448 2851 2450 2853 ¹

1426 2922 1523 2958 sicut
1542 2928 1623 2957 erat
1642 2927 1970 2969 praesumptuosus
1995 2925 2033 2954 et
2051 2916 2234 2961 insolens,
2253 2927 2334 2951 non
2362 2912 2433 2949 mi-
2455 2929 2461 2940 ι

1426 2989 1529 3018 ratus
1550 2989 1626 3025 est,
1652 2979 1718 3016 sed
1742 2979 1973 3028 indignatus.
1994 2981 2052 3014 Ex
2077 2989 2153 3026 qua
2170 2973 2433 3023 indignatione

1425 3041 1602 3090 concepit
1636 3039 1829 3085 dolorem,
1856 3047 1894 3075 et
1922 3037 2072 3088 peperit
2100 3035 2353 3085 iniquitatem.
2385 3036 2434 3069 Et
2461 3070 2465 3076 ,

1426 3101 1545 3137 sactus
1566 3112 1724 3136 susurro
1750 3099 1790 3135 in
1810 3098 1986 3149 populis,
2009 3109 2111 3133 nunc
2139 3103 2285 3132 secreto
2303 3093 2432 3130 detra-
2463 3114 2467 3121 ›

1424 3160 1535 3205 here,
1556 3172 1659 3196 nunc.
1677 3158 1941 3209 blasphemare
1966 3157 2115 3207 palam3
2143 3163 2277 3192 notare
2297 3153 2434 3191 levita-

1427 3229 1522 3267 tem,
1545 3220 1755 3257 novitatem
1777 3219 1955 3263 horrere,
1983 3224 2160 3266 sumptus
2191 3224 2431 3263 exaggerare.

2487 1279 2515 1349 ιι..
2488 1231 2513 1269 0„
