2517 3936
55 236 56 239 ,
89 203 159 241 817

799 199 1104 236 EPISTOLARL'
1113 200 1147 234 M
1177 202 1207 234 A
1215 200 1335 234 PPEN
1343 199 1430 234 Dlx
1438 226 1445 232 .

1100 274 1230 321 ⁴⁰⁰lus,
1252 275 1432 324 ignorans
1448 273 1647 310 introitum
1670 282 1708 311 et
1728 287 1922 323 egressum
1940 288 2081 313 meum.
2103 281 2168 314 In—

2092 202 2167 237 818

86 349 1089 368 ======================================================================
1109 342 1139 375 Α
1159 334 1248 370 lellx
1265 348 1335 383 ego
1356 347 1438 370 sun]
1455 363 1464 380 ³
1486 333 1552 382 (lui
1570 346 1656 369 cun]
1689 333 1781 369 nihil
1807 334 1877 369 Sin]
1901 334 1938 369 in
1962 345 2168 384 conspectu

163 455 530 516 EPISTOLA
594 455 1005 512 CDLXXXII.

148 602 194 626 AD
216 599 383 623 Annam-:³1
416 598 658 621 REATINEXSIS
690 598 925 621 MONASTERII
962 598 1009 622 SS-

82 702 328 744 Dilectissimo
359 712 401 736 ac
431 698 642 735 venerabili
664 699 842 744 domino,
875 700 945 737 Dei
965 700 1083 750 gratia

134 766 193 803 SS.
215 760 454 800 Reatinensis
475 760 695 796 monasterii
716 758 863 805 abbati,
877 764 948 797 Ast·
970 773 1060 798 suus
1075 790 1084 807 ,

131 822 426 862 consolationem
450 821 613 871 Spiritus
630 821 821 871 paracleti.

129 938 287 977 Litteras
316 936 541 974 Dilectionis
575 945 668 982 tuae,
697 937 856 973 nimium
883 935 1021 973 breves
1047 945 1084 974 et

82 998 302 1042 succinctas,
337 994 464 1032 debita
501 997 748 1033 veneratione
787 997 961 1047 suscepi,
999 1005 1035 1033 et
1064 1011 1084 1033 a

1154 394 1246 440 Dei,
1270 407 1430 443 magnus
1452 401 1578 429 tamen
1609 406 1692 430 sum
1726 393 1764 429 in
1784 394 1903 430 oculis
1927 395 2082 440 vestris,
2108 398 2168 432 cui

1154 454 1201 491 de
1237 454 1421 503 opinione
1457 454 1757 503 aliquantulum,
1797 453 1843 490 de
1878 454 2036 490 veritate
2072 455 2163 491 nihil

1153 523 1312 551 constat.
1333 514 1488 552 [tinam
1518 515 1653 550 littcrae
1679 522 1814 550 vestrae
1837 522 1983 550 tantum
2007 513 2164 551 habuis-

1152 582 1236 611 sent
1268 574 1438 611 veritatis
1454 603 1463 620 ,
1506 582 1691 623 quantum
1728 573 1947 610 habuerunt
1983 574 2166 611 salsitatis.

1150 633 1333 680 Quamvis
1369 646 1483 670 nemo
1516 633 1705 670 mentiens
1732 632 1964 682 judicandus
1994 641 2075 679 cst,
2099 633 2165 682 qui

1151 692 1242 729 dicit
1258 694 1390 730 salsum
1410 693 1515 743 quod
1536 702 1643 743 putat
1662 706 1796 729 verum
1819 708 1826 729 :
1849 694 2031 743 quoniam
2048 707 2168 743 quan—

1152 761 1232 790 tum
1253 754 1291 790 in
1310 755 1394 804 ipso
1413 763 1487 801 cst,
1510 768 1587 791 nou
1610 754 1704 790 fallit
1723 754 1823 804 ipsc,
1846 754 1910 791 sed
1930 755 2083 790 fallitur.
2109 757 2165 791 Dc

1151 823 1309 861 caetem,
1334 816 1362 851 si
1385 815 1477 865 quid
1499 816 1626 852 valent
1649 815 1750 865 apud
1779 815 1920 851 sontem
1944 815 2164 851 inisericor—

1152 874 1222 910 diae
1240 888 1372 925 preces
1390 889 1625 927 pauperum,
1648 875 1876 912 confidimus
1907 875 1943 911 in
1974 875 2142 911 Domino
2156 905 2166 922 ‚

1151 935 1256 984 quod
1286 949 1515 986 prosperum
1543 937 1614 973 iter
1644 936 1754 973 faciet
1774 935 1886 973 nobis
1903 940 2004 972 Deus
2025 936 2167 972 saluta-

1152 997 1249 1033 rium
1268 1007 1502 1035 nostrorum.
1522 1002 1728 1035 Precamur
1742 1006 1779 1034 ct
1795 1011 1864 1034 nos
1881 997 2057 1033 ardorem
2079 996 2166 1033 {idei

81 1057 200 1096 verbis
220 1057 292 1094 tuis
313 1055 533 1093 formidavit
554 1069 621 1092 cor
639 1070 777 1093 mcum.
802 1058 896 1093 Cum
913 1056 1012 1092 enim
1030 1056 1083 1092 le-
1103 1060 1131 1095 B
1155 1066 1309 1105 vesu-m,
1329 1067 1370 1095 ut
1389 1059 1424 1094 in
1448 1060 1532 1095 sinu
1560 1060 1755 1096 memoriae
1780 1067 1914 1096 vestrae
1938 1072 2008 1094 nos
2029 1057 2170 1094 babea-

80 1130 199 1170 gerem
233 1117 270 1154 in
303 1116 451 1166 capite,
487 1133 501 1147 «
541 1116 642 1153 Patri
680 1116 838 1152 domino
871 1115 1081 1152 venerabili

83 1177 250 1225 abbati,
274 1195 287 1211 u
303 1177 392 1228 quia
422 1177 515 1214 nihil
537 1178 629 1214 mihi
660 1178 836 1214 conscius
864 1190 967 1224 sum,
991 1178 1082 1214 sate-

79 1253 138 1287 or,
154 1239 426 1289 aliquantulum
454 1238 615 1285 erubui,
648 1247 686 1275 et
718 1236 954 1288 cogitabam,
986 1251 1083 1287 qua-

79 1302 121 1340 lis
135 1309 229 1339 esset
247 1300 311 1337 illa
328 1300 518 1337 salutatio.
548 1300 640 1348 Quis
666 1301 766 1337 enim
794 1312 865 1349 ego
891 1313 993 1346 sum,
1015 1307 1082 1336 aut

79 1375 158 1414 quae
180 1360 314 1398 domus
340 1360 458 1412 patris
489 1361 592 1398 mei?
612 1363 692 1410 Ego
712 1373 796 1397 sum
818 1373 915 1410 puer
933 1373 1079 1410 parvul-

1151 1119 1219 1163 tis,
1243 1119 1399 1168 quando
1430 1121 1467 1157 in
1501 1120 1792 1158 tabernaculum
1825 1121 1906 1170 ejus
1934 1119 2166 1165 introibitis,

1149 1179 1305 1228 quando
1328 1180 1535 1217 adorabitis
1560 1182 1597 1217 in
1620 1182 1706 1217 loco
1738 1180 1804 1217 ubi
1831 1188 2019 1217 steterunt
2048 1179 2167 1230 pedes

1149 1238 1243 1288 ejus.
1262 1241 1430 1290 Angelus
1445 1243 1599 1278 Domini
1614 1241 1804 1278 custodiat
1823 1242 2022 1278 introitum
2042 1249 2166 1284 tuum,

1149 1308 1187 1336 et
1204 1300 1347 1337 exitum
1373 1310 1480 1338 tuum
1497 1331 1507 1348 ,
1530 1301 1687 1339 dominc
1707 1301 1939 1339 venerabilis
1960 1314 2002 1337 ae
2024 1300 2167 1336 cbaris-

1146 1359 1240 1397 sime
1269 1370 1390 1411 pater.

121 1494 135 1510 ⁸
154 1495 307 1523 Incertum
325 1491 394 1533 quis
411 1491 463 1522 ille
477 1493 518 1523 A.
534 1491 667 1534 scriptor
688 1491 781 1533 hujus
802 1490 959 1533 epistolae,
976 1501 1045 1532 quae
1066 1490 1148 1522 inter
1161 1491 1371 1522 Bernardinas
1390 1491 1528 1523 Coioniae
1544 1502 1645 1534 nuper
1666 1490 1750 1522 edita
1767 1497 1812 1522 est
1832 1496 1905 1522 ante
1928 1500 1996 1522 eam
2010 1514 2017 1528 ,
2038 1499 2106 1531 quae
2129 1488 2161 1519 in

78 1544 133 1577 luc
156 1543 289 1577 editione
313 1551 358 1577 est
380 1545 512 1588 epistola
539 1548 618 1577 328.
640 1547 687 1576 De
707 1544 890 1576 Reatinensi
908 1543 1098 1575 monasterio
1117 1554 1212 1586 supra
1230 1543 1269 1575 ad
1287 1544 1450 1586 epistolam
1470 1548 1548 1576 201.
