2533 3920
382 94 456 131 643

1151 95 1186 130 S.
1217 93 1471 129 BERNARDI
1500 92 1701 129 ABBATIS

2382 91 2455 130 644

2500 0 2504 59 Ι

2500 96 2504 151 Ι

381 181 471 210 runt
502 172 549 208 ad
584 179 830 220 conspectum
867 170 996 219 gloriae
1031 178 1192 217 vcstrae,
1232 168 1593 219 justitiae⁵'⁷missus
1628 177 1709 213 est,
1744 167 1791 204 de
1820 179 1898 216 quo
1930 179 2008 203 non
2044 166 2234 214 acceperit
2264 165 2457 207 victoriam
2500 179 2503 213 Ι

381 233 514 283 utique
534 233 650 269 solius
670 230 809 267 intuitu
829 238 866 266 et
888 230 1060 266 obtentu.
1095 231 1250 276 Ponite,
1281 243 1389 279 quae-
1410 230 1436 262 A
1456 242 1524 279 per
1545 242 1615 265 vos
1642 227 1808 264 Ecclesia
1841 227 1934 272 Dei,
1965 226 2004 262 in
2038 238 2154 262 manu
2186 227 2335 275 potenti
2360 236 2398 264 et
2419 229 2456 267 iu

381 308 422 331 so
436 323 445 340 ,
485 293 617 329 oculos
640 300 787 328 vestros
822 304 937 340 super
957 290 1129 340 fatigatos
1150 303 1338 340 pauperes
1354 295 1382 334 ⁹,

381 354 471 404 quia
490 366 568 390 non
598 353 678 389 sine
700 364 811 388 causa
834 350 880 387 de
902 351 1015 400 longe
1043 351 1088 387 ad
1113 364 1182 388 vos
1204 351 1385 394 veniunt,

380 428 450 452 nec
468 415 580 463 longa
601 422 788 449 terrarum
817 411 960 461 spatia,
988 424 1058 448 nec
1087 411 1203 448 maris
1233 411 1388 461 pericu-

383 475 460 510 lum
475 502 484 519 ,
507 486 577 509 nec
597 472 752 521 Alpium
779 471 908 515 nives,
934 483 1004 507 nec
1035 479 1210 520 sumptus
1236 469 1390 519 grandis

380 534 451 570 viae
465 562 474 579 ,
495 545 582 569 cum
601 544 789 581 pauperes
810 531 884 567 sint
897 559 906 576 ,
933 538 1164 580 reputantes.
1186 529 1391 567 Provideat

382 606 472 642 ergo
496 592 674 628 dominus
694 603 820 636 meus,
859 603 906 626 ne
933 589 1041 638 cujus
1069 590 1169 626 fraus
1189 590 1249 625 vel
1272 588 1392 625 ambi-

383 654 435 690 tio
458 661 583 689 tantos
602 650 752 687 labores
773 663 958 686 evacuare
975 651 1181 699 praevaleat
1205 663 1212 684 :
1234 662 1392 699 praeser-

383 714 449 750 tim
477 726 561 749 cum
590 725 668 748 non
688 724 773 760 quae
794 723 859 746 sua
879 718 968 746 sunt
988 718 1182 759 quaerant,
1212 709 1277 746 sed
1304 722 1389 758 quae

381 777 469 811 Jesu
496 772 645 810 Christi.
682 774 813 819 Neque
845 769 946 805 enim
974 770 1033 805 vel
1060 769 1256 805 inimicum
1287 768 1391 805 arbi-

383 842 465 869 tror
484 831 667 881 suspicari
690 843 755 866 eos
773 829 924 879 privato
954 841 1106 874 amore,
1138 829 1198 864 vel
1232 828 1322 865 odio
1350 828 1391 864 in

383 892 421 928 id
442 891 584 940 negotii
604 890 808 935 excitatos,
843 888 908 925 sed
928 889 1010 925 solo
1032 888 1168 925 timore
1194 889 1276 925 Dei.
1310 893 1391 925 Ita-

1454 288 1610 325 brachio
1636 287 1797 324 excelso.

1510 350 1544 386 2.
1576 351 1756 399 Superest
1794 354 1919 383 tamen
1964 346 2002 382 in
2033 345 2147 381 tertio
2180 344 2300 394 gradu
2337 358 2460 386 comes
2500 338 2501 393 ᾗ

1456 407 1791 457 Andegavensis<³‚
1825 406 1984 442 malleus
2014 404 2229 451 bonorum,
2259 418 2462 455 oppressor
2499 428 2502 447 .

1457 469 1560 518 pacis
1581 476 1618 504 et
1638 466 1825 504 libertatis
1857 465 2045 502 Ecclesiae.
2078 464 2324 513 Persequitur
2345 466 2463 504 eccle-

1457 528 1549 564 siam
1585 527 1889 571 Lexoviensem,
1921 534 1962 561 ut
1993 538 2073 561 non
2099 524 2300 560 introitum
2330 524 2463 566 habeat

1458 596 1587 637 pastor
1606 587 1773 624 ecclcsiae
1793 587 1893 623 illius
1914 585 1952 622 in
1974 583 2076 622 ovile
2096 584 2242 630 ovium,
2263 584 2334 621 nisi
2349 585 2464 624 aliun-

1458 648 1516 684 dc.
1539 648 1611 684 Sed
1633 647 1737 697 quod
1760 647 1898 684 factum
1923 654 2006 692 est,
2027 658 2105 681 non
2125 652 2254 694 potest
2275 657 2353 681 non
2372 645 2461 685 fieri.

1458 709 1633 757 Denique
1663 708 1691 744 si
1722 721 1781 744 res
1812 708 1894 757 ipsa
1927 705 2065 743 habeat
2090 705 2306 754 diligentem
2338 705 2463 757 inspe-
2498 737 2501 740 .

1457 776 1600 804 ctorem
1617 796 1625 811 ‚
1649 777 1685 804 et
1707 768 1918 818 prudenter
1940 765 2201 811 examinetur3
2224 764 2271 801 ad
2298 778 2465 805 commo—

1458 826 1548 862 dum
1571 840 1714 873 causae,
1749 836 1786 863 et
1811 827 1859 863 ad
1879 827 1933 863 rei
1962 833 2075 876 gestae
2108 825 2436 864 confirmationem
2451 856 2463 875 ,

1459 887 1588 922 omnia
1609 895 1866 937 cooperantur
1886 887 1925 923 in
1948 886 2093 923 bonum
2107 915 2116 932 ‚
2148 898 2332 936 persona,
2354 899 2465 937 nego-
2497 883 2501 918 ἶ

383 965 457 1001 que
477 952 505 987 si
527 951 610 1000 quis
631 949 702 986 Dei
731 957 812 993 est,
839 948 1026 997 jungatur
1051 948 1117 985 eis.
1147 948 1184 985 Si
1212 948 1394 998 deinceps
1411 946 1577 992 B0tium,
1607 955 1742 982 auctor
1764 947 1913 996 operis,
1940 947 2200 995 impugnator.
2235 945 2274 982 Si
2302 945 2402 982 enim
2420 947 2465 984 ad

383 1020 522 1047 terram
554 1008 801 1058 occupaverit
832 1007 948 1044 arbor
976 1007 1214 1044 infructuosa
1235 1036 1244 1052 ,
1285 1007 1393 1057 cujus

381 1072 531 1121 culpam
553 1069 738 1115 dixerim,
763 1068 835 1105 nisi
858 1068 1021 1105 tenentis
1041 1068 1234 1105 securim?

377 1221 1393 1235 =====================================================================

459 1351 827 1410 EPISTOLA
898 1340 1338 1408 CCCXLVIII.¹'

613 1525 661 1546 AD
692 1523 849 1546 EFMDEM
880 1522 1161 1546 INNOCENTIL'M.

526 1658 587 1697 Pro
603 1651 736 1685 Arnulfo
754 1651 937 1682 Lexovieusi
953 1651 1100 1694 episcopo
1116 1652 1214 1683 electo
1229 1652 1254 1682 *.

388 1786 660 1828 Amantissimo
681 1784 778 1834 patri
800 1792 837 1820 et
859 1784 1038 1829 domino,
1067 1785 1137 1822 Dei
1157 1786 1276 1834 gratia
1293 1799 1397 1822 sum-

441 1862 504 1885 mo
527 1846 701 1885 Pontifici
722 1849 978 1891 INNOCENTm,
1011 1848 1237 1882 Bssnxmnrs
1262 1847 1397 1884 Clarae·

442 1907 628 1946 Vallensis
651 1913 810 1942 vocatus
831 1904 972 1950 abbas,
1004 1905 1197 1941 modicum
1227 1905 1264 1942 id
1292 1905 1397 1955 quod

441 1978 510 2006 cst.

448 2092 479 2127 l.
508 2087 735 2126 Benedictus
756 2090 859 2123 Deus
878 2093 915 2121 et
945 2089 1053 2122 Pater
1089 2087 1242 2123 Domini
1275 2088 1397 2124 nostri

392 2156 481 2189 Jesu
506 2149 664 2195 Christi,
691 2148 756 2197 qui
776 2147 983 2184 Ecclesiam
1005 2160 1109 2184 suam
1127 2175 1135 2191 ,
1171 2148 1397 2185 immacula-

393 2220 466 2247 tam
491 2221 667 2259 sponsam
689 2206 817 2243 dilecti
834 2205 918 2243 Filii
941 2206 1019 2251 sui,
1041 2207 1078 2241 in
1103 2205 1236 2243 diebus
1259 2208 1398 2244 nostris

393 2270 550 2307 liberam
592 2276 629 2304 et
665 2266 876 2303 absolutam
908 2279 928 2302 a
964 2264 1275 2303 tribulationibus
1317 2281 1400 2304 ma-

393 2332 517 2367 lorum
561 2327 766 2365 custodivit
798 2334 834 2362 et
867 2326 1012 2362 dolore.
1057 2327 1266 2364 Schismata
1311 2328 1400 2365 co'r-

396 2398 555 2428 ruerunt
577 2418 586 2435 ,
630 2388 793 2424 haereses
831 2387 1021 2422 siluerunt
1045 2394 1058 2408 Ε
1079 2416 1087 2432 ,
1142 2388 1398 2437 superborum

395 2460 431 2487 ct
466 2448 685 2487 sublimium
723 2447 818 2483 colla
858 2447 1063 2483 calcantur.
1107 2451 1151 2484 Et
1172 2448 1324 2497 quidem
1361 2449 1400 2485 in

1460 1018 1666 1056 personam
1687 1006 1866 1056 respicias
1879 1035 1889 1052 ,
1907 1006 1968 1042 hic
1988 1014 2045 1042 est
2066 1005 2166 1041 filius
2183 1013 2271 1041 tuus
2289 1003 2465 1053 dilectus,

1460 1066 1497 1102 in
1524 1079 1600 1115 quo
1622 1065 1690 1102 tibi
1710 1066 1953 1115 complacuit.
1976 1066 2012 1103 Si
2030 1064 2078 1102 ad
2098 1064 2315 1114 negotium,
2337 1064 2466 1103 ordine
2496 1057 2500 1064 ’

1432 1118 1436 1120 ,
1460 1126 1608 1175 integro
1625 1134 1663 1162 et
1680 1126 1865 1162 canonica
1885 1124 2062 1163 libertate
2079 1132 2382 1161 consummatum
2401 1133 2465 1162 est.
2496 1141 2499 1176 j

1460 1185 1497 1221 Si
1519 1184 1567 1221 ad
1588 1193 1784 1222 auctorem
1820 1185 1974 1235 operis,
2014 1185 2071 1221 vir
2097 1183 2296 1233 religiosus
2326 1192 2404 1230 est,
2432 1192 2468 1222 et
2496 1178 2499 1214 Ῑ

1461 1245 1598 1283 timens
1640 1249 1776 1283 Deum.
1820 1246 1857 1284 Si
1889 1245 1936 1282 ad
1971 1244 2098 1295 operis
2133 1243 2466 1294 impugnatorem,

1460 1318 1546 1342 ecce
1579 1305 1697 1342 homo
1732 1305 1798 1355 qui
1828 1318 1906 1342 non
1941 1305 2071 1355 posuit
2102 1308 2226 1342 Deum
2258 1303 2468 1353 adjutorem
2496 1320 2498 1327 ’

1462 1379 1573 1403 suum
1597 1394 1605 1410 ‚
1629 1366 1748 1403 hostis
1769 1366 1946 1403 Ecclesiae
1958 1395 1968 1413 ,
1987 1366 2163 1402 inimicus
2185 1364 2309 1402 crucis
2325 1365 2468 1403 Christi.

1462 1428 1505 1462 In
1529 1426 1633 1462 omni
1654 1425 1842 1475 siquidem
1870 1425 2026 1475 negotio
2059 1424 2334 1462 validissimum
2362 1437 2470 1474 argu-
2511 1445 2521 1481 ἶ

1464 1494 1634 1522 mentum
1657 1494 1713 1522 est
1733 1485 1779 1522 ad
1800 1485 2010 1522 faciendam
2038 1485 2093 1521 rei
2118 1483 2245 1521 dubiae
2274 1483 2407 1531 fidem,
2432 1484 2469 1521 id

1465 1559 1615 1596 semper
1640 1559 1720 1583 esse
1741 1545 1876 1582 melius
1890 1575 1899 1591 ,
1921 1544 2026 1594 quod
2049 1545 2200 1594 placeat
2213 1543 2346 1590 bonis,
2368 1543 2471 1582 malis

1465 1615 1591 1643 autem
1616 1606 1824 1656 displiceat.
1850 1605 1922 1643 Sed
1940 1605 2148 1655 appellavit
2165 1603 2299 1642 Sedem
2317 1612 2470 1654 aposto-
2492 1623 2496 1637 ι

1466 1666 1575 1702 licam
1613 1679 1740 1703 comes
1780 1665 2077 1715 Andegavensis.
2117 1669 2246 1714 Quare
2279 1663 2496 1711 obsecro&

1418 1733 1445 1769 C
1466 1739 1540 1776 qua
1574 1726 1758 1763 laesione?
1787 1740 1863 1776 quo
1899 1726 2120 1775 gravamine
2154 1725 2353 1775 urgente?
2387 1727 2468 1762 Non

1463 1789 1553 1837 quia
1573 1789 1882 1838 opprimeretur,
1912 1787 1979 1824 sed
2004 1788 2094 1838 quia
2113 1787 2368 1838 opprimeret;
2394 1798 2467 1823 non
2491 1790 2500 1826 ἔ

1464 1857 1507 1886 ut
1540 1848 1717 1898 injuriam
1749 1861 1856 1885 suam
1890 1848 2077 1885 relevaret
2109 1846 2376 1898 appellationis
2415 1859 2469 1884 re-

1465 1909 1611 1955 medio,
1633 1909 1699 1946 sed
1729 1917 1772 1945 ut
1797 1908 2106 1946 benedictionem
2134 1908 2243 1946 istius
2275 1906 2470 1944 obstaculo
2491 1905 2494 1926 ³

1466 1969 1734 2020 appellationis
1760 1968 1977 2019 impediret.

1520 2031 1557 2067 3.
1589 2031 1684 2067 Cum
1711 2029 1841 2078 itaque
1873 2037 1912 2065 et
1938 2029 2073 2079 religio
2105 2027 2370 2079 promoventis
2392 2055 2403 2073 ‚
2433 2033 2493 2077 etss

1466 2090 1636 2141 promoti
1668 2089 1843 2135 dilectio,
1881 2097 1919 2126 et
1953 2102 2075 2126 causae
2101 2088 2249 2138 justitia
2280 2087 2471 2125 confluant
2504 2134 2513 2135 ἶ

1463 2151 1502 2186 in
1522 2163 1640 2186 unum
1659 2164 1668 2195 ;
1691 2149 1930 2199 superfluum
1950 2149 2104 2186 videtur
2123 2157 2161 2186 et
2179 2161 2321 2185 vanum
2342 2159 2471 2197 rogare
2488 2163 2493 2188 ‹‘

1465 2224 1537 2260 pro
1559 2223 1604 2246 eo
1621 2239 1630 2256 ,
1655 2209 1722 2246 ubi
1743 2208 1823 2259 ejus
1848 2209 2043 2246 humilitas
2074 2208 2288 2260 postularit.
2322 2190 2492 2260 Loquar!

1467 2285 1557 2321 crgo
1586 2271 1633 2308 ad
1663 2271 1861 2307 dominum
1883 2284 2035 2317 meum,
2072 2284 2158 2308 cum
2186 2270 2256 2307 sim
2290 2270 2414 2320 pulvis
2435 2256 2491 2306 etR

1468 2333 1573 2370 cinis.
1598 2336 1752 2381 Loquar
1773 2344 1904 2368 servus
1924 2344 2074 2381 sponsae
2095 2331 2141 2368 ad
2163 2331 2327 2368 amicum
2353 2333 2471 2381 Spon-

1468 2394 1497 2430 si
1535 2407 1542 2427 :
1573 2392 1788 2442 jucundum
1810 2392 1855 2428 sit
1877 2392 2073 2441 eloquium
2095 2405 2236 2429 meum.
2270 2390 2376 2438 Tibi,
2402 2390 2471 2428 do·
2490 2392 2492 2394 ’

1469 2454 1570 2490 mine
1583 2482 1591 2498 ‚
1618 2451 1819 2488 commissa
1839 2460 1894 2488 est
1915 2451 2080 2488 Ecclesia
2101 2465 2121 2488 a
2139 2452 2229 2488 solis
2247 2459 2335 2488 ortu
2355 2461 2471 2500 usque

395 2511 594 2548 schismate
635 2506 714 2543 vidi
753 2506 912 2556 impium
955 2508 1274 2556 superexaltatum
1306 2538 1314 2552 ,
1363 2514 1514 2554 etDad
1552 2525 1739 2549 occasum,
1773 2515 1828 2548 Tu
1863 2512 1897 2548 ei
1931 2511 2047 2548 debes
2072 2525 2153 2548 esse
2184 2525 2316 2549 murus
2340 2520 2378 2548 et
2404 2522 2489 2551 an-¹

397 2572 585 2608 clevatum
610 2569 707 2605 sicut
731 2567 866 2604 cedros
887 2566 1042 2612 Libani3
1081 2575 1117 2602 et
1149 2568 1328 2611 transivi,
1365 2579 1402 2605 et

397 2643 483 2667 cccc
517 2642 594 2665 non
631 2635 723 2664 erat.
763 2630 807 2664 ln
839 2626 972 2663 haeresi
997 2627 1203 2662 multorum
1244 2627 1401 2664 redivivi

398 2689 637 2741 pullulabant
675 2700 825 2724 errores
849 2716 857 2732 ‚
897 2687 961 2723 scd
995 2686 1233 2723 obstructum
1271 2698 1326 2725 est
1361 2703 1403 2727 os

400 2749 638 2799 loquentium
671 2748 812 2797 iniqua.
853 2751 1055 2796 Tyrannus
1085 2747 1219 2784 Siciliae
1239 2747 1256 2771 ‘¹
1297 2758 1403 2786 extu-

400 2813 495 2848 lerat
519 2810 556 2846 in
583 2810 701 2845 altum
723 2821 790 2844 cor
816 2821 951 2853 suum,
979 2807 1044 2843 scd
1069 2806 1147 2856 jam
1180 2808 1404 2848 humiliatur

401 2870 471 2907 sub
492 2869 640 2919 potenti
668 2881 783 2904 manu
815 2867 896 2904 Dei.
922 2867 1057 2904 Nullus
1085 2867 1223 2917 gradus
1242 2878 1403 2919 praeter-

1471 2573 1653 2610 temurale
1688 2586 1707 2607 a
1742 2572 1834 2608 facie
1865 2571 2011 2608 inimici
2039 2580 2077 2608 et
2114 2571 2398 2622 persequentis;
2433 2577 2471 2607 tu

1469 2633 1584 2670 debes
1607 2634 1734 2669 fovere
1759 2633 1854 2669 filios
1877 2631 1956 2681 ejus
1981 2631 2051 2669 sub
2076 2631 2210 2670 umbra
2232 2633 2375 2670 alarum
2397 2639 2472 2668 tua-
2485 2629 2492 2665 {¹

1471 2706 1568 2729 rum.
1603 2692 1757 2741 Suscipe
1792 2690 2066 2729 Le‘xoviensem
2099 2692 2323 2742 episcopum
2345 2719 2355 2737 ‚
2391 2698 2471 2728 ute-

1470 2752 1595 2788 rinum
1631 2752 1749 2788 filium
1789 2755 1973 2788 Romanae
2011 2752 2214 2797 Ecclesiae,
2251 2759 2289 2788 et
2326 2749 2470 2788 remitte

1470 2826 1555 2849 cum
1585 2812 1622 2848 in
1659 2810 1992 2849 benedictionibus
2032 2811 2271 2857 dulcedinis,
2302 2821 2470 2861 nequan-

1470 2871 1520 2908 do
1555 2871 1656 2908 dicat
1694 2870 1871 2909 inimicus
1911 2871 1994 2921 ejus
2028 2887 2036 2910 :
2074 2872 2258 2910 Praevalui
2296 2871 2487 2909 adversus’

448 3029 460 3044 ί*
484 3020 617 3053 Indubie
635 3020 667 3051 hi
684 3025 754 3050 sunt
771 3018 868 3049 abbas
886 3025 917 3050 et
938 3019 1082 3051 monachi
1101 3023 1311 3053 Fontanenscs
1323 3047 1330 3060 ,
1350 3024 1404 3065 qui
1420 3024 1554 3055 maxime
1570 3024 1689 3056 intruso
1706 3024 1828 3056 adversi
1845 3031 1933 3056 erant
1948 3049 1954 3063 ,
1974 3030 2019 3056 uti
2039 3031 2069 3056 et
2086 3023 2232 3056 monachi
2247 3023 2467 3059 Rievallensoe,

403 3078 440 3108 d«—
458 3074 570 3117 quibus
588 3073 618 3104 in
639 3072 720 3103 binis
735 3072 872 3114 epistolis
891 3073 1092 3114 sequentibus
1104 3099 1111 3112 ‚
1130 3086 1242 3117 nempe
1258 3076 1290 3106 in
1308 3077 1446 3119 epistolis
1467 3081 1531 3109 353
1551 3084 1580 3109 et
1599 3081 1678 3110 300.

450 3125 465 3145 ¹'
479 3129 565 3160 Alias
582 3127 711 3169 epistola
728 3130 792 3157 :388
811 3136 817 3157 :
837 3137 905 3167 quar
920 3137 993 3157 xero
1008 3134 1098 3159 autea
1117 3132 1133 3159 3
1146 3131 1181 3160 ἰδ
1197 3136 1260 3161 crat
1273 3155 1280 3168 ‚
1298 3142 1380 3162 nuuc
1397 3134 1474 3163 407.
1491 3132 1612 3174 Scripta
1628 3142 1711 3162 anuo
1731 3131 1846 3163 Christi
1868 3134 1968 3163 1141.

448 3188 459 3200 ”“
480 3180 621 3213 Anat-leti
640 3186 667 3210 ct
695 3182 710 3207 X
724 3179 827 3210 ifle-rh
854 3179 1016 3210 schismata
1035 3181 1174 3222 iutelligit
1191 3207 1197 3215 .
1219 3182 1350 3215 haereses
1365 3185 1447 3215 Petri
1466 3185 1646 3216 Abaelardi.
1662 3204 1706 3208 —
1726 3184 1742 3206 d
1759 3185 1881 3217 Scilicet
1894 3185 2059 3227 Rogerius.

449 3242 456 3247 ‘
479 3233 647 3267 ‹staua-isba
664 3259 669 3266 ,
689 3240 893 3273 eognsuncnm
914 3234 1212 3269 Plan!a-tzcncstm.
1235 3238 1377 3268 fulconis
1392 3238 1526 3269 Jcrosolx
1539 3249 1658 3268 morum
1677 3238 1756 3278 regis
1771 3237 1869 3273 filius,
1892 3238 2021 3269 Henrici
2044 3238 2260 3280 11Ang101=um
2279 3235 2358 3278 regis
2372 3238 2467 3276 pater·
