2517 3936
708 214 763 268 S.
809 213 1256 271 BERNARDI
1309 218 1672 281 ABBATIS

1127 395 1262 424 SUPER

313 549 1012 622 ANTIPHONARIUM
1070 556 1674 632 ClSTERCIENSIS
1737 567 2064 643 ORDIMS

865 749 1098 786 EPISTOLA
1131 751 1222 786 SEU
1253 752 1523 789 PROLOGIJS.

1162 1061 1190 1080 GU

1197 1062 1208 1079 ⁵
1229 1065 1550 1112 praefatiunculam
1568 1098 1576 1113 ‚
1599 1083 1710 1119 quam
1736 1074 1879 1121 praefati
1902 1076 2128 1117 discussores
2153 1097 2215 1120 vc-

153 1121 402 1164 Munianus,
421 1118 573 1155 humilis
593 1118 709 1156 abbas
731 1120 986 1158 Clarae-Vallis
1001 1150 1010 1166 ,
1034 1122 1158 1157 omni—
1180 1125 1211 1156 A
1231 1126 1316 1160 teris
1337 1127 1598 1176 Antiplmnarii
1620 1131 1665 1166 ad
1686 1132 1754 1168 hoc
1776 1134 1895 1182 ipsum
1915 1149 2136 1187 przepnnors·
2154 1158 2217 1179 ςυ-

206 1178 279 1214 bus
299 1178 584 1227 transcripturis
605 1179 678 1215 hoc
705 1180 1025 1229 Antiphonarium
1040 1210 1049 1227 ,
1080 1182 1158 1217 sive

207 1237 413 1274 cantaturis
429 1237 467 1272 in
485 1237 562 1273 illo.

206 1361 313 1395 Inter
332 1366 467 1395 caetera
482 1370 567 1407 quae
585 1357 729 1407 optime
749 1358 912 1395 aemulati
929 1368 1018 1396 sunt
1035 1369 1161 1410 patres

154 1417 294 1464 nostri,
314 1417 574 1455 Cisterciensis
591 1417 769 1453 videlicet
789 1417 943 1454 Ordinis
961 1419 1160 1455 inchoato-

155 1491 215 1515 res
229 1507 238 1524 ‚
262 1478 335 1514 hoc
355 1490 508 1526 quoque
532 1476 805 1513 studiosissime
824 1485 861 1513 et
879 1478 1160 1526 religiosissime

152 1545 401 1583 curaverunt,
418 1544 461 1572 ut
476 1535 514 1571 in
532 1535 671 1571 divinis
688 1535 864 1572 laudibus
884 1536 922 1572 id
943 1546 1159 1584 cantarent,

152 1597 256 1647 quod
273 1597 390 1646 magis
410 1596 670 1633 authenticum
693 1595 941 1633 inveniretur.
961 1598 1082 1633 Missis
1098 1598 1161 1634 de-

152 1657 268 1706 nique
304 1657 370 1706 qui
405 1656 583 1694 Metensis
621 1656 797 1692 Ecclesia:
835 1657 1158 1706 Antiphonarium

153 1717 266 1769 (nam
280 1717 318 1754 id
338 1717 617 1766 Gregorianum
636 1728 716 1752 esse
737 1714 958 1767 dicebatur)
977 1718 1159 1754 transcri-

151 1777 308 1823 berent,
325 1785 364 1814 et
379 1777 580 1822 afl'errent3
599 1776 711 1825 longe
728 1775 839 1812 aliter
855 1790 933 1813 rem
951 1790 1031 1814 esse
1049 1792 1162 1828 quam

153 1838 371 1883 audierant,
389 1837 631 1874 invenerunt.
653 1839 786 1885 Itaque
811 1837 1067 1874 examinatum
1088 1838 1165 1875 dis-

1226 1195 1403 1221 ras-erunt
1427 1202 1433 1222 :
1459 1196 1498 1223 ut
1530 1191 1649 1237 palam
1680 1191 1782 1227 factis
1811 1208 1894 1242 quae
1925 1197 1959 1231 in
1992 1198 2055 1233 illo
2086 1210 2213 1245 crant,

1230 1253 1302 1280 tam
1332 1255 1482 1293 cantus,
1514 1260 1624 1296 qnam
1656 1250 1785 1287 littera»
1818 1254 1935 1300 vitiis,
1965 1261 2217 1295 renovationis·

1228 1312 1264 1339 et
1290 1307 1533 1360 correctionis
1560 1312 1757 1347 necessiias
1782 1321 1893 1361 atque
1919 1316 2055 1353 utilitas
2084 1320 2217 1355 clarius

1228 1375 1438 1413 appareret.

1386 1502 1639 1538 PRAEFATIO
1668 1505 1759 1540 SEU
1789 1507 2069 1546 TRACTATUS

1368 1613 1414 1642 De
1440 1618 1531 1642 cantu
1557 1624 1610 1643 seu
1630 1616 1818 1646 correctione
1847 1619 2077 1661 Antiphonarii.

1287 1717 1318 1752 1.
1338 1719 1496 1754 Cantum
1519 1731 1631 1766 quem
1651 1719 1903 1759 Cisterciensis
1923 1725 2074 1762 Ordinis
2099 1730 2217 1766 ecclc-

1231 1775 1294 1811 siae
1312 1785 1462 1812 cantare
1483 1787 1775 1824 consueverant,
1795 1781 1879 1816 licet
1898 1785 2019 1830 gravis
2036 1794 2071 1820 et
2092 1788 2219 1824 multi-

1231 1836 1320 1884 plex
1341 1835 1511 1872 obfuscet
1527 1835 1756 1883 absurditas,
1778 1839 1842 1875 diu
1865 1848 1986 1878 tamen
2007 1847 2217 1883 canentium

153 1898 307 1949 plicuit,
329 1911 375 1934 eo
400 1896 505 1946 quod
533 1905 570 1933 et
598 1904 711 1933 cantu
725 1925 734 1942 ,
753 1904 790 1931 et
809 1896 934 1933 littera
960 1898 1158 1935 inventum
1186 1899 1213 1933 B
1232 1895 1512 1931 commendavit
1533 1898 1746 1934 auctoritas.
1764 1899 1834 1935 Sed
1851 1901 1936 1948 quia
1955 1904 2104 1951 penitus
2121 1906 2220 1942 indi<

154 1958 203 1995 sit
224 1957 402 1994 vitiosum
417 1986 426 2003 ‚
448 1965 486 1993 et
516 1955 815 2006 incompositum
836 1957 948 1993 nimis
962 1987 972 2003 ,
997 1971 1039 1994 ac
1065 1971 1162 2007 pene

154 2031 224 2069 per
240 2017 368 2054 omnia
383 2015 685 2066 contemptibile.
701 2015 797 2064 Quia
817 2024 941 2053 tamen
959 2018 1074 2054 semel
1089 2032 1162 2054 coe-

154 2086 309 2129 perant3
325 2086 362 2114 et
380 2077 436 2114 usi
453 2085 541 2113 sunt
557 2089 602 2112 eo
615 2104 625 2121 ,
647 2084 685 2112 et
708 2089 829 2125 usque
850 2076 895 2112 ad
917 2086 1046 2114 nostra
1062 2087 1161 2114 tem-

154 2151 251 2189 pora
267 2137 518 2174 retinuerunt.
537 2135 706 2173 Tandem
724 2136 930 2185 aliquando
949 2150 1027 2173 non
1049 2139 1162 2175 susti-

155 2196 422 2246 nentibusjam
436 2195 615 2232 fratribus
628 2195 769 2232 nostris
781 2194 981 2233 abbatibus
992 2197 1162 2243 Ordinis,

156 2272 242 2296 cum
270 2257 410 2294 mutari
431 2265 469 2293 et
491 2255 630 2305 corrigi
654 2256 877 2305 placuisset,
893 2270 993 2292 cui->e
1020 2267 1162 2294 nostrae

156 2319 197 2356 id
216 2318 343 2369 operis
369 2316 629 2366 injunxerunt.
647 2318 727 2365 Ego
744 2329 836 2368 vero
854 2317 982 2353 accitis
1005 2331 1051 2353 ex
1074 2318 1163 2367 ipsis

158 2377 339 2416 fratribus
359 2376 518 2422 nostris,
539 2376 605 2425 qui
638 2375 676 2411 in
711 2383 791 2411 arte
822 2384 859 2411 et
894 2389 965 2412 usu
1003 2377 1163 2413 canendi

157 2436 421 2474 instructiores
448 2443 562 2484 atque
590 2434 790 2484 peritiores
815 2435 958 2471 inventi
984 2444 1095 2481 sunt,
1117 2436 1163 2473 de

158 2498 287 2534 multis
315 2505 352 2533 et
380 2495 538 2532 diversis
566 2507 707 2530 novum
740 2494 890 2530 tandem
922 2496 1164 2545 Antiphona-

159 2558 258 2594 rium
277 2556 316 2592 in
333 2554 548 2604 subjectum
569 2554 748 2590 volumen
765 2554 1008 2603 collegimus,
1028 2563 1064 2592 et
1080 2568 1165 2591 can-

160 2626 221 2662 tu,
249 2617 347 2654 sicut
369 2614 580 2660 credimus,
604 2622 642 2650 et
668 2615 792 2650 littera
817 2615 1161 2664 irreprehensibile.

1228 1968 1345 2004 gnum
1365 1954 1577 2001 videbatur,
1599 1957 1664 2004 qui
1686 1958 1905 2005 regulariter
1926 1961 2052 1999 vivere
2075 1976 2218 2014 propo-

1228 2023 1397 2060 suerant,
1414 2015 1482 2051 hos
1498 2016 1753 2064 irregulariter
1767 2018 1893 2055 laudes
1910 2023 1988 2056 Deo
2006 2021 2220 2064 decantare:

1228 2089 1275 2112 ex
1298 2088 1431 2112 eorum
1456 2088 1607 2112 assensu
1632 2085 1781 2113 cantum
1804 2079 1853 2114 ita
1879 2089 2089 2117 correctum
2113 2083 2222 2119 inve-

1229 2136 1328 2181 nies,
1359 2144 1544 2185 quatenus
1575 2136 1764 2173 eliminata
1794 2138 1991 2175 falsitatum
2021 2143 2197 2190 spurcitia
2210 2172 2219 2188 ,

1230 2197 1474 2246 expulsisque
1492 2197 1627 2232 illicitis
1644 2198 1857 2246 ineptorum
1876 2199 2032 2236 licentiis
2047 2229 2056 2245 ,
2078 2202 2218 2251 integra

1230 2257 1443 2306 regularum
1466 2256 1622 2292 veritate
1642 2257 1829 2301 fulciatur,
1848 2258 2083 2308 aliorumque
2103 2263 2220 2297 canti-

1230 2314 1300 2351 bus
1313 2345 1322 2361 ,
1344 2314 1480 2364 quibus
1501 2323 1581 2351 crat
1602 2315 1777 2361 deterior,
1797 2315 1841 2351 ad
1861 2317 2066 2353 notandum
2084 2327 2119 2354 et
2136 2333 2221 2355 can-

1231 2375 1387 2411 tandum
1406 2375 1641 2411 commodior
1655 2374 1846 2411 habeatur.
1859 2376 2019 2424 Dignum
2038 2378 2218 2426 siquiden}

1228 2442 1309 2480 est,
1336 2443 1377 2471 ut
1403 2435 1466 2483 qui
1496 2443 1623 2470 tenent
1647 2435 1797 2482 Regula}
1824 2435 2041 2480 veritatem,
2065 2446 2219 2485 prseter—

1231 2495 1351 2531 missis
1372 2495 1531 2531 aliorum
1553 2493 1909 2543 dispensationibus,
1929 2494 2089 2531 habeant
2106 2497 2216 2532 etiam

1231 2564 1371 2590 rectam
1390 2554 1547 2590 canendi
1571 2553 1780 2597 scientiam,
1799 2553 2003 2602 repudiatis
2022 2567 2151 2590 corum
2172 2555 2218 2590 li-

1231 2614 1378 2659 centiis,
1396 2614 1459 2662 qui
1476 2612 1755 2648 similitudinem
1771 2611 1903 2659 magis,
1919 2625 2028 2660 quam
2047 2621 2216 2649 naturam

158 2676 333 2726 Denique
349 2683 521 2712 cantator
535 2675 674 2724 ipsius,
692 2675 720 2710 si
739 2682 864 2710 tamen
880 2688 1018 2723 gnarus
1034 2676 1161 2719 fuerit,
1185 2675 1211 2710 C
1231 2674 1269 2709 in
1285 2673 1454 2709 cantibus
1472 2672 1722 2715 attendentes,
1740 2672 1963 2708 cohaerentia
1979 2672 2217 2721 disjungunt,

160 2737 233 2773 hoc
248 2733 441 2786 probabit.
460 2737 517 2771 Ita
537 2747 627 2782 ergo
648 2742 691 2769 ut
710 2733 865 2770 demum
883 2743 1069 2770 mutatum
1091 2743 1165 2781 est,

159 2804 199 2833 et
233 2796 272 2832 in
306 2795 380 2831 hoc
409 2793 604 2830 volumine
640 2793 858 2829 continetur
874 2821 884 2838 ,
916 2794 1094 2831 volumus
1127 2795 1166 2830 in

160 2855 301 2892 nostris
320 2853 367 2890 de
387 2861 524 2890 caetero
542 2852 780 2889 monasteriis
802 2861 875 2888 tam
893 2852 1012 2888 verbo
1025 2882 1034 2898 ,
1050 2866 1164 2902 quam

159 2923 252 2952 nota
271 2913 414 2963 ubique
435 2912 572 2958 teneri3
587 2920 625 2948 et
641 2911 779 2947 mutari
800 2911 958 2947 omnino
977 2911 1015 2947 in
1034 2912 1164 2960 aliquo

162 2973 210 3011 ab
237 2973 390 3023 aliquo,
419 2971 645 3009 auctoritate
674 2970 788 3006 totius
816 2970 996 3019 capituli,
1023 2970 1089 3007 ubi
1117 2970 1164 3007 ab

162 3033 349 3070 universis
378 3031 579 3068 abbatibus
607 3030 851 3067 concorditer
880 3038 1099 3079 susceptum
1128 3040 1165 3067 et

163 3093 429 3130 confirmatum
453 3100 527 3136 est,
552 3090 813 3141 prohibemus
835 3094 956 3126 Porro
986 3091 1165 3126 mutatio-

163 3153 222 3190 nis
240 3151 355 3201 hujus
374 3164 524 3188 causam
541 3159 579 3187 et
595 3150 780 3187 rationem
794 3179 804 3196 ,
825 3150 855 3185 si
875 3163 987 3198 quem
1006 3149 1165 3186 eviden—

166 3212 239 3249 tius
257 3220 296 3249 et
313 3212 463 3262 plenius
488 3224 600 3248 nosse
628 3210 790 3247 delectat
804 3238 813 3255 ‚
839 3210 935 3258 legat
957 3209 1165 3258 subjectam

216 3352 230 3368 ³
249 3346 336 3378 Alias
349 3370 356 3385 ,
378 3346 560 3390 compositio
568 3368 576 3376 .

1233 2741 1270 2769 et
1291 2731 1528 2781 conjungunt
1548 2732 1741 2780 opposita;
1764 2731 1888 2779 sicque
1909 2732 2034 2767 omnia
2054 2733 2216 2768 confun-

1234 2792 1383 2837 dentes,
1411 2800 1560 2827 cantum
1588 2798 1702 2838 prout
1729 2789 1838 2833 libet,
1867 2802 1942 2825 non
1971 2798 2085 2839 prout
2113 2791 2217 2836 licet,

1233 2852 1419 2900 incipiunt
1446 2859 1482 2886 et
1509 2850 1731 2894 terminant,
1760 2848 1954 2897 deponunt
1981 2857 2018 2885 et
2046 2850 2216 2895 elevant,

1231 2917 1466 2959 componunt
1480 2917 1516 2944 et
1532 2908 1718 2944 ordinant.
1734 2907 1844 2944 Unde
1857 2921 1968 2944 nemo
1983 2909 2138 2944 miretur
2154 2918 2216 2945 aut

1230 2969 1462 3017 indignetur,
1490 2968 1516 3002 si
1543 2974 1692 3002 cantum
1724 2966 1831 3001 aliter
1852 2979 1964 3014 quam
1997 2967 2071 3002 huc
2102 2979 2218 3014 usquc

1231 3028 1417 3072 audierit,
1445 3027 1481 3062 in
1515 3026 1702 3074 plerisque
1726 3034 1907 3061 mutatum
1939 3026 2134 3061 invenerit.
2160 3025 2215 3061 Ibi

1231 3088 1331 3124 enim
1348 3095 1409 3123 aut
1426 3085 1639 3133 irregularis
1654 3094 1709 3120 est
1722 3085 1932 3134 progressio
1945 3112 1954 3128 ,
1971 3092 2032 3120 aut
2047 3097 2216 3133 progres-

1232 3148 1328 3184 sioni
1348 3147 1424 3182 sive
1445 3145 1678 3194 dispositioni
1703 3145 1878 3180 reclamat
1900 3144 2088 3191 oppositio
2103 3149 2131 3187 ³,
2154 3151 2217 3177 aut

1233 3206 1512 3257 oppositionem
1545 3204 1714 3241 dissolvit
1741 3202 1943 3251 oppositio.
1974 3205 2060 3237 Haec
2093 3201 2216 3236 omnia
