2517 3936
80 198 176 237 1417

73 340 355 377 confirmamus.

131 399 190 436 14.
212 402 291 437 Nec
305 397 409 448 ipsos
426 395 472 432 de
493 408 532 432 se
548 394 601 431 ita
618 401 764 430 veteres
782 394 941 430 sensisse
953 422 962 439 ,
986 406 1082 443 pau—

73 459 127 497 cis
151 458 350 496 advertere
377 468 593 507 possumus.
624 457 776 503 Moyses
803 452 933 490 scribit
958 457 1081 490 Deum

74 520 123 557 ad
149 533 188 557 se
218 520 441 570 loquentem
471 516 609 553 dixisse
638 515 690 551 sic
724 529 732 550 :
765 516 845 562 Ego
874 528 954 550 sum
984 516 1083 550 Deus

73 579 270 618 Abraham
283 609 296 626 ,
331 588 366 615 et
394 581 492 614 Deus
517 579 647 621 Isaac,
681 583 719 610 et
746 577 848 610 Deus
877 574 1023 619 Jacoh,·
1050 583 1086 611 et

74 654 209 677 nomen
238 653 357 676 meum
378 640 535 675 Adonai
561 650 635 673 nou
669 637 832 672 imlz'ccwi
863 640 934 672 eis'
960 651 969 672 ε
993 635 1086 672 sub—

75 700 204 747 audit,
225 701 322 738 sicut
342 698 422 736 tibi.
440 697 615 736 Ostendit
633 709 724 746 ergo
744 709 782 732 se
799 696 846 733 de
862 696 934 734 Dei
950 697 1085 733 notitia

74 760 161 811 plus
180 759 324 810 aliquid
344 757 650 809 praecedentibus
678 756 850 807 patribus
880 757 1080 808 accepisse.

74 819 200 857 David
225 832 381 871 quoque
411 831 527 870 super
547 817 723 855 doctores
749 830 838 856 suos
858 826 895 854 et
916 818 1084 855 seniores

76 879 222 918 donum
253 878 326 918 sibi
357 879 616 929 intelligentiae
650 878 831 915 audacter
863 879 1084 928 praesumit,

75 941 129 978 ita
149 940 280 978 dicens
293 968 302 986 ,
324 942 444 990 Super
465 953 592 976 omnes
616 941 789 975 ‹loc-entes
808 952 867 974 mc
893 940 1083 983 intellezc‘,

75 1006 168 1051 qula
182 1005 394 1038 testimonia
405 1011 469 1037 tua
480 1002 672 1037 meditatio
687 1014 769 1037 mea
781 1010 834 1036 ese
844 1014 854 1035 :
867 1007 903 1036 et
918 1013 1084 1045 rursum,

78 1062 200 1110 Super
211 1075 316 1098 senes
339 1063 549 1098 intellexi2.
574 1060 647 1099 Sed
665 1069 702 1097 et
722 1060 912 1112 propheta
932 1060 1086 1106 Daniel,

78 1121 386 1167 Pertransibunt,
406 1121 474 1169 ait,
504 1124 689 1170 plurimi,
722 1131 757 1157 et
789 1123 990 1170 multiplex·
1019 1125 1089 1156 eric

78 1187 236 1220 selentia
251 1180 284 1230 33
316 1182 542 1233 ampliorem
577 1182 719 1219 scilicet
752 1195 879 1219 rerum
915 1182 1088 1218 notitiam

79 1243 309 1295 promittens
321 1251 359 1281 et
374 1243 456 1293 ipse
471 1244 648 1293 posteris.
667 1244 705 1281 Si
719 1256 831 1293 ergo,
853 1252 894 1280 ut
910 1243 961 1280 ait
978 1243 1091 1280 etiam

79 1312 232 1341 sanctus
250 1317 352 1354 papa
371 1304 578 1353 Gregorius
591 1333 601 1350 ,
623 1303 834 1340 secundum
856 1304 1092 1340 incrementa

80 1372 300 1414 temporum
329 1363 448 1400 crevit
480 1371 518 1400 et
546 1363 702 1400 scientia
739 1364 994 1415 spiritualium
1022 1377 1092 1414 pa—

83 1433 210 1471 trum;
230 1432 268 1461 et
287 1432 433 1474 quanto
453 1424 658 1461 viciniores
685 1424 865 1461 adventui
887 1423 1092 1462 Salvatoris

83 1485 316 1523 exstiterunt
332 1513 342 1531 ‚
385 1493 491 1522 tanto
518 1486 743 1535 mysterium
776 1485 904 1522 salutis
943 1485 1093 1535 plenius

82 1546 368 1598 perceperunt4
391 1560 399 1582 :
422 1558 500 1582 non
525 1553 582 1582 est
611 1545 791 1591 dubium,
825 1545 918 1594 quin
947 1544 1004 1581 his
1027 1544 1093 1594 qui

84 1615 123 1644 et
141 1614 350 1657 praesentes
366 1606 541 1651 fuerunt,
564 1607 687 1643 multo
705 1606 869 1656 amplius
887 1605 1094 1642 contulerit

84 1680 215 1705 rerum
233 1667 403 1718 ipsarum
420 1665 625 1713 exhibitio,
647 1675 761 1717 atque
775 1665 977 1717 praesentia
991 1665 1094 1702 exhi-

83 1727 222 1766 bentis.
243 1727 418 1777 Denique
437 1735 475 1764 et
495 1726 675 1773 audiunt,
700 1729 812 1764 Beati
836 1729 933 1763 oculi
951 1732 1016 1775 qui
1033 1728 1094 1762 υί-

86 1790 177 1841 dent
195 1801 283 1837 quoe
302 1801 369 1824 vos
395 1788 536 1824 videtis
550 1785 564 1808 ⁵
586 1801 594 1824 ε
615 1787 705 1824 item
719 1816 729 1833 ,
761 1790 832 1823 Vos
859 1796 981 1823 autem
1013 1787 1100 1821 dixi

734 198 1022 232 TRACTATL'S
1053 197 1116 231 DF,
1146 197 1406 241 BAP'HSMO,
1430 204 1498 230 etc.

75 276 345 316 certitudinem
392 275 439 312 de
491 272 671 311 omnibus
714 281 847 310 nostro
890 272 1088 309 mendacio
1102 271 1131 289 ‘²⁵

2053 200 2150 237 lits

1141 272 1278 308 'stiano
1298 272 1383 308 vitae
1399 280 1571 317 aeteruzc,
1594 275 1796 324 saeculique
1815 278 1928 314 futuri
1943 307 1952 323 ,
1971 278 2075 327 quod
2097 279 2151 314 in-

1109 337 1140 369 A
1158 332 1378 369 dubitanter
1397 331 1558 370 credunt
1581 341 1616 368 et
1637 344 1812 382 sperant,
1833 346 1870 372 et
1887 337 2063 373 ardenter
2080 337 2149 373 de-

1149 393 1340 437 siderant,
1366 393 1524 429 formam
1547 401 1671 429 tamen
1701 408 1743 429 ac
1764 403 1899 431 statum
1919 410 1964 432 nc
1984 397 2148 445 cogitare

1149 452 1301 503 quidem
1319 453 1378 488 vel
1397 453 1561 488 tenuiter
1582 455 1748 488 norunt?
1765 457 1820 489 Ita
1836 468 1924 503 ergo
1939 457 2044 492 multi
2063 464 2149 492 ante

1150 513 1354 550 Salvatoris
1374 512 1603 558 adventum,
1626 516 1747 548 Deum
1771 514 2068 562 onmipotentem
2091 523 2148 550 tc—

1151 583 1284 611 nentes
1297 603 1306 619 ,
1324 582 1360 609 ct
1377 573 1574 621 diligentes
1595 585 1672 608 suae
1692 572 1820 607 salutis
1837 573 2039 620 gratuitum
2057 587 2149 622 pro-

1151 634 1372 679 missorem,
1403 632 1600 668 credentes
1632 632 1667 668 in
1699 632 1948 681 promissione
1982 632 2148 677 lidelem,

1151 702 1348 743 sperantes
1380 693 1631 729 certissimum
1661 691 1956 740 Redemptorcm
1975 720 1984 736 ,
2016 691 2052 726 in
2085 691 2154 726 bac.

1152 754 1226 790 fide
1247 761 1284 791 et
1298 752 1581 802 exspectatione
1599 751 1731 787 salvati
1752 759 1838 787 sunt
1855 766 1862 787 z
1879 751 1965 786 licet
1986 750 2153 799 quando,

1151 823 1188 853 et
1205 815 1380 864 qualiter,
1404 821 1440 849 et
1460 826 1536 862 quo
1555 811 1688 848 ordine
1709 811 1808 847 salus
1831 811 2058 860 repromissa
2085 810 2153 846 fic—

1152 885 1221 922 ret,
1237 877 1468 925 ignorarent.
1482 873 1656 922 Denique
1670 871 1768 908 Beda
1785 880 1913 922 aperte
1928 872 2037 908 docet
2049 884 2156 921 aper-

1154 947 1190 975 ta
1219 937 1348 974 omnia
1379 934 1556 972 omnibus
1583 947 1822 983 nequaquam
1854 934 1965 970 fuisse
1994 946 2077 982 quae
2107 931 2153 968 de

1154 999 1303 1042 Christo
1322 998 1449 1034 futura
1469 1004 1598 1042 erant-,
1626 994 1730 1045 quod
1749 1004 1785 1030 tu
1812 1008 1962 1044 quoque
1985 993 2156 1030 testimo—

1110 1061 1136 1095 B
1154 1062 1260 1099 nium
1279 1060 1396 1096 intua
1411 1058 1572 1108 epistola
1586 1056 1759 1107 posuisti.
1777 1074 1790 1087 ι(
1805 1060 1932 1094 [uum
1946 1085 1954 1100 ‚
1979 1074 1992 1087 υ
2011 1054 2151 1104 inquit,

1154 1140 1167 1154 a
1185 1121 1363 1169 idemque
1378 1118 1578 1155 dominicae
1602 1117 1725 1153 erucis
1742 1125 1926 1166 tropaeum
1949 1117 2054 1166 prius
2067 1119 2159 1152 Pro-

1157 1202 1172 1216 „
1188 1182 1313 1232 phetae
1339 1188 1376 1217 et
1393 1182 1563 1228 Moyses,
1587 1191 1699 1227 quam
1721 1177 1892 1226 Apostoli
1919 1183 2102 1212 noverant
2123 1183 2160 1210 et

1160 1261 1174 1277 »
1192 1240 1452 1293 praedicabant
1472 1254 1479 1275 :
1501 1238 1567 1276 sed
1586 1237 1787 1286 Prophetae
1811 1236 1882 1272 boe
1904 1236 2099 1284 aliquoties
2120 1235 2160 1270 fi-

1161 1321 1174 1335 υ
1191 1301 1334 1352 guratis
1350 1300 1561 1348 velatisque
1575 1295 1829 1340 sermonibus,
1849 1296 2020 1344 Apostoli
2038 1303 2162 1331 autem

1160 1380 1175 1396 υ
1188 1362 1542 1413 Apostolorumque
1571 1369 1806 1395 successores
1853 1356 2037 1405 patefacta
2082 1356 2165 1391 luce

1159 1441 1174 1457 u
1191 1422 1388 1472 Evangelii
1414 1432 1565 1470 semper
1591 1426 1721 1467 aperte
1743 1415 2000 1466 praedicabant
2022 1430 2028 1451 :
2052 1416 2101 1452 ita
2123 1424 2164 1452 ut

1162 1501 1176 1516 »
1192 1496 1294 1520 nunc
1322 1481 1446 1519 omnis
1468 1479 1636 1530 populus
1658 1477 1882 1514 christianus
1903 1477 1996 1513 seire
2015 1485 2052 1513 et
2073 1489 2166 1513 con-

1162 1543 1290 1580 »fiteri
1321 1540 1458 1578 debeat
1483 1539 1617 1585 fidem,
1643 1552 1756 1588 quam
1784 1552 1828 1574 eo
1856 1546 2027 1587 tempore
2054 1537 2165 1587 pauci

1161 1622 1176 1637 »
1194 1602 1424 1647 admodum,
1449 1609 1486 1637 et
1513 1599 1759 1650 perfectiores
1786 1599 1926 1649 quique
1950 1607 2165 1643 noverunt3

1162 1682 1177 1698 »
1199 1663 1374 1714 quamvis
1397 1661 1520 1699 omnis
1551 1660 1719 1710 populus
1739 1660 1807 1696 Dei
1829 1660 1939 1696 etiam
1962 1668 2050 1695 tunc
2068 1657 2167 1707 ejus-

1165 1742 1180 1757 »
1195 1724 1281 1761 dem
1297 1722 1477 1772 mysteria
1497 1720 1586 1758 fidei
1606 1720 1642 1756 in
1660 1719 1841 1769 legalibus
1859 1719 2089 1756 caeremoniis
2108 1727 2163 1766 ty-

1167 1804 1182 1819 »
1198 1785 1282 1836 pice
1303 1792 1484 1835 portaret.
1504 1800 1518 1815 »
1530 1781 1650 1819 Multa
1663 1789 1751 1817 sunt
1763 1793 1846 1829 quae
1868 1780 1913 1816 ad
1928 1780 2006 1816 haee
2027 1781 2167 1816 confir-

85 1852 246 1894 amicos,
269 1850 360 1896 quia
379 1848 505 1883 omnia
529 1861 776 1897 quoecumque
792 1850 921 1884 audivi
937 1861 960 1882 a
978 1848 1095 1882 Patre
1116 1847 1142 1882 C
1165 1845 1303 1883 manda
1314 1850 1569 1881 concurrunt:
1582 1842 1648 1879 sed
1665 1841 1800 1877 modus
1813 1841 2021 1891 epistolaris
2036 1849 2173 1877 cuncta

87 1921 187 1952 meo,
211 1917 299 1944 nota
320 1905 406 1955 secl
424 1906 565 1945 vobis⁶.
598 1910 732 1952 Multi,
753 1908 897 1958 inquit,
932 1921 1033 1957 reges
1061 1916 1096 1943 et

81 1968 284 2018 prophetoe
305 1970 504 2004 voluerunt
530 1970 657 2005 videre
679 1982 764 2017 quoe
786 1982 853 2004 vos
871 1970 1030 2014 videtis,
1059 1978 1096 2004 et

87 2043 162 2066 non
182 2030 382 2073 viderunt5
399 2037 434 2064 et
453 2031 586 2065 audire
603 2042 690 2077 quoe
706 2031 848 2065 auditis
859 2057 869 2073 ,
890 2037 924 2064 et
939 2042 1011 2065 non
1028 2042 1097 2064 au-

87 2092 239 2126 dierunt
247 2096 275 2125 7.
297 2091 452 2139 Quare?
472 2098 514 2126 ut
528 2089 705 2127 videlicet
726 2090 864 2126 elarius
882 2090 1098 2139 largiusque

87 2149 344 2201 perciperent,
362 2149 467 2199 quod
480 2150 545 2186 vix
564 2150 730 2187 tenuiter
745 2149 982 2200 obscureque
1001 2163 1099 2200 prze—

88 2218 297 2248 senserant.
319 2209 498 2260 Alioquin
521 2210 613 2260 quid
633 2223 731 2260 opus
750 2219 831 2247 erat
852 2210 944 2247 foris
970 2209 1098 2247 videre

89 2284 243 2309 earnem
258 2300 269 2318 ,
290 2278 329 2307 et
345 2270 470 2308 carnis
489 2270 623 2308 audire
647 2284 862 2317 sermones,
883 2271 913 2307 si
930 2270 1009 2320 jam
1036 2270 1099 2306 in-

91 2340 151 2369 tus
167 2345 188 2368 a
205 2331 351 2382 Spiritu
371 2331 705 2382 fuerant-perfecte
721 2332 898 2376 instructi
912 2331 959 2368 de
976 2331 1098 2368 omni-

89 2391 184 2429 bus?
203 2392 414 2442 praesertim
438 2405 524 2429 cum
552 2393 740 2430 Dominus
756 2392 878 2439 dicat,
905 2393 1001 2429 Caro
1024 2405 1099 2426 non

85 2454 239 2502 procles!
265 2454 502 2502 quidquam,
524 2457 675 2502 spiritus
712 2462 768 2489 est
797 2457 863 2502 qui
893 2449 1097 2499 vivificacss.

90 2511 204 2560 Quod
223 2511 254 2549 si
273 2512 476 2563 Prophetae
491 2541 502 2559 ,
523 2521 561 2550 et
578 2512 643 2563 qui
668 2513 896 2550 illustriores
916 2510 1102 2549 videban-

93 2581 155 2610 tur
173 2572 214 2609 in
232 2572 300 2609 illo
332 2573 500 2623 populo,
527 2587 606 2611 non
639 2586 773 2611 omnes
801 2574 930 2611 omnia
956 2571 1102 2622 liquido

1161 1920 1240 1944 non
1254 1905 1411 1956 patitur,
1429 1917 1498 1941 nec
1512 1915 1610 1953 opus
1624 1909 1691 1938 est.
1705 1900 1883 1938 Arbitror
1896 1901 2010 1945 enim,
2029 1909 2069 1936 ut
2083 1909 2169 1936 ante

1157 1966 1238 2017 jam
1261 1965 1452 2011 dixeram,
1479 1976 1539 2000 me
1558 1975 1712 2012 quoque
1731 1975 1808 1998 non
1830 1961 2104 2011 respondente,
2127 1974 2170 1997 ea

1164 2028 1334 2079 potuisse
1361 2026 1534 2064 sufficere
1564 2037 1650 2074 quae
1678 2032 1742 2060 tua
1769 2036 1883 2072 super
1907 2023 1980 2059 hoc
2013 2023 2175 2073 epistola

1166 2089 1351 2127 continet.
1381 2086 1454 2124 Sed
1490 2086 1583 2122 hoe²¹
1616 2084 1766 2130 addidi,
1789 2097 1835 2120 ne
1868 2084 2046 2120 intactum
2078 2083 2170 2132 quid

1167 2148 1402 2200 praeterirem
1425 2160 1472 2183 ex
1497 2143 1675 2182 omnibus
1693 2158 1777 2194 quae
1795 2145 1931 2195 petisti.

1521 2272 1698 2311 CAPL'T
1728 2272 1798 2310 IV.

1166 2399 1311 2433 Ostendit
1331 2399 1397 2430 dari
1420 2405 1583 2442 peccatum
1614 2409 1669 2440 per
1696 2396 1921 2438 ignorantiam,
1945 2402 2052 2427 contra
2073 2407 2169 2427 asser—

1429 2459 1528 2485 torem
1551 2451 1717 2484 contrariae
1742 2450 1910 2493 opinionis.

1228 2576 1286 2613 16.
1302 2578 1386 2612 Jam
1408 2582 1541 2610 contra
1557 2573 1703 2609 tertiam
1719 2570 1962 2607 assertionem
1979 2582 2055 2605 non
2074 2570 2171 2607 inul—

91 2633 288 2683 aequaliter
304 2646 510 2683 agnoscere
527 2634 745 2681 valuerunt,
761 2634 827 2672 sed
841 2635 904 2671 alii
921 2634 1023 2685 plus,
1040 2632 1103 2669 alii
1122 2635 1160 2685 D·
1170 2645 1250 2673 tum
1273 2634 1383 2672 nobis
1399 2633 1564 2671 arbitror
1580 2630 1849 2674 laborandum,
1868 2637 1946 2665 tum
1968 2629 2071 2678 quod
2089 2642 2169 2666 ma—

93 2693 236 2740 minus,
258 2701 376 2744 prout
394 2693 448 2730 eis
469 2693 632 2744 Spiritus
656 2695 792 2743 dabat,
819 2695 994 2732 dividens
1018 2694 1098 2731 sin-

93 2753 190 2803 gulis
219 2761 337 2803 prout
362 2752 538 2800 volebat,
559 2753 675 2804 idque
704 2754 847 2804 absque
877 2753 1101 2806 praejudicio

93 2827 171 2852 suae
190 2813 399 2851 sanctitatis
412 2822 526 2864 atque
538 2815 785 2866 perfectionis
800 2832 808 2854 :
825 2824 969 2867 quanto
986 2815 1103 2864 magis

94 2874 344 2925 simpliciores
369 2875 513 2925 quique
530 2874 624 2924 justi
645 2876 726 2913 sine
747 2876 977 2914 detrimento
999 2875 1103 2912 salu—

95 2935 160 2982 tis,
183 2935 404 2972 salvationis
419 2943 588 2986 tempus,
611 2936 769 2974 modum
785 2945 823 2974 et
839 2937 1015 2974 ordinem
1033 2949 1104 2973 ne·-

96 2995 191 3033 scire
221 3003 456 3046 potuerunt,
480 3010 566 3047 quae
589 3006 716 3035 tamen
738 3006 840 3035 certa
865 3011 933 3049 spe
954 3006 991 3035 et
1010 2996 1105 3043 fide,

95 3055 151 3093 uti
166 3056 356 3106 promissa
372 3056 524 3094 fuerant
536 3086 546 3104 ,
570 3058 785 3095 firmissime
814 3055 1059 3096 tenuerunt?

154 3116 214 3153 15.
233 3116 376 3165 Quanti
391 3116 582 3168 hodieque
598 3119 775 3169 profecto
789 3119 827 3156 in
846 3121 992 3171 populo
1008 3120 1110 3158 chri-

149 3263 158 3278 ¹
180 3257 282 3288 Exod.
308 3269 365 3296 111,
389 3262 421 3297 6,
440 3264 472 3290 et
493 3270 545 3297 Vl,
570 3263 599 3291 3.
616 3278 658 3283 -—
683 3268 694 3282 2
714 3262 793 3293 Psal.
817 3274 923 3293 cxvur
938 3288 944 3299 ,
966 3267 1028 3300 ¹³9,
1055 3266 1128 3293 lOO.
1152 3280 1194 3282 —
1216 3256 1227 3279 3
1252 3261 1330 3288 Dan.
1349 3267 1394 3286 >til
1411 3280 1418 3287 ,
1450 3258 1473 3285 i.
1492 3272 1534 3276 a*
1551 3254 1563 3278 -ὶ
1586 3255 1678 3283 llum.
1704 3254 1737 3282 17
1763 3252 1793 3281 iu
1818 3249 1924 3281 [at-ch.
1946 3268 1975 3270 d

100 3313 155 3343 23.
173 3329 219 3334 -—
239 3308 256 3331 ⁶
271 3313 362 3342 Joan.
380 3323 446 3349 κν,
475 3315 525 3344 1-5.
545 3332 586 3335 -
607 3320 619 3345 7
636 3317 710 3346 Luc.
730 3327 771 3352 x,
796 3318 849 3347 24.
867 3336 895 3339 ν

148 3372 159 3386 ³
176 3369 262 3400 Alias
279 3394 286 3407 ‚
305 3368 383 3400 lats.

1166 2696 1338 2733 nifestam
1370 2694 1481 2731 nimis
1502 2692 1676 2743 praeferat
1704 2690 1923 2734 falsitaten13
1957 2697 2036 2725 tum
2065 2688 2170 2738 quod

1166 2757 1248 2807 ipse
1279 2755 1362 2805 ejus
1392 2755 1581 2798 inventor,
1615 2752 1652 2788 in
1684 2764 1750 2787 sua
1775 2749 1961 2799 superiori
1983 2749 2168 2786 sententia

1170 2817 1291 2867 ipsam
1315 2829 1384 2866 per
1401 2828 1439 2851 se
1459 2813 1548 2850 satis
1575 2813 1794 2861 impugnet,
1823 2808 2045 2859 sibimetipsi
2073 2823 2169 2846 con—

1171 2877 1320 2914 trarius.
1342 2877 1435 2913 Cum
1458 2874 1558 2910 enim
1579 2872 1625 2908 de
1646 2879 1836 2907 nocturno
1855 2869 1920 2906 illo
1945 2870 2170 2919 privatoque

1172 2938 1342 2975 susurrio
1359 2934 1513 2972 Domini
1533 2945 1618 2969 cum
1643 2930 1864 2975 Nicodemo,
1882 2930 2056 2979 laqueum
2080 2943 2171 2966 nec-

1174 3007 1227 3035 tat
1243 2996 1404 3047 publicae
1424 2992 1677 3030 damnationis
1691 3004 1758 3040 per
1775 2998 1894 3026 totum
1914 2989 2046 3026 orbem
2062 2990 2172 3038 igno-

1176 3057 1360 3102 rantibus,
1370 3054 1559 3092 arbitrans
1573 3052 1747 3089 videlicet
1758 3051 1948 3087 neminen]
1967 3064 2011 3087 ex
2028 3050 2090 3086 illa
2104 3050 2173 3085 ho-

1178 3132 1219 3155 ra
1242 3116 1410 3168 potuisse
1434 3113 1592 3158 salvari,
1615 3112 1680 3162 qui
1708 3125 1785 3148 non
1810 3110 1920 3147 fuerit
1940 3109 2172 3159 baptizatus;

1981 3268 1985 3269 ⁷
2008 3247 2018 3267 5
2037 3251 2108 3278 Luc.
2134 3258 2172 3284 x,

927 3315 940 3338 3
958 3319 1072 3347 Jtann.
1094 3327 1143 3351 vi,
1165 3317 1218 3345 Gi.
