2565 3952
112 150 160 187 33
862 153 1123 190 PRAEFATIO
1165 154 1460 191 GENERALIS.
2163 160 2210 196 3¹⁷}

108 243 227 300 quod
251 263 267 280 «
286 245 480 300 exemplo
496 276 506 296 ,
530 244 747 300 verboque
775 255 862 285 non
881 243 1020 285 solum
1046 244 1284 297 monachis,
1313 245 1386 287 sed
1413 250 1454 286 et
1481 248 1559 288 toti
1589 248 1747 290 Latinae
1770 249 1962 291 Ecclesiae
1991 263 2068 292 suo
2097 256 2206 292 tem-

113 342 127 357 »
151 336 253 378 pore
286 324 511 379 insigniter
537 323 675 365 lucem
702 321 892 365 donavit.
918 342 934 357 »

166 402 364 443 XXXIII.
396 401 650 443 Laurentius
675 399 728 442 de
747 399 906 442 Leodio
931 402 977 442 in
1002 400 1114 442 libro
1143 400 1196 443 de
1224 403 1445 458 Episcopis
1471 403 1836 458 VirdunensibuS‚
1871 406 1979 448 duos
2004 405 2206 457 OrdineS,

107 482 427 524 Cistcrciensem
459 486 499 523 et
531 483 977 523 Praemonstratensem
995 514 1006 531 ,
1037 486 1255 535 comparat
1281 494 1378 523 cum
1403 482 1572 524 duobus
1614 484 1832 526 Cherubin
1865 486 2211 540 propitiatorium

105 559 460 602 obumbrantibus
483 575 492 602 :
521 580 536 595 τι
558 573 747 615 quorum
773 574 885 603 unus
915 560 1226 613 Cisterciensis,
1260 559 1368 602 duce
1396 561 1614 604 Bernardo
1637 558 1893 604 sanctissimi
1925 564 2107 604 nominis
2129 563 2208 604 ab·

111 658 126 673 »
145 639 262 691 hate,
302 640 585 681 monasticum
609 639 828 693 ordinem,
858 642 945 695 jam
976 652 1083 694 pene
1108 638 1296 694 lapsum,
1331 639 1385 681 ad
1416 641 1598 694 primam
1630 642 1870 696 apostolicae
1895 644 1993 684 vitae
2016 653 2209 683 normam

109 738 125 754 »
147 719 375 773 reparavit.
400 738 416 754 υ
447 719 500 760 Et
525 738 542 754 «
582 719 871 762 Cisterciensis
903 718 1106 774 quidem,
1139 730 1216 773 per
1247 717 1363 760 istud
1397 720 1620 774 temporis,
1646 734 1665 758 »
1695 722 1862 776 inquit,
1899 740 1914 755 κ
1946 722 2206 773 triennium,

108 816 124 832 n
145 796 233 852 jam
258 797 305 838 in
334 795 540 839 ducentas
573 798 743 839 circiter
783 796 974 839 abbatias
1006 798 1150 851 magni
1184 797 1391 850 nominiS,
1429 799 1603 852 meriti,
1647 803 1689 842 et
1719 801 1888 842 numeri
1919 801 2131 853 accrevit3
2170 804 2211 842 et

108 895 125 911 υ
148 888 286 931 05000
319 876 365 917 in
393 875 599 918 barbaros
624 879 832 919 Sarmatas
858 880 900 918 et
922 881 1133 918 extremos
1166 875 1342 930 Scythas
1360 876 1447 932 jam
1465 877 1657 920 diffundi
1681 881 1811 934 coepit
1826 877 1854 921 ¹.
1883 899 1898 915 ι
1924 881 2107 921 Tantum
2127 891 2208 934 po—

101 956 185 998 tujt
208 955 416 998 Bcrnardi
451 955 565 998 fama
594 961 636 999 et
667 957 814 1012 opinio
853 957 1111 1010 sanctitatis,
1149 955 1326 1011 ejusque
1352 956 1687 1011 discipulorum!
1717 958 1823 1001 Inde
1850 959 2011 1001 factum
2041 964 2130 1011 est,
2164 964 2213 1001 ut

102 1034 277 1077 Ordinis
304 1036 593 1077 Cisterciensis
609 1067 620 1089 ,
639 1037 716 1091 qui
739 1035 1007 1078 Bernardum
1030 1035 1252 1077 alumnum
1271 1034 1448 1088 habuit,
1471 1037 1594 1091 quasi
1615 1036 1820 1080 fundator
1846 1038 2019 1080 habitus
2045 1039 2099 1080 sit
2121 1039 2212 1093 ipse

100 1113 359 1166 Bernardus‚
384 1113 438 1155 ab
458 1113 635 1169 ejusque
657 1115 913 1156 monasterio
939 1113 1286 1156 Clarae-Valiensi
1312 1113 1451 1156 dictus
1476 1114 1593 1157 Ordo
1615 1116 1981 1159 Clarae-Vallensis
2004 1129 2082 1159 500
2101 1122 2211 1158 tem-

100 1205 228 1248 pore3
252 1193 339 1234 imo
371 1197 517 1248 postea
543 1198 585 1234 et
611 1193 745 1235 sancti
770 1193 1001 1246 Bernardi,
1020 1194 1098 1234 etsi
1119 1192 1166 1234 id
1195 1195 1332 1236 vetuit
1348 1195 1624 1237 Innocentius
1653 1198 1757 1238 VIII
1784 1198 1828 1238 in
1855 1197 2009 1238 litteris
2040 1197 2211 1238 unionis

100 1272 346 1314 monasterii
374 1271 743 1313 Clarae-Vallensis
767 1284 866 1312 eum
892 1271 1174 1313 Cisterciensi.
1203 1272 1314 1314 Hinc
1339 1273 1383 1314 in
1406 1272 1559 1314 litteris
1583 1274 1808 1315 Alberonis
1829 1275 2017 1329 episcopi
2045 1275 2209 1316 Virdu-

100 1351 242 1393 nensis
260 1349 376 1405 apud
396 1350 675 1392 Laurentium
696 1349 748 1390 de
766 1349 925 1391 Leodio
942 1362 1042 1391 mox
1061 1349 1284 1391 laudatum
1301 1380 1310 1401 ,
1329 1348 1502 1391 abbates
1525 1351 1895 1392 Trium-Pontium
1913 1355 1953 1391 et
1972 1351 2024 1392 de
2044 1351 2213 1393 Caladia

97 1429 301 1472 dicuntur
321 1448 337 1464 «ι
363 1429 416 1471 de
446 1429 608 1472 Ordine
637 1427 1039 1483 Clarae-Vallensi23
1074 1449 1089 1465 »
1124 1433 1165 1471 et
1191 1442 1214 1470 a
1245 1430 1373 1470 Petro
1400 1428 1582 1470 Cellensi
1599 1447 1615 1463 «
1640 1430 1928 1472 Cisterciensis
1948 1430 2036 1471 sive
2054 1429 2210 1473 Clarae-

106 1529 121 1543 »
138 1508 273 1550 Vallis
290 1507 408 1551 Ordo
431 1527 447 1543 1·
467 1512 646 1549 vocatur
664 1508 708 1549 in
725 1507 836 1549 libro
857 1509 1020 1562 primo,
1043 1507 1222 1563 epistola
1239 1508 1443 1562 vigesima
1467 1512 1632 1563 quarta.
1658 1510 1723 1551 Sic
1740 1509 1785 1550 in
1808 1509 1985 1564 epistola
2003 1511 2213 1552 Samsonis

99 1588 317 1630 Remensis
343 1588 568 1640 antistitis,
598 1599 695 1642 quae
718 1592 781 1629 est
805 1587 954 1629 ordine
984 1587 1407 1642 quadringentesima
1427 1588 1644 1641 trigesima
1669 1588 1819 1643 quinta
1851 1589 1963 1630 inter
1987 1589 2214 1630 Bernardi-

100 1679 176 1708 nas
193 1699 204 1718 ‚
226 1665 402 1709 Ordinis
420 1666 789 1708 Clarae-Vallensis
817 1667 976 1708 mentio
1006 1679 1093 1708 non
1118 1666 1246 1708 semel
1265 1665 1462 1708 habetur.
1487 1667 1743 1722 Quanquam
1764 1667 1848 1708 dici
1873 1671 2032 1721 potest,
2051 1666 2214 1709 ordinis

99 1746 468 1790 Clarae-Vallensis
492 1747 664 1788 nomine
694 1746 850 1787 lineam
871 1751 1040 1788 tantum
1061 1745 1482 1797 Clarae-Vallensem,
1516 1758 1603 1788 non
1623 1750 1763 1788 totum
1789 1746 2020 1799 Ordinem,
2060 1748 2213 1801 saepius

99 1825 329 1881 designari.

157 1907 352 1948 XXXIV.
383 1905 530 1959 Qualis
553 1918 601 1947 00
620 1909 781 1960 0000ῒο
798 1905 930 1947 fuerit
950 1906 1038 1947 sive
1067 1906 1435 1959 Cisterciensium,
1458 1906 1546 1947 sive
1569 1904 1992 1947 Clarae-Vallensium
2012 1905 2092 1947 sub
2110 1907 2213 1948 Ber-

95 1981 231 2024 nardo
249 1982 458 2024 districtio
477 1986 519 2024 et
536 1982 756 2037 rigiditas,
776 1995 863 2023 non
883 1987 947 2024 est
966 1995 1134 2026 necesse
1153 1984 1235 2026 hoc
1254 1984 1348 2026 1000
1368 1996 1578 2039 exponere
1595 2017 1605 2037 ,
1625 1983 1800 2040 quando
1819 1984 1865 2026 id
1885 1985 1984 2027 satis
2000 1997 2214 2041 superque

97 2066 214 2118 patet
243 2066 336 2104 tum
370 2075 422 2103 ex
444 2061 652 2104 Bernardi
676 2062 829 2103 litteris
849 2075 897 2104 ac
920 2063 1116 2118 scriptis,
1143 2069 1238 2106 tum
1257 2077 1309 2106 ex
1328 2065 1463 2120 ipsius
1485 2065 1608 2116 Vita,
1636 2065 1818 2106 maxime
1839 2077 1891 2106 ex
1913 2064 2024 2106 libro
2048 2064 2209 2120 primo,

97 2157 190 2200 cap.
230 2146 254 2186 5
270 2175 281 2196 ,
316 2143 394 2185 ubi
416 2144 547 2198 primi
573 2143 866 2185 Clarae-Vallis
889 2143 1038 2185 incolae
1068 2145 1160 2185 Deo
1186 2144 1365 2185 servisse
1396 2148 1690 2186 memorantur
1713 2162 1728 2178 «
1753 2145 1798 2185 in
1830 2147 2080 2199 paupertate
2117 2144 2209 2198 spi-

103 2244 119 2259 »
138 2224 276 2276 ritus,
305 2224 351 2265 in
375 2223 487 2265 fame
510 2227 551 2264 et
575 2224 670 2276 siti,
694 2223 740 2264 in
756 2221 916 2276 frigore
942 2227 982 2264 et
1001 2222 1218 2274 nuditate,
1243 2224 1289 2264 in
1306 2223 1464 2278 vigiiiis
1489 2223 1649 2265 multis.
1673 2223 1964 2265 Pulmentaria
1982 2224 2135 2278 saepius
2158 2235 2210 2264 ex

103 2323 118 2339 υ
137 2303 253 2345 foliis
285 2303 375 2358 fagi
413 2301 709 2345 conficiebant.
742 2303 870 2344 Panis
906 2315 957 2343 cx
991 2301 1178 2352 hordeo,
1221 2308 1262 2344 et
1287 2303 1420 2353 vicia,
1457 2306 1498 2343 et
1528 2302 1647 2344 milio
1683 2306 1825 2344 erat.»
1858 2303 1923 2344 Ita
1957 2301 2210 2344 GuiHelmus

95 2384 213 2425 testis
233 2383 440 2425 oculatus.
462 2381 680 2424 Bernardo
701 2383 742 2423 in
765 2382 942 2437 epistola
962 2383 1115 2437 prima,
1138 2381 1192 2424 ad
1211 2381 1466 2432 Robertum,
1487 2398 1503 2414 «
1525 2379 1620 2421 0105
1637 2412 1647 2432 ,
1667 2379 1788 2433 faba,
1811 2379 1952 2434 pultes
1968 2412 1978 2432 ,
2001 2380 2209 2434 panisque

104 2482 119 2498 »
143 2462 331 2504 cibarius
359 2475 458 2503 cum
480 2474 618 2517 0000,
645 2481 661 2496 »
691 2462 1034 2503 Cisterciensium
1060 2460 1221 2502 deliciae
1259 2459 1554 2514 perhibentur.
1582 2460 1668 2500 Nec
1703 2458 1793 2500 aliae
1819 2458 1936 2513 apud
1957 2458 2207 2501 Fastredum

97 2542 143 2584 in
165 2542 343 2597 epistola
373 2555 450 2584 sua
473 2543 584 2583 inter
607 2541 907 2583 Bernardinas.
934 2560 950 2575 «
977 2543 1111 2583 Tanta
1130 2541 1176 2582 in
1199 2539 1294 2582 cibo
1324 2539 1585 2594 parcimonia
1599 2571 1609 2590 ,
1629 2559 1643 2573 υ
1676 2538 1819 2593 inquit
1843 2537 2078 2593 Stephanus
2099 2539 2208 2580 Tor-

97 2622 287 2664 nacensis
312 2622 358 2662 in
380 2621 559 2676 epistola
581 2621 892 2675 septuagesima
916 2619 1126 2672 secunda,
1149 2638 1165 2654 ι
1190 2623 1239 2661 ut
1261 2617 1431 2660 duobus
1448 2621 1616 2659 tantum
1639 2616 1869 2671 pulmentis
1889 2621 2086 2669 utantur,
2111 2629 2207 2672 quae

103 2719 120 2735 »
144 2704 218 2742 aut
235 2711 335 2754 ager
353 2712 405 2741 ex
424 2698 714 2753 leguminibus
727 2730 738 2751 ,
760 2702 834 2740 aut
851 2711 903 2740 ex
923 2698 1110 2740 oleribus
1131 2696 1282 2739 hortus
1302 2696 1442 2738 affert.
1466 2695 1555 2750 Ipsi
1577 2695 1692 2750 pisce
1711 2698 1830 2736 tanto
1847 2695 1986 2736 rarius
2004 2698 2208 2747 utuntur,

105 2797 121 2814 υ
140 2782 303 2833 quanto
325 2777 595 2832 frequentius
623 2776 739 2832 apud
764 2790 834 2819 eos
858 2776 998 2819 audiri
1021 2776 1150 2830 solet,
1172 2788 1304 2831 quam
1325 2774 1478 2817 videri.
1505 2794 1520 2810 »
1547 2774 1677 2817 Plura
1697 2773 1854 2816 videsis
1876 2773 1991 2829 apud
2014 2774 2211 2816 eumdem

99 2861 335 2908 auctorem,
360 2860 401 2897 et
430 2855 547 2909 apud
572 2857 748 2896 Petrum
771 2854 1020 2896 Cellensem.
1053 2855 1347 2897 Perseveravit
1366 2854 1436 2896 hic
1467 2853 1642 2896 Ordinis
1665 2855 1789 2908 vigor
1810 2866 1897 2895 non
1928 2852 2056 2895 modo
2079 2853 2132 2896 ad
2152 2853 2208 2896 fi-

100 2947 196 2975 nem
221 2934 363 2976 saecuii
386 2933 654 2986 duodecimi,
681 2933 800 2988 quod
830 2938 944 2988 patet
973 2947 1025 2975 ex
1054 2935 1172 2976 Petri
1198 2934 1407 2976 Biesensis
1427 2933 1604 2988 epistola
1628 2933 1882 2986 octogesima
1905 2931 2110 2985 secunda,
2137 2932 2210 2974 sed

100 3013 226 3054 etiam
253 3013 367 3054 ultra
396 3013 586 3055 medium
617 3013 820 3054 saeculum
847 3012 1062 3055 decimum
1095 3013 1269 3055 tertium
1298 3016 1478 3055 testante
1509 3011 1667 3054 Jacobo
1697 3024 1720 3052 a
1740 3011 1925 3052 Vitriaco
1946 3010 1991 3051 in
2012 3011 2209 3053 Historiae

101 3092 319 3133 orientatis
339 3097 380 3133 et
403 3092 676 3134 occidentalis
700 3093 836 3146 capite
860 3092 1024 3134 decimo
1055 3093 1182 3134 tertio
1206 3107 1214 3133 ε
1244 3111 1260 3126 «
1289 3092 1471 3144 Carnes,
1492 3110 1505 3126 »
1533 3090 1700 3144 inquit,
1724 3108 1739 3123 «
1768 3090 1852 3130 nisi
1880 3090 1925 3130 in
1948 3090 2068 3143 gravi
2088 3089 2209 3130 infir-

110 3188 125 3203 »
143 3170 287 3212 mitate
312 3183 399 3213 non
420 3171 693 3213 manducant..
719 3171 939 3224 Piscibus,
961 3172 1073 3224 ovis,
1096 3171 1224 3224 lacte,
1250 3176 1291 3214 et
1323 3183 1442 3214 caseo
1480 3182 1568 3212 non
1601 3173 1834 3212 vescuntur
1867 3170 2160 3211 communiter.
2188 3188 2202 3202 »

110 3371 115 3376 .
151 3344 157 3361 ¹
180 3345 355 3386 Spicilegii
370 3350 464 3378 tomo
487 3351 540 3387 12,
559 3356 640 3388 pag.
665 3350 734 3379 325.
748 3365 785 3369 —
803 3348 815 3365 ²
834 3347 918 3378 ibid.
938 3355 1017 3387 pag.
1035 3350 1105 3378 322.

2003 3402 2023 3436 lx:

267 3422 358 3445 Tou.
391 3423 418 3444 1.
