2565 3952
69 177 143 217 493

70 269 145 295 non
175 253 278 304 quod
309 253 373 290 ille
408 262 590 299 merctur,
621 253 686 290 sed
718 252 823 302 quod
856 266 915 289 me
945 253 1081 299 dccet;

984 176 1247 211 EPISTOLAE.

1092 251 1142 268 2253

2106 183 2169 219 iai

1157 253 1230 291 Sed
1252 253 1397 289 utinam
1423 255 1481 290 vel
1505 254 1588 304 ipsa
1609 263 1692 290 stet.
1709 255 1810 302 Quid
1829 256 1931 291 enim
1953 256 1982 292 si
2004 271 2080 294 non
2098 262 2172 295 sul'-
2208 293 2225 312 4

69 315 201 355 donari
217 313 352 363 jin-eni
371 313 485 349 etiam
509 326 530 349 a
552 312 661 349 vobis
685 313 783 350 hanc
807 314 958 363 eulpam
993 327 1087 363 rogo
1105 312 1136 345 Α
1157 315 1234 351 licit
1263 313 1362 362 juri,
1385 314 1598 351 dummodo
1630 315 1795 351 sufliciat
1825 317 2004 353 Ecclesiae
2032 319 2172 356 libera-

67 385 104 415 et
130 375 325 426 supplico,
347 386 431 423 quae
456 373 575 422 magis
612 374 814 422 gloriolam
830 403 839 420 ,
861 387 976 423 quam
1007 387 1088 410 ma—

69 437 184 476 litiam
207 434 380 472 redolere
402 434 558 470 videtur
585 449 593 471 :
616 434 668 471 ita
691 442 840 480 tamen,
863 443 904 471 ut
929 448 1085 471 manum

69 498 246 546 deinceps
261 493 432 531 inhibeat
443 508 464 530 a
477 494 693 531 scribendis
712 494 985 541 tractandisve,
999 508 1085 544 quae

69 571 181 609 5upra
209 556 334 606 ipsum
365 568 446 591 csse
476 555 704 591 constiterit.
734 558 830 592 Nun
863 564 904 591 ut
934 554 1082 604 liquido

67 619 153 658 satis
169 623 349 667 apparet,
370 615 409 652 in
428 615 501 653 hoc
523 616 664 665 exiguo
683 616 789 665 quod
810 616 1058 666 praesumpsit
1075 645 1084 663 ,

67 691 163 730 opus
177 684 257 714 erat
273 676 359 713 stilo
374 683 411 711 et
425 676 555 712 animo
571 677 785 713 maturiori.
802 680 960 714 Certum
976 677 1082 713 enim

68 739 114 778 sit
133 737 260 783 vobis,
284 736 478 773 hominem
494 766 503 783 ,
527 737 616 774 licet
636 738 675 773 in
700 736 811 774 brevi
838 738 997 788 pagina,
1018 747 1083 774 aut

70 813 146 838 non
174 797 368 848 scripsisse
397 806 439 834 ut
468 799 610 844 sensit,
640 806 706 835 aut
735 812 813 835 non
849 799 1012 836 sensisse
1040 808 1084 836 ut

71 859 210 899 debuit.

69 1007 205 1020 ...us-mm
207 1008 1083 1019 ========================================================

171 1130 548 1187 EPISTOLA
603 1130 977 1189 CCXXXVJ’

69 1293 114 1317 m
143 1292 325 1317 nomisma
353 1294 472 1316 PAPAM
500 1293 787 1327 COELESTINL‘M,
813 1294 885 1317 pao
916 1294 1082 1318 1NTRuso

430 1354 663 1378 enormem-<51
674 1341 704 1377 *.

69 1477 290 1510 Auctoritatem
309 1475 396 1509 Sedis
413 1477 592 1520 apostolicae
609 1477 759 1511 adversus
778 1478 927 1510 infamem
944 1484 975 1510 et
991 1479 1084 1510 simo·

134 1532 257 1564 niacum
271 1531 480 1564 Eboracensis
495 1533 642 1565 Ecclesiae
659 1534 837 1566 invasorem
850 1534 1009 1576 implorat.

123 1655 154 1693 l.
175 1658 339 1706 Oportet
361 1669 432 1694 vos
457 1657 671 1694 secundum
690 1656 903 1707 justitiam,
927 1670 1013 1707 quae
1035 1670 1078 1694 ex

68 1716 146 1767 lege
163 1726 236 1765 est,
254 1718 438 1755 suscitare
455 1732 587 1756 semen
607 1720 733 1756 {ratris
754 1720 873 1757 vestri
894 1720 1079 1756 defuncti.

69 1770 176 1827 Quod
200 1777 314 1829 digne
343 1779 587 1830 implebitur,
616 1782 647 1817 si
675 1794 785 1831 papae
819 1782 1077 1827 Innocentio,

68 1839 128 1876 cui
150 1839 189 1876 in
217 1840 439 1878 haereditate
470 1842 629 1879 Domini
661 1843 894 1880 successistis
912 1872 921 1889 ,
945 1851 982 1879 et
1010 1842 1079 1879 de—

1155 377 1284 412 tioni?
1308 379 1391 412 Non
1417 390 1621 412 causamur
1652 377 1852 413 sententiae
1879 378 2143 415 remissionem
2164 410 2173 425 ,

1154 450 1240 487 quae
1263 438 1313 473 nil
1340 437 1484 473 nocuit.
1511 440 1644 486 Neque
1662 437 1764 472 enim
1785 437 1931 486 profuit
1954 438 2174 476 adversario

1153 499 1222 535 etsi
1246 499 1386 548 largior
1402 498 1642 547 indulgentia
1658 527 1667 544 ,
1687 498 1751 547 qui
1771 512 1818 534 ne
1837 498 1961 548 ipsum
1984 500 2089 548 quod
2113 501 2173 536 ul-

1153 567 1213 595 tro
1244 558 1533 609 spoponderat,
1566 558 1727 608 implere
1760 559 1976 608 praevaluit.
2002 563 2096 596 Nam
2127 561 2173 597 de

1152 633 1230 669 quo
1252 633 1486 669 praesumere
1502 620 1605 656 visus
1620 628 1696 665 est,
1715 619 1854 656 defecit
1871 620 1928 663 ei,
1948 634 1996 657 ne
2013 620 2083 657 sibi
2102 621 2173 671 ipsi

1154 679 1337 716 deiiceret
1356 679 1546 730 pejerans.
1570 679 1736 728 Quando
1760 679 1863 715 enim
1890 680 1948 716 vir
1971 679 2098 716 bonus
2115 689 2173 716 at-

1153 749 1357 778 testaretur
1378 741 1547 787 homini,
1578 755 1693 790 quem
1727 754 1861 777 rumor
1893 739 2057 790 publicae
2085 741 2173 791 opi—

1152 802 1278 839 nionis
1296 810 1334 838 et
1351 802 1480 852 operis
1507 803 1649 839 veritas
1675 802 1914 838 detestatur?
1934 802 2034 850 Quid
2059 804 2174 851 crgo?

1152 864 1221 900 Ille
1239 877 1317 900 non
1330 862 1498 913 juravit,
1515 872 1553 899 et
1573 863 1642 900 istc
1661 864 1867 913 episcopus
1887 872 1955 900 est.

1209 926 1243 962 2.
1265 928 1296 964 Ο
1313 940 1392 962 rem
1411 925 1628 975 ignorantia
1642 925 1816 962 omnium
1835 925 1989 975 dignam
2004 954 2013 971 ,
2031 934 2068 962 et
2086 939 2175 976 per—

1154 995 1273 1037 petuo
1289 1017 1298 1034 ,
1316 987 1345 1023 si
1368 987 1449 1023 lieri
1466 995 1621 1036 posset,
1648 986 1800 1023 silentio
1820 986 2150 1036 comprimendam
2166 989 2173 1022 1

1154 1053 1296 1086 Verum
1320 1048 1357 1085 id
1379 1062 1477 1085 sero.
1506 1051 1612 1086 Heu!
1633 1057 1746 1085 notus
1770 1057 1826 1084 cst
1847 1046 1932 1084 orbi
1955 1048 2174 1098 triumphus

1105 1107 1132 1141 Β
1150 1109 1306 1146 diaboli.
1326 1108 1480 1159 Ubique
1502 1117 1685 1159 pertonat
1702 1109 1857 1159 plausus
1881 1109 2170 1145 incircumciso—

1151 1183 1235 1206 rum
1261 1178 1297 1206 et
1318 1170 1496 1219 planctus
1522 1169 1715 1206 bonorum
1731 1200 1739 1215 ,
1758 1183 1831 1219 pro
1852 1184 1898 1206 eo
1918 1169 2023 1219 quod
2043 1170 2173 1206 videa-

1153 1238 1214 1266 tur
1230 1230 1456 1280 sapientiam
1475 1230 1607 1266 vicisse
1625 1230 1780 1266 malitia.
1801 1234 2038 1267 Mousti-atur
2052 1231 2171 1280 digito

1152 1291 1282 1327 matris
1319 1291 1497 1327 Ecclesiae
1529 1291 1730 1340 turpitudo
1763 1307 1769 1327 :
1805 1292 1923 1341 patris
1955 1293 2171 1328 Innocentii

1151 1350 1321 1387 verenda
1342 1350 1567 1396 irridentur,
1598 1351 1790 1387 denudata
1810 1366 1831 1387 a
1852 1365 1963 1388 servo
1983 1365 2147 1402 nequam
2165 1381 2173 1396 ‚

1151 1412 1334 1462 quoniam
1364 1421 1559 1449 mortuum
1591 1420 1702 1462 putat
1726 1427 1732 1449 :
1756 1412 1821 1449 sed
1852 1412 1945 1448 vivit
1981 1413 2018 1448 in
2049 1412 2172 1449 vobis.

1151 1473 1189 1509 Si
1207 1473 1238 1510 is
1259 1473 1383 1509 exitus
1405 1472 1644 1517 imminebat,
1660 1487 1728 1510 cur
1743 1487 1761 1510 e
1777 1473 1990 1524 longinquo
2007 1477 2170 1511 Romam

1155 1542 1210 1570 cst
1236 1542 1429 1584 pertracta
1456 1548 1569 1571 causa
1598 1535 1866 1584 spurcissima,
1892 1534 2027 1571 umbra
2054 1535 2172 1584 magis

1153 1602 1191 1631 et
1221 1595 1362 1645 angulo
1399 1595 1543 1644 digna?
1575 1609 1644 1632 cur
1678 1604 1782 1632 tanta
1816 1596 1910 1632 mari
1941 1604 2119 1645 terraque
2152 1611 2172 1632 a

1153 1657 1281 1693 multis
1312 1666 1509 1707 assumpta
1543 1657 1713 1707 fatigatio
1730 1659 1744 1693 9
1763 1671 1831 1694 cur
1854 1671 1875 1693 a
1897 1656 2037 1693 linibus
2062 1665 2172 1693 terrae

1150 1718 1300 1754 evocati
1324 1719 1395 1755 xiri
1422 1718 1612 1768 religiosi,
1636 1719 1701 1768 qui
1726 1732 1813 1754 eum
1847 1726 2100 1763 accusarent,
2131 1727 2169 1755 et

1149 1793 1364 1830 pauperum
1398 1780 1538 1817 Christi
1571 1780 1764 1829 marsupia
1798 1779 1902 1829 longi
1933 1779 2079 1815 itineris
2103 1792 2170 1815 ex-

1148 1841 1277 1890 pensis
1307 1840 1494 1877 exhausta
1515 1842 1632 1876 sunt?
1658 1844 1742 1877 Non
1772 1848 1925 1890 poterat
1956 1839 2171 1889 episcopari

69 1899 216 1938 fenditis
250 1899 350 1938 bene
380 1910 510 1952 gesta,
536 1911 576 1939 et
601 1903 728 1940 minus
753 1903 963 1954 adimpleta
988 1917 1076 1953 per·
1097 1905 1124 1940 C
1147 1903 1269 1953 turpis
1299 1902 1529 1952 infamisque
1558 1916 1725 1952 persona
1756 1901 1883 1953 (quod
1924 1901 2068 1938 invitus
2098 1901 2171 1937 do-

69 1962 185 2000 ficitis.
199 1966 281 2001 Prae
298 1962 476 2000 manibus
491 1964 603 2001 estin
621 1977 700 2014 quo
714 1964 753 2001 id
770 1965 881 2002 liceat
897 1965 1077 2015 experiri.

69 2026 220 2062 Causam
251 2023 506 2062 Eboracensis
534 2026 712 2063 Ecclesiae
748 2040 818 2077 per
846 2040 934 2063 eum
965 2027 1078 2063 fuisse

68 2085 227 2123 decisam
257 2086 344 2136 quis
380 2087 579 2124 neseiat*?
609 2092 658 2124 At
685 2088 885 2137 quomodo
921 2101 1079 2124 exsecu-

24 2159 27 2163 ’
64 2145 159 2184 tioni
179 2147 402 2184 mandatum
427 2148 475 2185 sit
493 2147 599 2197 quod
623 2162 816 2198 egressum
837 2157 893 2185 est
908 2148 954 2185 de
970 2148 1080 2185 labiis

62 2206 160 2244 tanti
187 2207 279 2253 viri,
301 2207 449 2244 utinam
471 2208 697 2245 nesciretur.
729 2208 822 2257 Quis
844 2208 909 2245 det
932 2217 974 2244 ut
1001 2221 1079 2244 non

72 2269 316 2306 annuntietur
334 2269 373 2306 in
393 2269 492 2308 Geth
509 2297 518 2314 ,
547 2281 674 2319 neque
696 2271 734 2306 in
761 2270 941 2320 compitis
962 2275 1082 2307 Asca-

71 2327 162 2366 lonis
174 2336 183 2351 ¹
199 2331 214 2367 ?
231 2330 306 2369 Sed
324 2338 367 2367 ut
395 2329 558 2368 verbum
577 2330 844 2368 abbreviatum
862 2332 997 2368 faciam
1016 2345 1083 2368 au-

70 2387 170 2427 ribus
189 2391 406 2441 occupatis,
435 2391 566 2428 audiat
588 2393 721 2442 paucis
743 2393 923 2430 dominus
949 2406 1078 2437 meus,

70 2450 158 2499 quid
177 2450 320 2489 dictum
350 2452 489 2499 fuerit,
515 2461 554 2489 et
578 2453 673 2503 quid
698 2453 841 2490 sactum
869 2462 1079 2490 teneamus.

69 2512 159 2549 Cum
178 2511 216 2549 in
237 2513 367 2551 multis
384 2522 630 2551 accusaretur
646 2514 678 2551 is
690 2544 699 2561 ,
713 2515 779 2564 qui
795 2512 869 2551 sibi
883 2514 1081 2551 vindicare

71 2571 292 2611 electionem
314 2575 354 2611 in
376 2575 539 2625 praefata
556 2576 726 2613 Ecclesia
742 2576 860 2626 impie
881 2574 1081 2625 cupiebat3

71 2633 217 2672 tandem
234 2636 360 2674 omnis
381 2637 646 2674 controversia
667 2637 715 2674 ad
731 2637 992 2674 testimonium
1010 2636 1083 2673 viri

71 2693 220 2733 illustris
235 2696 460 2745 Willelmib,
474 2698 596 2748 ipsius
616 2698 794 2736 Ecclesiae
816 2706 906 2734 tunc
923 2697 1079 2744 decani,

71 2758 336 2807 conquiescere
358 2758 465 2809 jussa
487 2768 544 2796 est
572 2775 580 2796 :
613 2769 654 2797 ut
683 2760 754 2797 nisi
783 2760 995 2810 capitulum
1016 2760 1079 2795 in-

72 2817 258 2865 trusionis,
273 2820 380 2870 quod
397 2820 486 2858 huic
505 2821 606 2858 inter
623 2830 760 2858 caetera
777 2819 1079 2870 impingebatur,

70 2876 131 2915 ille
158 2881 325 2931 propriae
354 2895 489 2919 manus
503 2881 729 2932 juramento
751 2890 975 2927 amoveret,
1002 2881 1080 2918 suis

41 2953 43 2970 τ
71 2940 224 2978 omnino
252 2942 454 2980 conatibus
484 2951 590 2980 tanta
621 2943 872 2980 frustraretur
904 2941 1078 2979 ambitio.

72 3001 152 3037 Hoc
181 3010 306 3040 autem
327 3016 407 3040 non
427 3016 473 3041 ex
497 3002 647 3053 judicio
661 3031 670 3049 ‚
700 3003 767 3040 sed
791 3017 838 3040 ex
860 3003 1080 3040 misericor-

74 3059 155 3099 dia:
173 3062 225 3100 sic
252 3064 354 3102 enim
379 3074 584 3115 rogaverat
609 3065 704 3116 ipse.
732 3064 936 3102 Mitissima
963 3065 1080 3114 plane

73 3124 252 3161 sententia
272 3139 280 3162 :
302 3126 448 3177 quippe
468 3139 555 3163 cum
581 3126 628 3163 de
646 3126 822 3177 plurimis
848 3134 886 3162 et
906 3125 1080 3175 pessimis

73 3182 297 3232 pulsaretur,
316 3199 401 3236 quae
420 3187 641 3224 nullatenus
663 3187 893 3238 propulsare
912 3185 1078 3223 valebat.

120 3323 130 3338 ¹
146 3319 176 3348 11
191 3321 270 3360 neg.
291 3331 302 3350 1
314 3343 322 3358 ,
344 3323 399 3352 ΞΟ.

1148 1963 1308 2013 lensque
1329 1964 1470 2013 loquor
1484 1963 1515 2014 J,
1542 1963 1614 1999 nisi
1643 1977 1728 2013 quae
1746 1963 1784 1999 in
1806 1964 1872 1999 illo
1892 1961 2075 1999 horrebat
2093 1966 2173 1999 An-

1145 2025 1245 2075 glia,
1276 2026 1438 2063 Francia
1471 2025 1783 2071 abominabatur,
1809 2025 1922 2062 etiam
1954 2029 2079 2062 Roma
2112 2038 2173 2060 co-

1147 2095 1349 2136 gnosceret
1363 2089 1377 2123 ?
1393 2091 1515 2136 Quam
1537 2088 1673 2124 melius
1688 2088 1727 2123 in
1745 2091 1921 2124 Romana
1939 2087 2043 2123 curia
2059 2100 2169 2122 eausa

1147 2146 1230 2197 ejus
1260 2148 1418 2185 minime
1435 2149 1619 2186 ventilata
1650 2149 1801 2192 fuisset,
1828 2157 1866 2184 et
1893 2162 1970 2184 non
1999 2155 2171 2196 tangeret

1150 2209 1210 2245 vel
1229 2222 1335 2245 sacra
1352 2209 1484 2246 limina
1502 2210 1690 2259 generalis
1706 2217 1820 2259 atque
1837 2208 2033 2245 horribilis
2051 2208 2169 2244 fetor!

1151 2273 1274 2317 Quam
1307 2269 1545 2307 tolerabilius
1575 2271 1788 2319 ignorasset
1809 2269 2019 2320 apostolica
2055 2267 2171 2305 Sedes

1152 2339 1227 2368 tam
1252 2331 1493 2368 intolerabile
1516 2332 1680 2377 malum,
1702 2344 1816 2380 quam
1842 2330 1980 2366 tolerat
2009 2329 2169 2365 manife-

1152 2395 1274 2428 stum!
1302 2392 1403 2440 Quid
1434 2392 1535 2428 istud
1561 2391 1784 2428 temeritatis
1810 2391 1905 2427 fuit?
1927 2389 2084 2427 Publice
2110 2390 2170 2425 in—

1150 2453 1330 2498 famatus,
1354 2453 1625 2503 antejudiccm
1640 2461 1840 2489 accusatus
1853 2481 1862 2498 ,
1881 2465 1950 2487 nee
1965 2460 2169 2501 purgatus,

1149 2513 1228 2550 imo
1250 2523 1287 2550 et
1309 2514 1528 2560 convictus,
1546 2523 1583 2550 et
1604 2514 1656 2550 sic
1673 2521 1920 2550 consecratus
1937 2520 2006 2548 est.
2024 2511 2172 2550 Viderit

1150 2575 1215 2624 qui
1240 2574 1329 2611 huic
1351 2589 1508 2612 manum
1534 2584 1624 2625 post
1652 2575 1721 2611 ista
1743 2574 1954 2625 imposuit,
1977 2587 2024 2610 an
2051 2573 2171 2623 magis

1151 2645 1370 2673 exsecratus
1383 2636 1401 2651 *
1415 2636 1542 2673 dicere
1560 2635 1772 2673 debuerim.
1791 2639 1877 2672 'Non
1896 2635 1997 2671 enim
2017 2633 2169 2683 negabit

1101 2701 1132 2735 D
1151 2697 1203 2734 sic
1222 2711 1260 2733 se
1275 2698 1347 2735 ista
1369 2697 1534 2744 habere,
1560 2712 1638 2735 non
1661 2697 1815 2747 negabit
1835 2697 1888 2733 sic
1906 2710 1944 2733 se
1966 2710 2012 2732 ex
2033 2696 2170 2733 litteris

1149 2759 1371 2808 apostolicis
1394 2759 1441 2795 ad
1472 2774 1510 2796 se
1539 2773 1612 2810 pro
1640 2759 1714 2796 hoc
1742 2759 1825 2809 ipso
1855 2757 2007 2794 directis
2034 2757 2167 2794 eadem

1148 2820 1397 2870 comperisse.
1427 2820 1538 2857 Dicat
1574 2821 1672 2857 forte
1699 2819 1855 2868 aliquis,
1890 2818 1979 2868 quia
2010 2831 2090 2854 non
2113 2830 2170 2853 est

1149 2879 1281 2916 datum
1307 2879 1499 2929 judicium
1520 2910 1530 2926 ,
1562 2894 1640 2917 non
1679 2880 1793 2917 fuisse
1828 2880 2062 2916 convictum.
2090 2882 2168 2929 Ego

1149 2940 1236 2977 dico
1257 2949 1294 2977 et
1317 2942 1547 2979 confessum.
1566 2945 1660 2979 Nam
1683 2941 1749 2991 qui
1770 2940 2014 2989 utjudicium
2035 2940 2170 2977 evade-

1148 3009 1231 3047 ret,
1250 3002 1353 3038 ultro
1376 3002 1491 3051 elegit
1517 3002 1564 3039 ad
1592 3002 1855 3039 testimonium
1885 3001 2066 3038 willelmi
2100 3001 2168 3036 de—

1149 3063 1234 3100 cani
1267 3062 1476 3112 confugere
1501 3078 1507 3099 :
1533 3063 1598 3099 illo
1627 3062 1697 3100 sibi
1726 3061 1951 3107 deficiente,
1978 3062 2069 3111 quid
2098 3063 2168 3098 nisi

1142 3123 1291 3173 judicio
1322 3137 1392 3161 suo
1413 3137 1434 3160 a
1455 3138 1567 3160 causa
1595 3123 1763 3170 decidit,
1788 3136 1855 3159 ore
1884 3123 2044 3172 proprio
2072 3136 2166 3158 con—

1148 3184 1376 3222 demnatus?

1213 3323 1226 3337 ’Ἰ
1243 3320 1365 3362 Scripta
1380 3331 1464 3351 anno
1479 3320 1595 3352 Christi
1618 3325 1624 3350 l
1641 3324 1650 3350 l
1666 3322 1715 3350 ⁷13.

117 3362 134 3386 Β
145 3372 326 3406 Vocabatur
337 3374 362 3406 is
378 3374 556 3407 Witlelmus
569 3387 588 3408 a
606 3376 898 3414 Sancta-Barbara,
920 3375 1056 3407 decanus
1073 3374 1209 3407 eeclesiae
1228 3374 1434 3406 Eboraeensis
1449 3399 1456 3413 ,
1476 3380 1583 3416 postea
1601 3374 1766 3416 episc-opu>
1784 3372 2014 3403 Dunclnicnsis.
