2517 3936
0 179 9 192 ”
6 194 126 252 Ι1017

6 398 114 439 '‚nus
138 404 300 441 arguens
326 391 367 427 in
401 393 453 427 Fx
460 390 609 439 angelio
641 390 795 427 illoium
822 400 966 441 tempe}
970 404 1034 427 an-

8 454 137 503 fiam,
156 452 221 501 qui
243 450 485 488 abstinebant
505 459 547 487 ut
568 450 793 487 xiderentui
812 451 1032 487 hominibus

21 512 236 566 J'ejunantes
249 518 274 549 ².
292 516 380 549 Erat
400 512 438 548 in
457 510 542 548 cibo
567 512 817 560 temperantia
831 540 840 556 ‚
866 511 930 548 sed
954 524 1033 547 non

22 573 165 625 justitia
180 572 219 609 in
235 573 363 610 animo
382 572 490 622 :quia
505 584 582 608 non
601 575 682 608 Deo
696 571 866 621 placere,
889 571 953 607 sed
968 571 1033 607 ho-

25 634 187 678 minibus
199 633 463 671 intendebant.
476 632 682 681 Quomodo
700 645 852 669 rursum
866 633 925 668 vel
939 633 1010 668 ista
1020 661 1029 678 ‚

23 684 81 741 uel
92 694 156 731 illa
172 694 253 731 sine
270 693 492 732 fortitudine
505 694 520 728 9
531 706 618 729 cum
637 701 785 729 constet
799 692 1033 729 fortitudinis

25 753 122 802 5513,
145 763 183 791 et
207 768 284 791 non
309 753 534 798 mediocris,
554 751 733 789 cohibere
754 753 851 789 velle
871 761 909 789 et
930 753 1032 789 nolle

24 883 199 919 contenta
218 876 398 912 voluntas
415 873 531 911 modo
547 874 614 910 illo
635 873 784 920 medio,
805 873 931 920 nudo,
954 887 1031 923 pu-

25 948 86 982 m,
113 935 219 981 solo,
249 943 449 972 constante
479 933 569 978 sibi,
591 934 728 984 {equali
761 934 932 984 undique
953 935 1031 981 sui,

24 1002 155 1046 utpote
175 1008 224 1031 ex
239 995 346 1031 omni
362 1003 470 1045 parte
488 994 633 1044 pariter
653 994 898 1040 circumciso,
918 1008 1031 1044 quem

23 1055 143 1105 solum
168 1064 319 1093 constat
338 1068 419 1092 esse
438 1056 604 1092 virtutis.

77 1116 135 1152 11.
165 1115 291 1152 Dicito
322 1115 434 1162 mihi,
465 1129 620 1165 quaeso,
653 1116 683 1152 si
717 1124 846 1167 potes,
879 1116 1032 1153 cuinam

23 1175 262 1227 potissimum
284 1176 399 1213 trium
414 1176 550 1213 harum
573 1176 757 1212 virtutum
778 1176 1032 1213 meditullium

23 1235 93 1278 hoc
111 1236 280 1273 dandum
307 1250 479 1283 censeas,
499 1236 605 1286 quod
629 1237 682 1273 ita
709 1237 855 1274 cunctis
877 1246 1034 1274 conter-

23 1296 166 1338 minum
195 1306 270 1343 est,
293 1306 337 1334 ut
367 1297 543 1334 videatur
567 1310 647 1333 esse
668 1297 870 1346 proprium
899 1298 1034 1347 singu-

23 1357 164 1403 larum?
179 1361 240 1395 An
260 1357 386 1407 ipsum
408 1357 529 1394 virtus
547 1365 621 1402 est,
643 1365 679 1393 et
701 1357 793 1393 nihil
811 1358 938 1394 aliud?
959 1359 1033 1396 Sed

22 1416 73 1457 sic
85 1417 204 1454 virtus
221 1430 301 1453 non
320 1425 418 1453 esset
435 1416 652 1466 multipleX‚
671 1416 738 1452 sed
755 1425 883 1454 essent
899 1431 1033 1455 omnes

23 1489 108 1517 una.
134 1481 195 1515 An
220 1478 369 1529 potius,
402 1477 492 1527 quia
513 1477 594 1514 sine
614 1490 661 1513 eo
686 1477 808 1514 virtus
841 1491 921 1514 non
951 1487 1030 1524 est,

22 1537 192 1576 omnium
227 1537 517 1588 quodammodo
550 1537 684 1574 intima
711 1537 769 1574 vis
800 1551 876 1574 una
910 1547 967 1575 est
995 1547 1032 1575 et

23 1598 186 1636 medulla
203 1599 390 1636 virtutum
402 1627 412 1643 ,
430 1598 470 1635 in
489 1612 566 1648 qua
580 1599 633 1636 sic
651 1598 838 1635 uniuntur
855 1627 864 1644 ‚
885 1607 927 1635 ut
945 1612 1032 1649 pro-

22 1657 134 1695 indea
155 1671 232 1695 una
261 1658 464 1695 videantur
493 1659 657 1695 omnes?
683 1658 898 1708 praesertim
930 1659 1033 1708 quod

23 1731 98 1757 non
111 1718 206 1756 illud
221 1718 487 1770 participando
502 1719 808 1765 communicant,
830 1718 897 1756 sed
911 1727 1032 1756 totum

23 1779 208 1829 asingulis
227 1788 342 1829 atque
355 1779 546 1829 integrum
562 1779 793 1830 possidetur.
808 1779 925 1817 Verbi
940 1794 1031 1818 cau-

23 1899 110 1951 quid
123 1908 231 1937 extra
250 1900 409 1937 modum
427 1901 630 1950 relinquit,
648 1914 728 1938 non
747 1901 861 1951 plane
888 1902 1028 1952 cuique

27 1958 156 1999 tribuit
170 1960 276 2011 quod
293 1974 403 1998 suum
421 1969 477 1998 est
494 1976 502 1998 :
521 1961 626 2012 quod
642 1970 769 1999 tamen
784 1975 895 1999 suum
912 1963 1033 2013 ipsius

23 2029 78 2061 est
92 2021 228 2059 facere.
245 2021 346 2070 Quid
368 2030 443 2059 tam
460 2036 613 2059 rursum
637 2023 899 2073 temperantiae
917 2052 926 2069 ‚
947 2037 1032 2074 quae

23 2094 96 2130 non
112 2082 267 2119 aliunde
282 2083 457 2133 profecto
475 2084 727 2133 temperantia
743 2092 799 2120 est
813 2113 823 2130 ‚
840 2084 912 2120 nisi
926 2083 1032 2134 quod

24 2141 73 2193 nil
103 2142 399 2180 immoderatum
434 2143 630 2180 admittit?
659 2143 753 2190 Sed,
787 2153 903 2194 puto,
939 2145 1034 2181 fate-

24 2201 108 2244 bere
136 2203 250 2241 etiam
281 2217 360 2240 non
394 2204 522 2241 minus
553 2218 633 2241 esse
669 2205 923 2250 fortitudinis,
945 2219 1031 2242 cum

25 2263 80 2307 vel
99 2263 263 2300 maxime
282 2264 364 2314 ipsa
384 2264 453 2311 sit,
474 2278 559 2314 quae
579 2264 627 2301 ab
644 2265 880 2303 irruentibus
901 2266 1002 2303 vitiis
1018 2294 1028 2312 ‚

25 2323 178 2373 etquasi
195 2323 285 2360 hinc
302 2323 392 2361 inde
407 2325 597 2361 suffocare
617 2325 846 2363 conantibus
860 2339 1030 2376 ‚pulum

25 2381 111 2420 fflud
141 2392 321 2434 potenter
357 2385 458 2421 eruit
487 2394 526 2422 et
560 2385 727 2423 vindicat
763 2387 802 2424 in
838 2387 1033 2437 quoddam

25 2441 152 2484 stabile
180 2444 472 2483 fundamentum
496 2446 611 2493 boni,
635 2442 842 2498 sedemque
868 2449 1033 2486 xirtutis.

25 2505 119 2554 Ergo
146 2505 303 2542 modum
336 2515 467 2544 tenere
494 2506 643 2557 justitia
670 2517 746 2555 est,
781 2510 1036 2560 temperantia

25 2571 101 2612 est,
121 2565 308 2603 fortitudo
340 2575 408 2604 est.
438 2567 511 2606 Sed
543 2568 631 2605 vide
666 2582 715 2606 ne
748 2569 788 2606 in
820 2570 893 2606 hoc
928 2569 1036 2607 diffe-

27 2683 246 2723 fortitudine
273 2695 401 2724 autem
423 2688 593 2725 efficacia
612 2688 714 2738 ejus3
737 2703 856 2740 porro
878 2703 1032 2741 posses-

27 2743 80 2785 sio
113 2754 227 2796 atque
252 2761 345 2785 usus
378 2748 482 2799 apud
512 2751 817 2800 temperantiam.
835 2755 967 2789 Restat
987 2760 1031 2789 ut

28 2803 225 2845 doceamus
245 2807 293 2845 ab
309 2809 380 2846 hac
398 2811 672 2847 communione
685 2811 931 2861 prudentiam
950 2826 1029 2849 non

28 2865 181 2905 excludi.
223 2871 360 2906 Nonne
395 2869 478 2920 ipsa
519 2878 599 2917 est,
632 2884 717 2920 quae
752 2871 911 2908 modum
925 2902 934 2920 ,
966 2873 1033 2909 diu

28 2925 136 2964 animi
167 2929 345 2979 neglectu
368 2929 652 2980 posthabitum,
673 2941 710 2969 et
729 2933 912 2970 vitiorum
933 2933 1035 2971 invi-

29 2984 84 3025 dia
112 2988 219 3037 quasi
250 2989 288 3026 in
320 2989 461 3028 abditis
491 2992 707 3038 reclusum,
738 3001 776 3029 et
807 3002 1035 3044 coopertum

29 3047 185 3097 quadam
201 3051 402 3088 vetustatis
421 3052 600 3102 caligine,
621 3053 730 3103 prior
747 3054 891 3104 reperit
914 3063 952 3091 et
967 3055 1035 3092 ad-

17 3108 157 3148 wertit.
149 3111 164 3136 ³
178 3113 385 3161 Propterea
401 3111 487 3149 dico
503 3113 606 3151 tibi:
627 3127 649 3150 a
659 3114 791 3164 paucis
805 3114 1034 3163 advertitur,

18 3158 110 3217 {quia
136 3182 348 3220 paucorum
378 3172 585 3223 prudentia
618 3182 687 3211 est.
723 3178 857 3226 Itaque
887 3174 1036 3225 justitia

75 3305 85 3320 ¹
102 3303 198 3333 Rom.
218 3314 271 3334 x11
287 3328 295 3341 ,
320 3307 352 3336 3.
367 3323 412 3327 --
432 3305 575 3338 humb.
597 3319 652 3346 vx,
677 3311 729 3340 16.

72 3359 86 3376 “
103 3360 188 3393 Alias
202 3385 209 3400 ‚
234 3368 267 3393 ut
276 3362 423 3408 perinde.
438 3384 483 3388 —
501 3358 517 3382 b
530 3366 617 3398 Alias
633 3391 641 3403 ,
663 3379 701 3398 ex
721 3366 837 3399 verbis.

19 3218 24 3265 l

21 3275 24 3292 .

22 3399 27 3555 l

694 196 760 232 DE
791 194 1223 233 CONSIDERATIONE
1251 197 1400 232 LIBER
1429 199 1458 232 Ι.

0 276 80 318 ad
91 271 330 309 soluietatem
346 276 356 291 ¹
374 271 389 307 Ρ
405 269 478 308 Sed
499 278 536 307 et
557 282 577 306 e
594 283 782 308 converso
792 270 925 322 ,quod
947 269 1062 306 tem-⁴

0 306 204 408 {perantiae
221 331 432 369 necessaria
456 329 603 379 justitia
629 331 696 377 sit,
716 333 882 369 ostendit
902 331 1034 368 Domi-
1051 327 1082 361 A
1102 333 1358 382 tempelantia
1387 334 1568 383 possidet.
1587 338 1673 371 Non
1700 336 1791 372 mihi
1819 337 1891 373 hoc
1918 339 2002 376 loco
2030 355 2120 391 pro-

25 808 132 861 s'uum
164 815 264 852 inter
293 814 506 864 angustias,
528 826 665 863 parum
691 821 729 850 et
756 813 890 860 nimis;
911 821 954 850 ut
985 813 1033 850 sit
1081 854 1084 858 ,

27 2632 132 2672 rant,
159 2633 202 2662 ut
223 2624 382 2675 justitiae
412 2627 567 2678 quidem
595 2629 635 2665 in
661 2630 802 2667 affectu
825 2643 884 2667 res
913 2630 982 2677 sit;
1012 2644 1033 2668 a
1051 2631 1085 2665 D

2018 207 2116 243 1018

1071 269 1272 320 ¹⁵·quae1it‚
1295 273 1503 323 piudentia
1529 274 1698 321 invenit,
1719 277 1887 315 xindicat
1909 280 2092 320 fortitudo
2108 313 2118 330 ,

1101 393 1269 442 positum
1302 402 1358 430 est
1387 394 1433 430 de
1464 408 1523 430 xli
1528 394 1671 431 tutibus
1705 395 1924 446 disputare:
1941 400 2006 436 sed
2035 402 2114 439 haec

1102 451 1260 489 dixerim
1288 453 1447 490 11011105
1476 453 1523 490 ad
1547 455 1761 492 vacandum
1791 458 2112 506 considerationi,

1100 511 1209 560 cujus
1230 512 1417 549 beneficio
1439 514 1519 550 haec
1540 522 1577 550 et
1597 515 1734 552 similia
1753 516 2019 556 advertuntur.
2041 522 2109 558 Cui

1101 581 1174 609 tam
1198 574 1283 623 pio,
1309 582 1461 623 tamque
1483 575 1564 611 utili
1593 576 1672 612 otio
1696 577 1838 613 nullam
1859 578 1897 614 in
1919 579 1995 616 vita
2017 593 2111 630 ope-

1101 646 1180 669 ram
1204 633 1317 679 dare,
1343 647 1474 670 nonne
1495 635 1607 671 vitam
1631 636 1794 686 perdere
1814 639 1900 674 est?

1464 753 1642 793 CAPUT
1671 755 1745 793 IX.

1100 876 1249 907 Recentia
1263 876 1449 908 Pontificum
1463 876 1605 919 exempla
1618 877 1769 919 paulatim
1785 879 1966 922 corrigenda
1978 904 1985 918 ‚
2008 887 2112 914 vetera

1523 930 1684 962 imitanda.

1157 1058 1215 1095 12.
1241 1058 1341 1107 Quid
1364 1067 1490 1096 tamen
1506 1090 1515 1106 ‚
1537 1061 1567 1097 si
1596 1069 1631 1099 te
1657 1061 1912 1112 philosophiae
1940 1063 2028 1101 huic
2056 1074 2111 1102 to-

1101 1126 1179 1154 tum
1206 1127 1365 1169 repente
1383 1119 1585 1157 devoveris
1602 1122 1617 1156 Ρ
1635 1121 1938 1161 Praedecessores
1956 1125 2011 1161 tui
2030 1138 2108 1162 non

1100 1179 1150 1215 ita
1174 1181 1482 1217 consueverunt*
1508 1195 1515 1217 ε
1540 1182 1614 1218 eris
1641 1182 1823 1219 molestus
1851 1197 1964 1233 quam
1987 1185 2110 1234 pluri-

1099 1238 1171 1276 bus
1185 1269 1194 1285 ‚
1214 1241 1322 1289 quasi
1343 1241 1408 1291 qui
1428 1254 1447 1277 a
1467 1250 1618 1291 patrum
1641 1242 1808 1292 vestigiis
1831 1243 1956 1281 subito
1978 1245 2109 1282 devia-

1101 1300 1151 1336 ris
1168 1315 1175 1335 :
1199 1313 1337 1350 nempe
1355 1301 1392 1337 id
1414 1300 1606 1338 videberis
1624 1315 1734 1352 agere
1751 1303 1790 1339 in
1809 1305 2111 1353 suggantionem

1099 1360 1270 1397 illorum.
1305 1360 1377 1399 Sed
1402 1370 1439 1397 et
1470 1361 1653 1398 notabere
1686 1363 1836 1412 vulgari
1871 1364 2110 1413 proverbio:

1100 1421 1173 1468 Qui
1204 1420 1278 1457 hoc
1311 1421 1399 1457 facit
1430 1421 1535 1471 quod
1558 1422 1706 1469 nullus,
1732 1423 1920 1461 mirantur
1950 1439 2109 1463 omnes:

1100 1481 1218 1517 veluti
1247 1481 1313 1531 qui
1345 1482 1475 1531 cupias
1507 1481 1752 1519 admirationi
1783 1483 1876 1521 fore.
1903 1488 1980 1522 Nec
2003 1494 2113 1536 potes

1100 1555 1232 1578 eorum
1263 1542 1391 1579 omnia
1415 1542 1526 1579 simul
1549 1552 1587 1580 et
1614 1543 1741 1580 subito
1762 1545 1823 1581 vel
1844 1555 1968 1583 errata
1991 1548 2114 1584 corri-

1102 1616 1209 1651 gere,
1238 1604 1299 1640 vel
1328 1616 1503 1640 excessus
1542 1604 1713 1654 redigere
1745 1605 1784 1641 in
1819 1606 1990 1644 modum.
2029 1608 2112 1645 Erit

1102 1676 1189 1699 cum
1222 1664 1416 1713 acceperis
1448 1672 1620 1714 tempus,
1643 1673 1685 1700 ut
1719 1666 1928 1703 secundum
1958 1667 2110 1717 sapien—

1103 1723 1193 1759 tiam
1219 1723 1286 1760 tibi
1309 1737 1329 1760 a
1351 1727 1432 1760 Deo
1461 1724 1587 1760 datam
1620 1725 1802 1774 paulatim
1833 1735 1870 1762 et
1891 1736 2112 1777 opportune

1100 1784 1137 1820 id
1165 1783 1330 1820 studeas.
1359 1785 1517 1821 Interim
1542 1798 1630 1821 sane
1653 1785 1754 1821 malo
1775 1787 1931 1823 alterius
1948 1795 2055 1824 utere
2073 1789 2113 1824 in

23 1851 82 1886 sa,
96 1839 190 1889 quid
207 1848 281 1876 tam
295 1839 454 1889 justitiae
467 1869 477 1887 ‚
493 1854 609 1890 quam
622 1840 786 1877 modus?
801 1841 984 1891 Alioquin
1001 1841 1031 1878 si
1049 1843 1076 1879 C
1098 1845 1247 1882 bonum
1282 1845 1387 1894 quod
1418 1853 1539 1895 potes.
1573 1849 1801 1895 Quanquam
1839 1847 1869 1883 51
1899 1847 1944 1884 de
1974 1847 2088 1884 bonis
2103 1876 2111 1892 ,

1097 1915 1135 1943 et
1164 1919 1243 1943 non
1276 1905 1322 1942 de
1357 1906 1466 1942 nox-is
1494 1918 1688 1942 sumamus
1718 1907 1916 1957 exempla,
1938 1921 2016 1944 non
2047 1907 2117 1944 de-

1100 1967 1206 2005 fuere
1241 1967 1407 2005 Romani
1440 1967 1665 2016 pontifices,
1701 1967 1765 2017 qui
1802 1967 1874 2004 sibi
1908 1967 1986 2004 otia
2017 1968 2116 2004 inter

1099 2028 1264 2065 maxima
1301 2027 1452 2077 negotia
1486 2027 1714 2064 invenirent.
1738 2026 1895 2065 Obsidio
1935 2027 2045 2075 urbi,
2080 2037 2117 2065 et

1100 2087 1326 2125 barbaricus
1343 2087 1444 2124 ensis
1465 2087 1606 2124 civium
1625 2086 1837 2124 cervicibus
1857 2087 2082 2124 imminebat
2106 2101 2114 2122 :

1101 2148 1291 2199 numquid
1326 2157 1453 2185 tamen
1488 2148 1589 2185 istud
1623 2149 1760 2185 terruit
1792 2147 1946 2185 beatum
1980 2161 2120 2198 papam

1101 2209 1331 2258 Gregorium
1344 2209 1375 2254 *‚
1399 2209 1607 2258 quominus
1630 2209 1853 2259 sapientiam
1875 2207 2058 2246 scriberet
2076 2209 2115 2244 in

1100 2270 1206 2307 otio?
1224 2273 1279 2307 Eo
1306 2282 1445 2319 nempe
1467 2269 1650 2319 temporis
1677 2269 1800 2319 (quod
1817 2282 1862 2305 ex
1885 2268 1967 2318 ejus
1985 2269 2118 2319 praesa—

1103 2331 1209 2367 tione
1224 2328 1242 2352 b
1256 2329 1399 2380 liquet)
1421 2329 1729 2366 obscurissimam
1745 2338 1782 2365 et
1800 2338 2010 2366 extremam
2031 2342 2117 2378 par-

1103 2400 1179 2428 tem
1208 2391 1415 2428 Ezechielis
1439 2400 1515 2428 tam
1544 2390 1759 2440 diligenter,
1786 2403 1899 2440 quam
1925 2390 2118 2439 eleganter

1102 2452 1293 2502 exposuit.

1475 2578 1653 2618 CAPUT
1682 2578 1719 2616 X

1098 2704 1226 2737 Abusus
1250 2703 1493 2740 advocatorum,
1518 2702 1679 2744 judicum,
1705 2705 1964 2743 procuratorum,
1991 2710 2112 2731 eorum-

1312 2769 1373 2800 que
1394 2757 1519 2788 fraudes
1545 2756 1678 2798 graviter
1705 2754 1896 2797 perstringit.

1158 2873 1216 2911 13.
1239 2872 1312 2911 Sed
1349 2879 1429 2908 esto
1453 2869 1573 2907 :alius
1604 2866 1763 2904 inolevit
1788 2878 1894 2911 mos,
1931 2864 2011 2901 dies
2047 2865 2110 2901 alii

1101 2942 1211 2980 sunt,
1233 2942 1271 2969 et
1294 2932 1355 2969 alii
1378 2930 1575 2967 hominum
1598 2939 1723 2964 mores
1741 2934 1780 2962 et
1799 2934 1974 2975 tempora
1999 2925 2106 2974 peri-

1103 2995 1232 3032 culosa
1257 3007 1335 3030 non
1360 2992 1503 3028 instant
1522 2989 1620 3038 jam,
1641 2987 1706 3025 sed
1729 2994 1890 3023 exstant.
1918 2989 2054 3029 Fraus,
2079 2993 2116 3021 et

1102 3053 1399 3098 circumventio,
1419 3060 1455 3088 et
1472 3049 1653 3086 violentia
1673 3047 1869 3084 invaluere
1894 3058 2010 3095 super
2037 3053 2115 3081 ter—

1103 3129 1196 3153 ram.
1217 3113 1518 3153 Calumniatores
1534 3110 1644 3146 multi
1659 3137 1669 3154 ‚
1687 3108 1864 3145 defensor
1881 3119 2007 3151 rarus,
2025 3104 2108 3141 nbi-

1103 3190 1178 3227 que
1210 3174 1446 3226 potentiores
1476 3170 1727 3222 pauperiores
1755 3168 1979 3219 opprimunt
2003 3179 2010 3203 :
2034 3177 2110 3202 non
