2517 3936
111 182 202 218 1461
759 187 904 221 LIBER
934 187 998 221 DE
1027 186 1138 221 VITA
1169 187 1204 220 S.
1238 188 1517 226 MALACHIAE.
2083 203 2183 239 1382

106 259 260 304 citieus,
296 259 440 297 instans
481 260 728 297 nihilominus
763 271 1008 312 opportune,
1044 260 1247 299 iun-‘³⁶⁰sed
1279 265 1405 300 animo
1439 265 1643 315 discipulus
1678 271 1877 309 Mulachiae.
1910 278 1954 311 lit
1988 275 2180 314 benedixit

105 327 284 369 portune.
315 321 602 370 Blasphematus
632 320 880 368 obsecrabat3
911 321 1112 370 injuriatus
1132 320 1160 354 A
1180 323 1265 359 loeo
1302 324 1355 359 illi
1387 325 1574 361 Dominus
1607 337 1764 376 propter
1796 333 2029 370 Malachiam.
2064 340 2108 372 Et
2140 339 2176 374 in

104 379 330 429 opponebat
364 389 511 417 scutum
545 381 760 430 patientia»,
793 390 829 417 et
867 381 1041 418 vincebat
1074 381 1112 417 in

105 439 210 476 bono
226 441 381 478 malum.
401 441 542 489 Quidni
559 441 703 478 vicisset
722 442 1009 478 ?Persereravit
1027 441 1113 491 pul—

104 512 216 545 sans,
248 509 286 537 et
306 501 513 537 secundum
541 501 835 550 promissionem
863 497 1018 537 tandem
1045 501 1113 536 ali—

103 559 261 608 quando
280 560 448 611 pulsanti
480 569 655 610 apertum
676 569 732 597 est
753 568 775 596 ¹.
803 561 1006 608 Quomodo
1036 573 1111 610 po-

105 627 205 656 terat
232 633 310 657 non
336 621 468 670 sequi,
492 621 595 670 quod
620 621 767 657 Veritas
793 621 1115 670 praenuntiaverat

104 682 356 717 secuturum?
389 685 556 718 Dextera
594 681 749 716 Domini
788 681 873 717 fecit
904 681 1112 726 virtutem,

102 740 194 788 quia
220 754 262 777 os
288 741 444 778 Domini
472 741 642 777 locutum
674 749 730 777 est
750 741 961 777 veritatem.
992 741 1115 777 Cessit

106 799 266 845 duritia,
282 801 427 850 quievit
447 799 660 847 barbaries3
680 809 718 837 et
731 801 868 837 domus
881 793 1110 850 exasperans

105 859 287 909 paulatim
315 859 426 896 leniri
455 860 594 910 coepit,
617 860 797 910 paulatim
825 860 1109 910 correptionem

99 918 322 967 admittere,
350 921 520 971 recipere
545 920 796 970 disciplinam.
819 921 934 958 Fiunt
957 921 1002 957 de
1027 933 1110 957 me—

99 976 166 1014 dio
191 976 400 1016 barbaricae
426 979 527 1028 leges
543 1007 552 1024 ,
576 982 757 1016 Romanae
785 979 1108 1026 introducuntur;

1178 381 1285 419 brevi
1308 384 1427 421 factus
1444 393 1498 421 est
1518 399 1675 433 magnus
1700 388 1811 426 rebus
1827 419 1835 435 ‚
1859 396 2176 443 possessionilms,

1179 449 1217 478 et
1248 444 1434 492 personis.
1458 443 1534 481 Ubi
1561 446 1665 481 velut
1693 446 1738 482 de
1768 462 1867 485 novo
1890 452 2068 491 inchoans
2085 485 2093 499 ‚
2122 457 2177 493 le-

1179 515 1262 550 gem
1301 510 1338 538 et
1375 503 1609 553 disciplinam
1627 534 1636 550 ‚
1670 519 1782 555 quam
1823 510 1901 545 aliis
1933 512 2177 562 imponebat,

1181 562 1297 611 magis
1317 562 1397 612 ipse
1418 564 1594 613 portabat
1612 566 1813 616 episcopus
1836 578 1873 604 et
1890 572 2072 619 magister.
2096 578 2178 623 lpse

1182 621 1220 657 in
1243 622 1377 659 ordine
1405 624 1496 660 vicis
1516 638 1615 669 sure,
1639 627 1810 675 coquina:
1835 629 2042 666 ministerio
2063 632 2180 669 inser-

1181 680 1310 719 viebat
1332 697 1339 718 :
1360 683 1440 732 ipse
1461 684 1661 731 fratribus,
1681 700 1766 723 cum
1793 689 2058 726 recumberent
2076 720 2085 735 ,
2110 694 2180 728 mi—

1183 740 1377 778 nistrabat.
1397 746 1501 780 Inter
1521 746 1765 783 succedentes
1783 747 1852 784 sibi
1867 749 2028 786 invicem
2051 752 2182 789 fratres

1181 801 1227 837 ad
1252 803 1481 840 cantandum
1498 833 1507 849 ,
1526 805 1774 853 legendumve
1796 808 1833 844 in
1850 810 2003 846 eeclesia
2018 840 2026 856 ‚
2052 824 2126 847 non
2145 826 2182 849 se

1176 863 1361 911 praeteriri
1389 865 1627 913 patiebatur,
1662 876 1814 904 strenue
1838 869 1999 919 implens
2031 880 2067 907 ct
2100 872 2179 922 ipse

1176 922 1342 958 officium
1359 924 1443 960 loeo
1459 938 1546 972 suo,
1565 935 1742 976 tanquam
1759 942 1854 965 unus
1870 944 1914 965 ex
1936 930 2018 967 illis.
2035 934 2178 969 Sanctse

1176 982 1409 1030 paupertatis
1431 997 1507 1020 uon
1526 986 1639 1035 modo
1656 988 1878 1037 participem
1899 1017 1907 1033 ,
1931 989 1996 1025 sed
2017 999 2053 1026 et
2073 992 2179 1041 prin-

100 1038 341 1088 recipiuntur
360 1038 502 1089 ubique
519 1040 780 1077 ecclesiasticae
798 1039 1107 1086 consuetudines,
1128 1042 1155 1076 B
1176 1040 1297 1090 cipem
1339 1056 1377 1079 se
1416 1044 1616 1082 exhibebat
1634 1075 1642 1091 ,
1679 1047 1794 1096 ipsius
1831 1048 2022 1097 principue
2064 1064 2178 1100 super

99 1100 302 1136 contrariae
333 1099 582 1149 rejiciuntur;
609 1099 889 1137 reaedificantur
923 1099 1111 1147 basilicae,

99 1159 302 1197 ordinatur
329 1160 454 1197 clerus
482 1161 522 1197 in
554 1159 640 1196 illis.
668 1163 1003 1198 Sacramentorum
1040 1161 1111 1197 rite

99 1219 285 1256 solemnia
311 1219 555 1256 celebrantur
572 1248 582 1265 ‚
619 1221 876 1257 confessiones
903 1221 1026 1266 fiunt,
1062 1220 1110 1257 ad

98 1279 295 1316 ecclesiam
318 1280 556 1322 conveniunt
568 1279 721 1330 plebes,
740 1280 1018 1318 concubinatus
1039 1281 1111 1317 lio-

99 1347 224 1376 nestat
241 1338 441 1377 celebritas
464 1341 685 1390 nuptiarum
702 1355 712 1387 ;
730 1349 927 1390 postremo
949 1341 1001 1378 sic
1022 1354 1109 1377 mu-

99 1408 176 1436 tata
203 1399 243 1436 in
273 1400 408 1437 melius
436 1401 587 1447 omnia3
608 1409 650 1438 ut
669 1401 782 1438 hodie
810 1401 864 1437 illi
892 1401 995 1451 genti
1016 1414 1113 1437 con-

98 1461 246 1508 veniat,
262 1461 366 1511 quod
381 1462 569 1499 Dominus
582 1475 651 1512 per
664 1463 893 1512 prophetam
908 1462 1018 1508 dicit,
1037 1464 1112 1509 Qui

99 1529 189 1556 auce
202 1535 278 1557 non
292 1524 461 1571 populas
474 1536 588 1566 meus,
608 1536 704 1558 nunc
720 1526 884 1572 populas
901 1536 1003 1558 meus
1021 1529 1047 1559 ².

465 1656 643 1696 CAPUT
673 1657 745 1696 IX.

295 1774 526 1806 Monasterium
548 1773 715 1805 Ibracense
738 1772 903 1805 construit.

155 1888 216 1925 18.
248 1887 416 1938 Contigit
435 1895 523 1938 post
541 1887 828 1936 annosealiquot
849 1885 994 1923 destrui
1017 1885 1111 1922 civi-

98 1956 213 1986 tatem
241 1961 263 1985 a
283 1961 371 1998 rege
395 1947 627 1998 aquilonaris
649 1946 767 1997 partis
787 1945 1000 1991 Hiberniae,
1024 1945 1113 1994 quia

96 2007 145 2045 ab
167 2008 346 2058 aquilone
365 2007 549 2058 panditur
578 2019 692 2044 omne
726 2006 869 2042 malum
885 2004 911 2040 3.
945 2009 991 2042 Et
1015 2006 1112 2042 forte

98 2069 242 2105 malum
266 2068 363 2105 illud
389 2067 486 2105 bene
506 2066 703 2104 utentibus
733 2066 878 2103 bonum
904 2067 986 2103 fuit.
1019 2066 1112 2114 Quis

99 2128 169 2165 scit
201 2129 327 2175 enim,
352 2128 382 2165 si
418 2129 483 2165 tali
516 2128 665 2178 flagello
694 2131 798 2164 Deus
833 2126 960 2163 delere
988 2127 1112 2163 voluit

99 2188 198 2224 mala
217 2188 374 2238 antiqua
400 2188 535 2238 populi
559 2187 645 2224 sui?
665 2186 887 2223 Istiusmodi
906 2187 1111 2223 Malachias

97 2249 323 2286 necessitate
341 2249 586 2299 compulsus,
615 2256 652 2284 et
681 2248 762 2297 ipse
783 2247 874 2283 exiit
892 2260 977 2283 cum
1000 2246 1111 2283 turba

98 2309 375 2360 discipulorum
403 2322 573 2346 suorum.
594 2312 671 2346 Nec
693 2308 837 2344 otiosus
863 2307 986 2344 exitus
1015 2306 1108 2356 ejus.

98 2373 180 2407 Hac
196 2370 396 2407 occasione
415 2369 689 2406 monasterium
710 2367 910 2405 Ibracense
932 2376 1111 2404 constru—

98 2437 200 2466 ctum
221 2438 278 2467 est
294 2459 304 2476 ,
331 2437 446 2466 eunte
463 2429 528 2466 illo
542 2429 727 2466 Malaehia
744 2442 830 2465 cum
856 2428 931 2465 suis
950 2441 1111 2464 numero

98 2498 252 2528 centum
276 2490 458 2540 trigintaa
479 2489 672 2526 fratribus
694 2488 752 2526 Ibi
771 2489 940 2526 occurrit
968 2489 1001 2525 ei
1016 2491 1112 2526 Cor-

99 2563 249 2587 marcus
273 2563 352 2587 rex.
382 2554 469 2601 Ipse
505 2558 561 2587 est
589 2550 655 2599 qui
689 2550 778 2586 olim
804 2562 922 2599 regno
952 2549 1109 2599 pulsus,

1180 1114 1312 1138 omnes
1336 1102 1592 1142 abundantius
1612 1108 1809 1144 aemulator
1833 1109 2007 1145 existens.

1546 1238 1682 1277 CAPIj
1688 1240 1722 1277 T
1750 1241 1802 1278 X.

1320 1351 1367 1382 Fit
1389 1352 1636 1395 archiepiscopus
1654 1365 1707 1385 seu
1730 1355 1844 1397 primas
1865 1355 2034 1388 Hibernia:-

1238 1462 1294 1499 19.
1317 1467 1414 1500 Dum
1437 1465 1515 1501 hzec
1541 1465 1591 1501 ita
1609 1475 1792 1515 aguntur,
1814 1469 1971 1518 contigit
1994 1469 2173 1507 infirmari

1179 1523 1505 1576 archiepiscopum
1534 1528 1680 1564 Celsum
1702 1543 1709 1564 :
1731 1537 1766 1564 et
1788 1529 1866 1579 ipse
1889 1539 1945 1567 est
1969 1532 2031 1580 qui
2055 1532 2172 1568 Mala-

1178 1583 1301 1619 chiam
1320 1585 1357 1620 in
1379 1585 1599 1633 diaconem,
1621 1588 1884 1637 presbyterum
1898 1619 1906 1635 ,
1930 1591 2171 1640 episcopum—

1175 1657 1249 1693 que
1270 1645 1462 1683 ordinavit
1484 1662 1491 1683 :
1519 1656 1555 1684 et
1577 1661 1806 1697 cognoscens
1827 1651 1914 1699 quia
1935 1660 2148 1688 moreretur
2162 1681 2171 1697 ,

1177 1704 1264 1740 fecit
1279 1707 1384 1756 quasi
1401 1715 1678 1754 testamentum,
1694 1717 1878 1758 quatenus
1895 1711 2094 1748 Malaehias
2109 1711 2175 1747 de-

1175 1761 1283 1801 beret
1303 1766 1502 1803 succedere
1529 1766 1618 1812 sibi,
1641 1769 1743 1817 quod
1763 1770 1885 1806 nullus
1905 1771 1998 1806 alius
2024 1771 2173 1807 videre-

1126 1820 1153 1854 C
1176 1831 1238 1860 tur
1263 1824 1436 1874 dignior,
1460 1827 1524 1875 qui
1552 1827 1835 1877 episcoparetur
1864 1829 1900 1865 in
1927 1830 2013 1866 sede
2041 1831 2174 1879 prima.

1179 1887 1263 1921 Hoc
1278 1885 1530 1935 praesentibus
1547 1887 1695 1932 indixit,
1711 1888 1782 1924 hoc
1799 1889 1992 1925 mandavit
2011 1889 2177 1926 absenti-

1178 1944 1263 1992 bus,
1275 1946 1347 1983 hoc
1361 1947 1574 1997 specialiter
1587 1947 1772 1985 ambobus
1786 1949 1990 1985 Mumoniae
2012 1949 2173 1999 regibus,

1179 2014 1216 2041 et
1243 2005 1451 2055 majoribus
1479 2015 1605 2052 terme,
1632 2008 1751 2044 sancti
1779 2008 1929 2045 Patricii
1953 2009 2175 2044 auctoritate

1180 2066 1374 2116 praecepit.
1411 2065 1528 2115 Cujus
1564 2067 1774 2103 reverentia
1809 2076 1846 2103 et
1884 2068 2052 2113 honore,
2089 2076 2175 2104 tan-

1179 2139 1293 2175 quam
1320 2127 1484 2176 apostoli
1504 2126 1602 2162 illius
1623 2127 1761 2175 gentis,
1791 2127 1854 2176 qui
1878 2136 1990 2163 totam
2014 2128 2173 2177 patriam

1177 2187 1430 2223 convertisset
1466 2186 1511 2223 ad
1546 2186 1678 2231 fidem,
1714 2187 1819 2223 sedes
1847 2188 1932 2234 illa,
1959 2188 1996 2223 in
2032 2201 2106 2236 qua
2137 2196 2174 2224 et

1176 2247 1310 2284 vivens
1332 2248 1483 2297 praefuit
1500 2276 1508 2292 ,
1526 2255 1563 2283 et
1583 2255 1754 2283 mortuus
1775 2248 1995 2296 requiescit,
2013 2248 2050 2283 in
2069 2255 2171 2284 tanta

1177 2307 1224 2344 ab
1249 2307 1358 2343 initio
1383 2308 1528 2344 eunctis
1549 2307 1793 2343 veneratione
1820 2307 2000 2353 habetur,
2029 2316 2070 2343 ut
2092 2320 2168 2343 non

1179 2367 1294 2404 modo
1321 2368 1513 2418 episcopi,
1540 2375 1576 2403 et
1602 2367 1836 2412 sacerdotes,
1860 2375 1896 2403 et
1916 2368 1980 2416 qui
2001 2366 2046 2403 de
2069 2367 2170 2403 clero

1179 2436 1285 2474 sunt,
1303 2428 1368 2464 sed
1384 2428 1494 2464 etiam
1510 2440 1637 2476 regum
1656 2440 1697 2462 ac
1713 2426 1927 2476 principum
1949 2426 2172 2463 universitas

1179 2488 1350 2538 subjecta
1370 2489 1416 2525 sit
1437 2487 1732 2537 metropolitano
1750 2487 1787 2523 in
1810 2487 1913 2521 omni
1934 2485 2167 2531 obedientia,

1179 2557 1215 2585 et
1235 2562 1332 2585 unus
1349 2549 1428 2597 ipse
1445 2546 1621 2584 omnibus
1642 2547 1779 2596 praesit.
1802 2549 1940 2582 Verum
1958 2558 2038 2582 mos
2058 2545 2172 2594 pessi-

99 2610 170 2647 sub
191 2624 283 2648 cura
301 2611 496 2648 Malachiae
516 2610 562 2647 de
588 2609 848 2646 misericordia
870 2609 940 2646 Dei
969 2621 1108 2645 conso-
1125 2611 1158 2645 D
1176 2622 1260 2645 mus
1273 2609 1482 2644 inoleverat
1495 2605 1745 2656 quorumdam
1764 2604 1947 2640 diabolica
1967 2603 2171 2640 ambitione

100 2671 284 2708 lationem
316 2671 473 2721 accepit.
499 2674 545 2707 Et
576 2670 683 2707 locus
714 2670 775 2706 ille
796 2670 889 2706 situs
918 2669 957 2705 in
992 2681 1110 2718 regno

101 2730 197 2780 ejus.
234 2731 397 2770 Gavisus
435 2739 493 2768 est
526 2734 609 2768 Rex
646 2730 728 2767 viso
766 2729 973 2775 Malachia‚
1000 2742 1038 2765 se
1073 2736 1111 2766 et

100 2792 231 2829 omnia
261 2805 330 2829 sua
360 2804 558 2842 exponens
593 2791 649 2837 ei,
685 2799 723 2828 et
752 2790 810 2826 his
845 2790 910 2839 qui
948 2803 1035 2826 cum
1065 2802 1110 2825 eo

100 2861 230 2901 erant,
250 2861 385 2905 utpote
406 2866 485 2889 non
515 2853 686 2902 ingratus
713 2865 784 2888 nec
811 2851 1015 2888 immemor
1038 2849 1108 2887 be-

102 2915 241 2952 neficii.
261 2913 436 2951 Adducta
456 2913 708 2950 incontinenti
728 2912 907 2949 animalia
927 2913 1045 2949 multa
1062 2913 1109 2950 ad

99 2987 190 3012 usus
203 2975 361 3011 fratrum
377 3003 387 3021 ,
407 2974 527 3010 multa
543 2973 701 3023 insuper
725 2973 764 3009 in
785 2986 880 3009 auro
897 2981 934 3009 et
952 2981 1109 3022 argento

99 3033 148 3071 ad
167 3042 342 3084 sumptus
367 3033 615 3070 aedificiorum
647 3046 719 3083 pro
750 3032 853 3082 regia
882 3032 1108 3069 liberalitate

101 3095 250 3132 collata.
271 3098 358 3144 Ipse
378 3107 533 3144 quoque
553 3102 635 3131 erat
652 3094 800 3130 intrans
820 3101 858 3130 et
874 3093 1004 3129 exiens
1023 3106 1108 3129 cum

101 3155 155 3193 eis
179 3155 335 3193 sedulus
366 3163 404 3192 et
424 3155 618 3192 officiosus
634 3184 644 3202 ,
672 3153 805 3191 habitu
837 3153 992 3203 quidem
1014 3166 1079 3189 rex
1095 3180 1105 3197 ,

152 3289 162 3305 ¹
181 3287 256 3315 Luc.
273 3294 325 3318 x1.
346 3288 378 3316 9.
395 3302 440 3306 —
457 3290 469 3306 ²
487 3287 568 3316 Osee
594 3296 640 3323 11,
667 3287 721 3314 24.
740 3301 783 3305 —
801 3281 813 3305 3
828 3285 945 3314 Jerem.
972 3294 981 3311 1
998 3307 1006 3321 ‚
1028 3285 1076 3313 14.

149 3350 162 3365 ³
184 3343 289 3384 Alias,
317 3342 444 3386 ·i=iginII.

1177 2678 1378 2721 potentum
1391 2698 1400 2715 ,
1424 2668 1549 2705 sedem
1579 2674 1742 2703 sanctam
1763 2664 1961 2701 obtentum
1981 2664 2027 2700 iri
2047 2663 2168 2700 haere-

1178 2730 1312 2766 ditaria
1335 2728 1583 2765 successione.
1606 2729 1680 2762 Nec
1701 2725 1799 2761 enim
1823 2723 2064 2774 patiebantur
2085 2724 2169 2773 epi-

1178 2789 1325 2840 scopari
1343 2818 1352 2835 ,
1371 2788 1441 2825 nisi
1462 2787 1526 2836 qui
1550 2794 1673 2822 essent
1694 2785 1739 2820 de
1760 2784 1861 2820 tribu
1877 2792 1914 2820 et
1935 2784 2073 2820 familia
2089 2797 2167 2820 sua.

1177 2855 1254 2888 Nec
1284 2862 1418 2900 parum
1446 2853 1682 2897 processerat
1707 2844 1935 2881 exsecranda
1959 2843 2143 2880 successio
2160 2870 2169 2887 ,

1177 2910 1344 2949 decursis
1357 2908 1434 2958 jam
1451 2908 1486 2943 in
1503 2907 1571 2943 hac
1588 2905 1727 2942 malitia
1742 2905 1848 2954 quasi
1864 2903 2171 2954 generationibus

1176 2970 1405 3021 quindecim.
1424 2971 1469 3004 Et
1488 2979 1656 3015 eousque
1682 2966 1898 3001 firmaverat
1918 2963 2063 3012 sibijus
2080 2976 2170 3013 pra-

1176 3045 1289 3076 vum,
1320 3030 1396 3065 imo
1422 3027 1527 3064 omni
1557 3033 1678 3062 morte
1704 3024 1937 3075 puniendam
1965 3023 2139 3072 injuriam
2156 3051 2166 3068 ,

1175 3090 1369 3141 generatio
1392 3088 1490 3124 mala
1517 3095 1554 3122 et
1582 3085 1774 3130 adultera,
1809 3093 1851 3121 ut
1883 3084 1950 3120 etsi
1981 3082 2169 3118 interdum

1176 3150 1400 3189 defecissent
1416 3146 1543 3184 clerici
1557 3146 1603 3183 de
1621 3146 1802 3195 sanguine
1818 3145 1883 3180 illo
1896 3173 1905 3190 ,
1923 3142 1985 3179 sed
2003 3141 2167 3191 episcopi
