2565 3952
48 107 124 145 {309

970 98 1234 133 EPISTOLAE.

2075 96 2152 130 (ilo

47 219 49 221 .
96 185 210 223 frater
224 185 446 219 Banasam-s
458 177 716 217 Clarae-Vallis
739 183 898 213 vocatus
917 174 1116 219 at›bas‚²⁰⁸
1129 174 1280 224 posuit,
1312 172 1627 223 propinquorum
1660 171 1895 208 renuntiavit
1929 172 2147 214 uffa-tilius,

94 245 250 284 salutern
268 250 306 279 et
323 240 527 278 orationes.

95 363 277 415 Praecipio
299 361 391 407 tibi,
413 362 530 398 frater
548 358 726 405 Henrice,
741 365 783 394 ut
797 357 825 393 si
848 356 885 392 in
908 364 943 392 tc
965 367 1059 391 con-

55 425 186 466 aenerit
201 423 336 462 electio
359 422 517 458 fratrum
539 427 763 456 nostrorum
787 416 833 453 de
850 414 1056 461 Fontibus,

56 502 127 528 :um
149 484 308 524 consilio
328 481 560 519 venerabilis
581 479 731 517 abbatis
754 477 958 523 Rievallis,
978 489 1057 513 non

56 550 194 592 etates,
213 545 279 583 sed
300 543 457 581 obedias
474 543 513 579 in
542 541 737 579 charitate.
759 538 875 589 Quod
899 536 1056 587 quidem

60 609 181 649 nvitus
205 606 316 651 saciO,
341 604 463 642 sciens
491 615 674 654 magnum
699 601 793 638 mihi
817 614 864 638 ex
893 608 957 636 tua
986 598 1057 635 ab·-

56 670 162 709 ;entia
185 667 361 705 solatium
395 665 572 716 deperire
601 679 609 701 :
639 664 707 701 sed
734 660 1059 700 convenientibus

57 733 97 772 {is
133 727 394 768 contradicere
441 727 556 764 timeo
570 756 579 774 ,
620 725 780 763 credens
816 739 837 761 a
888 723 1058 760 Domino

57 792 175 832 exiisse
202 801 419 828 sermonem
448 788 579 833 istum,
604 787 645 825 in
663 800 741 837 quo
765 794 820 822 tot
840 784 1059 834 Religioso—

58 866 129 892 *um
150 859 238 889 vota
267 848 528 895 concordant,
566 861 653 885 cum
681 847 838 898 legerim
861 846 900 883 in
931 849 1059 883 Evan—

57 914 154 966 gelio,
174 911 405 960 Ubicumque
418 912 491 946 deco
511 912 578 946 vel
591 919 664 946 tres
681 911 897 958 congregati
909 905 1061 954 fuerint

1077 235 1104 269 A
1127 243 1284 284 paratos
1331 233 1555 269 divitiarum
1600 232 1758 281 laqueos
1797 232 2022 275 transilivit,
2061 234 2148 281 quia

1122 303 1334 346 pennatum
1352 294 1491 330 animal
1509 301 1601 329 erat.
1626 292 1740 329 t‘nde
1760 291 1828 328 tibi
1847 292 1926 328 haec
1948 292 2148 342 sapientia,

1128 356 1208 392 fili?
1230 359 1360 404 yNeque
1383 354 1485 390 enim
1511 362 1652 390 tantam
1679 352 1897 388 invenimus
1924 352 1960 387 in
1992 351 2148 388 senibus

1128 415 1346 465 Babylonis.
1368 414 1446 464 Ipsi
1468 422 1558 451 sunt
1580 413 1645 463 qui
1662 411 1773 461 juxta
1794 412 2025 462 Apostolum
2040 440 2049 457 ,
2071 413 2148 448 imo

1126 485 1261 514 contra
1277 506 1286 524 ,
1309 476 1446 513 divites
1476 475 1558 511 fieri
1581 475 1720 510 volunt
1746 473 1783 509 in
1817 473 1891 510 hoc
1914 473 2077 519 saeculo,
2108 481 2152 509 ut

1124 538 1297 575 incidant
1317 538 1355 575 in
1379 536 1652 581 tentationem,
1683 544 1721 572 ct
1749 535 1930 585 laqueum
1959 533 2103 570 diaboli
2123 540 2149 569 ⁷.

1124 599 1300 649 Hugonis
1326 598 1447 635 nostri
1469 597 1655 648 sapientia
1679 609 1757 633 non
1785 596 1831 632 de
1854 604 1955 632 terra
1983 603 2040 632 est
2055 624 2064 642 ,
2086 594 2152 631 sed

1126 660 1173 697 de
1192 661 1303 697 coelo.
1322 659 1520 697 Confiteor
1542 657 1623 704 tibi,
1642 661 1768 704 Pater,
1801 656 1890 706 quia
1918 655 2153 693 abscondisti

1127 723 1207 759 haec
1243 735 1264 758 a
1291 720 1554 772 sapientibus,
1594 728 1631 757 et
1672 719 1838 770 parvulo
1870 717 2060 755 revelasti.
2094 721 2149 754 Tu

1127 797 1305 834 quoque,
1324 783 1376 820 [ili
1393 812 1402 828 ,
1426 796 1474 819 ne
1501 782 1550 819 sis
1574 781 1748 831 ingratus
1770 778 1963 815 beneficio
1981 777 2151 816 Redem-

1126 844 1264 895 ptoris,
1283 843 1349 882 sed
1366 857 1469 894 pone
1487 843 1658 880 animum
1675 841 1878 892 puerilem,
1895 840 2013 890 magis
2025 847 2155 876 autem

1127 906 1314 956 parvulus
1343 913 1425 942 esto
1457 904 1623 950 malitia,
1658 902 1724 939 sed
1759 915 1839 938 non
1869 913 1983 938 sensu
2013 898 2038 937 3.
2068 903 2155 936 Non

58 981 87 1013 ‘n
105 978 254 1012 nomine
271 986 367 1018 mea,
391 976 429 1009 in
451 974 577 1009 medio
594 985 724 1008 eoram
747 984 813 1020 ego
830 983 910 1006 sum
934 976 958 1006 ¹.
981 974 1061 1019 Age
1081 971 1110 1007 Β
1132 975 1284 1003 aetatem
1306 974 1478 1002 teneram
1501 964 1657 1004 Ordinis
1678 963 1863 1013 asperitas
1893 969 2046 998 terreat.
2068 963 2154 997 Me-

58 1048 148 1087 3rgo,
162 1033 394 1080 charissime,
411 1042 450 1071 et
469 1033 619 1084 suscipe
634 1032 895 1083 professiones
909 1043 1060 1077 eorum,

58 1105 85 1134 aet
117 1095 164 1134 de
200 1103 340 1132 caetero
378 1107 509 1132 curam
543 1107 678 1131 eorum
716 1091 834 1137 habe,
879 1100 1061 1142 tanquam

58 1165 173 1210 pastor
202 1156 417 1194 animarum
448 1169 597 1193 eorum.
637 1158 715 1192 Nec
752 1154 885 1191 timeas
916 1166 989 1203 pro
1017 1165 1062 1189 ea

58 1219 178 1265 lomo,
195 1231 312 1268 quam
340 1217 549 1268 regendam
573 1229 808 1266 susceperas
833 1218 914 1264 Ego
932 1214 1034 1250 enim
1051 1242 1060 1260 ‚

58 1284 127 1318 Deo
161 1279 344 1326 volente,
386 1278 523 1316 utilem
568 1277 603 1314 ei
636 1274 856 1327 providebo
905 1275 1063 1324 dispen-

58 1349 230 1387 satorem3
262 1339 328 1377 illa
362 1352 530 1389 namque
555 1337 649 1375 mihi
680 1335 847 1373 vicinior
883 1343 952 1372 est.
991 1334 1065 1371 Sed

58 1415 169 1453 neque
191 1414 265 1452 pro
285 1401 470 1452 episcopo
487 1406 502 1422 ³
525 1398 678 1436 dubites
709 1397 868 1435 obedire
904 1412 912 1434 z
949 1408 1067 1446 super

58 1477 109 1502 me
122 1462 213 1502 illud
230 1462 392 1500 dimitte.

59 1611 343 1624 www==w=x=mwm===
348 1611 374 1621 vt
379 1609 622 1621 ῑννυιςινινιιινυνι
627 1609 742 1619 νειηυιῑι
748 1607 1065 1618 xz=1ttv=v=v==mxmtsxwx=

143 1742 527 1801 ErisTOLA
600 1718 975 1798 ρας-ΠΗ)

80 1896 124 1920 m
150 1895 336 1920 nuoomffl
365 1894 562 1918 NOVITIUM
579 1909 589 1927 ,
622 1892 755 1917 posrm
787 1891 1042 1916 noxe-vuus

445 1954 613 1979 ABBATEM
643 1948 668 1978 ⁰.

61 2066 170 2101 Laudat
181 2068 252 2100 vitae
270 2068 423 2111 religiosae
439 2068 638 2111 propositum
650 2092 657 2105 ‚
674 2067 906 2110 prcemunitque
926 2078 998 2098 eum
1013 2067 1067 2098 ad-

104 2134 205 2157 versus
227 2123 434 2163 tentationes,
463 2129 493 2154 et
517 2122 557 2154 ad
572 2122 781 2154 constantiam
803 2132 838 2152 ac
864 2132 1067 2164 perseveran-

100 2179 171 2211 tiam
186 2179 311 2210 excitat.

62 2305 279 2345 charissimo
297 2305 336 2342 in
352 2304 504 2343 Christo
526 2303 605 2341 filio
629 2306 806 2349 Hucom,
829 2316 942 2341 novae
964 2317 1073 2341 crea-

110 2374 201 2404 turae
234 2366 274 2403 in
307 2365 487 2412 Christo,
523 2365 639 2402 frater
670 2368 896 2402 BERNARDI'S
932 2365 1074 2403 Clarae—

56 2447 58 2450 ·
109 2427 220 2467 Vallis
234 2435 394 2464 vocatus
414 2425 551 2472 abbas,
578 2424 786 2463 confortari
808 2425 843 2461 in
865 2426 1045 2463 Domino.

1129 1037 1260 1065 mento
1288 1027 1394 1078 quod
1429 1027 1604 1078 asperior
1622 1025 1788 1063 carduus
1808 1023 1825 1047 ἃ
1846 1037 2017 1074 pannum
2046 1023 2152 1059 saciat

1129 1089 1316 1126 leniorem
1338 1117 1347 1135 ,
1393 1088 1635 1126 conversatio
1686 1085 1974 1123 conscientiam.
2021 1083 2157 1121 Aderit

1129 1150 1269 1189 Christi
1299 1150 1468 1187 suavitas
1483 1179 1492 1196 ,
1510 1158 1548 1186 et
1568 1148 1770 1199 prophetae
1794 1146 1958 1183 farinula
1973 1146 2158 1195 pulmen-

1130 1221 1210 1248 tum
1247 1210 1530 1248 incomestibile
1566 1209 1772 1247 condietur
1790 1208 1816 1243 4.
1841 1208 1877 1245 Si
1901 1207 2157 1243 tentationum

1131 1273 1249 1310 sentis
1268 1271 1423 1309 aculeos
1438 1300 1447 1317 ,
1481 1272 1690 1308 exaltatum
1729 1269 1767 1305 in
1801 1268 1905 1318 ligno
1941 1276 2158 1317 serpentem

1133 1345 1284 1369 aeneum
1305 1332 1478 1378 intuere,
1496 1340 1534 1368 et
1554 1344 1646 1380 suge
1663 1342 1742 1366 non
1763 1337 1837 1364 tam
1855 1327 2030 1373 vulnera,
2046 1340 2161 1376 qnam

1135 1393 1255 1431 ubera
1280 1393 1476 1431 Crucifixi.
1499 1396 1586 1442 Ipse
1612 1390 1686 1427 erit
1708 1389 1777 1426 tibi
1799 1389 1838 1425 in
1868 1396 2043 1434 matrem,
2066 1396 2102 1423 et
2122 1396 2161 1423 tu

1135 1454 1209 1492 eris
1230 1454 1264 1491 ei
1286 1454 1327 1491 in
1348 1454 1468 1490 filium
1486 1469 1495 1500 3
1520 1466 1590 1489 nec
1608 1451 1753 1503 pariter
1770 1449 2003 1488 Crucifixum
2023 1447 2164 1484 laedero

1137 1516 1381 1566 aliquatenus
1397 1522 1584 1565 poterunt
1603 1512 1714 1559 clavi,
1734 1512 1827 1562 quin
1843 1524 1913 1561 per
1931 1523 2067 1547 manus
2082 1509 2165 1559 ejus

1133 1585 1171 1614 et
1188 1577 1307 1627 pedes
1325 1576 1371 1614 ad
1395 1585 1480 1613 tuos
1497 1587 1619 1625 usque
1640 1572 1882 1624 perveniant.

1162 1639 1197 1676 2.
1208 1638 1281 1676 Sed
1291 1637 1437 1675 inimici
1452 1636 1621 1674 hominis
1633 1634 1834 1672 domestici
1847 1632 1930 1683 ejus
1945 1631 1970 1669 5.
1982 1633 2060 1683 Ipsi
2076 1636 2166 1669 sunt

1134 1700 1200 1750 qui
1224 1713 1303 1737 non
1330 1708 1366 1737 te
1395 1698 1587 1749 diligunt,
1606 1696 1672 1735 sed
1695 1696 1878 1747 gandium
1907 1708 2019 1732 suum
2049 1708 2094 1731 ex
2116 1703 2162 1731 te.

1087 1762 1114 1798 C
1135 1760 1319 1811 Alioquin
1340 1759 1500 1797 audiant
1520 1772 1540 1795 a
1562 1770 1684 1809 puero
1704 1765 1838 1794 nostro
1865 1769 1872 1791 :
1895 1757 1936 1792 Si
1958 1758 2166 1805 (lilsgerelis

1137 1836 1210 1869 nze,
1233 1824 1454 1872 gauderetis
1476 1824 1620 1869 utique,
1641 1822 1733 1868 quia
1765 1819 1866 1854 vaslo
1895 1818 1950 1851 ad
1963 1818 2118 1852 Patrem
2137 1815 2163 1852 ’ἰ

1137 1900 1150 1915 c<
1171 1883 1208 1920 Si
1232 1890 1472 1935 prostratus,
1497 1899 1512 1913 »
1535 1880 1585 1917 ait
1606 1879 1741 1916 beatus
1762 1878 2040 1927 Hieronymus,
2066 1893 2079 1907 (ι
2100 1874 2164 1925 ja—

1138 1962 1151 1975 »
1171 1952 1255 1981 ceat
1279 1944 1318 1980 in
1342 1943 1474 1980 limine
1503 1950 1626 1993 pater,
1657 1941 1687 1977 si
1723 1939 1868 1976 nudato
1891 1939 1977 1975 sinu
1992 1965 2001 1981 ‚
2025 1937 2166 1987 quibus

1136 2022 1150 2037 υ
1169 2013 1204 2041 te
1222 2004 1398 2049 lactavit,
1432 2002 1552 2040 ubera
1570 2011 1693 2039 mater
1710 2000 1909 2046 ostendat,
1932 1999 1961 2036 si
1983 1999 2168 2049 parvulus

1140 2085 1152 2099 n
1168 2081 1189 2104 a
1207 2068 1307 2104 collo
1320 2066 1488 2118 pendeat
1506 2078 1628 2115 nepos
1645 2080 1653 2111 ;
1668 2076 1738 2114 per
1749 2062 1937 2099 calcatum
1961 2060 2078 2097 transi
2102 2073 2166 2109 pa-

1138 2146 1152 2161 »
1169 2136 1288 2176 trem,
1320 2141 1391 2178 per
1425 2127 1608 2164 calcatam
1635 2137 1752 2176 perge
1782 2131 1966 2168 matrem,
1990 2129 2027 2157 et
2060 2120 2168 2157 siccis

1137 2207 1150 2222 υ
1167 2189 1288 2225 oculis
1308 2188 1356 2225 ad
1377 2188 1560 2225 vexillum
1589 2185 1711 2224 crucis
1726 2185 1849 2221 evola.
1870 2186 2068 2221 Summum
2085 2182 2168 2231 pie-

1138 2266 1152 2282 »
1173 2250 1258 2286 tatis
1286 2258 1342 2286 est
1366 2261 1504 2299 genus,
1525 2248 1563 2284 in
1584 2247 1654 2283 hac
1676 2254 1785 2296 parte
1819 2257 1891 2294 pro
1910 2243 2062 2280 Christo
2087 2254 2166 2278 esse

1145 2328 1158 2343 υ
1180 2310 1376 2347 crudelem
1395 2317 1421 2346 7.
1442 2327 1456 2342 υ
1474 2308 1794 2347 Phreneticorum
1814 2304 1994 2354 lacrymis
2021 2317 2069 2340 ne
2087 2316 2168 2339 mo-

1142 2373 1267 2410 vearis
1280 2403 1289 2420 ,
1309 2372 1373 2422 qui
1398 2380 1432 2408 te
1448 2372 1638 2421 plangunt
1655 2369 1701 2406 de
1716 2368 1900 2418 gehennae
1920 2366 2000 2402 [ilio
2023 2365 2166 2401 factum

1146 2434 1264 2470 lilium
1286 2433 1368 2471 Dei.
1391 2434 1495 2470 Heu!
1518 2443 1696 2481 quaenam
1722 2428 1870 2465 miseris
1893 2435 1969 2463 tam
1995 2425 2077 2461 dira
2099 2438 2168 2461 cu-

1145 2495 1262 2545 pido?
1284 2495 1369 2545 quis
1391 2503 1466 2531 tam
1492 2492 1659 2530 crudelis
1680 2504 1801 2535 amor,
1823 2501 1909 2538 quae
1940 2495 2014 2523 tam
2036 2486 2168 2535 iniqua

115 2560 148 2597 1.
176 2559 319 2597 Audita
349 2558 607 2596 conversione
629 2566 712 2604 tua,
738 2557 1018 2595 exsultavimus
1045 2559 1132 2594 etD
1151 2556 1335 2593 dilectio?
1370 2558 1638 2605 Corrumpunt
1674 2551 1799 2588 bonos
1819 2562 1946 2586 mores
1976 2547 2170 2596 colloquia

63 2619 231 2657 delectati
261 2633 405 2657 sumus.
451 2619 596 2668 Quidni
635 2618 827 2669 gaudeant
870 2618 1073 2665 homines,

65 2680 161 2718 unde
187 2681 365 2718 laetantur
392 2689 430 2718 et
458 2681 622 2730 Angeli?
648 2680 728 2730 jam
762 2679 923 2717 celebris
950 2680 1076 2729 agitur

66 2740 163 2788 dies,
181 2740 258 2792 jam
281 2749 437 2779 resonat
467 2741 506 2777 in
528 2741 689 2778 excelsis
713 2740 919 2791 gratiarum
951 2741 1049 2777 actio
1065 2770 1074 2787 ,

65 2809 100 2838 et
129 2815 205 2839 vox
240 2801 374 2839 laudis.
405 2801 639 2840 Adolescens
669 2801 831 2847 nobilis,
867 2801 1073 2846 delicatus,

68 2862 150 2900 vicit
169 2864 372 2914 malignum
390 2893 400 2911 ,
434 2864 580 2914 sprevit
607 2863 794 2900 mundum
813 2892 822 2909 ,
846 2876 988 2913 corpus
1006 2876 1077 2899 ex—

1143 2618 1241 2655 mala
1260 2615 1286 2654 ⁸.
1317 2621 1551 2667 Propterea,
1581 2622 1768 2664 quantum
1791 2610 1950 2661 poteris,
1971 2608 2045 2653 fili,
2071 2621 2168 2644 con-

1145 2678 1401 2715 fabulationes
1436 2676 1633 2727 hospitum
1686 2672 1877 2709 declinato
1901 2699 1910 2716 ,
1950 2682 2035 2720 quae
2077 2668 2169 2704 dum

1144 2752 1276 2776 aurem
1305 2738 1483 2788 implent,
1507 2742 1697 2773 evacuant
1718 2741 1900 2770 mentem.
1923 2730 2035 2767 Disce
2056 2740 2168 2765 orare

1144 2804 1292 2846 Deum,
1315 2799 1418 2836 disce
1447 2799 1576 2835 levare
1606 2809 1673 2832 cor
1701 2807 1787 2830 cnm
1824 2789 2002 2828 manibus
2028 2804 2035 2825 ε
2066 2788 2170 2824 disce

1145 2861 1278 2898 oculos
1295 2859 1489 2911 supplices
1506 2858 1542 2894 in
1562 2857 1700 2893 coelum
1724 2855 1869 2904 erigere
1886 2881 1893 2898 ,
1918 2860 1956 2889 et
1984 2850 2084 2888 Patri
2106 2850 2172 2884 mi-

113 3016 253 3050 ¹Mauh.
280 3029 392 3058 xvm,
416 3022 472 3050 20.
489 3036 534 3042 ——
549 3024 562 3040 ²
588 3022 603 3050 1
623 3018 706 3049 Tim.
724 3029 779 3057 vi,
801 3021 833 3049 9.
855 3036 898 3040 ⁷—
921 3014 935 3038 3
958 3019 1061 3049 ICor.
1080 3028 1152 3054 x1v‚
1172 3020 1227 3048 20.
1243 3032 1288 3038 -——
1303 3014 1318 3040 ⁴²
1339 3017 1385 3046 IV
1402 3015 1481 3054 Reg.
1501 3022 1555 3049 tv,
1577 3011 1696 3041 39-41.
1718 3025 1761 3031 —-
1781 3004 1794 3028 ⁵
1816 3005 1960 3038 Miehreae
1981 3015 2051 3041 vxi,
2077 3006 2108 3032 fu.
2127 3020 2169 3024 —a

69 3065 84 3088 6
100 3070 191 3101 Joan.
205 3081 278 3110 xxv,
303 3073 359 3102 28.
381 3090 428 3094 —
446 3079 458 3102 7
476 3072 609 3104 Hieron.
627 3071 728 3114 Epist.
756 3075 763 3102 t
782 3096 790 3110 ‚
816 3071 856 3102 ad
870 3071 1094 3102 Heliodorum.
1115 3089 1159 3093 —-
1173 3068 1186 3091 8
1204 3073 1217 3100 Ι
1236 3070 1308 3101 Cor.
1329 3079 1387 3105 xv,
1410 3070 1466 3097 33.

111 3131 124 3146 ²
140 3129 369 3162 Bartholomaeo
388 3132 538 3164 nimirum
550 3131 753 3165 Laudunensi
770 3132 919 3174 episcopo
932 3157 939 3169 ‚
966 3132 999 3163 in
1012 3133 1101 3175 cujus
1115 3130 1242 3163 dioecesi
1259 3130 1317 3161 sita
1333 3127 1552 3159 Vallis-Clara.

93 3174 227 3216 2¹’Atias
249 3183 381 3226 epistola
406 3189 467 3217 351
493 3197 500 3217 :
518 3196 588 3228 quae
608 3196 684 3217 vero
703 3191 796 3216 antea
817 3188 883 3216 322
902 3191 989 3224 erat,
1013 3197 1097 3217 nune
1113 3189 1192 3218 363.
1213 3184 1337 3226 Scripta
1353 3182 1436 3213 circa
1453 3190 1571 3211 annum
1595 3182 1603 3209 l
1621 3179 1694 3209 138.

114 3241 129 3257 ⁰
144 3238 354 3269 Bonae-Vallis
374 3238 492 3271 scilicet
511 3239 544 3270 in
559 3239 686 3271 dioeeesi
702 3238 948 3270 Vesontionensi
962 3263 968 3273 .
983 3240 1071 3281 eujus
1091 3246 1201 3282 postea
1225 3237 1324 3269 abbas
1349 3237 1406 3268 iste
1430 3238 1522 3276 Hugo
1542 3232 1698 3276 piissimus
1716 3256 1723 3269 ,
1754 3228 1851 3261 sancti
1874 3226 2014 3267 Hugonis·
2043 3222 2183 3265 episcopi

72 3290 351 3334 Gratianopolitani
364 3302 464 3334 nepos
477 3318 485 3332 ‚
507 3294 547 3326 de
565 3305 629 3336 quo
651 3295 686 3324 in
698 3293 781 3325 Vitae
797 3292 880 3324 libro
898 3295 934 3331 4,
964 3304 997 3325 n.
1022 3296 1076 3325 40.
1095 3314 1137 3317 —
1150 3293 1165 3314 d
1184 3293 1290 3330 Alias,
1310 3289 1410 3321 cardo
1433 3301 1442 3318 .-

231 3363 323 3388 Tou.
358 3365 386 3388 1.

1468 3287 1558 3319 male.

1973 3338 1993 3350 ὁ,

1975 3336 2024 3372 ΔΟ
