2517 3936
64 230 157 268 1061
716 235 776 270 Dr:
806 236 1236 272 CONSIDERATIONE
1268 240 1411 274 LIBER
1442 243 1501 275 IV.
2048 246 2143 282 10(ἱῖ

57 312 155 346 Num
174 316 305 344 nostra
324 307 386 344 illa
409 320 485 343 vox
509 321 516 342 :
543 310 650 344 Iusta
672 320 902 358 opportuna,
928 317 1069 360 impor—
1079 311 1127 329 ⁴³⁸
1141 326 1238 361 quos
1256 327 1334 350 uon
1353 316 1509 364 elegisti,
1528 318 1591 353 scd
1610 318 1679 367 ipsi
1701 329 1746 356 tc.
1769 327 1815 357 At
1831 332 2052 371 potestatem
2071 338 2145 360 uon

56 377 143 403 tune
163 369 198 403 ¹?
218 370 345 412 Hunc,
367 366 396 403 si
411 366 541 412 audes,
566 369 726 405 nimium
749 371 952 419 appellato.
976 375 1070 407 Pro·
1088 373 1117 406 A
1141 372 1303 418 liabent,
1341 375 1409 410 nisi
1446 390 1559 424 quam
1594 386 1632 413 tu
1665 379 1717 414 eis
1749 389 1813 415 aut
1843 381 2019 418 tribueris
2035 411 2043 425 ‚
2081 392 2145 418 aut

55 427 178 477 phetae
200 427 423 477 praecipitur
443 439 451 461 :
477 427 632 472 Clama,
655 442 702 463 ne
726 443 855 466 efflas-es.
875 430 934 466 Ad
955 443 1071 479 quoS,
1140 433 1368 480 permiseris.
1391 435 1448 471 Ad
1470 435 1568 472 idem
1592 450 1682 486 crgo
1705 440 1941 477 revertimur.
1963 442 2045 478 Tibi
2069 444 2143 478 iui-

54 487 126 524 nisi
142 487 189 524 ad
209 488 412 524 sceleratos
432 496 469 523 et
491 489 740 537 peccatores?
768 492 981 534 Amantia,
1015 490 1072 526 in·
1137 500 1231 540 puta
1250 493 1437 543 quidquid
1456 496 1610 544 patieris
1631 496 1678 532 ab
1698 510 1743 532 co
1771 499 1836 546 qui
1858 500 1936 534 siue
1964 509 1997 535 te
2019 510 2143 550 potest

54 547 152 598 quit,
169 551 316 597 populo
333 561 412 584 meo
430 550 571 583 seelera
590 561 732 591 eorum,
755 558 792 584 et
808 551 938 585 domm
953 549 1070 585 Jacob

46 618 208 657 peccata
240 622 366 644 eorum
394 614 420 644 ².
450 608 664 645 Prudenter
695 608 854 645 adverte
885 618 923 646 et
948 610 1069 646 scele-

52 677 156 706 ratos
184 668 404 719 perhiberi,
434 678 471 706 et
491 669 680 719 populum
702 669 869 706 Domini.
895 673 991 707 Puta
1017 670 1063 707 de

51 728 110 766 his
129 728 243 766 idem.
262 728 342 766 Etsi
362 729 556 775 scelerati,
579 729 649 766 etsi
663 729 798 778 iniqui,
818 728 903 765 vide
921 743 967 766 ne
993 743 1059 766 au—

49 788 159 826 dias:
186 791 300 836 Quod
317 793 382 825 ιιηί
413 803 462 825 eJ:
489 793 660 825 minimis
689 794 781 825 meis
806 804 880 825 reon
907 787 1059 837 fecisti,

49 862 116 885 nec
136 848 369 897 mileisecisti
394 847 420 886 3.
444 853 581 887 Fateor
601 850 790 900 populum
808 850 920 886 istum
943 851 1060 887 exstiss

49 908 136 946 tisse
168 922 291 959 usque
324 908 448 945 adhuc
480 909 577 946 dura
613 909 766 954 fronte,
801 918 839 946 et
872 909 1060 946 indomito

47 968 182 1016 corde;
213 968 281 1006 sed
309 977 491 1006 utrumne
520 969 634 1006 etiam
664 968 910 1016 indomabili,
933 970 1061 1007 nescio

46 1029 148 1066 unde
165 1029 313 1079 liquido
331 1030 426 1067 scire
445 1030 579 1080 possis.
596 1034 725 1067 Potest
740 1031 834 1076 fore,
851 1030 957 1080 quod
973 1043 1063 1067 nec-

1137 550 1260 587 facere
1279 552 1383 589 nihil.
1403 554 1469 590 His
1486 555 1668 604 exceptis,
1689 556 1734 592 de
1756 566 1892 594 caetero
1913 572 1990 594 non
2009 560 2141 595 incon-

1136 610 1298 647 siderate
1315 641 1323 657 ,
1352 621 1392 649 ut
1426 614 1557 660 vides,
1588 616 1752 664 eligendi
1778 617 1919 666 quique
1947 632 2012 654 seu
2035 620 2142 655 colli—

1135 670 1249 719 gendi
1267 680 1356 708 sunt
1376 673 1414 708 in
1435 686 1532 722 opus
1562 675 1761 712 ministerii
1787 676 1911 726 hujus.
1942 682 2062 714 Tuum
2087 688 2141 713 cst

1130 730 1398 781 undecumque
1414 746 1575 770 evocare
1594 743 1631 771 et
1643 735 1851 773 adsciscere
1870 737 1948 783 tibi,
1965 739 2140 787 exemplo

1128 792 1278 840 Moysi,
1315 806 1424 829 senes
1450 791 1478 838 ⁸,
1507 807 1583 830 non
1609 794 1796 844 juveues3
1828 797 1892 833 sed
1917 811 2024 834 senes
2060 812 2137 834 non

1130 859 1204 887 tam
1224 860 1334 889 aetate
1365 867 1478 902 quam
1501 855 1672 892 moribus
1687 885 1696 902 ‚
1728 871 1824 906 quos
1849 866 1888 893 tu
1910 859 2028 903 nosti,
2051 858 2138 908 quia

1129 925 1237 949 senes
1263 914 1396 964 populi
1428 924 1528 952 sunt.
1565 921 1621 953 An
1651 931 1728 953 non
1768 918 1931 967 eligendi
1970 919 2016 955 (le
2057 928 2136 955 toto

1129 972 1236 1018 orbe,
1261 974 1392 1011 orbem
1411 974 1643 1024 judicaturi?
1663 981 1759 1015 Sane
1781 978 1868 1015 huic
1886 981 2039 1029 negotio
2061 994 2137 1017 non

1130 1045 1168 1068 se
1202 1033 1349 1082 ingerat
1381 1048 1531 1084 rogans.
1562 1037 1748 1083 Consilio,
1772 1051 1849 1074 non
1879 1052 1991 1088 prece
2021 1054 2136 1089 agen-

47 1089 138 1127 dum
168 1091 250 1128 fuit.
278 1090 316 1128 Si
337 1090 478 1127 diffidis
511 1099 571 1138 tu3
606 1091 672 1128 sed
696 1091 799 1141 apud
830 1095 955 1128 Deum
984 1105 1063 1128 non
1084 1089 1112 1123 Β
1132 1091 1221 1129 dum
1251 1102 1317 1129 est.
1346 1097 1442 1132 Sunt
1463 1108 1548 1144 quae
1571 1095 1792 1133 'necessario
1812 1111 1832 1134 a
1864 1098 1975 1136 nobis
1997 1113 2137 1149 rogan—

45 1151 118 1188 erit
139 1150 378 1202 impossibile
399 1165 514 1189 omne
532 1151 695 1188 verbum
712 1152 739 1187 4.
762 1151 796 1188 Si
820 1151 916 1188 dura
936 1152 1061 1190 fronte

45 1219 153 1259 sunt,
179 1209 319 1249 durato
337 1221 375 1249 et
396 1221 436 1249 tu
462 1226 482 1250 e
510 1221 646 1249 contra
671 1220 787 1248 tuam.
803 1212 862 1249 Nil
885 1220 960 1248 tam
985 1212 1060 1249 du-

44 1285 144 1320 rum,
166 1272 271 1323 quod
291 1273 439 1310 duriori
461 1286 540 1310 non
557 1273 678 1310 cedat.
698 1273 888 1310 Dominus
903 1272 950 1310 ad
964 1286 1060 1324 pro-

44 1332 198 1383 phetam
221 1346 229 1369 τ
249 1335 349 1369 Dedi
362 1331 533 1381 flentem
554 1343 656 1369 tuam
673 1335 862 1369 duriorem
870 1331 1061 1380 frontibus

43 1407 170 1430 eorum
190 1392 217 1431 5.
238 1397 369 1432 Unum
397 1402 454 1431 est
482 1393 588 1444 quod
623 1402 658 1431 te
679 1393 863 1440 absolvit,
891 1395 921 1431 si
947 1394 1056 1444 egisti

42 1466 131 1490 cum
159 1454 307 1505 populo
345 1454 433 1501 illo,
465 1462 508 1491 ut
548 1455 670 1505 possis
713 1454 840 1491 dicere
871 1469 879 1491 :
910 1456 1057 1505 Popule

42 1527 162 1561 meus,
190 1515 284 1565 quid
299 1514 368 1552 tibi
388 1515 505 1552 debui
527 1516 664 1562 facere,
679 1524 718 1552 et
739 1528 818 1552 non
842 1515 912 1552 feci
929 1516 991 1553 ?si
1006 1516 1058 1553 sic

41 1575 179 1622 fecisti,
209 1589 280 1613 nec
306 1577 521 1626 profecisti3
547 1585 604 1614 est
623 1576 777 1614 demum
802 1576 908 1626 quod
928 1577 1054 1623 facias,

40 1643 78 1672 et
96 1635 202 1686 quod
216 1635 319 1674 dicas
338 1651 346 1673 :
366 1637 427 1673 exi
448 1637 495 1674 de
516 1641 601 1674 Hur
624 1637 889 1674 Chaldaeorum
903 1667 911 1683 ‚
933 1646 971 1674 et
995 1637 1055 1674 di-

40 1695 130 1742 cito,
151 1696 248 1744 Quia
270 1704 426 1746 oportet
451 1710 510 1734 me
531 1705 568 1734 et
588 1697 668 1733 aliis
690 1696 908 1734 civitatibus
935 1711 1053 1734 evan-

39 1755 200 1804 gelizare
215 1753 243 1793 ⁶.
264 1760 363 1794 Puto
383 1769 454 1794 nec
472 1756 675 1807 poenitebit
692 1757 813 1794 exsilii
830 1787 839 1803 ,
866 1756 960 1794 orbe
981 1771 1053 1808 pro

39 1814 135 1853 urbe
155 1825 406 1853 commutato.

399 1936 581 1975 CAPUT
607 1937 678 1977 15⁷.

36 2059 153 2101 Quales
168 2060 362 2092 collaterales
385 2066 416 2092 et
432 2060 630 2103 coadjutores
647 2071 665 2091 a
682 2059 832 2092 Pontifice
853 2059 1024 2092 adhibendi
1042 2072 1049 2092 :

272 2115 327 2146 ubi
351 2115 391 2147 de
410 2116 577 2147 xirtutibus
599 2115 812 2158 praelatorum.

90 2237 126 2274 9.
145 2236 352 2275 Veniamus
372 2237 420 2274 ad
442 2238 680 2275 collaterales
697 2238 715 2256 *
740 2245 778 2274 et
805 2235 1048 2285 coadjutores

37 2303 135 2334 tuos.
155 2297 205 2334 Hi
225 2297 348 2334 seduli
365 2297 447 2345 tibi,
462 2298 501 2335 hi
520 2298 646 2335 intimi
663 2306 763 2335 sunt.
785 2296 1047 2346 Quamobrem

35 2356 66 2393 si
94 2355 187 2394 boni
207 2366 298 2394 sunt
315 2387 324 2404 ‚
355 2357 424 2395 tibi
449 2358 693 2409 potissimum
714 2366 804 2395 sunt
833 2373 842 2394 :
873 2358 903 2394 si
935 2357 1044 2404 mali,

34 2429 141 2466 aeque
159 2418 246 2468 plus
272 2417 352 2455 tibi.
370 2421 426 2456 Ne
446 2427 483 2456 te
502 2419 644 2456 dixeris
671 2432 828 2465 sanum,
850 2418 1046 2455 dolentem

34 2477 152 2515 latera
175 2493 184 2516 :
204 2478 278 2515 hoc
299 2487 382 2526 est,
414 2493 462 2517 ne
493 2488 529 2517 te
564 2479 706 2516 dixeris
734 2479 881 2516 bonum
897 2509 906 2525 ‚
939 2478 1046 2515 malis

33 2537 275 2576 innitentem.
307 2543 384 2577 Aut
399 2540 430 2577 si
450 2539 575 2578 bonus
596 2540 659 2586 sis,
683 2539 836 2577 bonitas
857 2539 910 2576 tui
929 2540 1046 2576 solius

0 2608 1 2614 ¹
35 2611 148 2648 quem
171 2599 336 2637 fructum
358 2601 495 2638 afferre
510 2603 662 2651 potest?
679 2601 777 2638 sicut
794 2601 831 2637 in
847 2601 1045 2650 superiore

1131 1152 1221 1188 tium
1243 1162 1308 1189 aut
1326 1163 1530 1203 extorquet
1546 1155 1830 1205 importunitas,
1853 1167 1916 1194 aut
1936 1161 2136 1197 necessitas

1128 1222 1308 1249 meretur.
1331 1217 1380 1250 At
1400 1214 1500 1250 istud
1529 1215 1568 1251 in
1589 1215 1646 1251 his
1675 1230 1759 1265 quae
1787 1226 1917 1254 nostra
1937 1228 2035 1255 sunt.
2058 1220 2133 1258 L‘bi

1127 1280 1253 1308 autem
1282 1285 1360 1308 non
1389 1273 1476 1310 licet
1501 1274 1605 1323 quod
1634 1276 1722 1311 volo
1746 1276 1889 1323 facere,
1919 1279 2002 1327 quis
2028 1280 2135 1317 locus

1128 1332 1302 1380 roganti?
1318 1332 1396 1368 Nisi
1424 1333 1521 1370 forte
1551 1334 1617 1383 qui
1635 1348 1694 1370 me
1716 1344 1844 1384 rogat,
1862 1337 1934 1373 hoc
1951 1349 2069 1388 rogat,
2091 1350 2132 1377 ut

1126 1391 1231 1440 quod
1252 1392 1357 1438 vult,
1382 1393 1479 1429 velle
1510 1394 1622 1430 liceat
1652 1395 1811 1440 1nil1i,et
1842 1409 1918 1432 non
1949 1399 2065 1447 magis
2092 1409 2134 1436 ut

1125 1452 1239 1488 velim
1259 1452 1288 1488 *.
1313 1453 1420 1489 Alius
1452 1467 1523 1503 pro
1549 1454 1642 1501 alio,
1671 1455 1766 1491 alius
1802 1456 1898 1492 forte
1932 1466 1969 1493 et
1996 1471 2066 1507 pro
2095 1474 2133 1498 se

1125 1521 1245 1562 rogat.
1267 1516 1340 1550 Pro
1366 1527 1444 1562 quo
1473 1515 1618 1564 rogaris
1633 1544 1642 1561 ‚
1661 1515 1708 1551 sit
1728 1525 1925 1565 suspectus
1940 1532 1948 1563 3
1966 1519 2032 1567 qui
2052 1520 2131 1570 ipse

1126 1581 1235 1622 rogat
1250 1586 1322 1623 pro
1358 1586 1418 1620 se,
1439 1572 1519 1623 jam
1542 1573 1736 1623 judicatus
1763 1584 1831 1612 est.
1860 1579 1936 1612 Nec
1956 1578 2132 1627 interest,

1125 1646 1196 1683 per
1227 1646 1284 1679 se,
1312 1647 1360 1670 an
1381 1646 1452 1683 per
1471 1634 1586 1670 alium
1618 1635 1702 1684 quis
1723 1644 1841 1685 roget.
1861 1637 2047 1675 Clericum
2066 1655 2132 1677 cu-

1123 1693 1217 1730 riam
1248 1694 1575 1744 frequentantem,
1600 1696 1666 1745 qui
1697 1709 1772 1732 non
1803 1697 1850 1733 sit
1871 1697 1916 1734 de
1939 1701 2061 1744 curia,
2084 1702 2130 1738 ad

1121 1753 1222 1790 idem
1250 1754 1355 1791 noris
1375 1755 1568 1804 pertinere
1588 1754 1840 1792 ambientium
1861 1770 1993 1806 genus.
2023 1761 2130 1798 Adu-

1120 1814 1287 1861 lantem,
1317 1823 1354 1851 et
1380 1814 1427 1851 ad
1459 1815 1642 1864 placitum
1675 1814 1861 1865 cujusque
1890 1818 2130 1868 loquentem,

1070 1876 1097 1912 C
1120 1887 1241 1911 unum
1270 1874 1317 1911 de
1346 1874 1569 1924 rogantibus
1591 1884 1703 1925 puta,
1737 1876 1883 1913 etiamsi
1901 1878 1992 1915 nihil
2021 1894 2133 1930 roga—

1120 1936 1229 1972 verit.
1249 1936 1452 1985 Scorpioni
1473 1949 1552 1972 non
1567 1944 1623 1972 est
1639 1936 1678 1972 in
1697 1936 1789 1973 facie
1806 1937 1909 1987 quod
1928 1939 2127 1979 formides:

1120 1995 1186 2032 sed
1203 1996 1341 2046 pungit
1357 2009 1378 2032 a
1399 1995 1519 2032 cauda
1537 1996 1564 2032 *.

1177 2057 1235 2094 10.
1259 2057 1295 2095 Si
1317 2056 1363 2093 ad
1386 2057 1516 2092 talium
1537 2055 1739 2093 blanditias
1758 2070 1825 2093 cor
1847 2066 1975 2105 tuum,
2006 2069 2047 2096 ut
2069 2075 2129 2098 as-

1118 2117 1237 2163 solet,
1277 2116 1419 2153 molliri
1447 2117 1635 2161 senseris,
1669 2117 1888 2154 memineris
1916 2120 2097 2170 scriptum
2120 2137 2128 2159 :

1121 2179 1253 2214 Onmis
1273 2178 1381 2213 homo
1395 2181 1560 2225 primum
1585 2176 1720 2212 bonum
1749 2182 1877 2213 vinum
1890 2184 2024 2227 ponit;
2045 2195 2127 2218 cum

1117 2247 1241 2274 autem
1274 2237 1450 2273 inebriati
1476 2235 1645 2284 suerint,
1675 2246 1762 2272 tunc
1785 2239 1827 2272 id
1845 2241 1947 2286 quod
1969 2241 2129 2276 deterius

1114 2307 1168 2333 est
1185 2305 1213 2334 9.
1236 2298 1320 2335 Pari
1345 2296 1518 2346 pondere
1549 2296 1794 2333 aestimaveris
1823 2296 1903 2346 ejus
1933 2298 2128 2337 humilita—

1115 2367 1189 2395 tem
1210 2359 1275 2408 qui
1298 2358 1428 2402 timet,
1449 2365 1486 2394 et
1502 2355 1584 2405 ejus
1602 2356 1667 2406 qui
1688 2365 1827 2406 sperat.
1847 2358 1926 2394 Viri
1941 2359 2066 2396 callidi
2087 2368 2124 2396 et

1113 2418 1236 2455 dolosi
1256 2418 1457 2468 proprium
1478 2429 1558 2453 esse
1579 2416 1676 2452 solet
1696 2424 1786 2452 tunc
1802 2418 2039 2465 praetendere
2056 2420 2124 2456 hu-

1113 2480 1334 2524 militatem,
1356 2491 1440 2514 cum
1462 2476 1605 2526 aliquid
1638 2475 1812 2512 obtinere
1841 2478 2005 2515 voluerit
2038 2495 2045 2516 :
2077 2480 2124 2516 de

1112 2539 1287 2590 qualibus
1315 2539 1405 2575 dicit
1426 2537 1644 2586 Scriptura,
1680 2538 1751 2570 Est
1783 2541 1848 2583 qui
1876 2551 1915 2572 se
1951 2538 2125 2574 blanelliac

1112 2605 1294 2650 nequiter,
1320 2609 1356 2634 et
1374 2601 1552 2634 interiora
1573 2609 1653 2641 estes
1669 2598 1785 2643 plt'mc
1802 2606 1888 2631 sunt
1907 2600 2040 2633 (lolam.
2068 2603 2123 2636 De

0 2661 2 2677 ²
35 2658 133 2697 libro
147 2660 288 2697 dixisse
307 2673 367 2697 me
385 2661 542 2698 memini
564 2668 590 2698 7.
606 2661 720 2710 Quid,
740 2662 912 2711 inquam,
935 2675 1044 2698 emo-
1065 2661 1096 2694 D
1117 2660 1224 2697 vobis
1259 2659 1348 2709 ipsis
1384 2670 1489 2694 sume
1525 2655 1720 2692 sententiae
1753 2654 1865 2704 hujus
1895 2657 2049 2694 evidens
2080 2673 2123 2696 ac

0 2727 3 2741 ¹
34 2719 193 2758 lumenti
213 2721 324 2758 affert
342 2722 518 2759 Ecclesiis
550 2722 621 2759 Dei
650 2730 715 2759 tua
737 2722 851 2759 unius
879 2722 1045 2759 hominis

0 2778 3 2793 ³
30 2777 201 2831 justitia,
237 2780 303 2818 ubi
331 2783 522 2819 sententia
550 2783 735 2832 praevalet
755 2783 865 2820 aliter
885 2783 1044 2819 affecto-

1 2852 5 2902 .
34 2841 146 2876 rum?
168 2840 241 2877 Sed
262 2854 332 2878 nec
354 2849 436 2878 tuta
458 2841 527 2879 tibi
551 2851 615 2879 tua
642 2842 796 2879 obsessa
825 2843 947 2888 malis,
967 2856 1043 2878 non

2 2916 5 2951 ss
35 2899 151 2949 magis
183 2914 298 2950 quam
331 2902 471 2939 sanitas
502 2903 631 2939 vicino
661 2911 851 2953 serpente.
880 2907 965 2940 Non
991 2911 1046 2938 est

2 2974 6 3014 q
35 2971 112 3008 quo
133 2968 168 2996 te
187 2960 378 2999 subducas
398 2963 499 2999 malo
525 2963 717 3000 intestino.
740 2967 788 3000 Et
817 2976 836 3000 e
866 2963 1044 3012 regione,

3 3037 7 3062 ι
35 3015 179 3057 bonum
213 3021 464 3060 domesticum
497 3036 543 3060 eo
572 3024 761 3074 amplius,
796 3038 874 3074 quo
908 3023 1046 3073 saepius

4 3075 21 3122 ¹,
32 3075 151 3128 J‘uvat.
175 3081 248 3119 Sed
265 3082 344 3119 sive
359 3083 510 3129 levent,
532 3084 611 3121 sive
631 3093 813 3134 gravent,
833 3083 894 3120 cui
909 3083 1046 3119 rectius

35 3138 302 3191 imputandum
326 3157 440 3193 quam
463 3143 551 3191 tibi,
578 3145 644 3195 qui
670 3146 762 3182 tales
785 3153 850 3182 aut
875 3143 1043 3193 elegisti,

5 3207 9 3277 ὲ
37 3208 102 3236 aut
115 3201 330 3240 admisisti?
345 3207 431 3242 Non
452 3204 498 3241 de
521 3204 702 3242 omnibus
719 3205 805 3242 dico
824 3220 831 3242 :
853 3217 939 3241 nam
957 3211 1046 3239 sunt

1113 2719 1296 2756 familiare
1330 2716 1560 2766 exemplum.
1602 2717 1772 2761 Quantos
1804 2727 1900 2763 quos
1931 2717 2121 2766 supplices

1112 2777 1296 2816 admisisti
1315 2807 1323 2824 ,
1345 2775 1590 2826 postmodum
1612 2774 1821 2810 sustinuisti
1846 2788 1978 2823 graves
1991 2806 1999 2822 ‚
2018 2778 2122 2814 inso-

1113 2841 1231 2876 lentes
1248 2867 1256 2883 ,
1277 2846 1518 2874 contumaces
1535 2864 1544 2881 ,
1565 2834 1750 2871 rebelles?
1766 2835 1877 2882 Quod
1898 2836 2051 2885 quidem
2069 2839 2123 2875 in-

1115 2900 1230 2936 terius
1251 2899 1393 2934 malum
1416 2904 1546 2945 tegunt
1564 2895 1768 2945 principia,
1798 2897 2010 2945 posteriora
2028 2911 2124 2947 pro—

1114 2960 1221 2996 dunt.
1246 2957 1500 2995 Verbosulum
1521 2955 1798 2991 adolescentem
1814 2983 1822 2999 ‚
1849 2964 1886 2991 et
1906 2957 2122 2995 studentem

1113 3018 1354 3068 eloquentiae,
1377 3030 1462 3052 cum
1481 3015 1674 3065 sapientiae
1693 3015 1740 3051 sit
1764 3015 1898 3062 inanis,
1920 3030 1996 3053 non
2021 3019 2122 3056 aliud

1113 3092 1224 3130 quam
1255 3077 1410 3128 justitiae
1440 3076 1588 3113 hostem
1619 3084 1784 3125 reputes.
1810 3080 1883 3113 Pro
1906 3076 2123 3126 hujusmodi

1114 3139 1214 3176 falsis
1236 3136 1415 3174 fratribus
1435 3135 1527 3172 dicit
1550 3135 1618 3172 tibi
1645 3136 1824 3185 Magister
1854 3152 1861 3173 :
1894 3139 2033 3173 Alanus
2052 3143 2122 3174 cito

1114 3203 1266 3235 nemini*
1280 3200 1501 3245 imposueris
1524 3203 1532 3218 ¹
1542 3203 1566 3233 ¹.

7 3329 11 3401 t
89 3340 98 3355 ¹
115 3339 147 3366 ΙΙ
161 3336 244 3368 Tim.
262 3349 308 3375 tv,
327 3341 358 3369 2.
374 3357 416 3361 —
435 3340 658 3377 ²Isai.1rv[11‚
682 3344 757 3371 1.—
777 3338 1010 3372 331aiil1.sxx-,
1038 3339 1086 3367 'ifi-
1105 3355 1145 3358 ᾖ
1165 3336 1318 3367 41.11c.1‚
1341 3335 1395 3363 37.
1414 3350 1456 3353 —»
1473 3329 1486 3352 5
1506 3330 1617 3362 lizi-rh.
1637 3343 1674 3360 111
1695 3355 1701 3363 ,
1725 3334 1752 3361 S.
1771 3350 1812 3353 —r
1831 3328 1844 3349 ’ς
1861 3335 1872 3360 Ῐ
1887 3342 1932 3360 uc.
1954 3343 1997 3365 tx,
2024 3333 2120 3361 313„-

8 3411 11 3429 fi
39 3387 136 3418 71.i!».
159 3392 190 3422 3.
211 3401 242 3419 11.
263 3394 294 3420 U.
328 3410 353 3412 —
373 3389 496 3423 3Num,
517 3396 645 3429 X1,1ss,
666 3411 706 3415 -
723 3398 736 3420 ,ἢ
755 3395 912 3425 J0a11.11,
936 3393 985 3421 10.
1024 3408 1046 3411 -
1069 3387 1307 3421 ¹⁰l‹1‹*cli.xxx,
1327 3388 1379 3417 23.
1400 3403 1440 3407 -—
1460 3391 1488 3405 ¹¹
1509 3388 1522 3415 I
1538 3384 1616 3415 Tim.
1640 3395 1669 3421 V,
1696 3386 1735 3413 22

9 3487 13 3536 l

10 3565 13 3582 1

10 3590 13 3606 Ι
