2517 3936
57 205 155 244 1029

692 207 760 241 DE
790 205 1222 242 CONSIDERATIONE
1250 208 1399 244 LIBER
1426 211 1473 245 H.

51 283 187 330 molle,
210 282 264 319 nil
285 281 523 332 resupinum.
559 281 598 319 Si
618 279 730 319 labor
751 290 889 330 terret,
919 296 1066 320 merces
1078 280 1109 299 ⁴²

2043 217 2143 257 1030

1114 279 1381 334 ⁰principatus.
1401 287 1616 325 Exturbare
1640 298 1697 326 est
1715 291 1787 327 hoc
1815 295 1930 333 malas
1958 296 2096 336 bestias
2122 314 2142 336 a

49 344 197 382 invitet.
219 342 495 392 Unusquisque
515 342 617 378 enim
639 343 850 380 secundum
872 357 983 381 suum
1005 344 1064 381 la-
1084 351 1110 384 A
1132 344 1305 382 terminis
1337 346 1431 392 tuis,
1466 360 1543 396 quo
1569 360 1700 398 greges
1722 351 1775 386 tui
1797 355 1919 391 securi
1942 356 1980 392 in
2001 371 2142 407 pascua

49 403 184 442 horem
204 402 421 439 mercedem
440 402 613 452 accipiet.
635 404 683 439 Et
700 403 730 439 si
750 403 813 439 ille
832 404 920 453 plus
940 404 1068 441 omni-

48 464 120 502 bus
150 462 360 509 laboravit,
400 476 479 500 non
513 470 639 499 tamen
666 471 791 499 totum
825 463 1063 502 elaboravit:

49 532 87 563 et
107 523 232 561 adhuc
252 524 360 560 locus
381 531 449 560 est.
479 523 549 560 Exi
576 523 614 560 in
643 536 777 573 agrum
801 525 959 561 Domini
980 525 1036 562 tui
1054 553 1063 571 ,

48 593 87 622 et
120 583 322 622 considera
349 583 577 633 diligenter,
614 584 768 634 quantis
797 584 991 634 hodieque
1020 584 1067 622 de

46 644 167 682 veteri
183 644 387 681 maledicto
408 644 584 681 silvescat
603 636 724 694 spinis
741 657 783 681 ac
800 644 962 683 tribulis.
982 645 1067 693 Exi,

46 706 203 756 inquam
217 733 228 752 ,
260 706 300 742 in
322 705 511 742 mundum
535 720 543 742 :
567 718 656 755 ager
677 713 734 742 est
754 705 856 742 enim
878 706 1066 753 mundus,

47 766 155 816 isque
174 765 343 803 creditus
365 764 448 802 tibi.
470 764 541 802 Exi
561 765 600 801 in
617 765 726 802 illum
741 793 751 811 ,
785 779 865 802 non
883 774 1065 817 tanquam

47 826 247 872 dominus,
271 826 339 863 sed
356 834 540 876 tanquam
565 825 739 873 villicus,
765 825 898 863 videre
921 835 957 863 et
976 832 1070 877 pross

47 900 182 925 curare
199 886 303 924 unde
324 885 536 936 exigendus
557 899 597 923 es
620 886 824 923 rationem.
843 886 937 933 Exi,
962 886 1070 924 dixe-

47 947 119 985 rim
134 953 170 993 ³,
192 946 426 998 quibusdam
447 955 522 984 tuae
544 945 719 997 passibus
739 947 897 984 intentae
923 948 1068 985 sollici-

48 1007 216 1055 tudinis,
254 1016 292 1044 et
326 1006 498 1044 sollicitae
528 1007 768 1044 intentionis.
803 1010 935 1058 Neque
967 1009 1068 1045 enim

1133 403 1359 442 educantur.
1400 406 1583 443 Domabis
1615 408 1728 458 lupos
1751 438 1761 455 ,
1799 412 1865 448 scd
1897 414 2031 453 ovibus
2062 431 2138 455 non

1134 463 1406 503 dominaberis.
1433 467 1645 504 Pascendas
1674 469 1825 519 utique,
1856 485 1934 509 non
1963 488 2143 524 premen-

1135 523 1200 560 das
1237 526 1448 576 suscepisti.
1482 527 1519 565 Si
1554 526 1652 564 bene
1685 530 1934 569 considerasti
1961 535 2045 583 quis
2078 537 2145 583 sis,

1134 583 1214 620 haec
1249 593 1284 622 te
1322 595 1504 636 oportere
1546 587 1668 625 facere
1702 602 1780 626 non
1816 591 1981 641 ignoras.
2023 598 2144 634 Porro

1133 645 1268 682 scienti
1293 655 1330 683 et
1351 660 1430 684 non
1454 648 1630 695 facienti,
1651 659 1851 699 peccatum
1867 661 1924 690 est
1940 653 2046 692 tibi3.
2062 660 2146 694 Non

1134 718 1173 743 es
1203 705 1344 744 oblitus
1371 707 1437 744 ubi
1461 708 1597 758 legeris
1625 722 1633 744 :
1666 711 1797 747 Servus
1820 717 1940 749 sciens
1965 718 2149 753 volanta-

1134 776 1207 803 tem
1225 768 1370 803 domini
1394 772 1452 805 sui
1463 797 1475 813 ‚
1499 777 1535 804 et
1560 783 1634 805 non
1652 769 1804 819 faciens
1822 779 1848 818 ⁰,
1866 775 1996 824 plagis
2022 790 2149 826 vapa-

1137 827 1232 863 labit
1249 830 1413 867 multis&
1441 830 1501 869 Sic
1527 831 1751 882 Prophetae,
1774 833 1826 869 sic
1849 836 2026 884 Apostoli
2043 837 2150 874 facti-

1137 885 1279 924 tabant.
1316 892 1449 927 Fortes
1483 890 1588 928 fuere
1621 891 1661 927 in
1684 889 1805 939 bello,
1828 906 1907 930 non
1942 896 2076 933 molles
2109 897 2148 933 in

1137 949 1277 986 sericis.
1310 950 1346 986 Si
1370 951 1470 989 filius
1498 964 1538 989 es
1568 953 1846 1002 Apostolorum
1869 963 1905 991 et
1937 955 2150 1006 Propheta-

1136 1022 1222 1046 rum
1241 1039 1250 1057 ,
1277 1019 1315 1047 et
1346 1018 1385 1047 tu
1416 1010 1473 1048 fac
1507 1012 1691 1050 similiter.
1724 1013 1885 1051 Vindica
1915 1014 1984 1052 tibi
2020 1015 2150 1054 nobile

45 1067 120 1118 ipsi
145 1067 213 1118 qui
233 1066 332 1117 jussi
365 1075 456 1105 sunt
489 1068 546 1104 ire
576 1068 614 1104 in
653 1066 788 1105 orbem
821 1068 1062 1117 universum,
1086 1072 1113 1106 B
1133 1083 1253 1119 genus
1287 1071 1474 1109 similibus
1507 1069 1706 1120 moi-ibus3
1744 1075 1849 1124 quod
1884 1089 1963 1113 non
1996 1077 2151 1115 aliunde

47 1127 182 1165 orbem
221 1128 500 1165 circumierunt
533 1128 739 1178 praesentia
768 1128 970 1178 corporis,
1004 1129 1070 1166 sed

45 1188 184 1226 mentis
202 1188 460 1239 providentia.
492 1191 541 1225 Et
559 1196 598 1224 tu
619 1188 705 1224 leva
727 1188 858 1224 oculos
881 1187 1069 1238 quosdam

45 1248 365 1286 considerationis
386 1256 487 1295 tuae,
515 1256 554 1285 et
583 1247 670 1284 vide
699 1248 875 1297 regiones
892 1276 901 1294 ,
927 1248 969 1285 .si
990 1261 1067 1285 non

50 1316 141 1346 sunt
175 1309 295 1358 magis
324 1308 434 1345 siccae
466 1307 514 1344 ad
546 1308 675 1357 ignem
697 1336 706 1354 ,
739 1321 855 1357 quam
892 1307 987 1344 albae
1021 1308 1068 1344 ad

47 1382 220 1406 messem.
250 1371 373 1417 Quam
407 1368 560 1415 multae,
583 1380 678 1417 quas
699 1376 902 1417 putaveras
923 1368 1068 1417 fruges,

46 1428 249 1479 diligenter
269 1428 474 1479 inspectae,
494 1441 633 1478 vepres
653 1428 783 1477 potius
803 1427 1070 1478 apparebunt?

45 1492 129 1527 Imo
150 1501 199 1526 ne
218 1501 357 1539 vepres
391 1487 547 1538 quidem
569 1502 577 1524 ε
598 1497 755 1524 annosae
787 1496 825 1524 et
856 1496 1070 1525 veternosae

47 1548 206 1587 arbores
224 1557 335 1596 sunt,
356 1549 423 1586 sed
440 1562 521 1586 non
542 1548 719 1599 profecto
741 1548 967 1595 fructiferae3
998 1549 1071 1585 nisi

47 1610 146 1647 forte
165 1609 362 1660 glandium
379 1617 445 1647 aut
465 1609 710 1659 siliquarum,
729 1621 824 1658 quas
839 1610 949 1659 porci
965 1622 1071 1646 man-

46 1669 200 1707 ducant.
229 1673 441 1720 Quousque
475 1678 670 1720 occupant
708 1670 879 1706 terram?
910 1673 1068 1717 Nonne,

47 1729 80 1768 si
111 1730 194 1767 exis
223 1739 262 1768 et
292 1731 417 1768 cernis
438 1731 531 1776 ista,
565 1729 730 1780 pudebit
761 1729 922 1767 otiosam
939 1729 1069 1780 jacere

47 1791 234 1839 securim3
254 1791 418 1842 pudebit
435 1792 516 1829 sine
536 1804 651 1829 causa
666 1791 800 1828 falcem
819 1792 1068 1841 apostolicam

47 1852 241 1903 accepisse
255 1854 270 1889 Ξ)

101 1913 163 1950 13.
183 1916 230 1950 In
248 1913 354 1951 hunc
383 1912 581 1964 quondam
603 1926 737 1964 agrum
766 1916 870 1950 Isaac
896 1913 1063 1964 patriar·

47 1972 117 2010 cha
146 1974 313 2020 exierat,
349 1987 436 2011 cum
457 1975 584 2026 primo
608 1973 783 2012 Rebecca
815 1974 984 2011 occurrit
1003 1973 1062 2011 ei:

46 2042 102 2081 et,
135 2042 181 2072 ut
212 2035 411 2086 Scriptura
430 2035 564 2082 habet,
602 2037 767 2071 Exierat
794 2036 850 2071 acl
867 2036 1063 2070 meditan-

47 2096 136 2131 dum
155 2101 181 2132 ¹.
212 2095 282 2132 Ille
303 2095 351 2132 ad
377 2095 665 2142 meditandum,
693 2104 735 2132 tu
768 2094 815 2132 ad
846 2095 1065 2145 exstirpan-

48 2154 142 2192 dum
175 2155 382 2205 egrediaris
413 2169 567 2193 necesse
601 2164 669 2193 est.
697 2155 781 2193 Tibi
799 2154 880 2205 jam
900 2168 1065 2206 praeces—

48 2214 139 2253 sisse
168 2216 367 2254 meditatio
400 2215 515 2254 debet
550 2231 558 2253 :
595 2224 748 2267 tempus
787 2216 951 2253 faciendi
984 2228 1066 2266 prae

47 2275 236 2314 manibus.
273 2277 311 2315 Si
343 2290 447 2314 nunc
469 2276 644 2314 haesitare
661 2275 679 2299 ¹³
699 2276 880 2326 incipias,
910 2275 950 2312 id
977 2275 1068 2326 qui-

49 2337 135 2375 dem
151 2351 249 2376 sero.
271 2342 392 2385 Ante,
410 2337 521 2388 juxta
541 2338 742 2375 consilium
764 2337 993 2384 Salvatoris,
1015 2350 1070 2374 se-

49 2397 148 2436 disse
170 2398 358 2437 debueras
381 2428 392 2445 ,
427 2408 516 2436 ante
549 2399 755 2436 aestimasse
788 2412 908 2449 opus,
942 2398 1069 2435 metiri

2 2475 3 2478 ¹
48 2458 167 2507 vires,
198 2459 434 2510 ponderasse
459 2459 710 2509 sapientiam,
740 2459 878 2496 merita
911 2471 1068 2508 compa-

50 2531 172 2566 rasse,
189 2528 366 2571 sumptus
385 2528 628 2570 computasse
642 2520 843 2557 virtutum.
865 2524 944 2569 Age
961 2532 1067 2569 ergo,

49 2587 143 2629 puta
171 2587 322 2631 tempus
346 2580 559 2630 putationis
591 2579 745 2627 adesse,
775 2580 806 2617 si
830 2588 956 2616 tamen
988 2592 1069 2616 me-

51 2637 244 2677 ditationis
283 2640 446 2690 praeivit.
490 2640 529 2678 Si
563 2653 630 2677 cor
664 2640 841 2687 movisti,
878 2639 1121 2679 movendaD

47 2696 126 2747 jam
151 2700 301 2750 lingua,
327 2700 519 2737 movenda
539 2709 595 2737 est
614 2709 651 2738 et
675 2714 823 2738 manus.
858 2701 1069 2751 Accingere

51 2760 178 2808 gladio
198 2769 265 2799 tuo
280 2790 290 2808 ,
327 2761 454 2811 gladio
487 2761 661 2811 spiritus,
700 2761 806 2811 quod
827 2770 884 2799 est
904 2761 1069 2799 verbum

50 2820 122 2857 Dei
150 2826 177 2857 ².
210 2821 393 2860 Glorifica
423 2835 580 2859 manum
601 2830 639 2859 et
658 2821 858 2859 brachium
892 2822 1070 2859 dextrum

51 2878 92 2918 in
116 2880 291 2919 faciendo
315 2882 525 2920 vindictam
544 2883 584 2920 in
614 2882 858 2930 nationibus,
889 2883 1069 2933 increpa-

8 2966 10 2973 .
53 2938 176 2978 tiones
192 2941 232 2978 in
252 2943 425 2993 populis,
447 2943 487 2979 in
517 2942 709 2992 alligando
728 2956 835 2993 reges
858 2957 993 2980 eorum
1027 2943 1067 2979 in

9 3031 10 3034 ,
54 3001 324 3052 compedibus,
345 3011 384 3040 et
412 3002 563 3040 nobiles
583 3015 718 3040 eorum
747 3004 787 3040 in
810 3003 968 3041 manicis
991 3004 1069 3041 fer-

55 3060 139 3098 reis.
186 3063 225 3101 Si
260 3063 342 3100 haec
374 3063 464 3101 facis
489 3093 499 3111 ,
542 3064 775 3101 honorificas
814 3064 1068 3101 ministerium

56 3128 162 3160 tuum
179 3151 191 3171 ,
223 3132 262 3161 et
286 3124 543 3162 ministerium
575 3132 624 3162 te.
653 3128 739 3162 Non
768 3124 972 3162 mediocris
998 3124 1068 3161 iste

1138 1130 1288 1177 nobile,
1308 1146 1422 1182 quani
1446 1146 1597 1170 morum
1620 1134 1878 1184 ingenuitate,
1897 1145 1934 1173 et
1958 1137 2046 1174 fidei
2074 1138 2149 1176 for-

1138 1191 1300 1228 titudine
1326 1193 1379 1229 fit.
1416 1197 1489 1230 Per
1508 1193 1607 1230 hanc
1627 1195 1804 1232 vicerunt
1824 1210 1941 1246 regna
1956 1227 1966 1244 ,
2000 1200 2149 1249 operati

1137 1260 1227 1289 sunt
1256 1251 1443 1302 justitiam
1462 1282 1471 1299 ,
1500 1253 1630 1304 adepti
1665 1263 1755 1292 sunt
1781 1258 2098 1306 repromissiones
2121 1259 2146 1296 ⁵.

1136 1315 1220 1349 Hoc
1251 1312 1550 1363 chirographum
1585 1323 1754 1364 paternae
1787 1323 1858 1352 tuae
1896 1317 2149 1366 haereditatis,

1137 1373 1239 1422 quod
1261 1373 1330 1410 tibi
1352 1374 1583 1421 evolvimus,
1611 1375 1678 1412 ubi
1695 1376 1873 1426 inspicias
1898 1379 2117 1427 portionem
2134 1380 2152 1404 ἃ

1137 1446 1222 1483 quae
1244 1441 1279 1470 te
1300 1434 1502 1483 contingit.
1528 1434 1694 1472 Induere
1717 1436 2003 1483 fortitudinem,
2020 1447 2058 1475 et
2072 1439 2151 1476 hae-

1138 1493 1321 1532 reditasti.
1343 1494 1498 1531 Posside
1518 1494 1629 1532 fidem
1642 1524 1651 1542 ,
1673 1496 1827 1546 posside
1846 1498 2046 1548 pietatem,
2063 1513 2152 1550 pos-

1139 1554 1218 1592 side
1251 1555 1476 1605 sapientiam
1501 1584 1510 1601 ,
1553 1556 1619 1593 sed
1663 1557 1888 1607 sapientiam
1929 1568 2149 1598 sanctorum

1140 1615 1243 1665 (ipsa
1266 1623 1323 1652 est
1347 1615 1462 1651 timor
1482 1616 1684 1667 Domini),
1712 1625 1749 1654 et
1778 1617 1894 1655 habes
1916 1619 2021 1669 quod
2042 1629 2151 1658 tuum

1137 1683 1204 1712 est.
1236 1674 1364 1712 Habes
1385 1675 1465 1712 sine
1486 1675 1776 1714 defraudatione
1799 1678 1990 1728 integrum
2021 1689 2150 1730 pater-

1137 1748 1229 1771 num
1251 1735 1426 1771 fundum.
1455 1736 1756 1774 Pretiosissimus
1777 1736 1919 1776 fundus
1941 1740 2063 1778 virtus
2082 1750 2150 1779 est.

1136 1800 1266 1833 Bonus
1295 1795 1437 1832 fundus
1456 1796 1674 1842 humilitas,
1706 1797 1745 1834 in
1778 1811 1856 1847 quo
1888 1810 2002 1838 omne
2031 1801 2151 1839 aedifi-

1089 1866 1116 1902 C
1137 1857 1238 1894 cium
1258 1857 1455 1907 spirituale
1471 1865 1734 1894 constructum
1755 1859 1889 1895 crescit
1905 1860 1945 1896 in
1964 1862 2150 1912 templum

1132 1927 1306 1957 sanctum
1327 1918 1366 1954 in
1390 1917 1572 1955 Domino.
1599 1921 1671 1956 Per
1691 1918 1790 1955 hanc
1816 1921 1993 1958 nonnulli
2022 1935 2151 1972 posse-

1132 1980 1222 2016 dere
1243 1978 1354 2016 etiam
1384 1986 1515 2029 portas
1537 1978 1796 2016 inimicorum.
1825 1983 1918 2029 Quae
1939 1981 2040 2019 enim
2071 1983 2153 2020 vir-

1132 2048 1257 2076 tutum
1276 2051 1384 2089 aeque
1399 2046 1527 2088 potest
1545 2037 1764 2075 daemonum
1784 2052 1938 2077 omnem
1959 2040 2151 2080 debellare

1131 2098 1351 2151 superbiam
1375 2128 1384 2145 ,
1417 2098 1661 2147 tyrannidem
1699 2099 1934 2137 hominum?
1965 2104 2152 2140 Caeterum

1133 2175 1219 2198 cum
1243 2160 1347 2197 omni
1372 2159 1637 2196 indifferenter
1659 2172 1835 2209 personae
1864 2160 1945 2198 haec
1972 2162 2019 2198 sit
2049 2175 2150 2212 quae-

1134 2221 1220 2259 dam
1246 2220 1360 2258 turris
1383 2219 1616 2256 fortitudinis
1648 2233 1668 2255 a
1694 2219 1786 2256 facie
1816 2220 1988 2268 inimici3
2020 2223 2149 2260 nescio

1135 2296 1213 2333 quo
1235 2290 1349 2332 pacto
1379 2289 1505 2317 tamen
1525 2280 1582 2316 vis
1607 2278 1690 2329 ejus
1711 2279 1834 2329 major
1857 2281 1896 2318 in
1917 2280 2149 2331 majoribus,

1135 2352 1172 2380 et
1204 2342 1244 2379 in
1284 2339 1508 2378 clarioribus
1543 2339 1682 2376 clarior
1716 2341 2003 2391 comprobatur.
2040 2343 2152 2380 Nulla

1135 2401 1375 2453 splendidior
1402 2412 1573 2450 gemma,
1597 2399 1636 2435 in
1661 2400 1766 2436 omni
1786 2402 1979 2451 praecipue
2010 2410 2150 2439 ornatu

1136 2461 1275 2500 summi
1296 2460 1503 2498 Pontificis.
1525 2462 1609 2507 Quo
1634 2459 1736 2495 enim
1760 2460 1896 2497 celsior
1917 2462 2079 2508 caeteris,
2101 2475 2147 2498 eo

1134 2522 1347 2560 humilitate
1369 2527 1526 2571 apparet
1545 2519 1730 2556 illustrior
1750 2529 1786 2557 et
1806 2533 1844 2557 se
1862 2521 1958 2571 ipso.

1485 2640 1662 2678 CAPUT
1691 2639 1788 2679 VII.

1136 2769 1311 2799 Resumens
1327 2764 1463 2807 priorem
1484 2762 1705 2805 quaestionem,
1730 2761 1799 2805 quis
1818 2761 1873 2801 sit,
1897 2761 2073 2806 diligentius
2097 2774 2146 2796 ex-

1582 2816 1701 2858 pendit.

1195 2941 1254 2978 14.
1284 2943 1433 2989 Arguar
1453 2937 1609 2974 forsitan
1625 2965 1634 2983 ,
1659 2937 1765 2988 quod
1795 2949 1873 2973 non
1900 2937 1989 2975 satis
2015 2937 2149 2988 primis

1135 2999 1323 3051 explicitis
1343 2999 1516 3049 partibus
1530 3026 1539 3043 ,
1570 2997 1609 3034 in
1630 2997 1815 3034 secundas
1835 2998 1963 3035 nescio
1985 3011 2150 3048 quomo-

1136 3062 1184 3098 do
1208 3062 1314 3098 stilus
1335 3058 1569 3104 excurrerit,
1595 3057 1813 3095 describere
1842 3058 2025 3096 inchoans
2050 3072 2147 3108 qua—

1135 3123 1210 3159 lem
1232 3129 1267 3157 te
1291 3127 1468 3170 oporteat
1488 3131 1568 3155 esse
1586 3145 1596 3164 ‚
1630 3130 1717 3155 cum
1744 3117 1909 3154 necdum
1927 3147 1936 3165 ,
1969 3119 2053 3168 quis
2070 3118 2118 3155 sis
2134 3147 2145 3164 ,

108 3266 120 3283 '
135 3265 216 3296 Gen.
240 3275 335 3304 xxxv,
364 3268 420 3297 62.
439 3282 485 3289 —
499 3271 513 3287 ²
531 3265 647 3309 Ephes.
668 3278 722 3305 vr,
749 3270 802 3299 17.
818 3284 862 3289 -—
879 3263 892 3287 3
909 3264 1022 3298 Jacobi
1037 3276 1084 3301 xv,
1109 3266 1161 3295 17.
1177 3280 1224 3285 —
1238 3259 1252 3287 4
1271 3263 1346 3292 Luc.
1369 3270 1440 3298 xit,
1458 3262 1515 3292 47.
1536 3277 1582 3282 ——
1603 3256 1616 3280 5
1632 3257 1730 3290 Hebr.
1747 3268 1802 3296 Χῖ,
1823 3260 1877 3289 33.

105 3327 121 3344 ³
134 3323 221 3355 Alias
233 3347 241 3362 ‚
259 3324 324 3355 Exi
338 3330 443 3356 autem
457 3323 647 3370 quibusdam
666 3331 726 3358 etc.
744 3346 790 3350 —
808 3319 824 3342 ¹³
840 3325 940 3363 Alias,
961 3324 1105 3368 cogitare
1127 3321 1274 3366 incipias.

105 3379 120 3395 ⁰
136 3376 222 3407 Alias
235 3400 244 3415 ,
265 3383 296 3407 et
312 3388 378 3408 non
387 3377 519 3419 faciens
535 3376 647 3422 digna.
659 3398 705 3402 -
719 3378 735 3399 d
757 3378 843 3411 Alias
857 3402 864 3413 .
881 3377 1063 3422 portionem
1076 3374 1272 3406 substantiae.
