2533 3920
369 173 442 210 735

1141 160 1175 192 S.
1208 153 1462 189 BERNARDI
1493 151 1696 187 ABBATIS

2382 146 2452 184 736
2482 142 2485 187 5

422 257 459 285 ct
482 244 593 283 uxori
621 242 723 292 ejus,
758 240 810 277 sic
846 252 884 276 se
921 236 1087 274 invicem
1122 233 1300 282 diligere,
1342 238 1383 267 ut
1404 233 1433 265 A
1452 229 1512 267 Ad
1545 228 1584 265 itl
1616 226 1721 278 quod
1746 237 1900 262 necesse
1926 231 2008 269 est,
2039 221 2129 258 huic
2154 220 2382 259 adolescenti
2409 224 2454 262 de
2482 248 2484 255 ,

425 316 559 346 mutuo
580 304 712 341 norint
731 299 870 338 Christi
891 309 1061 336 amorem
1082 305 1322 344 praeponere.

423 425 621 478 Quidquid
654 436 769 474 super
803 430 941 458 terram
981 414 1210 467 possidetis,
1241 420 1387 449 certum

370 499 427 528 est
447 502 516 526 vos
535 485 770 537 quandoque
791 481 967 519 amittere
983 508 992 524 ,
1021 476 1094 513 nisi
1116 473 1222 525 quod
1251 474 1288 509 in
1311 486 1388 509 coe—

369 553 448 589 lum
467 558 504 586 et
524 561 594 599 per
622 557 756 582 manus
782 552 998 593 pauperum
1027 535 1254 574 curaveritis
1285 546 1388 584 prae-

370 613 532 649 mittere.
568 608 636 645 Eia
655 634 665 652 ,
700 601 911 641 charissimi
934 629 944 646 ‚
987 596 1238 635 thesaurizate
1279 592 1391 630 vobis

373 674 572 711 thesauros
592 669 631 705 in
661 667 779 712 coelo,
810 663 877 700 ubi
901 662 1004 698 tinea
1031 672 1111 695 non
1133 655 1364 693 demoliatur
1380 682 1390 699 ‚

372 735 441 772 ubi
461 734 564 770 fures
583 742 661 767 non
683 726 890 770 effodiant,
912 736 981 759 nec
1017 720 1217 764 furentur3
1238 716 1305 753 ubi
1323 715 1392 751 de-

373 796 490 845 nique
518 792 596 828 dux
614 790 696 840 ipse
715 785 828 824 nobis
854 782 947 820 nihil
964 779 1075 818 vobis
1094 778 1213 829 possit
1229 777 1391 813 auferre.

377 859 413 893 SA
436 855 482 891 de
503 851 640 890 nuntio
663 845 817 885 solliciti
838 843 948 887 estis,
977 839 1127 877 habetis
1148 836 1321 888 quotidie
1347 834 1395 871 ad

376 917 516 954 ostium
549 919 722 948 vestrum
758 918 837 943 non
871 915 1014 947 unum,
1043 899 1110 936 sed
1139 899 1293 949 plures,
1326 895 1393 946 qui

374 976 539 1014 fideliter
560 968 824 1021 deportabunt
840 973 1094 1015 quaecumque
1109 960 1176 996 illo
1199 957 1396 995 transmit-

375 1046 454 1073 tere
475 1031 686 1071 volueritis.
708 1027 768 1065 Ad
790 1027 864 1063 hoc
886 1023 988 1060 enim
1014 1030 1190 1070 tempore
1213 1016 1394 1069 praesenti
1414 1016 1442 1050 B

377 1101 482 1135 Deus
502 1095 658 1131 illorum
684 1100 872 1127 aerumnas
891 1081 1182 1133 multiplicavit,
1212 1088 1255 1116 ut
1282 1091 1395 1115 occa-

378 1159 525 1195 sionem
559 1151 731 1190 habeatis
769 1143 1050 1184 thesaurizandi
1088 1142 1126 1178 in
1163 1141 1249 1176 loco
1283 1146 1397 1175 tantae

384 1215 572 1256 felicitatis
591 1221 627 1250 et
648 1208 873 1249 securitatis.
890 1206 1063 1255 Idipsum
1081 1202 1128 1239 de
1144 1209 1270 1238 vestra
1290 1207 1398 1250 parte

382 1279 558 1317 intimare
583 1271 722 1311 curetis
743 1273 784 1308 T.
808 1267 915 1306 fratri
933 1273 1067 1303 nostro
1088 1271 1126 1300 et
1144 1261 1248 1298 bono
1266 1260 1400 1310 nepoti

381 1349 527 1383 vestro,
551 1345 589 1374 et
603 1338 666 1374 W.
687 1332 752 1383 qui
772 1330 890 1368 habet
910 1335 1067 1378 neptem
1086 1332 1253 1361 vestram
1268 1351 1277 1369 ‚
1303 1330 1341 1359 et
1371 1320 1401 1358 si

385 1414 483 1452 quos
504 1398 598 1436 alios
619 1395 721 1433 scitis
739 1393 804 1443 qui
825 1398 1001 1428 nostrum
1021 1386 1068 1423 de
1087 1385 1159 1422 hac
1181 1397 1222 1421 re
1244 1392 1319 1420 tam
1337 1396 1399 1419 sa-

384 1463 495 1501 lubre
514 1458 714 1497 consilium
737 1467 815 1491 non
840 1456 1114 1492 contemnant,
1137 1453 1175 1482 et
1195 1458 1260 1481 eos
1281 1443 1403 1480 maxi⁴¹

385 1537 446 1560 me
467 1519 593 1572 quiin
623 1517 742 1553 domo
769 1513 841 1550 Dei
869 1519 958 1549 sunt
985 1508 1126 1547 sentire
1147 1506 1238 1543 volo
1266 1512 1403 1541 vestrae

386 1586 426 1621 in
447 1580 628 1633 proximo
648 1573 879 1613 visitationis
897 1569 1223 1608 benedictionem.

1455 289 1592 326 vestris
1621 285 1797 338 partibus
1827 284 1901 321 illis
1933 295 2046 320 causa
2066 294 2144 318 suae
2166 280 2296 318 salutis
2316 281 2363 318 ad
2387 297 2455 322 nos

1455 349 1647 394 venienti,
1662 347 1773 384 vobis
1792 345 1921 382 nescio
1946 356 2021 394 qua
2042 355 2154 379 causa
2178 342 2456 391 praetermissis,
2482 364 2484 381 ι

1457 410 1544 461 quia
1566 422 1654 454 nos,
1681 408 1778 444 sicut
1805 405 1926 451 scitis,
1956 417 2043 441 eum
2070 402 2241 452 recipere
2266 414 2344 438 non
2373 416 2458 453 pos-

1458 484 1589 509 sumus
1610 500 1618 516 ‚
1658 468 1706 506 ad
1730 480 1800 505 vos
1831 465 1971 503 reverti
2003 463 2261 515 persuasimus
2280 491 2290 508 ‚
2325 463 2457 513 vobis,-

1457 533 1530 570 nisi
1558 531 1688 574 fallor,
1715 542 1793 566 non
1820 527 1994 564 inutilem
2018 526 2211 570 futurum,
2243 523 2273 559 si
2297 524 2459 574 recipere

1458 592 1677 637 volueritis,
1700 589 1806 640 quod
1826 596 1864 626 et
1877 587 2042 624 multum
2055 597 2194 636 precor
2207 591 2250 620 ut
2272 583 2423 622 faciatis.

2144 733 2462 744 ===v===n=u========v===

1600 867 1977 927 EPISTOLA
2027 863 2327 925 CDXXII.

1726 1040 1774 1062 AD
1797 1037 1983 1069 QUEMDAM
2003 1035 2211 1060 Emscoruu
2217 1050 2224 1058 .

1531 1171 1739 1205 Commendat
1757 1171 1787 1202 ei
1811 1180 1938 1202 causam
1955 1167 2138 1201 monasterii
2157 1165 2416 1198 Sancti-Martini.

1629 1301 1787 1348 Semper
1814 1296 1940 1333 facere
1966 1293 2074 1345 quod
2095 1295 2201 1331 Deus
2225 1291 2321 1329 vult.

1523 1431 1652 1469 Placet
1672 1427 1785 1465 vobis
1803 1424 1910 1476 quod
1929 1436 2079 1475 pauper
2098 1421 2256 1460 ecclesia
2275 1422 2311 1459 S.
2329 1420 2486 1459 Martini}

1472 1493 1655 1530 collatum
1678 1488 1750 1526 sibi
1768 1502 1788 1525 a
1804 1492 1887 1525 Deo
1907 1483 2148 1536 paupertatis
2170 1484 2348 1520 levamen
2368 1481 2475 1532 magis

1473 1553 1642 1591 fortassis
1657 1552 1866 1589 amicorum
1885 1561 2000 1598 quam
2017 1545 2175 1596 justitiae
2189 1544 2321 1595 inopia
2335 1534 2485 1594 perdit?

1472 1613 1656 1664 Alioquin
1672 1613 1702 1649 si
1719 1610 1862 1661 justam
1879 1607 2049 1646 creditur
2062 1620 2142 1644 non
2160 1605 2304 1643 habere
2320 1617 2487 1651 causam,.

681 1714 1137 1730 xsxxasmxnvvvnmumxm===xv==nu
1143 1711 1409 1722 ==xv===¹==n==u====

1475 1684 1512 1712 et
1542 1675 1615 1711 hoc
1647 1674 1681 1710 ei
1702 1671 1876 1722 expedit,
1905 1678 1949 1706 ut
1977 1669 2052 1706 cito
2079 1666 2128 1705 ab
2158 1665 2297 1716 injusta
2321 1665 2487 1720 quiescatz

1477 1734 1733 1786 querimonia.
1762 1732 1952 1769 Volumus
1972 1730 2101 1779 itaque
2131 1741 2201 1764 vos
2232 1740 2312 1764 non
2340 1726 2506 1776 gravari.»

1429 1801 1456 1837 C
1477 1797 1678 1846 diligenter
1705 1793 1900 1844 inquirere
1929 1804 2081 1828 causam
2104 1819 2115 1838 ,
2149 1798 2187 1827 et
2214 1801 2372 1839 operam
2399 1786 2492 1838 darei

1480 1858 1645 1908 qualiter
1667 1864 1731 1893 aut
1746 1854 1848 1904 juste
1866 1853 2076 1890 terminent
2093 1859 2159 1888 aut
2178 1849 2359 1901 pacifice,
2376 1848 2415 1886 id
2431 1856 2485 1886 est*

1481 1927 1545 1956 aut
1566 1917 1714 1968 judicio
1736 1924 1801 1953 aut
1821 1913 2043 1952 concordia.
2065 1913 2196 1951 Valete
2219 1911 2294 1948 mei
2320 1919 2486 1956 memor,'

1481 1979 1699 2016 dulcissime
1718 1985 1842 2028 pater.

398 1729 453 1738 ιιι·
460 1722 677 1736 ινινινινιιιικιι

544 1845 920 1911 EPISTOLA
977 1842 1253 1901 CDXXI.

661 2008 709 2029 AD
740 2003 925 2034 QL‘EMDAM
958 1999 1141 2023 ABEATEM.

2108 2115 2278 2125 =m==v=v=u=
2283 2113 2379 2123 ==m=1==
2383 2112 2433 2123 vm
2437 2112 2480 2122 uu

395 2132 528 2162 Excusat
546 2136 578 2156 se
597 2123 637 2154 de
656 2121 796 2164 epistolae
816 2118 989 2154 brevitate,
1017 2114 1210 2155 remittitque
1235 2111 1279 2142 illi
1304 2122 1413 2152 qnem-
1480 2116 2107 2132 -u-m--„mun-„um„uummum

442 2184 514 2215 dani
540 2179 770 2211 adolescentem
783 2200 791 2213 ,
814 2185 907 2216 quem
924 2171 1089 2203 admittere
1114 2179 1185 2200 cum
1202 2167 1264 2199 suis
1284 2166 1413 2197 minime
2017 2149 2019 2151 ¹

445 2242 577 2281 POlGl'at.

744 2355 943 2408 Quidquid
979 2353 1062 2392 sibi.

1779 2415 1826 2436 AD
1848 2412 2032 2443 QI'EMDAM
2053 2410 2215 2433 AMICU‘M.

452 2505 538 2539 'Non
559 2499 697 2548 ignoro
725 2493 880 2545 quidem
905 2490 1011 2541 quod
1038 2490 1077 2526 in
1105 2487 1247 2525 nostris
1278 2485 1414 2523 litteris

400 2562 447 2600 ad
467 2574 537 2598 vos
558 2558 681 2595 missis
704 2564 741 2593 et
763 2553 933 2591 brevitas
951 2559 990 2588 et
1013 2550 1162 2587 siccitas
1188 2547 1309 2584 soleat
1333 2558 1414 2582 esse

400 2618 572 2661 molesta.
596 2619 668 2656 Sed
688 2617 847 2654 brevem
866 2627 926 2650 me
951 2612 1039 2649 facit
1059 2610 1177 2647 multa
1198 2607 1414 2657 occupatio,
1432 2620 1465 2653 D

401 2693 438 2721 et
465 2681 616 2719 modica
641 2678 796 2715 devotio
823 2676 978 2711 siccum.
1009 2671 1212 2719 Indulgete
1234 2668 1348 2714 mihi3
1379 2675 1417 2703 et

400 2757 503 2781 nunc
524 2749 684 2791 urgente
706 2738 779 2775 diei
801 2735 957 2780 malitia,
978 2731 1146 2783 probare
1167 2729 1415 2779 compellor21.

1538 2541 1673 2570 Excusat
1690 2548 1722 2568 se
1739 2536 1824 2579 qnod
1841 2547 1912 2567 cum
1928 2546 1966 2567 eo
1983 2534 2023 2566 ad
2040 2534 2176 2576 legatum
2193 2532 2238 2564 ire
2254 2543 2319 2563 non
2336 2536 2437 2574 queat.
2482 2563 2484 2568 ,

1537 2666 1650 2715 Quod
1671 2665 1719 2702 ad
1742 2679 1828 2711 vos,
1856 2673 1899 2701 ut
1918 2662 2144 2708 mandastis,
2167 2662 2249 2712 ipse
2275 2674 2354 2698 non
2384 2647 2488 2703 venigf

1485 2741 1598 2764 causa
1627 2735 1683 2763 cst
1709 2735 1746 2763 et
1766 2735 1841 2763 tam
1858 2725 2003 2776 gravis,
2023 2722 2134 2773 cujus
2149 2735 2238 2769 vos,
2259 2722 2330 2759 etsi
2345 2714 2483 2758 interin'
2503 2729 2509 2746 ›

405 2914 417 2925 ω
439 2896 536 2928 sancti
551 2892 704 2926 Bernardi
721 2890 845 2922 abbatis
865 2885 1135 2920 Clarae-Vallensis
1156 2884 1303 2927 epistolas
1322 2883 1473 2915 hactenus
1491 2884 1623 2916 ineditas
1640 2883 1861 2926 descripsimus
1883 2882 1948 2914 tere
1967 2892 2075 2913 omnes
2091 2891 2131 2912 ex
2148 2879 2274 2923 opt-imae
2293 2885 2374 2911 notae
2391 2875 2484 2910 codic«.
2499 2893 2503 2900 ·

405 2967 417 2978 »
439 2949 566 2991 insignis
579 2944 760 2993 monasterii
777 2941 1029 2975 Sancti-Yedasti
1044 2938 1278 2975 Atrebatensis3
1299 2949 1375 2979 quas
1392 2938 1464 2968 licet
1483 2938 1614 2970 diversis
1630 2937 1826 2980 temporibus
1843 2936 1974 2978 scriptas
1985 2960 1992 2974 ‚
2011 2945 2075 2966 uno
2091 2941 2201 2966 tenore
2220 2932 2400 2971 referimus,
2417 2928 2473 2962 ami

404 3022 416 3032 »
439 3015 548 3036 corum
572 3002 669 3033 secuti
693 2999 867 3031 consilium.
890 3012 902 3023 υ
922 2996 1064 3037 Triginta
1091 3000 1226 3035 quatuor
1255 2993 1393 3035 priores,
1422 3003 1536 3035 nempe
1562 3003 1578 3023 a
1605 2991 1911 3034 quadringentesima
1928 2990 2077 3032 vigesima
2099 2988 2140 3020 ad
2163 2983 2481 3030 quadringentesima

403 3056 691 3101 quinquagesimam
707 3053 831 3084 tertiam
844 3076 851 3089 ‚
874 3056 970 3081 erutae
987 3055 1059 3080 sunt
1082 3059 1120 3079 ex
1143 3047 1250 3078 codice
1275 3046 1468 3085 Yedastinm
1496 3046 1655 3087 trigesima
1672 3046 1781 3087 quinta
1792 3070 1799 3082 ,
1831 3055 1901 3086 quae
1923 3054 2008 3074 nunc
2025 3049 2072 3074 est
2087 3040 2391 3084 quadringentesima
2405 3036 2483 3081 quin*

404 3111 583 3155 quagesima
606 3114 717 3151 quarta
732 3132 739 3145 ,
762 3105 867 3148 prodit
894 3115 931 3134 ex
952 3102 1164 3144 manuscripto
1186 3101 1441 3142 ,aquicinctensn
1463 3099 1622 3142 trigesima
1641 3104 1746 3135 sexta,
1767 3108 1835 3139 quae
1855 3108 1941 3128 nunc
1959 3103 2006 3128 est
2025 3094 2332 3138 quadringentesima
2346 3091 2474 3134 quinqua

404 3167 521 3208 gesima
550 3163 676 3206 quinta,
705 3171 743 3191 ex
759 3157 951 3190 Verdinensi
968 3156 1194 3198 manuscripto.
1215 3157 1281 3185 Has
1306 3165 1415 3185 omnes
1440 3154 1588 3196 epistolas
1614 3152 1726 3184 eodem
1743 3158 1852 3183 tenore
1874 3161 1936 3192 quo
1959 3150 2026 3192 ipse
2047 3152 2196 3182 Mal-tene
2219 3151 2469 3190 repraesentamus

403 3221 476 3251 licet
489 3217 538 3248 vir
552 3217 603 3247 ille
617 3215 693 3246 alias
707 3211 935 3245 eruditissimus
948 3235 954 3248 ,
979 3210 1018 3240 de
1041 3209 1181 3251 quinque
1195 3219 1233 3239 ex
1246 3209 1307 3239 illis
1328 3208 1544 3250 imprudenter
1558 3207 1725 3238 asseruerit
1739 3204 1822 3247 quod
1837 3204 1954 3235 fuerint
1974 3202 2109 3235 antehac
2132 3201 2270 3234 ineditae.
2289 3199 2410 3232 Etenim
2426 3205 2476 3239 qil?

399 3273 449 3304 hic
466 3277 537 3302 sunt
550 3268 689 3311 epistolae
711 3268 791 3303 427,
810 3267 890 3302 429,
912 3266 991 3301 443,
1011 3265 1025 3293 »1
1035 3266 1090 3301 511,
1110 3264 1174 3293 459,
1189 3286 1196 3299 ,
1210 3263 1276 3304 jam
1290 3268 1413 3293 exstant
1428 3261 1585 3303 superius4
1602 3259 1709 3302 paucis
1728 3258 1873 3296 1111113115,
1891 3257 2034 3300 epistolae
2051 3259 2132 3295 391,
2150 3259 2231 3294 316,
2251 3257 2330 3294 417,
2347 3255 2402 3290 86,
2418 3251 2476 3282 413

2157 3316 2212 3358 (N'.
2226 3314 2282 3356 E.)

452 3333 464 3347 ‘¹
488 3333 630 3361 Fortasse
643 3352 649 3361 ,
669 3323 836 3367 Indulgme
851 3321 924 3353 mihi
936 3335 946 3355 .·
967 3329 994 3352 et
1013 3333 1098 3352 nunc
1113 3328 1243 3363 argente
1256 3319 1317 3351 diei
1336 3320 1458 3351 malitia
1471 3331 1648 3366 properare
1665 3316 1851 3363 compellor.
