2565 3952
93 180 137 217 (31
846 175 1108 211 PRAEFA'HO
1147 175 1440 212 GENERALIS.
2145 179 2194 216 (3⁴2

150 272 298 312 LXIV.
334 270 539 323 Quaedam
575 268 808 323 singularia
838 267 967 309 habet
995 268 1123 320 Otto,
1152 264 1350 320 quaedam
1386 264 1488 305 item
1525 276 1549 304 a
1584 264 1792 306 Gaufrido
1816 265 2112 321 discrepantia.
2145 272 2198 312 Et

90 349 228 403 primo
253 347 428 402 quidem
447 347 604 400 tradit,
627 346 807 389 Gilberti
825 358 1001 387 examen
1027 365 1043 380 κ
1068 345 1189 386 finita
1212 343 1379 398 synodo
1395 375 1405 395 ,
1431 347 1473 384 et
1494 343 1776 398 promulgatis
1795 343 1974 387 decretis
2001 366 2016 381 ι»
2042 347 2196 389 initum

88 428 220 470 fuisse
243 442 252 469 z
279 433 373 469 tum
412 447 427 462 «
456 427 635 468 decursa
663 426 869 468 medianae
904 424 1247 478 Quadragesimae
1272 422 1563 475 hebdomada,
1592 435 1797 477 sacroque
1832 423 2055 467 dominicae
2089 428 2194 468 Pas-

94 525 110 541 »
139 507 270 548 sionis
292 510 482 560 tempore
500 504 746 557 inchoante,
772 523 789 540 υ
817 503 1058 546 Gilbertum
1078 503 1122 543 in
1148 501 1339 543 medium
1357 504 1557 542 vocatum
1577 500 1631 541 ad
1645 500 1872 555 judicium.
1895 502 2059 544 Deinde
2078 504 2196 547 lectis

89 584 142 626 ab
164 597 213 626 eo
247 583 589 626 orthodoxorum
610 585 789 625 Patrum
812 583 934 624 libris
957 583 1003 623 in
1035 581 1103 622 sui
1137 579 1451 631 defensionem,
1485 579 1725 633 Eugenium
1744 579 1871 621 taedio
1895 580 2100 622 affectum
2124 583 2193 623 in-

85 664 258 717 tulisse,
299 663 417 718 quod
438 663 670 705 Gaufridus
704 663 923 705 Bernardo
946 662 1122 713 tribuit,
1147 657 1397 712 simpliciter
1427 656 1586 699 diceret
1622 658 1863 710 Gilbertus,
1895 678 1910 693 «
1953 673 2060 701 anne
2081 660 2198 702 illam

93 762 109 779 υ
138 755 348 784 summam
362 743 589 784 essentiam
606 742 798 784 erederet
821 754 910 784 esse
930 743 1084 782 Deum.
1115 757 1131 772 »
1155 738 1282 778 Hunc
1300 748 1403 777 vero
1421 735 1588 777 diutina
1612 735 1837 777 collatione
1856 736 2104 790 fatigatum,
2126 739 2195 779 iu-

86 820 347 863 considerate
372 820 642 875 respondisse
657 853 668 873 ,
696 840 711 855 «
737 822 846 862 Non.
881 839 896 855 »
922 817 1049 872 Quod
1067 815 1255 867 dictum,
1274 826 1375 854 mox
1392 812 1445 854 ab
1465 812 1554 867 ejus
1574 825 1647 854 ore
1666 818 1839 868 raptum
1855 815 2048 856 notarius
2071 828 2194 858 exce-

85 899 210 955 perit.
233 898 318 941 Sub
350 899 440 940 haec
471 903 687 940 conventu
714 899 911 951 dimisso,
940 902 1080 939 totum
1102 893 1221 949 quod
1251 892 1465 947 superfuit
1492 891 1608 933 illius
1631 891 1717 933 diei
1750 893 1935 946 spatium
1954 906 2054 935 cum
2073 900 2196 936 nocte

86 982 312 1032 sequente,
351 978 496 1019 amicis
523 979 613 1020 suis
643 977 933 1020 cardinalibus
952 1009 964 1031 ,
999 986 1109 1031 quos
1146 971 1298 1014 habuit
1332 984 1421 1013 non
1454 983 1640 1026 pauCOS,
1678 971 1932 1025 prensandis
1957 973 2197 1016 Gilbertum

85 1055 346 1098 adhibuisse.

145 1136 272 1177 LXV.
310 1135 389 1177 Dic
425 1134 714 1190 subsequente
753 1136 980 1177 recitatum
1015 1133 1151 1188 ipsius
1184 1132 1419 1186 scriptum,
1450 1129 1628 1186 ejusque
1662 1131 1870 1173 rationem
1908 1131 1962 1173 ab
1996 1135 2196 1189 episcopo

86 1217 276 1255 exactam
304 1228 313 1254 ε
340 1226 439 1254 eum
462 1226 564 1254 vero
587 1213 646 1254 ita
664 1212 838 1254 demum
869 1213 1122 1255 sententiam
1147 1224 1268 1252 suam
1295 1210 1542 1265 exposuisse
1560 1241 1571 1260 ,
1592 1214 1642 1251 ut
1669 1211 1706 1251 si
1728 1210 1808 1251 Dei
1825 1223 1981 1252 nomen
2003 1224 2083 1266 pro
2116 1225 2194 1254 na-

86 1296 183 1333 tura
216 1293 309 1346 ipsa
343 1296 559 1344 sumatur,
585 1293 724 1332 Deum
753 1290 930 1345 quidem
963 1303 1053 1332 esse
1087 1289 1366 1342 concederet,
1399 1301 1518 1329 sec-us
1558 1290 1595 1330 si
1628 1301 1707 1343 pro
1730 1301 1913 1343 persona
1941 1304 1950 1330 ε
1975 1303 2055 1343 ne,
2081 1292 2116 1332 si
2152 1292 2197 1333 id

92 1389 108 1405 «
135 1370 460 1412 indeterminate
485 1389 500 1405 »
524 1369 817 1424 profiteretur,
843 1382 892 1410 eo
911 1369 1211 1421 adduceretur,
1232 1373 1282 1410 ut
1304 1366 1521 1422 quidquid
1538 1366 1590 1409 de
1610 1367 1803 1422 qualibet
1820 1381 2000 1422 persona
2022 1369 2195 1422 dicitur,

85 1453 127 1491 et
142 1448 195 1490 de
222 1450 401 1490 essentia
422 1450 582 1504 pariter
612 1453 720 1490 essct
747 1447 1049 1490 asserendum:
1071 1451 1200 1502 atque
1220 1446 1325 1488 adeo
1351 1466 1367 1481 «
1391 1446 1502 1487 sicut
1530 1458 1757 1500 personam
1781 1447 1904 1500 Filii,
1932 1448 1990 1488 ita
2007 1448 2198 1490 divinam

91 1546 106 1561 »
137 1527 359 1568 essentiam
393 1526 719 1568 indeterminate
746 1527 1035 1579 incarnatam,
1060 1538 1316 1581 passamque
1356 1545 1371 1560 »
1415 1524 1611 1566 confiteri
1641 1531 1878 1579 cogeretur.
1917 1528 2036 1569 Hanc
2070 1541 2197 1583 porro

85 1604 402 1647 distinctionem
419 1606 471 1647 ab
495 1618 544 1647 eo
565 1610 767 1647 assertam
783 1606 1036 1647 testimoniis
1060 1607 1253 1658 Patrum,
1272 1604 1529 1646 Theodoreti
1548 1609 1589 1645 et
1607 1604 1782 1658 Hilarii,
1803 1610 1929 1660 atque
1948 1609 2198 1650 auctoritate

85 1685 253 1726 concilii
269 1684 462 1727 Toletani
488 1700 498 1727 z
526 1704 542 1721 c<
571 1698 702 1740 quam
724 1686 1021 1727 auctoritatem
1047 1697 1145 1726 cum
1165 1684 1449 1726 determinare
1485 1684 1612 1726 vellet
1632 1684 1991 1727 Clara—Vallensis
2024 1687 2167 1730 Abbas
2186 1721 2196 1741 ,

91 1782 106 1798 2>
135 1767 177 1805 et
199 1763 343 1819 aliqua
361 1764 493 1806 verba
528 1765 803 1819 protulisset,
837 1777 934 1820 quae
957 1763 1248 1806 cardinalibus
1283 1763 1587 1818 displicerent,
1615 1783 1630 1798 n
1658 1763 1900 1805 Gilbertum
1924 1766 2117 1819 pctiisse,
2150 1772 2200 1808 ut

86 1841 132 1884 id
159 1842 416 1885 scriberetur
436 1858 445 1884 :
473 1845 744 1887 Bernardum
760 1857 863 1886 vero
878 1877 888 1897 ,
911 1844 1030 1900 quod
1059 1842 1294 1886 Gaufridus
1317 1846 1463 1894 notat,
1482 1842 1751 1897 respondisse
1775 1858 1784 1884 ς
1817 1862 1832 1877 α
1859 1844 2076 1886 Scribatur
2101 1846 2198 1888 stilo

91 1942 108 1958 »
136 1922 274 1965 ferreo
291 1956 302 1977 ,
325 1936 471 1978 ungue
491 1923 777 1966 adamantino.
805 1944 821 1960 ³>
848 1926 1034 1966 Demum
1061 1923 1272 1966 Abbatem
1294 1927 1488 1964 sanctum
1522 1923 1743 1977 episcopos
1763 1926 2027 1977 convenisse,
2051 1927 2199 1968 simul-

86 2014 172 2057 que
190 2015 290 2043 cum
315 2003 375 2044 eis
399 2002 531 2045 fidem
566 2016 688 2045 suam
719 2008 868 2046 contra
887 2003 1069 2046 Gilberti
1087 2003 1274 2058 capitula
1310 2003 1571 2057 exposuisse.
1605 2001 1731 2054 Quod
1762 2003 1987 2044 Gallicanae
2006 2005 2199 2047 Ecclesia}

87 2081 249 2123 factum
280 2086 370 2141 tani
387 2065 574 2137 graviter
603 2097 720 2125 sacer
748 2084 1030 2126 cardinalium
1059 2088 1230 2125 senatus
1261 2082 1496 2136 acceperit,
1518 2085 1566 2122 ut
1599 2081 1678 2122 hac
1712 2080 1765 2122 de
1798 2095 1844 2123 re
1864 2082 1917 2123 ad
1945 2084 2199 2126 Pontificem

87 2162 311 2216 conquesti
335 2163 444 2215 sint,
465 2167 560 2203 tum
582 2167 729 2203 contra
752 2163 996 2217 episcopos,
1031 2167 1126 2204 tum
1159 2166 1308 2203 contra
1324 2160 1593 2203 Bernardum
1612 2162 1775 2215 ipsum,
1798 2161 1916 2216 quod
1955 2181 1969 2197 α
1994 2167 2200 2218 tanquam

93 2258 110 2275 »
139 2238 326 2281 finiturae
344 2241 561 2282 sententiae
582 2240 777 2283 ultimam
801 2254 978 2282 manum
1006 2240 1285 2296 apponendo,
1314 2259 1329 2275 »
1366 2240 1470 2294 ipsis
1493 2239 1747 2280 inconsultis
1766 2271 1776 2292 ,
1795 2239 1926 2281 fidem
1945 2253 2068 2281 suam
2091 2242 2198 2283 scri-

89 2317 190 2361 bere
219 2320 312 2360 ausi
339 2319 550 2373 fuissent,
580 2333 677 2375 quae
701 2333 768 2362 res
791 2320 846 2362 ad
867 2323 1101 2363 Romanam
1124 2319 1273 2362 Sedem
1296 2320 1541 2373 pertineret.
1567 2317 1756 2360 Tandem
1782 2319 2050 2361 Bcrnardum
2079 2319 2202 2374 jussu

90 2397 309 2440 Pontificis
325 2431 336 2453 ,
360 2404 411 2441 ut
426 2398 662 2442 cardinales
682 2400 896 2455 placaret,
920 2400 1202 2451 accersitum,
1224 2397 1445 2439 humiliter
1468 2401 1509 2438 et
1527 2410 1626 2438 cum
1646 2398 1883 2439 reverentia
1899 2398 2167 2452 respondisse
2190 2415 2199 2440 :

98 2495 113 2511 «
143 2460 192 2519 Se
210 2509 221 2530 ,
242 2477 311 2519 vel
341 2477 538 2520 dominos
573 2479 795 2534 episcopos
817 2479 927 2520 nihil
954 2478 1007 2520 de
1035 2478 1223 2533 praefatis
1255 2476 1454 2531 capitulis
1473 2476 1683 2518 diffinisse
1705 2491 1714 2517 ε
1742 2476 1816 2518 sed
1848 2478 1951 2531 quia
1972 2476 2025 2518 ab
2053 2478 2202 2518 eodem

98 2575 114 2591 »
142 2556 340 2611 episcopo
362 2557 585 2599 Pictavino
617 2557 812 2599 audierat
825 2590 836 2611 ,
857 2562 907 2600 ut
925 2557 1032 2599 fides
1052 2570 1129 2599 sua
1155 2556 1415 2599 scriberetur
1434 2569 1444 2608 3
1464 2554 1648 2608 idcirco,
1670 2555 1773 2609 quia
1792 2554 1906 2596 solus
1927 2554 2059 2596 nollet
2073 2587 2083 2607 ,
2110 2555 2205 2596 illo-

100 2653 116 2669 »
143 2647 242 2676 rum
272 2636 523 2677 auctoritate
548 2649 595 2677 ac
616 2637 861 2678 testimonio
892 2636 1143 2691 simpliciter
1168 2649 1212 2678 se
1237 2635 1356 2691 quod
1393 2636 1570 2676 sentiret
1600 2635 1860 2689 exposuisse.
1888 2654 1902 2668 »
1933 2635 2028 2686 Quo
2052 2634 2207 2676 humili

95 2725 142 2754 ac
163 2713 356 2756 modesto
380 2727 584 2770 responso
602 2721 775 2771 accepto
788 2749 799 2770 ,
824 2716 1028 2771 praedicta
1040 2715 1324 2757 cardinalium
1342 2713 1581 2767 indignatio
1600 2712 1920 2767 conquieverit,
1952 2730 1967 2745 α
1990 2712 2049 2752 ita
2065 2717 2209 2753 tam-cn

102 2811 118 2828 »
148 2797 196 2835 ut
224 2794 452 2848 praefatum
486 2796 694 2849 scriptum
710 2829 720 2847 ,
741 2801 949 2852 tanquam
976 2795 1218 2837 inconsulta
1249 2796 1368 2837 curia
1389 2794 1631 2850 prolatum,
1658 2793 1777 2834 velut
1812 2793 2075 2833 auctoritatis
2096 2806 2207 2847 pon-

105 2890 120 2905 »
149 2870 249 2913 dere
267 2884 440 2925 carens,
463 2885 542 2927 pro
566 2873 763 2927 symbolo
784 2875 830 2915 in
849 2875 1035 2916 Ecclesia
1052 2887 1140 2915 non
1160 2874 1406 2915 haberetur.
1432 2892 1447 2907 »
1477 2875 1621 2927 Atque
1646 2873 1704 2913 ita
1728 2891 1743 2905 «
1772 2871 1825 2913 de
1842 2871 1982 2912 trihus
2012 2872 2210 2926 capitulis

106 2969 121 2985 »
149 2956 325 3006 propter
349 2953 611 3006 praemissam
626 2953 1003 2995 tumultuationem
1018 2952 1129 3008 nihil
1144 2951 1315 2993 definiri
1334 2951 1538 3005 potuerit.
1568 2970 1583 2985 >›
1608 2948 1734 3002 Quod
1761 2950 1920 2990 mirum
1943 2962 2029 2990 non
2048 2962 2136 2990 esse
2155 2950 2213 2990 ait

103 3029 227 3083 Otto,
247 3031 324 3085 qui
347 3035 387 3072 et
409 3031 558 3084 addit,
584 3032 826 3074 Gilbertum
843 3033 889 3074 in
907 3037 1062 3088 quarto
1096 3032 1149 3073 ab
1169 3031 1263 3072 aliis
1289 3028 1553 3071 discordasse
1576 3029 1812 3083 episcopis,
1899 3041 1997 3069 cum
2028 3028 2091 3068 illi
2112 3040 2214 3082 pro-

94 3126 125 3142 -»
151 3107 374 3151 {iterentur
390 3114 587 3151 naturam
605 3112 892 3165 incarnatam,
913 3112 1047 3154 sedin
1066 3111 1172 3153 Filio
1198 3130 1213 3146 »
1241 3125 1250 3151 :
1272 3109 1491 3152 Gilbertus
1508 3121 1610 3150 tero
1632 3124 1641 3149 ε
1671 3127 1686 3142 <c
1712 3120 1939 3162 personam
1959 3108 2055 3149 Filii
2071 3109 2211 3148 incar-

111 3205 126 3220 »
153 3192 294 3228 natam
318 3200 406 3230 non
424 3189 514 3230 sine
542 3203 619 3231 sua
649 3195 816 3232 natura.
844 3193 907 3233 De
927 3193 1067 3246 primo
1083 3197 1253 3234 tantum
1275 3192 1492 3232 Romanus
1524 3188 1723 3229 Pontifex
1756 3186 1954 3228 desinivit
1970 3219 1980 3237 ,
2001 3199 2054 3227 ne
2072 3186 2214 3239 aliqua

115 3284 130 3299 »
159 3268 265 3308 ratio
287 3268 334 3308 in
356 3267 568 3323 theologia
587 3270 699 3311 inter
723 3275 919 3311 naturam
936 3276 976 3311 et
1005 3283 1231 3326 personam
1252 3267 1465 3309 divideret
1483 3299 1494 3318 ,
1513 3279 1619 3307 neve
1642 3267 1757 3306 Deus
1791 3264 1937 3304 divina
1954 3263 2131 3304 essentia
2150 3262 2215 3302 di-

117 3365 130 3378 »
159 3351 325 3387 ceretur
344 3360 395 3388 ex
416 3360 541 3389 sensu
565 3349 740 3390 ablativi
762 3355 951 3403 tantum,
977 3349 1049 3392 sed.
1074 3350 1199 3391 etiam
1219 3335 1486 3389 nominativi.
1516 3366 1530 3380 »
1555 3345 1693 3397 Quam
1711 3343 1865 3384 summi
1888 3341 2104 3383 i‘oiitiiicis
2127 3352 2221 3380 scn-
2264 3371 2267 3373 .
