2517 3936
49 165 120 203 765
786 161 1091 197 EPISTOLARL*
1099 163 1134 196 M
1168 162 1428 199 APPENDIX.
2057 174 2133 210 70ss

49 256 94 281 ne
114 240 206 278 nihil
231 239 337 289 quod
358 238 506 275 bonum
537 247 594 274 est
610 266 619 283 ,
651 246 778 288 potest
805 239 923 274 amari
942 254 951 284 ;
974 237 1310 276 sine²¹⁷⁰demnetP
1331 244 1441 277 jesus
1461 240 1656 278 Christus?
1679 243 1782 291 pius,
1805 245 1981 294 inquam,
2004 258 2041 284 et
2058 250 2141 287 dul-

48 301 153 352 cujtis
172 300 313 336 virtute
339 298 433 334 nibil
460 296 644 334 salutiferi
663 297 791 333 oneris
809 305 936 347 potest
959 297 1057 334 tole-
1076 305 1102 337 Α
1127 299 1179 335 cis
1201 304 1310 337 Jesus
1325 329 1334 345 ,
1356 300 1421 349 qui
1443 309 1618 337 mortuus
1638 310 1694 338 est
1717 316 1786 351 pro
1806 304 1953 341 delictis
1974 310 2137 355 nostris,

48 361 121 400 rari
148 375 156 396 :
187 371 256 395 vos
276 357 550 408 ipsijudicate‚
573 370 618 393 an
641 370 718 393 non
745 357 873 394 miseri
903 366 990 393 sunt
1023 366 1059 393 et

47 420 186 465 insani,
204 418 268 468 qui
291 417 338 454 ad
357 418 576 467 religionem
601 418 772 462 venturi,
792 417 949 454 delicias
972 430 1059 453 cor-

49 481 150 534 poris
170 486 359 529 quaerunt.
388 476 640 514 Venientibus
661 477 807 527 quippe
829 477 875 514 ad
906 477 1057 527 religio-

49 553 132 580 nem
153 551 228 576 non
251 546 307 574 est
329 537 607 573 consideranda
634 538 758 573 carnis
782 538 984 587 fragilitas,
1016 546 1058 573 ut

49 602 84 640 ei
101 600 257 638 delicate
284 597 549 635 subscr-viatur
567 613 574 634 :
597 598 662 634 sed
681 598 958 648 impedimenta
984 598 1059 635 fcr—

49 662 149 701 voris
167 659 341 710 spiritus,
363 666 404 694 ut
422 658 582 694 sollicite
602 658 808 707 fugiantur.

101 723 135 761 7.
163 720 350 760 Festinate
379 732 470 768 ergo
500 720 579 755 lieri
615 732 806 769 pauperes
828 719 989 769 spiritu,
1022 728 1059 756 et

49 785 180 834 inopes
204 779 338 826 rebus,
359 788 401 816 ut
421 780 611 816 Dominus
631 781 679 816 sit
705 781 895 817 sollicitus
927 781 1057 818 vestri.

44 840 275 894 'Rujusmodi
292 841 394 878 enim
416 841 673 890 paupertatis,
700 842 928 879 voluntariae
952 842 1062 878 vidc-

50 905 157 951 lioet,
176 910 214 940 et
234 915 280 940 ex
300 902 500 939 voluntate
518 902 741 939 necessariae
756 931 765 947 ,
791 903 851 939 via
869 915 1001 939 secura
1024 912 1061 940 et

52 972 151 1004 recta
167 972 250 1001 est:
269 963 439 1013 alioquin
459 963 631 1001 Christus
651 977 732 1000 eam
753 977 831 1000 non
856 964 985 1001 fuisset
1003 965 1062 1000 in-

51 1037 206 1077 gressus.
224 1024 377 1060 Caeterae
396 1023 468 1060 viae
482 1052 491 1069 ,
511 1023 582 1060 etsi
603 1023 715 1061 bonae
736 1024 829 1071 sint,
853 1025 974 1074 plcnae
1003 1033 1060 1061 ta-
1084 1024 1108 1057 B
1127 1025 1226 1060 oculi
1247 1025 1317 1061 mei
1338 1024 1385 1061 ad
1414 1025 1715 1062 misericordiam
1735 1025 1817 1075 ejus

51 1097 134 1123 men
152 1092 240 1122 sunt
253 1082 478 1121 latronibus.
499 1085 638 1122 Semita
667 1084 780 1134 liujus
798 1086 1034 1135 paupertatis
1048 1115 1057 1131 ‚

51 1145 137 1196 quia
155 1143 274 1182 ardua
293 1153 367 1191 est,
397 1153 436 1182 et
456 1145 569 1195 pauci
601 1158 670 1195 per
705 1159 789 1181 eam
825 1145 1058 1192 ascendunt,

51 1204 199 1245 iu'sidias
215 1205 407 1242 latronum
427 1205 590 1255 ignorat.
613 1209 698 1243 Non
718 1206 820 1242 enim
841 1206 1063 1256 frequenter

52 1274 197 1319 ponunt
215 1267 382 1304 latrones
403 1266 581 1314 insidias,
604 1266 670 1304 ubi
699 1267 879 1317 frequens
909 1281 984 1303 non
1008 1276 1064 1303 est

54 1326 227 1366 transitus
243 1326 449 1364 viatorum.
471 1327 568 1365 Dico
588 1326 700 1364 vobis
720 1328 758 1364 in
779 1328 958 1374 veritate,
978 1340 1063 1377 quae

54 1392 152 1428 Deus
175 1395 251 1434 est,
287 1396 325 1424 et
357 1396 519 1438 experto
554 1387 698 1425 credite
729 1403 736 1425 :
770 1388 861 1438 quia
894 1388 972 1425 baec
1003 1388 1065 1424 via

54 1456 192 1500 quanto
225 1449 395 1495 arctior,
427 1457 574 1498 quanto
606 1449 806 1486 molestior
836 1447 992 1485 videtur
1027 1449 1064 1484 in

54 1507 242 1558 ingressu3
270 1516 377 1545 tanto
410 1509 551 1555 laetior,
581 1516 687 1545 tanto
713 1507 926 1558 jucundior
951 1508 1064 1544 inve—

55 1568 153 1607 nitur
170 1568 209 1605 in
227 1582 446 1619 progressu.
467 1573 512 1606 In
533 1570 708 1619 ingressu
729 1569 846 1619 exigit
864 1569 1064 1614 meritum,

54 1627 94 1665 iu
110 1640 314 1678 progressu
346 1629 526 1679 rependit
551 1630 768 1680 praemium.
805 1629 956 1666 Etenim
987 1642 1065 1665 non

54 1688 174 1748 §glum
200 1688 240 1726 in
271 1689 402 1727 futuro
432 1690 551 1727 vitam
580 1698 765 1727 aeternam
796 1689 1064 1741 possidebitis,

57 1748 119 1788 §d
143 1758 181 1787 et
201 1749 240 1787 in
269 1751 450 1801 praesenti
478 1752 703 1801 centuplum
737 1751 952 1801 accipietis,
989 1764 1067 1787 non

1127 360 1192 408 qui
1213 361 1421 396 resurrexit
1440 369 1599 410 propter
1615 361 1925 409 justificationem
1949 376 2116 404 nostram
2136 386 2145 415 3

1126 421 1190 470 qui
1210 429 1265 457 est
1280 421 1326 456 ad
1345 420 1518 457 dextram
1541 422 1660 457 Patris
1675 451 1683 467 ,
1707 422 1771 458 ubi
1790 424 1902 459 etiam
1926 425 2143 476 interpellat

1126 494 1198 530 pro
1215 479 1351 516 nobis?
1368 481 1534 518 Militans
1551 481 1586 516 in
1605 490 1722 527 terra,
1743 496 1904 531 regnans
1923 486 2009 520 etin
2029 488 2139 533 cot-lo,

1126 541 1218 577 nihil
1241 541 1320 577 sitit
1339 542 1409 577 nisi
1433 550 1600 578 nostram
1623 543 1782 579 salutem
1805 559 1812 579 :
1835 553 1871 579 et
1892 545 1970 593 ipse
1993 546 2138 594 fugien-

1128 601 1227 638 tibus
1249 601 1295 637 ad
1326 615 1364 638 se
1386 602 1525 638 referet
1545 603 1839 639 confusionem?
1860 603 1980 640 Absit.
2005 609 2138 653 Quan—

1128 670 1376 711 tumcumque
1410 663 1534 711 gravis
1569 676 1608 699 se
1640 663 1786 713 ingerat
1819 665 2017 701 memoriae
2050 679 2143 703 meae

1127 722 1343 759 recordatio
1362 723 1547 759 scelerum
1571 737 1764 770 meorum,
1787 733 2142 775 quautumcumque

1128 797 1188 820 mc
1225 784 1416 821 deterreat
1450 785 1654 835 praeteritae
1692 785 1778 821 vitae
1818 799 1912 821 mese
1951 786 2149 824 horribilis

1129 843 1409 889 consideratio,
1441 844 1579 881 faciant
1599 845 1661 881 alii
1683 844 1788 894 quod
1821 848 2047 883 censuerint
2076 860 2145 883 ex-

1129 904 1292 954 pedirc;
1323 918 1394 953 ego
1429 918 1581 955 semper
1621 907 1779 942 sentiam
1816 906 1854 942 in
1893 906 2064 945 bonitate
2098 907 2145 944 de

1129 964 1331 1000 dulcedine
1367 964 1524 1001 Domini
1563 964 1636 1001 mei
1668 968 1755 1001 Jesu
1792 965 1929 1003 Christi
1948 996 1956 1012 ,
1992 980 2144 1016 semper

1842 1042 1849 1063 z
1879 1027 2001 1063 sciens
2022 1028 2141 1064 nimi-

1128 1099 1211 1122 rum
1249 1095 1287 1122 et
1323 1086 1556 1135 quandoque
1594 1087 1628 1123 in
1661 1101 1719 1123 me
1756 1088 1957 1137 experiens
1977 1118 1985 1133 ,
2027 1090 2140 1137 longe„

1128 1147 1380 1183 efficaciorem
1401 1146 1482 1196 ejus
1506 1147 1748 1184 dulcedinem
1769 1148 1815 1184 ad
1837 1150 2115 1186 consolandum
2135 1179 2144 1196 ,

1129 1221 1243 1257 quam
1265 1209 1352 1243 vitae
1373 1222 1465 1244 meae
1484 1208 1777 1244 amaritudinem
1799 1209 1843 1245 ad
1867 1223 1952 1245 eum
1972 1210 2149 1247 desolan-

1131 1267 1220 1303 dum
1235 1283 1244 1314 3
1261 1268 1460 1316 multoque
1479 1269 1758 1317 promptiorem
1778 1268 1859 1317 ejus
1873 1268 2148 1318 benignitatem

1131 1327 1177 1364 ad
1200 1326 1498 1376 indulgendum,
1532 1341 1646 1376 quam
1681 1341 1802 1364 meam
1833 1329 2072 1378 iniquitatem
2105 1330 2152 1366 ad

1132 1387 1450 1436 delinquendum.
1474 1387 1559 1424 Scio
1588 1388 1743 1437 utiquc,
1773 1388 1862 1437 quia
1891 1402 1968 1424 non
1999 1397 2055 1425 cst
2077 1390 2151 1425 ini-

1132 1447 1279 1497 quitas,
1298 1448 1396 1484 sicut
1414 1448 1596 1497 iniquitas
1616 1461 1698 1484 mea
1717 1463 1724 1485 :
1748 1448 1814 1485 sed
1835 1462 1854 1485 e
1874 1449 2051 1497 regione,
2073 1463 2151 1486 non

1132 1517 1188 1545 est
1224 1508 1336 1545 dolor
1373 1509 1470 1545 sicut
1502 1510 1614 1545 dolor
1650 1509 1743 1559 ejus.
1777 1511 1813 1547 Si
1842 1523 1959 1560 supra
1992 1511 2149 1547 modum

1132 1569 1311 1619 peccavi,
1333 1582 1410 1605 non
1438 1569 1621 1620 despero,
1643 1570 1733 1619 quia
1760 1584 1876 1620 supra
1901 1571 2058 1607 modum
2078 1571 2150 1608 do-

1134 1630 1223 1675 luit,
1253 1630 1292 1666 in
1321 1644 1399 1680 quo
1427 1632 1585 1681 respiro.
1609 1631 1646 1667 Si
1667 1639 1916 1681 exasperatur
1942 1635 2046 1668 Deus
2077 1632 2151 1668 im-

1136 1691 1317 1727 manitate
1338 1692 1491 1728 sceleris
1513 1691 1605 1737 mei,
1637 1691 1832 1741 mitigatur
1863 1693 1997 1741 procul
2028 1692 2150 1729 dubio

1136 1753 1175 1790 in
1211 1752 1346 1789 dolore
1381 1753 1649 1789 satisfactionis
1683 1753 1765 1790 Filii
1799 1753 1855 1789 sui
1886 1766 1893 1788 :
1929 1753 2016 1802 quia
2048 1753 2150 1789 mitis

58 1811 230 1849 solumin
247 1810 360 1849 bonis
385 1811 674 1862 spiritualibus,
696 1812 764 1849 sed
791 1821 830 1849 et
854 1812 892 1848 in
917 1820 1070 1861 tempo-
1092 1814 1118 1848 C
1137 1822 1175 1850 et
1201 1813 1388 1850 innocens
1417 1818 1548 1862 Agnus
1582 1814 1619 1849 in
1651 1826 1764 1850 cruce
1795 1812 1990 1863 pendens,
2021 1822 2154 1863 utpote

58 1870 214 1916 talibus,
235 1871 267 1909 si
292 1885 360 1909 cor
380 1885 459 1909 non
478 1873 747 1924 apposueritis.
768 1876 857 1923 Ipsa
877 1872 1066 1922 siquidem

58 1931 156 1972 bona
174 1934 420 1984 temporalia,
443 1942 533 1971 sunt
547 1964 557 1981 ,
578 1935 608 1972 si
629 1948 708 1972 non
730 1943 925 1981 amantur,
949 1934 1068 1981 licita;

59 1993 91 2033 si
113 2002 308 2040 amantur,
330 1995 474 2032 illicita.
496 1995 582 2033 Sive
604 2003 731 2032 autem
756 2003 936 2032 amantur
950 2023 959 2040 ‚
991 1994 1070 2031 sive

60 2067 135 2094 non
161 2063 360 2103 amantur,
393 2069 472 2093 non
504 2056 670 2093 multum
704 2056 942 2106 expediunt,
981 2055 1071 2105 quia

62 2116 220 2167 quadam
239 2117 299 2154 sui
318 2117 522 2155 dulcedine
545 2131 613 2154 cor
632 2117 866 2168 possidentis
884 2118 960 2155 cito
983 2115 1070 2154 sub-

62 2185 224 2216 vertunt.
246 2182 341 2227 Quae
369 2177 482 2215 vobis
506 2178 707 2215 dubitandi
736 2178 914 2215 occasio?
945 2182 1070 2216 Pauca

30 2256 36 2260 ·
62 2238 277 2290 relinquetis
296 2253 383 2277 cum
407 2239 667 2277 sollicitudine
683 2269 693 2286 ,
721 2249 844 2277 totum
878 2239 1067 2277 mundum

61 2300 252 2339 numetis
279 2300 318 2337 in
351 2301 637 2351 possessionem
671 2301 753 2338 sine
793 2299 1065 2337 sollicitudine.

46 2378 47 2384 ¹
66 2361 197 2398 Omnia
212 2365 310 2397 enlm
325 2370 452 2397 vestra
466 2370 556 2397 sunt
565 2391 576 2407 ‚
595 2366 669 2397 sive
686 2363 846 2397 mundus
858 2391 868 2406 ,
884 2365 959 2397 sire
974 2364 1070 2406 vita,

62 2423 131 2458 εἰνε
147 2435 244 2458 mors
258 2449 269 2466 ‚
293 2425 368 2457 sive
384 2426 597 2471 praesentia
607 2451 620 2467 ,
639 2423 861 2470 sivejntum
882 2437 893 2456 :
913 2425 1069 2466 omnia,

48 2479 211 2531 ¹inquam
229 2511 239 2529 ,
268 2491 398 2518 vestm
437 2491 534 2519 sunt.
578 2485 720 2519 Tamen
762 2495 853 2519 vere
891 2481 1072 2531 subjungi

66 2549 206 2591 potest,
230 2543 303 2578 Vos
319 2551 445 2579 autem
466 2544 605 2579 Christi
615 2573 626 2588 ,
646 2548 744 2579 sicut
761 2544 925 2579 Christus
942 2545 1016 2578 Dei
1033 2548 1041 2562 ¹
1064 2557 1072 2579 :

1134 1874 1202 1924 qui
1230 1887 1359 1910 coram
1382 1873 1567 1910 tondente
1595 1887 1634 1910 se
1655 1873 1870 1919 obmutuit,
1899 1886 1977 1910 non
2007 1874 2157 1923 impro-

1137 1943 1247 1985 perat
1261 1933 1598 1971 circumstantibus
1612 1963 1622 1981 ,
1641 1942 1680 1970 et
1694 1934 1972 1971 insanientibus
1991 1935 2028 1971 in
2047 1948 2155 1982 eum3

1137 1994 1203 2031 sed
1226 1994 1390 2031 dulciter
1410 1995 1581 2044 suggerit
1607 1995 1897 2032 transeuntibus
1924 2009 1994 2045 per
2025 1996 2126 2031 viam
2146 2025 2155 2042 ,

1137 2064 1175 2092 et
1208 2054 1506 2106 respicientibus
1534 2055 1581 2091 ad
1611 2069 1712 2092 eum.
1747 2056 1807 2092 Sic.
1837 2056 1937 2091 enim
1972 2055 2160 2105 scriptum

1137 2125 1194 2154 est
1216 2131 1224 2153 ε
1252 2119 1285 2154 O
1304 2131 1373 2153 vos
1394 2130 1522 2152 omnes
1549 2121 1615 2165 qui
1640 2121 1810 2153 transitis
1831 2130 1907 2165 per
1932 2121 2063 2161 viam,
2096 2126 2158 2152 at-

1137 2179 1278 2214 tendite
1301 2206 1311 2221 ,
1351 2186 1388 2213 et
1438 2179 1565 2213 videte
1608 2181 1641 2212 si
1679 2187 1733 2212 est
1777 2180 1886 2213 dolor
1922 2178 2017 2212 sic-(cc
2055 2178 2163 2212 dolor

1137 2251 1239 2273 meus
1254 2243 1280 2273 2.
1314 2241 1399 2275 Hoc
1433 2237 1622 2287 siquidem
1650 2237 1697 2274 de
1726 2251 1838 2274 cruce
1871 2238 2008 2274 clamat
2034 2245 2159 2274 trans-

1138 2297 1329 2336 euntibus.
1363 2297 1435 2335 Sed
1454 2297 1556 2334 unde
1578 2297 1892 2335 transeuntibus?
1920 2302 1976 2335 De
1996 2297 2162 2343 mundo,

1140 2373 1218 2396 non
1239 2372 1325 2396 cum
1353 2358 1512 2395 mundo.
1533 2362 1634 2407 Qua,
1666 2368 1703 2396 et
1732 2373 1810 2408 quo
1844 2357 2160 2396 transeuntibus?

1140 2424 1212 2457 Per
1233 2420 1335 2456 viam
1359 2428 1639 2456 momentaneae
1663 2420 1921 2470 paupertatis,
1944 2419 1991 2456 ad
2010 2419 2163 2455 divitias

1141 2489 1294 2517 aeternae
1316 2480 1516 2517 felicitatis.
1538 2480 1580 2517 Id
1602 2480 1702 2516 enim
1723 2480 1827 2529 quod
1850 2480 1888 2516 in
1910 2479 2088 2530 praesenti
2108 2486 2165 2514 est

1143 2550 1460 2578 momentaneum
1497 2550 1534 2577 et
1572 2541 1656 2577 leve
1689 2540 1947 2577 tribulationis
1984 2548 2126 2576 nostrae
2155 2567 2164 2584 ,

65 2599 104 2639 id
127 2610 202 2648 est,
222 2603 274 2650 si,
296 2603 394 2640 sicut
420 2603 592 2641 Christus
616 2604 656 2640 in
681 2603 862 2640 omnibus
889 2599 1119 2654 operibusD
1138 2615 1254 2652 supra
1292 2602 1450 2638 modum
1478 2602 1514 2637 in
1546 2601 1778 2638 sublimitate
1810 2609 1997 2637 &eternum
2030 2599 2162 2649 gloriae

52 2661 139 2699 ,suis
152 2666 299 2700 Patrem
314 2677 426 2701 suum
441 2665 670 2714 glorificavit
683 2693 692 2710 ,
709 2665 758 2701 ita
777 2673 813 2702 et
829 2678 897 2701 vos
911 2665 949 2701 in
966 2664 1073 2700 omni

67 2730 149 2760 netu
166 2733 295 2762 vestro
312 2716 394 2774 ejus
412 2725 573 2775 gloriam
591 2726 831 2775 quaesieritis.

75 2773 88 2782 ⁹
115 2783 151 2820 8.
171 2785 209 2822 Si
223 2785 326 2822 enim
347 2778 520 2824 Christus
536 2786 575 2822 in
596 2785 782 2836 operibus
800 2785 937 2822 vestris
957 2798 1074 2835 appa-

68 2844 182 2881 ruerit
199 2846 408 2895 gloriosus,
431 2860 453 2883 a
473 2860 552 2897 quo
576 2846 685 2884 vobis
707 2845 978 2897 trepidandum
996 2847 1074 2882 est?

67 2906 150 2954 Ipse
167 2906 300 2956 utique
322 2907 426 2944 solus
447 2915 526 2954 est,
556 2908 595 2944 in
617 2906 726 2957 cujus
748 2920 864 2944 manu
885 2907 932 2943 sit
953 2906 1075 2951 salus,

56 2965 389 3005 tetcondemnatio
410 2977 554 3005 nostra.
579 2968 616 3005 Si
637 2959 887 3014 condemnat,
913 2966 1075 3003 benedi-

69 3032 167 3062 ctum
189 3028 238 3064 sit
262 3041 404 3065 nornen
433 3028 537 3078 ejus,
564 3029 651 3079 quia
673 3030 724 3066 sic
758 3028 967 3066 meruimus
983 3028 997 3042 *
1019 3042 1026 3063 :
1047 3027 1077 3063 si

69 3085 211 3133 salvat,
233 3088 442 3137 gloriosum
469 3089 516 3126 sit
541 3103 682 3126 nomen
704 3088 806 3138 ejus,
830 3088 920 3138 quia
942 3100 1080 3138 super-

69 3143 273 3191 abundavit
287 3149 548 3187 misericordia
558 3149 718 3199 judicio.
729 3153 842 3187 Pater
853 3148 952 3185 enim
966 3161 1080 3184 omne

67 3202 246 3252 J'udicium
270 3208 375 3246 dedit
403 3210 511 3247 Filio.
540 3210 633 3258 Quis
655 3218 779 3246 tamen
811 3217 867 3245 est
894 3208 960 3258 qui
984 3221 1081 3244 con-

1139 2662 1292 2712 pondus
1311 2671 1496 2713 operatur
1510 2663 1549 2699 in
1568 2661 1679 2699 nobis
1699 2677 1706 2698 ε
1727 2662 1755 2699 si
1776 2670 1902 2698 tamen
1921 2660 2161 2710 contemple-

1141 2736 1228 2760 mur
1244 2736 1323 2760 non
1345 2736 1388 2760 ea
1406 2736 1492 2773 quae
1509 2722 1692 2759 videntur
1707 2752 1715 2767 ,
1739 2721 1804 2758 sed
1821 2734 1906 2771 quae
1927 2733 2006 2757 non
2023 2719 2161 2756 viden-

1143 2792 1205 2820 tur
1221 2783 1248 2820 3.

1195 2845 1231 2881 9.
1255 2847 1341 2881 Non
1368 2844 1448 2880 haec
1470 2843 1596 2880 scribo
1620 2842 1750 2889 vobis,
1777 2850 1817 2878 ut
1847 2842 1885 2878 in
1913 2840 2079 2891 peccatis
2103 2852 2163 2876 se-

1143 2905 1272 2942 curius
1293 2904 1536 2941 delectemini
1557 2920 1564 2941 :
1583 2904 1672 2954 quia
1691 2903 1923 2948 Altissimus,
1945 2901 2011 2951 qui
2031 2909 2068 2937 et
2086 2900 2166 2950 ipse

1142 2969 1252 3003 Jesus
1272 2966 1464 3011 Christus,
1493 2965 1582 3002 odio
1610 2964 1727 3002 habet
1750 2971 1995 3014 peccatores,
2020 2970 2057 2997 et
2087 2961 2160 2997 mi-

1145 3036 1269 3064 sertus
1303 3035 1359 3063 est
1398 3026 1689 3077 poenitentibus.
1723 3026 1759 3063 Si
1798 3022 2023 3074 poenitentia
2038 3050 2047 3065 ‚
2087 3021 2164 3057 imo

1147 3087 1236 3137 quia
1258 3086 1486 3136 poenitentia
1516 3095 1574 3123 est
1599 3085 1712 3123 vobis
1734 3083 1965 3128 neccssaria,
1994 3082 2099 3117 locus
2128 3088 2165 3115 et

1149 3156 1302 3197 tempus
1323 3147 1560 3196 poenitentiae
1579 3146 1690 3183 vobis
1711 3158 1788 3182 non
1808 3144 1925 3180 deest.
1948 3145 2043 3179 Ecce
2060 3140 2161 3176 enim

1150 3216 1301 3257 tempus
1320 3207 1567 3257 acceptabile,
1591 3208 1626 3244 in
1647 3221 1723 3257 quo
1740 3206 1806 3242 etsi
1833 3216 1908 3240 non
1930 3214 2043 3238 cruor
2064 3213 2162 3236 mar-

118 3339 129 3355 ¹
146 3336 247 3367 ICor.
268 3347 326 3373 ιιι,
349 3338 410 3375 22,
432 3339 486 3369 23.
510 3356 552 3360 ——
575 3334 1155 3375 ²'l'liren.1,12.—-311(Ior.1v‚
1181 3337 1241 3367 17.
1271 3338 1320 3366 18.
