2517 3920
343 238 436 276 1451
1124 234 1160 268 s.
1190 230 1442 266 BERNARDI
1471 227 1672 262 ABBATls
2318 224 2415 263 1452

338 315 519 365 Spiritum
557 320 741 349 sanctum.
778 310 855 349 Ubi
885 309 977 346 dum
1007 309 1169 345 multum
1205 302 1545 350 sudat,⁶⁵⁰melius
1571 303 1707 339 affers?
1733 301 1824 351 quid
1848 301 2023 339 subtilius
2048 301 2222 339 invenis?
2242 302 2333 351 quid
2360 316 2418 340 se-

336 374 532 425 quomodo
553 374 750 411 Platonem
772 371 881 409 faciat
903 370 1169 413 christianum,
1189 380 1227 404 se
1246 378 1341 416 pro-
1363 364 1394 399 A
1411 363 1549 399 cretius
1572 362 1640 398 tibi
1667 362 1876 398 revelatum
1898 361 2036 410 jactaS,
2055 361 2160 411 quod
2181 370 2237 398 tot
2261 370 2419 411 praeter<-

337 435 402 471 bat
422 434 626 471 ethnicum.
655 437 767 478 Haec,
790 432 944 481 inquam
961 459 970 476 ,
1001 429 1148 475 onmia,
1177 427 1342 475 aliasque

338 493 552 531 istiusmodi
575 493 718 530 naenias
744 491 827 541 ejus
848 505 925 528 non
955 503 1094 541 paucas
1123 496 1310 538 praetereo
1334 499 1341 521 :

339 555 452 592 venio
470 554 516 591 ad
534 554 721 604 graviora.
741 556 826 589 Non
847 551 950 601 quod
968 551 1027 586 vel
1046 548 1092 585 ad
1110 549 1188 598 ipsa
1209 553 1345 583 cuneta

340 615 591 666 respondeam
607 630 616 660 3
636 613 753 663 magis
770 612 871 649 enim
890 624 986 661 opus
1003 607 1264 647 voluminibus
1285 619 1344 642 es-

338 685 412 714 set:
431 676 494 713 illa
514 677 653 725 loquor
669 687 754 724 quae
773 682 895 710 tacere
914 685 989 708 non
1011 677 1183 721 possunt.

721 805 898 843 CAPUT
926 804 976 842 V.

339 932 450 974 Arguit
473 929 707 966 Abaelardum,
726 939 781 959 sua
796 938 886 958 sensa
909 932 963 957 aut
984 925 1104 956 somnia
1130 921 1271 954 unanimi
1290 923 1346 951 Pa-

385 992 467 1016 trum
495 982 657 1015 sententia:
687 982 904 1024 prseferentem
921 992 928 1019 ;
965 979 1139 1022 praesertim
1173 976 1228 1008 ubi
1253 974 1347 1010 dicit,

384 1039 541 1071 Christum
558 1048 622 1068 non
639 1036 709 1068 ideo
727 1037 923 1068 incarnatum
941 1059 948 1073 ,
969 1040 1002 1065 ut
1017 1033 1178 1065 hominem
1201 1030 1349 1061 liberaret

384 1094 422 1125 de
436 1098 589 1137 potestate
602 1099 729 1124 satanae.

396 1215 455 1252 ll.
487 1214 711 1264 Mysterium
755 1222 895 1250 nostrae
930 1209 1223 1261 redemptionis,
1251 1207 1349 1244 sicut

336 1276 375 1311 in
399 1275 498 1312 libro
518 1274 684 1324 quodam
716 1273 995 1311 Sententiarum
1026 1270 1168 1321 ipsius,
1193 1276 1230 1304 et
1260 1268 1349 1303 item

335 1336 375 1372 in
408 1334 572 1384 quadam
607 1332 690 1383 ejus
718 1333 955 1383 expositione
982 1331 1162 1381 Epistolae
1195 1327 1241 1365 ad
1273 1331 1351 1364 Ro—

338 1408 471 1432 manos
508 1395 581 1444 legi
605 1394 635 1440 *,
667 1393 890 1430 temerarius
923 1400 1113 1428 scrutator
1146 1388 1352 1437 majestatis

340 1455 588 1506 aggrediens,
631 1455 669 1490 in
713 1455 795 1503 ipso
841 1453 966 1490 statim
998 1465 1074 1487 sure
1120 1448 1351 1499 disputatio—

340 1517 398 1553 nis
415 1515 574 1553 exordio
591 1544 600 1561 ,
630 1514 974 1551 ecelesiasticorum
1001 1510 1204 1547 doctorum
1234 1521 1350 1544 unam

339 1577 512 1614 omnium
545 1576 591 1611 de
629 1575 699 1611 hac
731 1587 771 1610 re
812 1573 903 1610 dicit
929 1585 1008 1609 esse
1037 1569 1285 1612 sententiam,
1315 1575 1351 1603 et

338 1638 460 1687 ipsam
480 1635 590 1686 ponit
616 1649 658 1671 ac
678 1634 845 1685 spernit,
874 1642 911 1669 et
938 1632 1123 1682 gloriatur
1148 1642 1186 1666 se
1211 1626 1350 1664 habere

340 1698 538 1734 meliorem
565 1712 573 1733 :
594 1709 671 1733 non
699 1695 844 1731 veritus
865 1702 999 1731 eontra
1019 1698 1252 1743 praeeeptum
1282 1691 1349 1725 Sa-

340 1757 479 1807 pientis
501 1755 712 1806 transgredi
730 1755 914 1792 terminos
933 1753 1132 1802 antiquos,
1159 1762 1256 1799 quos
1275 1761 1348 1797 po-

340 1827 500 1855 suerunt
519 1826 646 1867 patres
673 1815 831 1852 nostri1.
854 1832 868 1847 «
891 1813 1094 1852 Sciendum
1122 1819 1200 1855 est,
1234 1827 1247 1841 n
1278 1808 1351 1853 ait,

1408 423 1494 459 ierit
1522 430 1696 469 sanctos,
1726 422 1903 471 effugerit
1925 422 2137 472 sapientes?
2156 425 2284 471 Aquas
2310 421 2418 457 furti-

1410 496 1476 520 vas
1497 491 1533 519 et
1554 495 1671 533 panes
1692 481 1957 527 absconditos,
1986 490 2101 532 puto,
2121 488 2291 531 apponet
2309 479 2418 517 nobis

1411 544 1492 580 iste.

1471 605 1528 641 12.
1551 604 1620 641 Dic
1639 612 1785 650 tamen,
1809 602 1869 639 die
1887 602 2077 652 quidquid
2094 601 2188 638 illud
2206 609 2284 647 est,
2317 600 2419 649 quod

1413 664 1481 701 tibi
1508 664 1670 711 videtur,
1689 672 1726 700 et
1751 663 1846 700 nulli
1866 662 1986 699 alteri.
2005 667 2064 700 An
2082 661 2187 712 quod
2213 660 2331 699 Filius
2350 660 2420 697 Dei

1413 739 1491 761 non
1518 734 1560 761 ut
1586 725 1782 761 hominem
1809 723 2010 769 liberaret,
2042 723 2238 759 hominem
2272 720 2421 758 induit?

1413 790 1496 824 Hoc
1513 786 1626 835 plane
1650 785 1816 831 nemini,
1840 793 1875 821 te
1894 792 2078 834 excepto,
2097 783 2249 820 videtur
2271 797 2278 818 :
2301 789 2342 817 tu
2360 780 2419 817 vi·

1414 846 1514 883 deris
1528 846 1594 883 ubi
1613 846 1766 882 videris.
1788 849 1871 882 Non
1890 845 1992 882 enim
2009 845 2083 881 hoc
2098 858 2120 881 a
2139 844 2322 894 sapiente,
2342 855 2420 879 non

1415 919 1436 942 a
1453 905 1642 956 propheta
1657 935 1666 952 ,
1697 919 1775 942 non
1806 904 1853 942 ab
1871 906 2060 955 apostolo,
2083 918 2161 942 non
2183 904 2348 953 denique
2375 902 2422 940 ab

1417 966 1500 1016 ipso
1531 966 1699 1003 Domino
1729 966 1920 1016 accepisti.
1944 965 2122 1015 Magister
2149 964 2332 1003 Gentium
2362 976 2423 1000 ac-

1416 1027 1516 1077 cepit
1549 1040 1570 1063 a
1590 1026 1758 1063 Domino
1775 1055 1785 1072 ,
1811 1025 1916 1075 quod
1936 1034 1974 1062 et
1993 1025 2151 1062 tradidit
2169 1023 2281 1061 nobis
2296 1029 2322 1060 ².
2339 1026 2423 1060 Ma-

1415 1087 1531 1137 gister
1547 1086 1720 1123 omnium
1736 1099 1842 1123 suam
1859 1086 2072 1123 doctrinam
2093 1086 2232 1122 fatetur
2247 1096 2326 1120 non
2343 1096 2423 1120 esse

1415 1160 1520 1184 suam
1551 1162 1558 1184 ε
1590 1149 1675 1183 Non
1692 1151 1819 1192 enim,
1843 1147 1913 1193 ait,
1941 1160 1965 1182 α
1995 1160 2054 1182 me
2076 1150 2152 1195 ipso
2174 1148 2306 1194 loquor
2324 1142 2351 1181 3.
2367 1147 2424 1181 Tu

1418 1220 1512 1244 vero
1533 1207 1580 1243 de
1610 1215 1676 1243 tuo
1710 1206 1820 1243 nobis
1847 1205 1987 1253 tradis,
2016 1214 2054 1242 et
2084 1204 2190 1255 quod
2219 1218 2240 1241 a
2271 1203 2424 1240 nemine

1419 1266 1609 1316 accepisti.
1637 1266 1711 1315 Qui
1732 1267 1903 1316 loquitur
1923 1266 2178 1313 mendacium,
2197 1265 2244 1302 de
2264 1263 2424 1315 proprio

1419 1327 1592 1376 loquitur
1609 1326 1635 1362 4.
1653 1326 1735 1363 Tibi
1754 1326 1917 1377 proinde
1936 1326 2024 1372 sint,
2045 1339 2130 1376 quae
2147 1333 2212 1362 tua
2231 1333 2331 1361 sunt.
2346 1327 2425 1373 Ego

1420 1387 1628 1437 Prophetas
1662 1396 1700 1424 et
1731 1388 1939 1437 Apostolos
1969 1387 2106 1432 audio,
2136 1385 2275 1423 obedio
2300 1389 2426 1422 Evan-

1419 1448 1532 1495 gelio,
1557 1446 1623 1484 sed
1649 1460 1725 1484 non
1751 1448 1958 1497 Evangelio
1981 1446 2193 1484 secundum
2221 1450 2374 1484 Petrum
2395 1450 2423 1481 ³¹.

1417 1511 1473 1544 Tu
1495 1521 1638 1544 novum
1661 1507 1772 1545 nobis
1791 1508 1925 1545 condis
1947 1508 2195 1558 Evangelium
2210 1509 2225 1544 Ρ
2241 1507 2425 1556 Quintum

1416 1569 1584 1605 Ecclesia
1609 1568 1879 1618 evangelistam
1909 1581 1987 1604 non
2022 1568 2169 1618 recipit.
2201 1566 2302 1616 Quid
2327 1571 2426 1611 LeX,

1418 1629 1509 1677 quid
1538 1629 1762 1679 Prophetae,
1786 1629 1877 1678 quid
1899 1628 2097 1678 Apostoli,
2118 1628 2210 1678 quid
2230 1627 2428 1678 apostolici

1417 1689 1489 1724 viri
1509 1687 1620 1725 nobis
1641 1689 1744 1725 aliud
1762 1689 2045 1738 evangelizant,
2065 1702 2179 1738 quam
2201 1687 2306 1738 quod
2324 1685 2428 1724 solus

1421 1756 1460 1784 tu
1480 1761 1607 1797 negas,
1636 1753 1758 1785 Deum
1786 1748 1961 1785 videlicet
1989 1748 2129 1785 factum
2148 1748 2343 1784 hominem
2359 1775 2368 1792 ,
2388 1755 2429 1783 ut

1420 1809 1617 1845 hominem
1636 1808 1839 1845 liberaret?
1857 1812 1902 1846 Et
1923 1809 1952 1845 si
1970 1809 2126 1857 angelus
2144 1808 2190 1845 de
2213 1809 2309 1845 coelo
2327 1807 2429 1844 aliud

342 1895 355 1910 «
374 1878 479 1928 quod
507 1890 641 1913 omnes
668 1875 845 1911 doctores
879 1873 997 1910 nostri
1031 1879 1119 1921 post
1146 1869 1352 1919 Apostolos
1373 1866 1400 1902 C
1422 1868 1532 1905 nobis
1556 1869 1894 1918 evangelizaverit,
1914 1869 2115 1906 anathema
2136 1869 2194 1906 sit.

343 1957 356 1971 n
375 1938 414 1974 in
434 1937 508 1973 hoc
532 1935 790 1981 conveniunt,
812 1933 916 1983 quod
938 1931 1113 1968 diabolus
1138 1928 1350 1966 dominium

342 2015 356 2029 »
375 2005 412 2034 et
432 2004 659 2046 potestatem
687 1993 851 2031 habebat
871 2005 986 2042 super
1005 1991 1215 2034 hominem,
1234 1997 1270 2024 et
1287 1987 1352 2037 ju-

344 2077 357 2089 ·›
378 2071 418 2094 re
438 2070 525 2093 eum
551 2054 770 2106 possidebat
804 2067 813 2089 t
839 2052 925 2089 ideo
947 2051 1091 2088 scilicet
1111 2049 1215 2099 quod
1237 2048 1352 2084 homo

346 2136 358 2149 υ
379 2131 426 2154 ex
453 2116 627 2153 libertate
657 2114 821 2160 arbitrii,
852 2125 966 2162 quam
996 2109 1179 2156 habebat,
1218 2116 1354 2158 sponte

345 2196 358 2209 ›-
381 2176 534 2213 diabolo
549 2175 752 2212 consensit.
771 2174 888 2211 Aiunt
904 2184 1082 2221 namque,
1104 2169 1253 2220 quodsi
1271 2168 1355 2218 quis

345 2256 359 2268 ι»
380 2237 545 2286 aliquem
579 2235 730 2279 vicerit,
768 2234 891 2270 victus
918 2232 1006 2282 jure
1037 2231 1194 2268 victoris
1223 2241 1355 2266 servus

342 2316 356 2328 »ι
378 2296 635 2333 constituitur.
656 2295 747 2332 Ideo
764 2323 773 2340 ,
794 2312 808 2327 »
826 2294 972 2343 inquit,
986 2311 1000 2326 <‹
1019 2292 1118 2329 sicut
1139 2291 1270 2327 dicunt
1286 2290 1357 2326 do-

344 2378 357 2391 »
378 2367 520 2404 ctores,
542 2357 613 2393 hac
648 2355 869 2392 necessitate
901 2354 1122 2390 incarnatus
1153 2360 1210 2388 est
1241 2350 1356 2388 Filius

343 2438 355 2451 υ
377 2419 465 2465 Dei,
486 2426 529 2455 ut
548 2418 683 2461 homo,
702 2416 769 2465 qui
790 2416 898 2452 aliter
916 2413 1070 2451 liberari
1090 2426 1168 2449 non
1185 2419 1354 2462 poterat,

345 2496 359 2510 υ
379 2492 449 2528 per
467 2486 629 2514 mortem
649 2475 865 2512 innocentis
880 2474 967 2524 jure
986 2473 1214 2510 liberaretur
1228 2470 1354 2520 ajugo

343 2557 355 2570 ›-
379 2538 535 2575 diaboli.
559 2537 656 2582 Sed,
693 2545 734 2573 ut
760 2535 871 2573 nobis
899 2535 1063 2581 videtur,
1092 2551 1106 2567 »
1133 2533 1208 2579 ait,
1240 2549 1254 2564 «
1285 2545 1354 2568 nec

345 2618 358 2631 »
380 2598 554 2636 diabolus
599 2610 769 2646 unquam
814 2596 877 2645 jus
920 2595 1076 2645 aliquod
1122 2595 1160 2631 in
1198 2594 1352 2631 homine

1475 1930 1532 1967 13.
1565 1929 1638 1967 Sed
1672 1929 1737 1978 qui
1768 1938 1958 1966 venerunt
1992 1938 2081 1980 post
2110 1929 2340 1980 Apostolos,
2364 1929 2430 1965 do-

1419 1998 1543 2027 ctores
1576 2003 1655 2026 non
1692 1991 1852 2040 recipis,
1886 1990 2004 2027 homo
2043 1991 2109 2040 qui
2146 2003 2262 2041 super
2297 2003 2429 2027 omnes

1421 2052 1602 2088 docentes
1627 2059 1662 2088 te
1683 2051 1915 2088 intellexisti.
1942 2051 2118 2101 Denique
2141 2065 2220 2089 non
2239 2051 2430 2089 erubescis

1423 2112 1567 2157 dicere,
1586 2111 1690 2161 quod
1712 2111 1913 2148 adversum
1937 2120 1971 2148 te
1992 2125 2125 2149 omnes
2142 2112 2325 2157 sentiant,
2344 2125 2431 2148 cum

1423 2172 1469 2209 ab
1491 2173 1653 2209 invicem
1676 2185 1755 2209 non
1777 2172 2013 2209 dissentiant.
2029 2176 2184 2211 Frustra
2203 2172 2366 2222 proinde
2382 2171 2430 2208 il-

1423 2233 1548 2269 lorum
1580 2232 1648 2269 tibi
1681 2232 1794 2268 fidem
1831 2232 2122 2282 doctrinamque
2150 2244 2430 2283 proponerem,

1424 2306 1521 2342 quos
1547 2291 1626 2341 jam
1660 2292 1917 2342 proscripsisti
1942 2292 2021 2330 :ad
2053 2292 2263 2343 Prophetas
2294 2300 2329 2329 te
2359 2291 2430 2328 du-

1424 2366 1518 2390 cam.
1537 2353 1726 2402 Loquitur
1743 2352 1813 2390 sub
1835 2361 1928 2403 typo
1945 2354 2154 2391 Jerusalem
2175 2353 2222 2389 ad
2242 2353 2429 2403 populum

1423 2413 1701 2463 acquisitionis,
1732 2426 1811 2449 non
1838 2413 2047 2464 propheta,
2076 2413 2143 2450 sed
2174 2413 2213 2450 in
2242 2413 2431 2463 propheta

1422 2474 1634 2519 Dominus,
1660 2473 1792 2510 dicens
1820 2488 1828 2510 ε
1857 2473 2014 2509 salvabo
2035 2482 2093 2519 te,
2116 2482 2153 2509 et
2179 2472 2344 2509 liberabo
2371 2481 2427 2517 te,

1422 2537 1501 2570 noli
1520 2539 1649 2570 timere
1662 2532 1687 2570 ⁵.
1707 2533 1852 2582 Quaeris
1867 2547 1888 2570 a
1905 2547 1980 2583 qua
1996 2541 2184 2583 potestate
2196 2534 2211 2569 Ρ
2223 2537 2310 2572 Non
2329 2532 2429 2569 enim

1420 2595 1476 2631 vis
1505 2603 1547 2631 ut
1575 2593 1750 2630 diabolus
1780 2593 1819 2630 in
1853 2593 2048 2630 hominem
2084 2592 2243 2639 habeat,
2275 2593 2337 2630 vel
2362 2593 2430 2629 ha—

344 2678 358 2690 ι»
380 2659 533 2706 habuit,
555 2658 625 2695 nisi
647 2658 744 2694 sorte
761 2661 842 2694 Deo
860 2657 1106 2707 permittente
1123 2685 1132 2701 ‚
1162 2663 1202 2692 ut
1229 2668 1353 2691 carce-
1369 2653 1402 2686 D
1421 2654 1546 2691 buerit
1567 2662 1794 2703 potestatem
1814 2668 1822 2689 ε
1847 2653 1977 2699 fateor,
2002 2666 2071 2689 nec
2091 2666 2174 2702 ego.
2195 2656 2279 2690 Non
2305 2660 2429 2689 tamen

346 2740 358 2751 »
382 2720 502 2756 rarius
530 2734 537 2755 :
571 2731 638 2755 nec
666 2718 783 2755 Filius
815 2718 885 2753 Dei
911 2725 954 2753 ut
986 2716 1179 2752 hominem
1215 2714 1354 2752 libera-

346 2799 358 2811 n
382 2788 451 2826 ret,
471 2793 621 2816 carnem
637 2778 852 2828 assumpsit.
876 2796 888 2809 u
898 2776 998 2825 Quid
1018 2777 1057 2812 in
1078 2777 1134 2813 his
1150 2774 1277 2812 verbis
1292 2775 1352 2811 in-

345 2839 578 2875 tolerabilius
607 2838 800 2888 judieem,
832 2837 1126 2887 blasphemiam,
1160 2849 1208 2872 an
1240 2849 1351 2871 arro-

345 2899 536 2947 gantiam?
563 2899 654 2947 quid
691 2898 968 2944 damnabilius,
993 2897 1268 2941 temeritatem,
1305 2909 1353 2932 an

344 2958 603 3007 impietatem?
636 2963 693 2995 An
730 2972 807 2995 non
833 2958 974 3007 justius
1010 2970 1052 2993 os
1080 2957 1242 3005 loquens
1266 2956 1354 2992 talia

345 3017 509 3055 fustibus
536 3018 774 3063 tunderetur,
797 3033 910 3068 quam
930 3016 1142 3055 rationibus
1162 3017 1354 3054 refellere-

346 3080 430 3114 tur?
447 3081 583 3115 Nonne
604 3078 775 3113 omnium
800 3080 936 3114 merito
953 3079 989 3114 in
1009 3092 1047 3114 se
1069 3085 1256 3127 provocat
1270 3091 1352 3114 ma—

344 3151 438 3184 nus,
459 3136 567 3186 cujus
596 3150 729 3172 manus
760 3146 891 3173 eontra
918 3140 1077 3174 omnes?
1100 3142 1261 3182 Omnes,
1285 3139 1348 3173 in-

343 3197 445 3247 quit,
466 3196 518 3234 sie
547 3212 555 3233 :
580 3196 739 3233 sednon
764 3209 833 3244 ego
857 3197 920 3233 sic.
945 3197 1043 3244 Quid
1061 3210 1151 3246 ergo
1170 3199 1236 3233 tu?
1257 3199 1349 3247 quid

1422 2714 1562 2751 idcireo
1579 2727 1656 2750 non
1679 2713 1812 2759 habet,
1831 2713 1918 2763 quia
1937 2726 2007 2762 ego
2024 2722 2062 2750 et
2082 2721 2124 2750 tu
2143 2713 2216 2750 hoc
2236 2712 2426 2749 nolumus.

1420 2778 1504 2812 Hoc
1521 2773 1550 2810 si
1567 2788 1643 2811 non
1664 2774 1858 2810 confiteris
1878 2782 1937 2819 tu,
1957 2787 2026 2810 nec
2046 2773 2266 2822 cognoscis:
2285 2785 2428 2821 cogno-

1420 2842 1532 2871 scunt
1555 2842 1592 2870 et
1620 2833 1753 2870 dieunt
1777 2838 1842 2882 qui
1870 2835 2054 2881 redempti
2077 2841 2161 2868 sunt
2189 2846 2213 2868 α
2243 2834 2424 2874 Domino,

1420 2908 1514 2942 quos
1540 2895 1695 2929 recletm'c
1725 2895 1769 2928 (le
1798 2907 1912 2929 mama
1940 2896 2097 2928 inimici.
2129 2891 2243 2941 Quod
2274 2890 2428 2928 minime

1421 2968 1578 3004 negares
1604 2962 1641 2990 et
1666 2963 1723 3001 tu,
1743 2954 1773 2991 si
1793 2967 1872 2991 non
1897 2966 1996 2990 esses
2022 2952 2093 2990 sub
2124 2965 2240 2989 manu
2271 2950 2424 2988 inimici.

1421 3018 1505 3052 Non
1535 3021 1644 3063 potes
1675 3013 1812 3062 gratias
1845 3026 1956 3062 agere
1991 3026 2077 3049 cum
2105 3012 2334 3062 redemptis,
2362 3009 2426 3060 qui

1421 3075 1642 3124 redemptus
1675 3087 1753 3110 non
1785 3087 1835 3110 es.
1866 3076 1959 3110 Nam
1988 3073 2019 3109 si
2048 3071 2270 3122 redemptus
2295 3083 2420 3115 esses,

1418 3134 1716 3184 Redemptorem
1739 3145 1982 3183 agnosceres,
2006 3140 2044 3168 et
2064 3145 2142 3168 non
2164 3144 2320 3181 negares
2340 3129 2425 3167 red-

1417 3194 1663 3244 emptionem.
1697 3197 1773 3230 'Nee
1798 3192 1935 3242 quaerit
1962 3191 2120 3237 redimi,
2152 3191 2217 3241 qui
2247 3204 2286 3228 sc
2308 3189 2426 3228 nescit

391 3333 398 3346 ¹
418 3328 509 3356 Pl'ffi·
528 3338 621 3364 xxm,
644 3329 698 3357 28·
713 3345 758 3348 —-
774 3330 786 3346 ²
804 3329 819 3356 l
834 3328 903 3356 Cor.
920 3336 973 3361 «U,
995 3328 1048 3354 253·
1131 3324 1142 3343 ³
1158 3327 1249 3357 Joau.
1266 3338 1313 3356 xit
1329 3352 1335 3363 ,
1359 3332 1396 3358 tf,
1413 3353 1419 3363 ,
1441 3334 1468 3357 et
1488 3337 1538 3356 xxx
1556 3349 1562 3359 ,
1588 3328 1638 3355 to.
1661 3341 1700 3346 »ἡ
1720 3322 1732 3348 -ἱ
1753 3322 1794 3352 [d.
1814 3333 1872 3351 vui
1888 3345 1895 3358 ,
1919 3323 1970 3352 isi.
1992 3340 2028 3343 ——
2052 3320 2063 3341 f·
2083 3319 2178 3362 Soph.
2201 3331 2263 3350 111.
2291 3322 2349 3358 10,
2375 3320 2422 3348 17.

388 3390 398 3400 '¹
416 3385 638 3417 Abaelardum.
