2565 3952
40 165 105 204 (521

951 156 1212 190 EPISTOLAE.

41 242 254 286 moraliter,
291 240 339 276 de
373 238 626 276 Sacramentis
666 249 744 273 nou
780 235 968 280 fideliter,
1003 232 1093 269 de·''''‘

2060 149 2135 185 1322

1094 241 1104 249 ²
1119 239 1202 289 ejus
1226 240 1406 289 conspice
1423 266 1432 283 ,
1458 239 1658 286 accingere
1678 237 1805 286 gladio
1828 246 1905 272 tuo.
1926 240 2011 273 Jam
2033 235 2137 271 enim

42 301 219 355 mysterio
247 308 386 337 Sssnctae
416 297 609 335 Tl'iniffltiS
646 309 725 332 ¹¹0ss
757 295 982 345 Simpliciter
1007 297 1096 330 UCA
1119 315 1167 337 ex
1197 300 1434 337 abundantia
1474 298 1686 347 iniquitatis
1724 297 1936 345 refrigescit
1976 296 2140 331 charitas

41 364 163 404 sobrie
179 391 188 408 ‚
211 360 277 397 sed
303 367 443 409 praeter
469 367 512 394 ut
541 357 758 407 accepimus
774 385 784 402 ,
817 356 1045 406 disputatur.

41 424 214 474 Magister
249 425 381 459 Petrus
411 428 449 456 et
480 418 670 456 Ernaldus
688 447 697 463 ,
737 432 758 455 a
795 417 903 467 cujus
943 426 1049 468 peste

41 485 183 526 Italiam
202 481 408 533 purgastis,
426 480 656 517 adstiterunt
675 487 712 515 et
729 487 998 515 convenerunt
1011 478 1051 514 in

42 559 158 587 unum
175 543 358 581 adversus
371 542 597 586 Dominum,
612 549 649 577 et
665 540 847 577 adversus
859 540 1050 578 Christum

43 608 132 660 ejus.
150 608 314 655 Squama
331 616 499 653 squamae
520 601 784 652 conjungitur,
803 609 841 638 et
862 614 909 637 ne
927 600 1052 650 spira-

44 669 168 708 culum
190 663 346 715 quidem
368 663 512 700 incedit
537 677 607 713 per
633 676 708 700 eas.
736 661 918 711 Corrupti
944 668 1054 707 sunt,

43 739 81 770 et
101 724 375 766 abominabiles
392 724 480 761 facti
502 734 591 761 sunt
610 725 648 761 in
677 723 811 761 studiis
832 723 932 769 suis,
952 731 989 759 et
1010 721 1056 758 de

46 791 228 829 fermento
257 800 335 824 suae
365 786 626 836 corruptionis
655 793 913 835 corrumpunt
942 783 1057 820 iidem

46 849 272 902 simplicium
289 877 298 894 ‚
322 862 475 885 morum
499 848 674 885 ordinem
701 845 961 892 conturbant,
986 848 1059 882 Ec—

46 913 165 953 clesiae
195 910 389 947 maculant
418 909 630 946 castitatem
663 925 671 946 ;
703 908 749 945 ad
785 908 988 957 imaginem
1022 915 1059 943 et

46 972 330 1014 similitudinem
352 971 454 1007 illius
475 971 541 1020 qui
562 971 808 1020 transfigurat
829 983 867 1006 se
888 969 925 1005 in
948 980 1060 1017 auge-

46 1038 122 1075 lum
139 1034 251 1080 lucis,
272 1032 458 1070 habentes
479 1033 640 1069 formam
660 1032 831 1082 pietatis,
855 1030 920 1067 sed
942 1030 1060 1066 virtu·
1083 1030 1110 1063 B

49 1106 120 1135 tem
144 1094 226 1146 ejus
246 1093 500 1143 abnegantes,
522 1092 796 1130 circumornati
825 1100 915 1129 sunt
939 1099 981 1127 ut
1008 1090 1061 1127 si-

49 1155 220 1196 militudo
242 1155 400 1205 templi,
422 1163 464 1191 ut
485 1154 666 1203 sagittent
690 1153 729 1189 in
751 1152 916 1189 obscuro
937 1160 1062 1188 rectos

49 1217 173 1257 corde.
201 1216 402 1254 Evasimus
430 1215 599 1264 rugitum
629 1215 732 1251 Petri
752 1213 913 1259 Leonis,
932 1211 1062 1248 sedem

50 1279 209 1320 Simonis
230 1278 331 1315 Petri
353 1284 605 1326 occupantem
628 1290 635 1311 :
656 1274 721 1312 sed
742 1279 897 1312 Petrum
919 1277 1063 1310 Draco-

49 1340 105 1379 nis
118 1339 368 1384 incurrimus,
386 1337 500 1374 fidem
519 1335 684 1373 Simonis
707 1335 807 1372 Petri
826 1335 1062 1385 impugnan-

51 1410 136 1440 tem.
148 1400 216 1438 Ille
231 1406 457 1449 persecutus
471 1406 528 1434 est
540 1396 748 1434 Ecclesiam
762 1396 831 1434 Dei
850 1395 1063 1442 manifeste,

51 1463 146 1501 sicut
173 1461 233 1497 leo
265 1459 419 1510 rapiens
441 1474 449 1496 :
472 1458 543 1495 iste
573 1471 688 1503 verO,
712 1465 893 1506 tanquam
926 1455 1063 1502 draco,

52 1521 154 1562 sedet
172 1521 211 1558 in
233 1519 380 1557 insidiis
395 1519 436 1556 in
458 1518 637 1565 occultis,
658 1527 701 1555 ut
723 1517 929 1554 interliciat
950 1517 1066 1553 inno-

53 1592 212 1623 centem.
240 1581 314 1619 Sed
341 1590 401 1628 tu,
424 1581 590 1617 Domine
619 1583 744 1625 Deus,
769 1579 901 1616 oculos
928 1591 1066 1628 super—

54 1645 189 1684 borum
214 1641 459 1687 humiliabis,
489 1650 531 1678 tu
559 1639 803 1678 conculcabis
833 1643 1004 1676 Leonem
1031 1645 1068 1674 et

55 1710 281 1745 Draconem.
313 1704 454 1742 Nocuit
484 1703 572 1749 ille,
602 1701 733 1753 quoad
765 1701 886 1746 vixit3
906 1708 944 1736 et
966 1699 1069 1735 idem

55 1767 123 1806 fuit
145 1767 179 1804 ei
205 1766 294 1803 vitae
315 1765 503 1802 terminus
533 1772 648 1814 atque
675 1763 827 1800 malitiae
849 1776 856 1797 :
879 1761 950 1798 iste
975 1774 1069 1797 vero

55 1841 153 1866 nova
173 1826 353 1877 dogmata
369 1824 561 1872 scribens,
579 1824 660 1874 jam
686 1823 878 1875 providit,
905 1835 1071 1872 quomo—

56 1888 104 1926 do
130 1888 236 1926 virus
264 1900 377 1924 suum
406 1886 651 1923 transfundat
676 1886 715 1922 in
744 1892 947 1936 posteros,
970 1896 1070 1933 quo—

56 1949 168 1988 modo
202 1947 606 1997 noceat-generationi
637 1947 762 1992 omni,
791 1959 876 1996 quae
906 1953 1071 1981 ventura

57 2019 122 2049 est.
149 2010 344 2060 Denique,
363 2017 406 2046 ut
423 2022 546 2059 pauca
571 2008 618 2045 de
639 2008 768 2045 multis
792 2007 913 2043 dicam
927 2036 936 2052 ,
959 2006 1070 2042 theo-

57 2071 162 2122 logus
178 2079 309 2108 noster
325 2083 412 2107 cum
430 2069 523 2106 Ario
540 2068 680 2119 gradus
701 2076 738 2105 et
756 2068 874 2104 scalas
893 2067 932 2103 in
950 2066 1072 2103 Trini-

58 2141 129 2171 tate
155 2132 348 2183 disponit;
372 2145 458 2168 cum
488 2130 642 2180 Pelagio
673 2129 837 2166 liberum
868 2127 1069 2164 arbitrium

58 2193 183 2244 gratiae
204 2192 420 2243 praeponit,
439 2204 525 2228 cum
551 2190 729 2228 Nestorio
753 2189 944 2227 Christum
971 2187 1072 2224 divi-

20 2274 25 2279 ·
59 2253 148 2292 dens
163 2283 172 2299 ,
196 2253 391 2290 hominem
417 2260 657 2301 assumptum
680 2264 700 2287 a
719 2249 915 2287 consortio
941 2249 1070 2286 Trini-

61 2315 143 2353 tatis
173 2313 355 2352 excludit.
389 2312 462 2351 Sed
496 2313 534 2349 in
568 2312 625 2349 his
654 2310 835 2349 omnibus
864 2310 1073 2360 gloriatur,

60 2377 163 2428 quod
192 2374 451 2414 cardinalibus
481 2384 519 2412 et
548 2374 695 2412 clericis
728 2375 844 2411 curiae
863 2402 872 2419 ,
906 2372 1075 2410 scientiae

62 2437 182 2475 fontes
206 2437 422 2488 aperuerit3
446 2435 553 2486 quod
574 2435 751 2472 manibus
771 2443 809 2472 et
831 2434 977 2472 sinibus
1001 2437 1076 2470 Ro-

63 2511 261 2535 manorum
288 2496 407 2534 libros
433 2506 472 2534 et
497 2497 705 2534 sententias
731 2496 954 2541 incluserit,
977 2503 1015 2531 et
1036 2495 1076 2530 in

63 2560 217 2597 tutelam
237 2559 382 2597 erroris
401 2560 460 2597 sui
481 2559 640 2597 assumit
660 2573 744 2606 eos,
768 2573 788 2596 a
809 2557 951 2608 quibus
967 2571 980 2607 J
989 2557 1076 2594 udi-

64 2620 138 2658 cari
158 2619 273 2658 debet
293 2629 331 2657 et
356 2619 545 2657 damnari.
578 2623 662 2669 Qua
691 2627 842 2664 mente,
869 2632 944 2669 qua
979 2631 1076 2654 eon-

65 2681 217 2720 scientia
232 2682 398 2719 recurris
415 2681 463 2718 ad
484 2681 574 2718 fidei
590 2681 833 2718 defensorem
851 2709 860 2726 ‚
882 2679 969 2716 [idei
991 2693 1080 2729 per-

67 2744 244 2780 secutor?
269 2741 410 2793 quibus
438 2743 583 2789 oculis,
611 2756 689 2792 qua
716 2742 843 2778 fronte
870 2739 1080 2777 intueberis

67 2803 226 2840 amicum
246 2804 410 2854 Sponsi,
434 2806 593 2854 Sponsae
617 2804 810 2840 violator?
828 2806 859 2840 Ο
885 2802 957 2839 nisi
981 2801 1081 2839 deti—

69 2871 172 2901 neret
201 2876 262 2900 me
292 2877 384 2901 cura
410 2864 593 2901 fratrum!
625 2877 647 2900 o
675 2863 746 2900 nisi
777 2876 837 2899 me
869 2862 1082 2913 corporalis

68 2923 265 2962 infirmitas
285 2925 514 2975 impediret!
533 2933 722 2975 quantum
745 2923 1003 2961 desiderarem
1028 2924 1082 2960 vi-

71 2983 158 3022 dere
186 2986 352 3023 amicum
379 2986 518 3037 Sponsi
549 3000 622 3037 pro
649 2989 798 3037 Sponsa
827 2986 1013 3022 zelantem
1042 2985 1082 3022 in

71 3044 238 3084 absentia
274 3048 438 3098 Sponsi!
471 3051 576 3098 Ego,
614 3048 681 3098 qui
714 3048 826 3084 silere
858 3061 936 3084 non
974 3046 1084 3097 potui

38 3108 39 3113 ’
71 3105 227 3156 injurias
244 3107 391 3145 domini
410 3109 497 3155 mei,
515 3108 690 3145 laesiones
708 3109 886 3146 Ecclesiae
908 3108 1086 3158 patientis

11 3905 45 3952 Ε.
42 3771 45 3888 -,,-Λ

73 3166 214 3206 feram?
235 3173 292 3206 Tu
318 3177 445 3206 autem
460 3198 469 3215 ,
494 3169 740 3207 dilectissime
764 3173 889 3215 Pater,
908 3183 955 3206 ne
977 3171 1087 3206 elon—

75 3229 218 3277 gaveris
238 3229 423 3266 auxilium
446 3238 553 3267 tuum
581 3229 629 3267 ab
656 3243 697 3267 ea
723 3246 730 3268 :
752 3230 799 3267 ad
823 3229 1087 3267 defensionem

1118 375 1152 397 in
1161 362 1328 397 ultorum
1350 358 1528 409 :jamjam
1560 361 1709 408 Sponsa
1725 357 1876 401 Christi,
1894 356 1965 392 nisi
1982 368 2139 391 manum

1120 421 1313 468 adhibeas,
1331 420 1528 471 egreditur
1542 428 1579 456 et
1594 419 1673 455 abit
1690 426 1778 468 post
1792 417 1949 466 vestigia
1966 430 2142 466 gregum,

1119 491 1157 519 et
1178 482 1300 532 pascit
1319 494 1452 531 greges
1468 479 1580 529 juxta
1602 478 1849 516 tabernacula
1870 485 2083 527 pastorum.

1122 619 2146 636 ===================================================================

1216 751 1597 811 EPISTOLA
1660 745 2061 807 CCCXXXI?

1126 916 1174 937 AD
1203 915 1425 938 STEPHANL‘M
1460 913 1700 936 CARDl-NALEM
1730 912 1776 934 ET
1805 910 2018 934 EPISCOPUM
2052 910 2145 931 PM:-

1532 974 1740 997 NESTINL'M.

1453 1086 1601 1130 Ejusdem
1633 1084 1821 1128 argumenti.

1132 1212 1353 1252 Venerabili
1385 1211 1544 1248 domino
1574 1218 1611 1245 et
1637 1208 1858 1244 charissimo
1886 1206 1983 1256 patri
2014 1207 2049 1242 S.
2082 1204 2152 1241 Dei

1185 1275 1303 1325 gratia
1330 1272 1565 1311 Praenestino
1598 1270 1806 1320 episcopo,
1840 1269 1956 1304 frater
1980 1271 2155 1305 Beana—

1185 1349 1256 1372 ncs
1290 1333 1551 1372 Clarae-Vallis
1585 1330 1730 1372 abbas,
1762 1329 1924 1365 viriliter
1961 1341 2072 1378 agere
2118 1337 2153 1365 et

1185 1395 1397 1434 confortari
1423 1395 1461 1430 in
1486 1392 1665 1430 Domino.

1188 1521 1394 1572 Angustias
1412 1528 1450 1556 et
1466 1518 1630 1569 gemitus
1648 1521 1806 1567 Sponsae
1825 1515 1963 1553 Christi
1983 1529 2029 1552 eo
2045 1515 2156 1553 vobis

1135 1584 1360 1622 familiarius
1390 1581 1572 1624 enuntio,
1607 1592 1684 1628 quo
1716 1578 1881 1614 amicum
1913 1578 2054 1627 Sponsi
2089 1591 2158 1614 vos

1136 1659 1216 1683 esse
1235 1644 1401 1695 cognovi
1415 1672 1424 1688 ,
1444 1651 1481 1679 et
1499 1640 1640 1691 gaudio
1659 1639 1826 1689 gaudere
1846 1647 2007 1688 propter
2024 1652 2158 1675 vocem

1138 1707 1288 1757 Sponsi.
1313 1703 1476 1742 Confido
1504 1702 1604 1738 enim
1638 1700 1685 1736 de
1711 1698 1824 1736 vobis
1850 1699 1885 1734 in
1915 1699 2106 1745 Domino,
2129 1700 2160 1737 si

1136 1766 1236 1804 bene
1265 1765 1357 1802 novi
1386 1763 1612 1801 interiorem
1640 1760 1837 1797 hominem
1858 1768 2048 1806 vestrum,
2071 1761 2161 1810 quia

1089 1829 1115 1864 C
1136 1841 1213 1865 non
1248 1825 1420 1876 quaeritis
1449 1837 1534 1874 quae
1567 1830 1693 1858 vestra
1721 1829 1832 1865 sunt,
1862 1820 1927 1857 sed
1960 1834 2045 1870 quae
2071 1826 2163 1859 Jesu

1138 1888 1288 1926 Christi.
1330 1890 1485 1924 Petrum
1524 1882 1804 1928 Abaelardum‚
1840 1881 2035 1918 catholicae
2075 1882 2164 1919 fidei

1138 1956 1453 2000 persecutorem,
1490 1945 1688 1982 inimicum
1733 1943 1857 1979 crucis
1891 1942 2056 1990 Christi,
2085 1944 2165 1980 vita

1138 2010 1301 2061 probat,
1324 2017 1361 2045 et
1383 2006 1647 2051 conversatio,
1666 2013 1703 2041 et
1724 2003 1812 2040 libri
1826 2003 1905 2053 jam
1927 2003 1973 2040 de
1996 2003 2165 2042 tenebris

1138 2073 1176 2108 in
1205 2072 1329 2108 lucem
1357 2067 1625 2119 procedentes.
1652 2065 1885 2102 Monachum
1909 2078 1948 2101 se
1970 2066 2163 2113 exterius,

1139 2133 1362 2170 haereticum
1402 2130 1563 2167 interius
1599 2126 1898 2172 ostendit,nihil
1937 2125 2083 2164 habens
2117 2128 2164 2164 de

1142 2193 1357 2239 monacho,
1388 2199 1529 2242 praeter
1559 2202 1702 2225 nomen
1734 2196 1772 2224 et
1806 2186 1992 2223 habitum.
2029 2189 2165 2239 Aperit

1143 2255 1326 2292 cisternas
1350 2261 1518 2296 veteres,
1547 2259 1584 2287 et
1608 2251 1711 2286 lacus
1741 2249 1931 2285 contritos
1963 2249 2165 2287 haeretico—

1144 2330 1252 2362 rum,
1292 2323 1333 2351 ut
1362 2313 1432 2350 bos
1469 2321 1506 2349 et
1540 2311 1667 2348 asinus
1713 2309 1834 2346 cadat.
1887 2309 2050 2346 Siluerat
2083 2309 2164 2360 jam

1143 2391 1214 2428 per
1239 2376 1380 2412 multos
1408 2374 1488 2411 dies
1516 2388 1523 2410 ;
1547 2372 1613 2409 sed
1645 2370 1801 2421 quando
1827 2371 1931 2407 siluit
1953 2371 1993 2406 in
2015 2371 2168 2407 Britan-

1145 2439 1225 2483 nia,
1245 2435 1424 2485 concepit
1445 2434 1618 2470 dolorem
1632 2462 1640 2478 ,
1660 2440 1696 2468 et
1718 2432 1877 2468 nuncin
1898 2431 2057 2468 Francia
2071 2446 2167 2469 con—

1144 2499 1246 2549 cepit
1276 2496 1530 2546 iniquitatem.
1554 2498 1739 2543 Egressus
1766 2501 1823 2528 est
1844 2492 1891 2528 de
1913 2506 2077 2530 caverna
2099 2508 2166 2531 sua

1144 2558 1304 2596 coluber
1331 2566 1548 2601 tortuosus,
1566 2563 1603 2592 et
1631 2555 1667 2590 in
1696 2553 1983 2590 similitudinem
2015 2554 2166 2603 hydrae,

1094 2627 1127 2661 D
1148 2634 1226 2658 uno
1254 2620 1362 2670 prius
1381 2618 1505 2669 capite
1532 2616 1701 2661 succiso,
1726 2623 1871 2665 septem
1899 2627 1970 2664 pro
1995 2627 2075 2651 uno
2102 2630 2167 2652 ca—

1148 2682 1227 2732 pita
1258 2680 1457 2731 produxit.
1496 2678 1651 2716 Succiso
1686 2689 1783 2722 unc,
1816 2677 1960 2712 succisa
1990 2676 2061 2712 fuit
2091 2691 2167 2714 una

1147 2744 1248 2781 illius
1284 2742 1438 2779 haeresis
1471 2740 1673 2778 Suessione
1705 2754 1712 2775 :
1744 2737 1808 2775 sed
1834 2737 1913 2787 jam
1948 2738 2033 2774 loco
2066 2739 2168 2775 illius

1149 2813 1294 2855 septem
1314 2812 1351 2841 et
1369 2817 1415 2840 eo
1434 2802 1598 2852 amplius
1619 2800 1780 2836 haereses
1800 2806 2062 2844 emerserunt,
2079 2813 2171 2849 qua-

1150 2879 1235 2902 rum
1276 2864 1475 2914 exemplar
1514 2861 1740 2905 habuimus,
1777 2867 1814 2895 et
1847 2859 2020 2896 misimus
2047 2859 2170 2896 vobis.

1149 2926 1279 2964 Rudes
1311 2934 1350 2963 et
1382 2924 1557 2961 novellos
1584 2922 1780 2959 auditores
1809 2920 1856 2958 ab
1886 2919 2070 2957 uberibus
2092 2920 2167 2957 dia-

1149 2989 1292 3025 lecticae
1327 2994 1544 3037 separatos,
1572 2992 1609 3020 et
1641 2996 1725 3028 eos,
1753 2983 1838 3032 qui,
1865 2990 1907 3018 ut
1941 2982 1991 3018 ita
2024 2981 2170 3027 dicam,

1152 3048 1276 3099 prima
1300 3047 1388 3084 fidei
1412 3047 1601 3083 elementa
1624 3044 1688 3080 vix
1714 3044 1903 3080 sustinere
1926 3051 2106 3093 possunt,
2125 3043 2172 3079 ad

1155 3108 1380 3158 mysterium
1399 3115 1539 3144 sanctae
1560 3105 1774 3149 Trinitatis,
1798 3104 1844 3141 ad
1864 3112 1993 3141 sancta
2016 3111 2171 3140 sancto·

1155 3182 1259 3214 rum,
1289 3167 1337 3205 ad
1373 3166 1591 3204 cubiculum
1632 3165 1745 3214 Regis
1780 3163 2010 3209 introducit,
2052 3170 2088 3198 et
2125 3161 2172 3198 ad

1156 3243 1266 3276 eum,
1289 3229 1355 3280 qui
1375 3228 1505 3279 posuit
1528 3226 1706 3265 tenebras
1727 3225 1931 3262 latibulum
1957 3236 2081 3260 suum.
2100 3226 2174 3260 De-

122 3362 136 3378 ²
152 3357 292 3400 Epistola
316 3368 399 3389 nova
418 3368 426 3389 ε
453 3368 524 3399 quae
545 3369 620 3390 vero
642 3365 735 3391 antea
759 3362 821 3392 331
844 3365 930 3397 erat⁷
957 3370 1042 3391 nunc
1064 3363 1143 3393 350.
1171 3361 1294 3402 Scripta
1311 3370 1395 3391 auno
1413 3357 1530 3391 Christi
1554 3359 1653 3388 1140.
