2517 3920
342 206 438 242 1079

337 285 501 320 Cernere
517 290 573 319 est
590 282 629 319 in
651 280 1007 326 nominationibus,
1027 289 1178 330 quantae
1198 281 1245 317 sit
1260 283 1341 316 Do·
1355 279 1367 297 ⁴

1093 205 1129 240 S.
1162 202 1414 239 BERNARDI
1442 200 1645 236 ABBATIS

1374 276 1501 326 ⁴⁹girnt
1528 275 1691 312 excitare
1714 274 1831 310 corda
1856 275 2047 324 torpentia
2072 275 2271 314 hominum
2303 280 2410 316 inno—

2314 204 2410 240 1080

336 342 461 379 minus
478 341 704 391 majestatis,
723 340 831 390 cujus
845 350 939 378 nutu
953 341 1156 391 imperium
1175 347 1340 383 constat,
1362 343 1393 376 A
1410 336 1564 372 vatione
1585 334 1778 383 signorum
1802 348 1810 370 :
1831 333 1952 369 virtus
1976 347 2067 370 vero
2086 334 2125 370 in
2150 335 2203 372 eis
2232 350 2386 376 manens
2400 368 2409 386 ,

335 410 372 437 et
392 402 554 451 imperio
574 402 801 438 universitas
832 409 945 450 atque
975 401 1165 437 aeternitas
1193 399 1342 435 termini

336 470 436 498 sunt.
452 465 615 500 Cernere
628 470 684 499 est
699 462 738 498 in
754 460 1034 511 Principatibus
1049 459 1279 509 principium
1295 471 1342 494 ex

337 535 414 570 quo
436 522 589 569 omnia3
620 531 658 558 et
679 521 875 571 quomodo
894 534 914 556 a
934 519 1087 556 cardine
1108 518 1268 563 ostium,
1289 516 1342 553 sic

335 580 384 618 ab
404 582 488 632 ipso
509 582 587 632 regi
609 581 906 619 universitatem.
938 582 1102 616 Cernere
1127 585 1183 614 est
1202 577 1240 612 in
1263 580 1340 613 Po-

336 641 534 679 testatibus
553 670 562 688 ,
603 654 716 691 quam
750 639 976 690 potestative
1017 637 1118 673 idem
1162 636 1342 686 princeps

337 715 434 751 quos
459 701 574 751 regit,
596 700 782 750 protegit,
806 698 1014 735 contrarias
1044 703 1252 746 potestates
1280 709 1342 732 ar-

338 774 426 797 cens
456 769 494 797 et
523 760 765 810 propulsans.
790 762 954 796 Cernere
982 765 1038 793 est
1067 756 1107 792 in
1128 754 1342 793 Virtutibus

337 834 453 857 unam
483 819 624 868 ubique
651 819 845 867 aequaliter
863 825 1003 867 praesto
1034 829 1114 852 esse
1135 816 1315 852 virtutem
1330 844 1339 862 ,

336 894 408 930 per
435 893 547 929 quam
575 879 722 922 omnia,
744 878 933 914 vivificam
947 906 956 923 ,
977 877 1188 922 efficacem,
1209 876 1344 913 invisi-

336 940 469 985 bilem,
488 938 816 987 immobilemque,
834 937 962 973 omnia
984 945 1109 972 tamen
1125 944 1342 973 moventem

337 1000 499 1044 utiliter,
529 1006 721 1034 tenentem
750 997 899 1033 fortiter
921 1012 929 1033 ;
948 1010 1034 1046 quae
1051 1011 1135 1034 cum
1157 998 1195 1033 in
1218 997 1343 1034 minus

1408 396 1490 444 ipsa
1508 394 1595 430 facit
1615 407 1744 444 opera.
1766 393 1924 431 Faciunt
1941 402 1978 429 et
1998 393 2088 440 illae,
2106 395 2170 431 sed
2194 396 2233 431 in
2254 410 2409 448 compa*

1408 455 1557 490 ratione
1571 453 1654 502 ejus
1670 466 1748 489 non
1767 453 1919 490 faciunt.
1941 453 2116 503 Denique
2137 463 2283 493 tanturn
2297 457 2411 496 inter-

1408 522 1489 560 est,
1519 522 1562 551 ut
1594 514 1701 563 quasi
1738 514 1980 563 singulariter
2017 515 2205 564 propheta
2239 515 2337 555 dicat
2363 519 2410 556 ad

1408 587 1515 619 eum,
1539 576 1591 609 Tu
1606 588 1644 610 es
1662 575 1766 609 Deus
1788 572 1966 621 quifiwis
1985 574 2175 611 mirabilia
2189 582 2202 597 ²
2226 590 2234 612 :
2255 585 2293 613 et
2310 577 2408 616 idem

1409 633 1456 670 de
1476 647 1542 680 eo,
1568 635 1642 680 Qui
1661 632 1763 681 facit
1794 633 1986 670 mirabilia
2015 629 2154 683 magna
2178 635 2323 674 salust>
2339 639 2411 676 Ad-

1410 703 1499 730 sunt
1522 694 1658 743 Angeli
1684 702 1721 731 et
1741 694 1968 744 Archangeli
1989 708 1996 730 :
2015 694 2082 731 sed
2106 694 2171 731 ille
2197 699 2411 745 germanior

1410 753 1541 801 nobis,
1562 753 1628 803 qui
1648 766 1726 790 non
1746 753 1862 790 modo
1880 753 2007 799 adest,
2030 753 2097 791 sed
2116 754 2226 793 inest.

1468 814 1527 851 12.
1559 813 1672 862 Quod
1699 813 1729 851 si
1751 813 1853 850 dicas
1881 826 1993 863 posse
2010 813 2133 851 inesse
2155 823 2193 851 et
2213 818 2409 866 angelum,

1411 885 1489 909 non
1510 873 1673 909 inficior.
1700 873 1857 909 Memini
1883 873 2066 923 scriptum
2084 887 2092 909 :
2110 877 2161 910 Et
2177 878 2331 924 angelus
2350 883 2414 926 qui

1412 932 1630 981 loquebatur
1645 937 1684 968 iu
1705 932 1800 969 me4'.
1833 933 1950 982 Atqui
1975 932 2191 971 differentia
2213 944 2250 972 et
2267 936 2305 973 in
2326 937 2410 976 hoc.

1409 997 1514 1030 Inest
1534 994 1689 1043 angelus
1713 1006 1919 1042 suggerens
1950 992 2075 1040 bona,
2104 1007 2183 1030 non
2208 995 2409 1046 ingerens:

334 1059 471 1095 usitata
488 1058 622 1094 effecta
639 1056 741 1107 apud
756 1058 934 1094 mortales
951 1058 1143 1108 eruperit,
1161 1059 1343 1095 miracula
1360 1059 1388 1092 B
1410 1054 1505 1091 inest
1525 1054 1683 1091 hortans
1702 1053 1749 1090 ad
1777 1053 1921 1090 bonum
1936 1083 1945 1100 ,
1980 1067 2059 1090 non
2093 1053 2240 1092 bonum
2270 1070 2410 1097 creans.

335 1118 414 1155 sive
444 1117 618 1167 prodigia
642 1125 794 1153 vocant.
816 1120 979 1155 Cernere
998 1126 1194 1168 postremo
1212 1126 1250 1154 et
1270 1118 1343 1154 mi-

334 1177 410 1214 rari
429 1185 485 1214 est
505 1177 543 1213 in
564 1177 719 1226 Angelis
741 1185 779 1213 et
797 1177 1045 1227 Archangelis
1063 1178 1261 1215 veritatem
1283 1187 1343 1215 at-

334 1250 409 1287 que
441 1237 716 1287 experientiam
752 1237 858 1274 vocis
888 1238 1007 1284 illius,
1051 1240 1241 1285 Quoniam
1271 1242 1343 1288 ipsi

335 1310 425 1334 cura
445 1306 499 1333 est
511 1300 558 1333 cle
577 1296 682 1333 nobis
697 1303 706 1318 ¹
723 1312 733 1344 ;
755 1298 819 1347 qui
840 1298 971 1334 talium
995 1311 1065 1335 nos
1085 1307 1122 1335 et
1145 1307 1340 1336 tantorum

334 1370 414 1394 non
443 1357 581 1394 desinit
596 1356 810 1406 jucundare
837 1358 1138 1407 visitationibus,
1155 1359 1341 1397 instruere

336 1418 654 1466 revelationibus,
673 1419 978 1469 suggestionibus
996 1434 1243 1458 commonere
1255 1449 1264 1467 ‚
1284 1434 1342 1458 se-

336 1477 495 1516 dulitate
511 1478 692 1516 solatiari.

707 1598 886 1638 CAPUT
915 1599 965 1640 V.

384 1721 506 1754 Gratias
522 1731 557 1753 ac
571 1720 658 1752 dotes
676 1721 869 1764 Angelorum
890 1733 908 1753 a
922 1725 989 1754 Deo
1010 1723 1042 1754 in
1056 1723 1140 1765 ipsos
1154 1723 1297 1755 derivari.

1408 1118 1511 1151 Deus
1543 1114 1596 1151 sic
1620 1115 1719 1151 inest
1746 1122 1788 1150 ut
1807 1114 1964 1160 afficiat,
1986 1122 2029 1151 ut
2048 1114 2243 1160 infundat,
2265 1118 2325 1154 vel
2346 1131 2412 1168 po-

1411 1175 1484 1211 tius
1505 1183 1547 1212 ut
1571 1175 1797 1212 infundatur
1816 1183 1854 1211 et
1874 1175 2144 1225 participetur,
2161 1175 2212 1212 ita
2235 1185 2275 1213 ut
2294 1191 2410 1216 unum

1409 1235 1570 1286 perinde
1591 1249 1678 1273 cum
1710 1243 1843 1272 nostro
1870 1235 2045 1285 spiritum
2075 1248 2155 1272 esse
2183 1235 2308 1274 dicere
2329 1239 2413 1288 quis

1409 1309 1488 1332 non
1514 1296 1684 1333 timuerit
1699 1325 1708 1343 ,
1727 1295 1796 1333 etsi
1813 1309 1888 1332 non
1905 1308 2020 1332 unam
2035 1308 2238 1346 personam
2251 1325 2260 1342 ,
2281 1311 2413 1335 unam-

1408 1370 1454 1394 ve
1486 1356 1737 1394 substantiam
1755 1363 1783 1394 ³.
1819 1355 1947 1393 Habes
1984 1356 2116 1393 enim:
2145 1357 2220 1403 Qui
2247 1358 2416 1396 adhoerec

1408 1421 1490 1455 Deo
1502 1448 1514 1465 ,
1538 1432 1631 1454 unus
1648 1422 1802 1467 spiritus
1817 1426 1872 1453 est
1885 1415 1912 1452 ⁵.
1937 1417 2104 1467 Angelus
2121 1430 2212 1467 ergo
2227 1431 2313 1455 cum
2333 1420 2414 1456 ani-

1410 1493 1493 1525 ma,
1521 1483 1625 1517 Deus
1642 1480 1678 1516 in
1701 1479 1839 1516 anima.
1861 1478 1929 1516 Ille
1953 1487 1996 1515 ut
2023 1477 2306 1516 contubernalis
2331 1481 2414 1517 ani-

1411 1553 1482 1577 mae
1513 1540 1637 1587 inest,
1667 1543 1771 1577 Deus
1806 1547 1848 1577 ut
1876 1538 1965 1576 vita.
1996 1542 2130 1588 Itaque
2160 1538 2258 1575 sicut
2292 1541 2415 1577 anima

1410 1600 1516 1637 videt
1534 1600 1572 1637 in
1593 1600 1734 1647 oculis,
1756 1599 1863 1637 audit
1886 1599 1925 1636 in
1947 1597 2121 1646 auribus,
2145 1597 2281 1636 odorat
2298 1600 2336 1636 in
2354 1614 2417 1637 na-

1412 1659 1517 1697 ribus
1529 1690 1538 1707 ,
1556 1660 1595 1697 in
1613 1659 1786 1697 faucibus
1802 1666 1949 1709 gustat,
1972 1658 2090 1707 tangit
2112 1657 2149 1694 in
2172 1666 2254 1695 toto
2272 1660 2416 1710 reliquo

1412 1734 1576 1771 corpore
1598 1734 1606 1756 :
1626 1720 1678 1757 sic
1698 1724 1802 1757 Deus
1824 1719 1973 1756 diversa
1997 1719 2034 1755 in
2052 1719 2211 1756 diversis
2224 1719 2417 1769 spiritibus

1412 1789 1619 1831 operatur3
1650 1778 1759 1817 verbi
1789 1779 1907 1829 gratia
1926 1808 1936 1825 ,
1972 1778 2011 1815 in
2044 1777 2126 1816 aliis
2153 1788 2343 1816 amantem
2379 1793 2416 1817 se

394 1836 455 1872 11.
482 1837 573 1872 Haec
600 1835 727 1872 omnia
757 1836 920 1873 contulit
949 1837 1021 1874 illis
1050 1837 1245 1887 spiritibus
1265 1838 1346 1888 ipse
1363 1846 1390 1882 C
1410 1840 1617 1886 exhibens,
1656 1840 1694 1876 in
1729 1839 1810 1876 aliis
1849 1846 2142 1888 agnoscentem,
2170 1839 2209 1875 in
2240 1839 2321 1876 aliis
2348 1840 2417 1877 alia

335 1895 401 1944 qui
433 1894 606 1932 condidit
638 1895 743 1942 illos,
772 1910 871 1933 unus
897 1905 1010 1946 atque
1036 1896 1137 1934 idem
1173 1912 1344 1935 summus

337 1956 524 2005 Spiritus,
553 1955 725 1992 dividens
756 1957 911 2006 singulis
940 1966 1058 2007 prout
1086 1958 1220 1995 voluit.
1255 1962 1344 1996 Haec

337 2024 519 2066 operatur
540 2016 577 2052 in
596 2016 687 2063 illis,
708 2016 788 2053 haec
815 2017 918 2053 dedit
939 2018 1091 2067 operari
1109 2027 1145 2054 et
1165 2019 1237 2055 illis
1250 2048 1259 2064 ,
1277 2020 1343 2056 sed

336 2074 457 2112 aliter.
478 2075 624 2113 Ardent
644 2077 827 2126 Seraphin
841 2105 850 2122 ,
880 2077 945 2114 sed
971 2077 1057 2126 igne
1078 2078 1165 2125 Dei,
1191 2080 1251 2115 vel
1272 2093 1343 2129 po—

337 2136 411 2172 tius
443 2136 530 2185 igne
562 2139 654 2173 Deo.
686 2137 797 2185 Quod
827 2138 1065 2187 praecipuum
1101 2148 1158 2176 est
1188 2140 1228 2176 in
1264 2141 1317 2177 eis
1332 2170 1342 2187 ,

336 2205 486 2243 amant,
508 2196 573 2233 sed
594 2210 671 2233 non
692 2206 879 2247 quantum
901 2201 1024 2246 Deus,
1044 2212 1114 2236 nec
1131 2200 1341 2249 quomodo.

334 2259 483 2293 Lucent
498 2256 713 2302 Cherubin,
733 2266 770 2294 et
787 2258 941 2295 scientia
961 2259 1132 2296 eminent
1145 2290 1156 2306 ,
1176 2261 1241 2297 sed
1259 2275 1343 2311 par-

335 2316 466 2366 ticipio
486 2317 679 2361 veritatis;
702 2331 744 2354 ac
758 2331 827 2367 per
843 2318 916 2355 1100
933 2333 1009 2356 11011
1028 2328 1071 2356 ut
1087 2321 1253 2366 Veritas,
1274 2334 1343 2357 nec

335 2385 535 2425 quantum.
558 2376 698 2415 Sedent
715 2378 856 2415 Throni
872 2409 881 2426 ,
903 2379 968 2416 sed
988 2380 1188 2417 insidentis
1204 2381 1344 2418 benefi-

337 2436 409 2472 cio.
430 2436 610 2473 Judicant
627 2444 663 2472 et
678 2437 750 2486 ipsi
771 2451 856 2474 cum
873 2440 1165 2489 tranquillitate,
1184 2440 1250 2477 sed
1265 2455 1343 2478 non

334 2495 383 2532 ad
405 2509 621 2533 mensuram
657 2497 864 2535 modumve
892 2500 996 2549 pacis
1026 2500 1219 2550 pacantis,
1240 2501 1343 2550 pacis

334 2570 420 2605 quae
458 2566 662 2607 exsuperat
696 2571 849 2595 omnem
881 2572 1047 2597 sensum.
1085 2561 1344 2598 Dominantur

1411 1902 1633 1947 facientem,
1663 1901 1760 1951 sieut.
1791 1899 1998 1949 unicuique
2027 1899 2139 1935 datur
2166 1901 2416 1938 manifestatio

1410 1962 1566 2011 spiritus
1592 1960 1639 1997 ad
1658 1961 1860 1997 utilitatem
1874 1958 1902 1996 ⁶.
1926 1959 2019 2008 Quis
2038 1967 2096 1996 est
2123 1959 2194 1996 iste
2218 1968 2293 1997 tam
2317 1974 2417 1998 com-

1410 2021 1535 2057 munis
1556 2021 1595 2057 in
1619 2019 1803 2066 vocibus,
1828 2028 1904 2056 tani
1937 2020 2049 2068 longe
2077 2019 2119 2056 in
2151 2018 2294 2057 rebus?
2318 2034 2415 2071 quo-

1410 2080 1526 2117 modo
1560 2093 1674 2130 quem
1704 2079 1846 2116 nostris
1874 2079 2073 2128 loquimur
2103 2079 2256 2127 verbis,
2285 2080 2324 2117 in
2352 2094 2417 2118 sua

1410 2141 1631 2178 reconditus
1653 2140 1872 2190 majestate,
1902 2149 2056 2177 nostros
2081 2140 2234 2190 penitus
2258 2149 2302 2179 et.
2314 2154 2417 2192 aspe-

1410 2209 1493 2238 ctus
1516 2202 1670 2251 effugit,
1700 2209 1738 2237 et
1759 2201 1947 2237 affectus?
1975 2201 2077 2238 Audi
2096 2202 2222 2251 ipsum
2247 2201 2338 2251 quid
2365 2203 2417 2239 lo-

1410 2269 1551 2311 quatur
1568 2260 1799 2297 hominibus.
1818 2261 1920 2296 Sicut
1933 2263 2152 2296 exaltantur
2162 2264 2250 2297 coeli
2264 2276 2288 2298 a
2304 2270 2415 2306 terra,

1409 2325 1463 2357 sic
1482 2324 1666 2357 exaltutoe
1683 2330 1770 2357 suat
1789 2325 1866 2357 vioe
1885 2334 1982 2356 mese
2004 2335 2027 2356 a
2049 2323 2123 2357 viis
2141 2326 2288 2367 vestm,
2308 2331 2344 2358 et
2358 2336 2417 2358 co-

1407 2387 1610 2432 gitationes
1632 2396 1729 2418 meoe
1758 2396 1782 2417 a
1810 2381 2094 2430 cogitationibus
2123 2386 2255 2419 vestris*
2267 2390 2294 2420 7.
2320 2382 2418 2420 Dici-

1410 2457 1498 2480 mur
1516 2456 1643 2480 amare
1657 2471 1666 2488 ,
1689 2446 1846 2485 etDeus
1870 2456 1877 2478 :
1901 2441 2066 2479 dicimur
2086 2455 2198 2479 nosse
2213 2472 2223 2490 ,
2244 2451 2282 2479 et
2297 2446 2415 2480 Deus:

1410 2512 1448 2540 et
1476 2504 1595 2541 multa
1619 2504 1658 2540 in
1685 2504 1788 2540 hunc
1808 2502 1979 2539 modum.
2017 2503 2090 2540 Sed
2118 2507 2222 2541 Deus
2252 2511 2351 2540 amat
2377 2511 2419 2540 ut

1410 2564 1593 2611 charitas,
1623 2564 1733 2600 novit
1761 2571 1803 2600 ut
1827 2563 1991 2609 veritas,
2027 2563 2133 2600 sedet
2165 2572 2207 2601 ut
2236 2563 2416 2614 aequitas,

335 2616 648 2663 Dominafiones,
668 2617 732 2654 sed
765 2618 835 2655 sul)
870 2620 1039 2656 Domino
1071 2620 1339 2667 dominantur,
1360 2625 1632 2669 Ddominatur
1662 2633 1703 2661 ut
1734 2623 1929 2673 majestas,
1963 2624 2061 2674 regit
2090 2633 2133 2661 ut
2165 2624 2415 2676 principium,

337 2678 507 2714 serviunt
525 2678 678 2727 pariter.
711 2679 812 2727 Quid
844 2680 916 2717 hoc
934 2680 981 2717 ad
1002 2694 1212 2727 summum,
1245 2695 1345 2719 sem·

337 2737 552 2786 piternum,
591 2739 857 2790 singulareque
895 2741 1142 2779 dominium?
1175 2746 1348 2779 Praesunt

338 2797 579 2847 Principatus
598 2808 635 2835 et
652 2809 789 2849 regunt
810 2816 817 2837 :
841 2801 906 2837 sed
932 2811 1117 2851 reguntur
1134 2811 1170 2838 et
1187 2803 1273 2853 ipsi,
1296 2804 1348 2840 ita

340 2863 382 2892 ut
405 2869 533 2905 regere
564 2857 643 2906 jani
675 2872 754 2895 non
787 2861 940 2907 norint,
982 2862 1012 2898 si
1046 2862 1125 2911 regi
1154 2862 1348 2900 desierint.

342 2916 528 2951 Praecellit
547 2916 585 2952 in
602 2919 857 2957 Potestatibus
876 2922 1061 2959 fortitudo
1086 2937 1094 2959 :
1116 2923 1182 2959 sed
1200 2924 1266 2973 qui
1283 2924 1350 2961 de—

343 2973 436 3011 bent
462 2975 566 3024 quod
596 2977 711 3014 sortes
731 2988 841 3025 sunt,
866 2989 903 3017 et
927 2982 1037 3018 aliter
1067 2991 1124 3019 est
1155 2983 1281 3031 fortis,
1314 2993 1350 3021 et

344 3034 457 3084 plus;
491 3047 561 3070 nec
588 3043 663 3071 tam
686 3037 794 3074 fortis
825 3053 938 3088 quam
968 3041 1051 3092 ipsa
1074 3042 1260 3079 fortitudo
1281 3053 1349 3082 est.

343 3094 510 3132 Virtutes
542 3108 613 3145 pro
636 3109 705 3132 suo
737 3098 948 3137 ministerio
968 3110 1006 3138 et
1029 3111 1231 3152 potentatu
1250 3112 1351 3142 sata-

1415 2693 1544 2722 tuetur
1562 2693 1604 2722 ut
1623 2685 1744 2730 salus,
1769 2693 1953 2734 operatur
1980 2693 2023 2721 ut
2044 2685 2166 2722 virtus
2180 2715 2190 2732 ,
2212 2685 2356 2722 revelat
2378 2691 2419 2721 ut

1414 2746 1499 2791 Ι11Χ,
1524 2745 1661 2782 assistit
1694 2753 1736 2781 ut
1768 2745 1901 2795 pietas.
1932 2748 2025 2793 Quae
2057 2745 2186 2782 omnia
2216 2745 2359 2782 faciunt
2383 2751 2420 2781 et

1415 2805 1573 2855 Ange-li,
1610 2804 1770 2841 facimus
1801 2812 1839 2840 et
1870 2817 1941 2841 nos
1973 2819 1981 2841 :
2013 2804 2080 2842 sed
2108 2805 2221 2854 longe
2253 2801 2419 2840 inferiori

1417 2865 1534 2902 modo
1551 2894 1560 2909 ,
1580 2878 1658 2901 non
1676 2865 1808 2915 utiquc
1825 2864 1930 2902 bono
1949 2864 2054 2915 quod
2071 2878 2202 2902 sumus
2214 2894 2224 2912 ,
2241 2863 2305 2902 sed
2319 2861 2418 2914 quod

1417 2925 1701 2976 participamus.

394 3232 401 3247 ¹
419 3229 433 3257 Ῑ
449 3229 531 3259 pem
551 3231 568 3258 5
584 3252 591 3265 1
610 3231 697 3260 7·-·
714 3234 726 3250 ²
741 3230 823 3261 psal·
841 3242 938 3269 LXXV,
961 3237 1010 3265 Ιί).
1027 3234 1095 3258 ——3
1111 3237 1191 3269 Psal.
1206 3249 1339 3278 cxxxvi,
1364 3242 1391 3272 si.
1423 3260 1441 3263 -
1474 3240 1594 3273 flach,
1613 3253 1622 3271 1
1639 3244 1772 3277 ,1'1.>-
1795 3239 1807 3261 f·
1825 3245 1836 3272 Ι
1856 3242 1927 3273 Cor.
1946 3252 1977 3270 vi
1992 3265 1999 3275 ,
2023 3243 2073 3272 17.
2097 3260 2113 3261 ψ
2147 3237 2163 3260 6
2180 3237 2226 3270 Id.
2242 3238 2358 3275 x11‚7-
2381 3252 2419 3257 -

344 3287 356 3310 7
375 3280 448 3312 lsai.
472 3292 523 3319 LV,
543 3284 573 3313 9.

391 3341 405 3356 ³
422 3335 502 3367 Vide
525 3338 707 3369 Sermonem
723 3342 739 3369 ἔ)
761 3339 792 3369 111
809 3340 927 3370 cantica
944 3365 950 3374 .
972 3352 1001 3373 n.
1022 3346 1038 3371 8
1065 3349 1092 3375 01
1108 3344 1150 3375 ihi
1168 3351 1284 3377 notam.
