2517 3936
36 3150 38 3160 ι

35 3172 39 3188 J

18 3323 22 3326 ,
37 3262 41 3320 ἱ

41 3486 48 3675 'a

46 3734 53 3931 l1

105 187 202 224 1409

99 268 239 310 andit3
269 274 306 302 et
330 270 396 315 qui
426 279 493 302 vos
521 270 682 315 spernit,
715 280 774 302 me
801 273 946 317 spernit
967 282 978 303 .·
1002 282 1044 305 ac
1077 267 1149 305 εἰ02

761 190 1049 228 TRACTATUS
1080 192 1145 227 DE
1173 192 1437 238 BAPTISMO,
1460 199 1531 228 etc.

1155 267 1298 318 ⁷usque
1319 269 1504 318 viguerat,
1525 270 1706 319 prodesse
1719 271 1797 320 jam
1815 274 2049 326 subripiente
2063 281 2186 329 Bapti-

2086 202 2185 239 1410

98 326 262 373 (liceret,
296 326 487 363 Judicium
528 340 656 366 meum
687 327 787 364 inter
819 328 1043 366 obedientes
1077 337 1114 365 et
1133 328 1161 361 A
1182 337 1300 365 smate
1322 342 1399 365 non
1426 328 1607 366 auderet:
1630 339 1667 366 et
1690 332 1875 380 Baptisma
1892 363 1900 379 ,
1921 337 2097 384 quoniam
2116 339 2185 374 ad-

97 395 405 432 contemnentes,
433 400 511 424 non
537 386 583 424 de
607 400 690 424 mea
715 397 859 425 secreta
881 388 1109 434 traditione,

97 447 162 484 sed
185 447 232 484 de
253 456 379 484 vestra
399 446 553 497 publica
572 447 845 497 praedicatione
872 448 1069 498 pendebit.

149 507 186 545 4.
218 507 291 545 Sed
322 508 418 544 forte
448 508 583 557 aliquis
612 507 733 553 dicat,
766 521 830 544 eos
859 508 1012 557 quidem
1046 508 1112 557 qui

95 580 173 604 non
194 567 419 613 audierunt,
443 568 511 604 etsi
533 580 610 603 non
629 566 675 602 de
696 575 919 616 contemptu
933 566 1112 616 judicari,

95 626 269 665 damnari
294 636 419 664 tamen
446 636 607 678 propter
634 627 817 675 originale
843 635 1064 676 peccatum,
1089 641 1110 663 a

93 701 172 738 quo
190 689 321 738 utique
341 688 412 725 nisi
432 701 502 738 per
521 688 712 723 lavacrum
732 685 932 722 emundari
953 686 1108 723 minime

93 756 317 798 potuerunt.
345 752 395 785 At
419 760 513 783 vero
539 746 623 796 quis
648 746 791 782 nesciat
813 753 850 782 et
878 745 948 782 alia
969 755 1109 796 praeter

92 808 329 858 Baptismum
355 815 489 843 contra
510 806 695 856 originale
716 815 913 856 peccatum
943 807 1108 844 remedia

93 867 259 917 antiquis
276 880 354 903 non
375 865 538 903 defuisse
556 865 820 916 temporibus?
837 865 1000 903 Abrahae
1020 867 1109 916 qui-

91 927 178 964 dem
192 936 230 965 et
244 927 376 964 semini
395 925 491 976 ejus,
512 926 811 964 circumcisionis
827 936 1106 965 sacramentum

90 988 130 1025 in
151 988 225 1026 hoc
243 988 370 1039 ipsum
391 987 573 1024 divinitus
594 987 776 1024 traditum
796 996 852 1024 est
875 994 899 1024 ¹.
920 991 965 1024 ln
987 989 1108 1025 natio-

90 1048 204 1086 nibus
218 1062 312 1086 vero
323 1078 334 1095 ,
353 1056 546 1099 quotquot
561 1048 709 1085 inventi
726 1057 815 1085 sunt
830 1048 960 1085 fideles
971 1077 981 1095 ,
999 1049 1107 1086 adul-

92 1118 150 1147 tos
169 1110 324 1160 quidem
344 1109 419 1147 fide
438 1118 476 1147 et
498 1110 690 1146 sacrificiis
711 1109 902 1146 credimus
918 1110 1104 1160 expiatos,

88 1171 260 1221 parvulis
275 1179 401 1207 autem
417 1171 535 1207 solam
553 1170 754 1220 profuisse,
770 1170 847 1206 imo
862 1178 899 1206 et
913 1170 1106 1208 suffecisse

88 1239 294 1282 parentum
311 1231 439 1268 fidem.
458 1235 578 1269 Porro
594 1231 667 1267 hoc
680 1231 732 1267 ita
747 1230 901 1280 quidem
920 1243 1040 1280 usque
1058 1232 1105 1268 ad

87 1291 270 1342 Baptismi
291 1300 467 1342 tempora
485 1290 712 1341 perdurasse
729 1306 737 1328 :
759 1304 836 1341 quo
864 1304 941 1327 uno
964 1290 1105 1329 substi-

89 1360 193 1398 tuto,
214 1365 367 1389 vacasse
388 1361 535 1389 caetera.

141 1415 178 1450 5.
202 1413 417 1462 Quaerimus
436 1413 563 1462 itaque
583 1411 765 1462 Baptismi
788 1420 938 1462 tempus
959 1425 1005 1449 ex
1025 1426 1103 1462 quo

85 1474 257 1524 coeperit.
278 1477 335 1511 Ex
356 1487 457 1523 quo,
479 1466 605 1524 inquit
620 1501 630 1519 ‚
654 1473 820 1523 primum
843 1473 987 1510 dictum
1013 1483 1070 1511 est
1093 1489 1101 1510 :

85 1537 173 1571 Nisi
192 1539 273 1583 quis
289 1532 591 1581 renatusftcerlt,
613 1542 684 1570 etc.
705 1537 806 1570 Tene
828 1547 919 1583 ergo
941 1535 1102 1572 firmiter

86 1594 232 1631 dictum
248 1594 323 1631 hoc
345 1593 392 1631 ad
407 1594 673 1640 Nicodemum,
696 1594 829 1643 utique
853 1594 1016 1631 amicum
1038 1599 1101 1632 Je-

85 1667 144 1701 su,
156 1655 352 1692 occultum
370 1663 496 1691 tamen
513 1662 674 1704 propter
691 1661 837 1690 metum
851 1654 1095 1700 Judaeorum;

86 1715 357 1766 occultumque
389 1714 484 1752 illud
515 1714 562 1751 de
595 1723 707 1751 nocte
739 1715 942 1764 requisisse
974 1716 1097 1752 collo-

84 1775 231 1825 quium.
258 1779 409 1824 Quanta
429 1783 554 1812 autem
576 1783 689 1825 putas
709 1774 834 1812 obisse
854 1775 1008 1812 interim
1032 1776 1095 1827 (ut

1178 389 1252 426 huc
1266 390 1413 432 lateret,
1432 402 1512 425 non
1536 394 1788 426 succurreret!
1817 396 1956 430 Forsan
1974 396 2187 434 dormiebat

1178 462 1224 485 eo
1248 457 1421 498 tempore
1442 451 1565 493 Deus,
1589 462 1657 484 nec
1677 449 1746 485 fuit
1768 450 1916 488 interim
1937 455 2000 502 qui
2022 456 2184 493 redime-

1179 517 1254 553 ret,
1279 522 1402 558 neque
1422 508 1487 558 qui
1509 508 1654 544 salvum
1676 509 1824 546 faceret.

1543 648 1719 687 CAPUT
1750 650 1803 688 II.

1175 764 1326 806 Baptismi
1345 764 1567 807 obligationem
1583 765 1712 808 coepisse
1726 765 1861 808 primum
1886 773 1956 809 post
1981 769 2184 806 sufficientem

1222 819 1290 860 ejus
1314 820 1608 861 promulgationem.
1643 823 1679 851 In
1711 821 1901 852 necessitatis
1928 828 2031 855 tamen
2051 827 2183 860 articulo

1222 874 1365 905 sufficere
1391 875 1586 917 Baptismum
1609 875 1670 906 fide
1686 882 1716 907 et
1743 881 1816 907 voto
1835 883 2031 920 susceptum,
2053 881 2132 914 sicut
2151 889 2182 914 et

1221 934 1418 971 martyrium.

1227 1050 1262 1085 6.
1282 1050 1374 1086 Satis
1391 1050 1565 1100 profecto
1581 1064 1627 1087 ex
1644 1050 1721 1097 his,
1737 1060 1921 1100 quantum
1943 1067 2042 1102 reor,
2063 1070 2182 1108 appa-

1174 1117 1255 1154 ret,
1282 1110 1386 1158 quod
1407 1110 1600 1147 damnatio
1621 1125 1699 1147 non
1722 1110 2000 1161 baptizatorum
2015 1145 2024 1162 ,
2043 1126 2079 1154 et
2098 1120 2180 1156 fru-

1173 1170 1304 1206 stratio
1337 1171 1668 1217 circumcisorum,
1692 1180 1728 1208 et
1748 1174 1944 1210 evacuatio
1976 1177 2179 1216 sacrificio-

1172 1245 1258 1267 rum
1270 1260 1279 1276 ,
1304 1245 1387 1281 quae
1408 1232 1503 1268 forte
1522 1241 1654 1269 contra
1672 1233 1853 1282 originale
1871 1244 2068 1283 peccatum
2086 1240 2179 1278 ritus

1172 1290 1401 1328 observabat
1418 1292 1615 1341 antiquus,
1638 1293 1863 1341 generaliter
1886 1292 1964 1342 jam
1996 1304 2085 1334 tunc
2103 1299 2176 1335 mi-

1171 1352 1273 1389 nime
1302 1352 1478 1402 coeperit,
1509 1353 1662 1402 quando
1682 1353 1890 1390 Nicodemo
1911 1356 2005 1392 clam
2036 1357 2177 1397 dictum

1171 1420 1227 1448 est
1245 1427 1254 1449 ε
1281 1413 1365 1448 Nisi
1385 1416 1464 1460 quis
1485 1411 1768 1460 renatusficerit
1790 1427 1838 1448 ex
1858 1429 1960 1463 aqua
1980 1426 2016 1452 et
2035 1419 2177 1466 Spiritu

1169 1482 1317 1518 sancto,
1343 1487 1417 1508 non
1444 1473 1597 1509 innubit
1623 1478 1659 1509 in
1684 1488 1834 1522 regnum
1866 1478 2078 1516 coelorum&
2103 1480 2175 1517 Sed

1170 1546 1241 1569 nec
1258 1533 1414 1583 quando
1432 1534 1625 1583 Apostolis
1644 1534 1765 1584 palam
1783 1533 1995 1583 injunctum
2019 1547 2086 1584 est,
2105 1543 2173 1585 Ite,

1169 1596 1295 1630 docete
1317 1608 1444 1629 omnes
1465 1604 1610 1642 gentes,
1637 1594 1870 1643 baptizantes
1892 1610 1953 1631 cos
1973 1602 2010 1632 in
2031 1602 2178 1636 nomine

1166 1656 1313 1698 Patris,
1345 1664 1380 1690 et
1399 1657 1516 1699 Filii,
1547 1664 1581 1690 et
1605 1656 1761 1702 Spiritus
1785 1656 1929 1691 suncti⁵
1952 1671 1959 1693 :
1981 1657 2047 1694 sed
2067 1672 2112 1695 ex
2131 1674 2176 1697 eo

1166 1722 1339 1764 tempore
1368 1723 1514 1751 tantum
1536 1715 1672 1764 cuique
1697 1714 1810 1764 coepit
1825 1716 1980 1765 antiqua
1997 1717 2177 1757 observa—

1164 1773 1215 1810 tio
1241 1787 1318 1810 non
1336 1774 1484 1819 valere,
1511 1782 1547 1809 et
1568 1787 1646 1810 non
1670 1772 1882 1822 baptizatus
1906 1775 2064 1826 quisque
2086 1780 2176 1816 novi

84 1835 131 1873 de
153 1836 342 1873 Gentibus
358 1834 517 1886 taceam)
534 1835 652 1871 millia
667 1835 994 1882 circumcisorum,
1010 1849 1097 1873 cum
1122 1833 1149 1869 C
1168 1835 1352 1885 praecepti
1398 1848 1484 1871 reus
1525 1834 1710 1880 existere,
1745 1848 1792 1871 ex
1826 1848 1901 1884 quo
1941 1848 2173 1888 praeceptum

82 1897 249 1935 necdum
273 1897 313 1934 in
338 1897 461 1934 lucem
488 1896 676 1947 prodierit
703 1895 808 1946 quod
836 1895 883 1932 de
906 1897 1098 1947 Baptismo

83 1966 174 1995 tunc
192 1958 232 1995 in
251 1957 419 1995 tenebris
446 1956 668 1994 dicebatur?
689 1955 789 2004 Quid
807 1959 921 2006 ergo?
940 1956 1098 1994 damna—

82 2026 142 2056 tos
156 2018 243 2056 illos
256 2031 389 2055 omnes
401 2017 575 2062 dicimus,
590 2016 679 2066 quia
693 2015 874 2066 baptizati
892 2030 969 2053 non
986 2019 1097 2054 sunt?

81 2079 251 2129 Fit'ergo
266 2077 407 2128 injuria
428 2078 588 2127 antiquo
610 2077 664 2113 illi
680 2077 753 2114 Dei
772 2090 880 2126 aeque
899 2076 1094 2124 mandato,

82 2139 114 2177 si
141 2153 246 2177 novo
276 2139 401 2177 adhuc
430 2139 569 2176 furtive
599 2137 887 2188 quodammodo
914 2150 1098 2187 superve-

81 2200 224 2247 niente,
242 2213 322 2237 non
341 2208 467 2236 tamen
490 2198 761 2243 subveniente,
784 2197 879 2234 illud
898 2198 950 2234 ita
970 2197 1097 2234 subito

81 2259 280 2297 evanuisse
313 2267 492 2310 putetur,
526 2266 570 2295 ut
599 2257 782 2309 prodesse
809 2257 989 2307 deinceps
1018 2270 1097 2294 non

80 2320 237 2358 valeret.
259 2323 308 2358 Et
325 2320 480 2370 quidem
507 2332 620 2369 quam
641 2319 755 2368 longe
783 2327 871 2368 post
890 2326 1002 2368 putas
1022 2331 1098 2368 pu-

79 2378 180 2420 blice
191 2380 442 2430 praedicatum
454 2387 491 2416 et
505 2380 707 2417 clamatum
719 2392 836 2428 super
850 2386 949 2415 tecta
962 2378 1075 2415 fuisse
1088 2392 1095 2414 :

79 2442 121 2476 Si
136 2442 473 2484 circumcidamini,
497 2440 663 2476 Christus
676 2438 783 2475 vobis
797 2453 870 2474 non
883 2440 1054 2488 proderit
1066 2441 1096 2475 ²?

80 2500 286 2548 Quomodo
320 2500 458 2538 deinde
495 2499 610 2537 stabit
641 2499 756 2545 illud,
795 2500 884 2549 quia
915 2514 940 2535 α
967 2499 1098 2536 diebus

79 2562 238 2597 loannis
250 2563 440 2610 Baptista?
457 2575 609 2610 regnum
628 2563 804 2596 coelorum
824 2566 901 2597 vim
911 2559 1093 2609 potitust,

1166 1896 1293 1945 ipsum
1314 1894 1626 1932 inexcusabiliter
1653 1894 1701 1931 ad
1725 1893 1806 1943 ejus
1830 1896 1956 1944 potuit
1976 1901 2177 1946 pervenire

1166 1956 1355 1992 notitiam.
1377 1958 1472 1993 Sane
1487 1955 1657 2005 parvulis
1675 1963 1712 1991 et
1729 1954 1890 1991 necdum
1910 1957 2054 1995 ratione
2072 1969 2179 1997 uten-

1168 2015 1289 2063 tibus,
1311 2016 1399 2065 quia
1421 2016 1500 2052 sola
1529 2029 1667 2052 nocere
1694 2015 1862 2052 creditur
1886 2019 2029 2067 peccati
2049 2029 2179 2057 conta-

1165 2077 1245 2126 gio,
1268 2090 1345 2113 non
1374 2077 1486 2113 etiam
1519 2076 1688 2112 mandati
1710 2077 1996 2126 praevaricatio,
2034 2081 2177 2119 tamdiu

1165 2138 1400 2174 credendum
1434 2145 1490 2174 est
1523 2137 1679 2186 antiqua
1714 2137 1876 2174 valuisse
1912 2149 2143 2178 sacramenta
2164 2170 2172 2186 ,

1165 2199 1348 2248 quamdiu
1365 2199 1491 2249 palam
1507 2198 1710 2235 interdieta
1725 2211 1802 2235 non
1822 2198 1935 2235 fuisse
1952 2201 2175 2239 constiterit.

1164 2264 1224 2297 An
1245 2273 1337 2296 vero
1355 2260 1480 2296 ultra?
1500 2263 1622 2296 Penes
1637 2263 1761 2296 Deum
1783 2267 1851 2304 est,
1873 2272 1949 2295 non
1971 2272 2093 2296 meum
2113 2261 2175 2298 de-

1165 2320 1288 2356 finire.
1311 2323 1432 2357 Porro
1452 2320 1491 2356 in
1512 2318 1648 2368 majori
1667 2327 1775 2355 aetate
1797 2318 1966 2368 quisquis
1988 2328 2073 2368 post
2092 2321 2171 2356 vul-

1165 2389 1295 2431 gatum
1315 2380 1458 2430 ubique
1490 2379 1672 2430 Baptismi
1704 2378 1915 2415 remedium
1945 2380 2069 2415 renuit
2093 2379 2173 2428 jam

1163 2442 1368 2492 baptizari,
1385 2442 1552 2491 generali
1570 2440 1819 2490 originalique
1840 2439 1995 2475 maeulae
2017 2440 2120 2476 addit
2138 2450 2175 2477 et

1164 2516 1211 2539 ex
1236 2502 1397 2552 proprio
1427 2502 1572 2539 crimen
1602 2499 1808 2550 superbiae,
1833 2499 2020 2548 duplicem
2044 2513 2172 2537 secum

1163 2571 1322 2612 portans
1347 2561 1565 2611 justissimae
1596 2558 1850 2597 damnationis
1870 2572 2041 2605 causam,
2065 2561 2093 2596 si
2122 2562 2174 2599 sic

79 2620 108 2657 si
127 2620 321 2671 praecipue
343 2629 434 2658 tunc
458 2621 641 2671 temporis
662 2620 866 2670 contigisse
885 2621 1099 2657 constiterit
1115 2629 1149 2662 D
1167 2621 1213 2658 de
1234 2634 1397 2671 corpore
1421 2621 1525 2657 exire
1547 2619 1758 2668 contigerit.
1779 2621 1919 2654 Tamen
1943 2618 1972 2654 si
1993 2628 2079 2655 ante
2107 2634 2174 2657 ex—

78 2679 349 2730 hujuscemodi
368 2694 389 2717 a
408 2693 528 2730 regno
542 2680 747 2717 violentam
765 2680 1096 2726 interclusionem,

79 2741 203 2791 qualis
223 2741 379 2791 quidem
402 2755 471 2778 nec
492 2750 579 2778 ante
600 2741 737 2787 fuerit,
768 2754 837 2778 nec
863 2749 951 2791 post
971 2741 1098 2778 sutura

80 2801 154 2838 sit?
177 2801 331 2839 Sancito
359 2801 504 2852 quippe
525 2801 617 2838 novi
638 2802 807 2851 mysterii
829 2801 1002 2848 decreto,
1032 2802 1098 2839 sed

80 2862 205 2899 adhuc
234 2870 403 2909 secreto;
439 2862 635 2913 quisnam,
664 2875 813 2911 quaeso,
844 2861 1098 2900 morientibus

79 2923 234 2960 interim
251 2922 298 2960 ad
315 2936 475 2974 regnum
491 2931 598 2974 patet
617 2936 802 2969 accessus,
822 2922 913 2959 dum
932 2931 970 2959 et
988 2931 1098 2960 vetus

34 3006 36 3014 ι
75 2981 156 3032 jam
174 2982 314 3029 deficit,
335 2983 518 3033 quoniam
537 2997 558 3020 a
577 2996 681 3020 novo
702 2982 917 3020 excluditur
938 2997 945 3019 :
968 2991 1005 3019 et
1028 2996 1096 3020 no-

79 3054 172 3079 vum
189 3050 314 3079 tamen
333 3056 412 3080 non
428 3042 620 3090 subvenit,
641 3043 821 3094 quoniam
833 3072 842 3089 ,
860 3042 951 3080 dum
973 3043 1095 3081 nesci-

81 3109 156 3149 tur,
169 3115 249 3140 non
263 3103 496 3153 percipitur?
509 3106 540 3142 O
554 3103 811 3140 infelicissima
823 3103 885 3140 illa
903 3107 1094 3154 tempora!

81 3175 166 3212 quae
184 3163 264 3200 sola
280 3176 302 3199 a
317 3164 464 3200 saeculis
483 3165 590 3201 omni
607 3164 761 3215 penitus
779 3164 910 3201 salutis
924 3164 1094 3201 remedio

38 3251 41 3257 .
81 3234 201 3259 vacua
217 3224 474 3270 transierunt,
494 3223 586 3261 dum
606 3233 644 3261 et
664 3224 902 3262 circumcisio
926 3238 1012 3274 quae
1029 3225 1094 3261 illo

1163 2682 1258 2718 itum
1288 2681 1514 2732 resipuerit,
1542 2688 1579 2716 et
1603 2677 1785 2722 voluerit,
1815 2685 1852 2713 et
1875 2678 2026 2727 petierit
2046 2678 2173 2729 bapti-

1164 2742 1240 2778 zari
1253 2770 1262 2786 ‚
1293 2741 1358 2779 sed
1392 2741 1525 2778 mortis
1564 2745 1853 2789 praeoccupatus
1886 2737 2044 2775 articulo
2075 2740 2173 2777 forte

1165 2802 1339 2840 obtinere
1360 2801 1594 2851 nequiverim
1619 2798 1708 2835 dum
1725 2811 1800 2834 non
1821 2797 1915 2834 desit
1936 2798 2028 2835 fides
2050 2809 2172 2848 recta,

1165 2877 1251 2914 spes
1276 2864 1356 2914 pia,
1379 2861 1541 2898 charitas
1572 2859 1717 2895 sincera
1748 2872 1756 2893 ι
1788 2857 1978 2907 propitius
2005 2859 2052 2895 sit
2081 2861 2173 2897 mihi

1164 2928 1267 2962 Deus
1280 2953 1289 2970 ,
1314 2923 1403 2973 quia
1418 2921 1505 2958 huic
1526 2932 1595 2969 ego
1613 2917 1662 2954 ob
1679 2918 1795 2954 solam
1815 2931 1971 2967 aquam,
1991 2919 2022 2956 si
2043 2920 2174 2958 defue-

1164 2984 1236 3029 rit,
1261 2994 1502 3032 nequaquam
1523 2979 1680 3016 omnino
1711 2991 1867 3028 possum
1888 2978 2090 3029 desperare
2110 2995 2171 3018 sa-

1162 3045 1298 3088 lutem,
1321 3056 1389 3079 nec
1410 3053 1569 3077 vacuam
1593 3037 1747 3075 credere
1768 3038 1902 3084 fidem,
1923 3052 1992 3075 nec
2012 3041 2173 3077 confuu—

1163 3104 1252 3140 dere
1272 3115 1377 3152 spem
1391 3130 1400 3147 ,
1419 3113 1489 3136 nec
1511 3098 1686 3136 excidere
1710 3098 1928 3135 charitatem
1947 3114 1954 3135 :
1981 3108 2123 3135 tantum
2140 3100 2170 3135 si

1162 3176 1298 3212 aquam
1316 3174 1395 3197 non
1412 3167 1676 3209 contemptus,
1694 3157 1759 3194 sed
1777 3159 1876 3203 sola,
1901 3167 1941 3194 ut
1957 3158 2055 3203 dixi,
2078 3172 2169 3207 pro-

1161 3222 1289 3259 hibeat
1305 3219 1600 3271 impossibilitas.
1623 3218 1659 3255 Si
1677 3218 1760 3267 quis
1778 3218 1885 3254 aliter
1899 3218 2012 3267 sapit,
2032 3218 2170 3254 viderit

140 3361 148 3376 ¹
169 3358 252 3386 Gen.
271 3366 364 3393 xvn,
385 3358 438 3388 10.
458 3376 501 3380 -
520 3362 532 3378 ²
550 3357 654 3390 Galat.
676 3368 709 3395 v,
735 3362 763 3389 2.
778 3378 820 3381 μ
838 3356 850 3378 3
865 3357 980 3389 Matth.
995 3369 1029 3387 xx
1045 3361 1174 3388 .1ἴ),.-
1197 3363 1210 3381 ·³
1227 3359 1318 3386 Joan.
1337 3366 1395 3389 111,
1413 3358 1442 3385 Γ».
1460 3373 1497 3377 —
1519 3352 1530 3373 5
1555 3352 1669 3383 Manli.
1700 3362 1829 3387 xxvni,
1857 3353 1907 3381 19.

216 3427 307 3451 TOM.
340 3428 385 3451 11.

1936 3407 1952 3441 ei
1961 3408 1980 3441 s)
1990 3408 2005 3422 ⁴
