2533 3920
345 197 421 234 495)

1113 200 1148 235 S.
1180 199 1434 234 BERNARDI
1463 200 1666 235 ABBATIS

339 273 474 310 solatio
494 272 532 309 in
554 272 664 310 vobis
678 301 687 318 ,
709 272 739 309 si
759 285 834 321 qua
856 272 977 310 virtus
996 273 1188 312 charitatis
1207 276 1244 312 in
1268 280 1342 313 Do·
1360 290 1390 307 2³

2351 197 2426 236 500

1396 276 1469 313 aad
1502 276 1700 313 dominum
1739 288 1877 311 mcum.
1914 279 1998 312 Jam
2025 274 2126 311 enim
2158 274 2275 312 [ilium
2301 274 2425 314 dicere

339 334 444 370 mino
457 363 466 379 ,
485 333 515 370 si
536 346 610 382 qua
629 333 820 369 miseratio
837 333 989 383 pietatis
1003 364 1011 380 ‚
1031 335 1061 371 si
1080 348 1155 384 qua
1175 350 1347 386 compas-
1364 335 1397 369 A
1417 351 1493 374 non
1516 337 1638 374 audeo
1651 366 1660 381 ‚
1692 336 1781 385 quia
1804 336 1902 372 filius
1921 336 1960 372 in
1978 344 2148 385 patrem,
2172 343 2283 386 pater
2299 345 2424 374 muta-

337 394 454 430 sionis
490 393 665 438 viscera3
694 393 855 429 assistite
888 402 926 430 et
955 394 1190 432 collaborate
1224 397 1278 432 illi
1309 396 1347 432 in

338 465 479 502 opere,
497 453 544 488 ad
563 452 668 501 quod
688 461 906 503 assumptus
928 463 983 490 est
1003 468 1072 504 per
1086 468 1156 491 vos
1174 469 1195 492 a
1214 457 1349 492 Domi-—

339 525 402 548 110.
425 515 684 561 Quaecumque
704 520 793 549 sunt
808 526 912 560 vera,
925 527 1176 564 quaecumque
1195 515 1347 565 pudica,

338 585 594 622 quaecumque
624 571 750 620 justa,
783 587 1035 624 quaecumque
1064 584 1214 622 sancta,
1242 589 1351 625 quae-

339 646 504 682 cumque
540 632 717 670 amabilia
733 663 742 680 ,
773 648 1024 685 quaecumque
1062 634 1176 672 bonae
1214 636 1321 672 fama>
1341 651 1350 682 ;

340 694 420 730 haec
448 693 481 729 ei
509 694 723 743 suggerite,
750 694 830 731 haec
862 695 1044 741 suadete,
1067 695 1148 732 haec
1178 696 1300 745 agite,
1317 705 1354 732 et

343 758 446 791 Deus
467 755 571 804 pacis
593 755 665 791 erit
685 754 897 792 vobiscum.

340 893 1355 904 ====================================================================

391 1014 761 1071 EPISTOLA
824 1012 1294 1073 CCXXXme

426 1175 473 1197 AD
513 1175 697 1198 DOMINUM
735 1176 853 1198 PAPAM
892 1176 1090 1199 EUGENIUM
1123 1176 1250 1198 PRIMA.

335 1297 512 1329 Bernardus
533 1299 690 1340 Eugenio,
710 1309 817 1330 recens
832 1299 864 1330 in
880 1299 1064 1331 Pontificem
1083 1306 1261 1343 assumpto,
1284 1310 1352 1342 gra-

384 1352 500 1383 tulatur
514 1364 549 1384 ac
563 1353 709 1384 condolet
724 1364 731 1384 :
756 1352 859 1395 ipsum
873 1353 912 1384 ad
932 1365 1046 1385 munus
1066 1354 1271 1396 apostolicum
1288 1354 1352 1385 for-

384 1407 457 1437 titer
475 1406 656 1438 obeundum
678 1407 810 1444 animat,
826 1414 860 1439 ut
888 1414 1048 1451 concepta}
1067 1408 1106 1439 de
1129 1419 1161 1439 se
1182 1409 1352 1439 inultorum

385 1462 609 1503 exspectationi
624 1462 822 1504 respondeat.

339 1590 609 1626 Amantissimo
630 1590 732 1628 Patri
752 1590 989 1638 ct-domino,
1006 1592 1076 1629 Dei
1097 1593 1217 1642 gratia
1245 1606 1349 1629 sum-

394 1664 457 1686 mo
494 1652 670 1688 Pontifici
704 1655 883 1689 Econmo
900 1681 909 1697 ,
948 1656 1171 1690 BERN-mnus
1207 1654 1350 1691 Clarae-

393 1711 507 1747 Vallis
529 1720 685 1748 vocatus
706 1712 822 1749 abbas
837 1742 846 1758 ‚
870 1713 1065 1750 modicum
1091 1713 1129 1750 id
1151 1714 1256 1764 quod
1282 1722 1348 1751 est.

1418 407 1478 435 tus
1502 407 1558 434 est
1586 399 1623 434 in
1647 398 1763 433 [ilium
1779 404 1804 432 ⁰.
1831 396 1904 444 Qui
1924 405 2013 447 post
2033 410 2093 433 me
2108 396 2232 443 venit,
2254 404 2341 433 ante
2364 410 2423 435 me

1418 459 1538 494 factus
1572 467 1653 494 cst:
1680 457 1745 494 sed
1772 470 1849 493 non
1878 456 2058 502 invideo,
2091 457 2181 506 quia
2210 456 2316 506 quod
2336 457 2428 495 mihi

1418 518 1548 555 deerat
1562 547 1570 563 ,
1594 519 1633 554 in
1664 531 1709 554 eo
1732 530 1792 553 me
1816 516 1958 554 habere
1989 517 2164 564 confido,
2185 517 2252 566 qui
2273 530 2352 554 non
2373 530 2430 556 so-

1419 579 1497 615 lum
1519 587 1607 629 post
1628 592 1709 624 me,
1730 577 1796 615 sed
1821 578 1933 614 etiam
1963 590 2033 627 per
2053 590 2112 614 me
2133 577 2249 614 venit.
2275 580 2370 614 Nam
2398 578 2429 615 si

1421 639 1606 688 dignaris,
1636 638 1927 688 quodammodo
1947 652 2018 689 per
2039 638 2288 688 Evangelium
2304 650 2375 687 ego
2393 645 2430 676 te

1423 699 1550 748 genui.
1583 703 1676 748 Quae
1706 707 1761 736 est
1786 713 1877 749 ergo
1899 712 1984 749 spes
2006 707 2160 744 nostra,
2192 706 2230 735 et
2249 697 2428 748 gaudium

1423 768 1616 806 nostrum,
1643 768 1680 797 et
1711 773 1855 797 corona
1883 760 2041 810 gloriae?
2071 762 2209 797 Nonne
2242 771 2311 795 vos
2343 767 2431 796 ante

1421 822 1570 857 Deum?
1588 821 1763 869 Denique
1782 821 1880 857 filius
1897 821 2049 870 sapiens
2067 819 2186 869 gloria
2200 826 2257 856 est
2276 819 2394 868 patris
2404 825 2428 856 ².

1420 879 1572 918 Amodo
1600 888 1726 916 tamen
1748 893 1827 916 11011
1847 879 2046 917 vocaberis
2079 880 2178 916 filius
2194 907 2204 925 ‚
2227 879 2294 917 sed
2317 893 2431 916 voca-

1420 939 1524 976 bitur
1543 939 1609 975 tibi
1630 953 1772 976 nomen
1793 953 1936 976 novum
1950 969 1959 985 ,
1987 939 2091 990 quod
2113 953 2155 976 os
2175 939 2334 977 Domini
2354 952 2429 976 no-

1422 1000 1582 1036 minavit
1595 1000 1621 1036 3.
1644 1003 1734 1037 Haec
1756 1009 1812 1036 est
1829 1001 1989 1037 mutatio
2011 1000 2179 1037 dexterae
2195 999 2345 1037 Excelsi
2362 1029 2372 1046 ,
2395 1009 2432 1037 et

1379 1060 1406 1094 B
1422 1059 1529 1096 multi
1548 1059 1586 1095 in
1608 1060 1820 1096 mutatione
1840 1060 1911 1097 ista
1931 1059 2165 1109 gaudebunt.
2183 1064 2278 1097 Nam
2295 1073 2431 1110 quem-

1419 1119 1628 1157 admodum
1653 1120 1745 1157 olim
1768 1119 1911 1157 Abram
1937 1121 1977 1157 in
2002 1120 2195 1157 Abraham
2205 1121 2233 1167 4,
2250 1119 2370 1157 Jacob
2393 1121 2431 1157 in

1420 1179 1588 1227 Israel⁵3
1620 1188 1657 1217 et
1682 1188 1724 1216 ut
1750 1180 1797 1217 de
1830 1180 1903 1217 tuis
1935 1181 2054 1230 magis
2083 1179 2430 1231 praedecessoribus

1421 1240 1488 1277 tibi
1508 1253 1748 1291 proponam,
1770 1241 1867 1278 sicut
1890 1241 2021 1278 Simon
2044 1241 2084 1278 in
2105 1241 2271 1292 Cepham
2284 1239 2312 1288 ⁶,
2337 1245 2432 1280 Sau-

1420 1301 1479 1338 lus
1502 1301 1541 1337 in
1573 1301 1759 1337 Paulum?
1780 1316 1787 1338 :
1807 1301 1860 1338 sic
1888 1301 1988 1338 filius
2019 1315 2127 1339 meus
2156 1301 2374 1339 Bernardus
2392 1302 2431 1338 in

1419 1370 1568 1413 patrem
1585 1375 1710 1399 meum
1738 1362 1968 1412 Eugenium,
1989 1362 2076 1399 laeta
2090 1376 2250 1413 prorsus
2265 1370 2303 1399 et
2324 1362 2429 1409 utili,

1420 1431 1464 1459 ut
1488 1435 1708 1472 speramuS‚
1732 1423 1982 1460 translatione
2001 1431 2205 1473 promotus
2233 1431 2301 1459 est.
2326 1423 2434 1473 Digi-

1422 1491 1482 1520 tus
1505 1483 1576 1521 Dei
1595 1492 1652 1520 est
1670 1483 1740 1520 iste
1753 1512 1762 1528 ,
1785 1484 1971 1520 suscitans
1991 1484 2039 1521 de
2058 1484 2219 1534 pulvere
2239 1497 2402 1533 egenum
2420 1513 2430 1530 ,

1420 1553 1458 1582 et
1478 1544 1524 1581 de
1542 1553 1710 1581 stercore
1726 1544 1874 1595 erigens
1890 1558 2099 1595 pauperem
2113 1573 2123 1590 ‚
2139 1553 2182 1582 ut
2196 1544 2327 1582 sedeat
2341 1559 2429 1582 cum

1415 1604 1682 1655 principibus,
1714 1613 1752 1641 et
1775 1605 1913 1642 solium
1941 1605 2072 1655 gloriae
2102 1613 2241 1642 teneat.

1472 1666 1507 1702 2.
1530 1668 1711 1715 Superest
1737 1673 1780 1701 ut
1800 1665 1898 1702 facta
1916 1665 1987 1702 hac
2007 1665 2220 1702 mutatione
2243 1664 2320 1711 tui,
2350 1665 2448 1715 ipsa,
2494 1680 2498 1692 ¹

1418 1738 1573 1775 quoque
1591 1738 1676 1774 quae
1693 1724 1761 1761 tibi
1773 1725 1975 1761 commissa
1991 1733 2060 1771 est,
2075 1724 2233 1762 Domini
2249 1724 2304 1761 tui
2320 1738 2433 1774 spon-

1419 1798 1459 1821 sa
1480 1793 1651 1821 mutetur
1671 1784 1709 1820 in
1726 1784 1861 1821 melius
1874 1814 1884 1830 ,
1901 1793 1938 1821 et
1954 1785 2033 1833 jam
2050 1797 2294 1834 nequaquam
2311 1784 2429 1830 Sarai,

401 1840 431 1876 1.
457 1839 641 1876 Auditum
671 1849 728 1877 est
758 1841 796 1877 in
833 1849 933 1879 terra
966 1851 1097 1879 nostra
1112 1873 1121 1889 ,
1147 1851 1185 1880 et
1205 1842 1346 1879 celebri
1368 1847 1395 1883 C
1414 1844 1479 1882 sed
1501 1848 1612 1882 Sarra
1635 1844 1682 1881 de
1702 1853 1840 1881 caetero
1862 1844 2123 1882 nomineturss.
2146 1845 2321 1894 Intellige
2346 1858 2432 1894 quae

340 1913 519 1937 sermone
546 1902 740 1951 vulgatum
767 1901 928 1938 verbum
949 1903 1045 1950 hoc,
1073 1904 1176 1953 quod
1211 1904 1351 1940 factum

340 1969 397 1996 est
420 1960 466 1996 de
490 1960 598 1997 vobis
624 1975 643 1998 a
666 1963 844 1999 Domino.
867 1967 1080 2000 Presseram
1111 1965 1239 2000 stilum
1262 1965 1353 2001 hac—

342 2028 453 2057 tenus
472 2050 482 2067 ,
517 2035 596 2057 rem
641 2023 774 2059 tacitus
809 2023 1109 2061 considerabam.
1144 2028 1352 2074 Exspecta-

343 2080 430 2117 bam
452 2082 552 2118 enim
575 2083 719 2119 litteras
733 2092 895 2129 vestras,
927 2093 964 2121 et
982 2085 1185 2134 praeveniri
1204 2098 1225 2121 a
1241 2084 1352 2122 vobis

342 2141 380 2177 in
400 2140 732 2180 benedictionibus
754 2143 979 2182 dulcedinis.
1003 2145 1276 2195 Exspectabam
1295 2146 1351 2182 vi-

342 2215 427 2238 rum
457 2203 602 2239 fidelem
618 2232 627 2249 ‚
655 2205 722 2253 qui
744 2206 892 2242 veniret
912 2220 933 2242 a
954 2207 1071 2243 latere
1093 2215 1179 2253 tuo,
1207 2206 1273 2256 qui
1293 2206 1352 2243 di-

341 2270 444 2298 ceret
464 2272 601 2300 cuncta
617 2278 686 2313 per
702 2264 875 2301 ordinem
898 2279 905 2300 :
925 2266 1032 2314 quid,
1057 2266 1270 2315 quomodO‚
1291 2266 1350 2302 vel

341 2322 506 2370 qualiter
523 2333 647 2361 actum
669 2333 779 2361 esset.
804 2325 1079 2375 Exspectabam
1102 2326 1131 2362 si
1150 2327 1235 2376 quis
1252 2326 1351 2362 forte

343 2381 390 2418 de
409 2383 495 2419 filiis
513 2385 605 2421 meis
626 2393 903 2429 reverteretur,
923 2387 989 2435 qui
1017 2386 1153 2422 leniret
1177 2386 1350 2422 dolorem

344 2443 481 2492 patris,
512 2445 576 2494 qui
608 2445 751 2482 diceret
775 2460 782 2482 :
810 2447 1069 2494 J0.«72l1filius
1088 2456 1168 2483 taus
1189 2448 1296 2491 vivlt;
1317 2456 1354 2483 et

343 2506 423 2550 ipse
443 2506 660 2541 dominatur
679 2510 717 2541 itz
741 2515 816 2542 tom
836 2515 936 2542 terra
958 2510 1115 2556 AEgypti
1127 2513 1153 2542 ¹.
1176 2507 1273 2545 Hinc.
1295 2515 1352 2543 est

342 2563 447 2612 quod
465 2564 600 2601 litterae
618 2566 698 2603 istae
722 2579 801 2603 non
828 2575 917 2603 sunt
943 2567 1151 2603 voluntatis
1165 2595 1174 2612 ‚
1193 2566 1260 2603 sed
1280 2579 1351 2602 ne-

1422 1905 1510 1943 dico
1530 1922 1538 1943 z
1561 1904 1665 1941 dabit
1685 1905 1787 1941 enim
1811 1905 1878 1942 tibi
1901 1906 2093 1943 Dominus
2121 1906 2372 1942 intellectum.
2395 1907 2432 1944 Si

1419 1967 1562 2004 amicus
1596 1967 1728 2017 sponsi
1762 1980 1822 2013 es,
1855 1980 1903 2003 ne
1940 1966 2082 2003 dixeris
2111 1965 2288 2003 dilectam
2320 1965 2403 2016 ejus
2419 1995 2430 2012 ‚

1418 2025 1635 2075 Principem
1671 2039 1814 2071 meam3
1849 2025 1940 2072 sed,
1974 2024 2219 2076 Principem:
2241 2025 2295 2062 nil
2324 2034 2432 2063 tuum

1418 2086 1458 2122 in
1472 2100 1515 2123 ea
1532 2085 1747 2131 vindicans,
1767 2085 1840 2123 nisi
1857 2085 1962 2136 quod
1977 2099 2048 2136 pro
2063 2100 2125 2133 ea,
2143 2086 2172 2123 si
2189 2087 2429 2136 oportuerit,

1419 2147 1530 2183 etiam
1553 2146 1718 2183 animam
1739 2146 1829 2183 dare
1848 2146 1978 2183 debes.
1997 2146 2035 2184 Si
2055 2146 2227 2184 Christus
2247 2154 2284 2183 te
2304 2147 2406 2184 misit
2420 2177 2430 2194 ,

1419 2206 1622 2243 aestimabis
1660 2215 1695 2243 te
1731 2219 1808 2243 non
1847 2206 2053 2243 ministrari
2070 2236 2080 2253 ,
2113 2206 2181 2244 sed
2216 2206 2431 2244 ministrare

1418 2267 1568 2304 venisse
1589 2282 1597 2304 z
1620 2275 1658 2304 et
1678 2267 1894 2304 ministrare
1914 2280 1993 2304 non
2014 2267 2138 2304 solum
2156 2266 2432 2315 substantiam,

1419 2327 1485 2364 sed
1502 2328 1624 2377 ipsam
1645 2340 1801 2376 quoque
1818 2327 1983 2363 animam
1999 2356 2009 2373 ,
2025 2327 2122 2364 sicut
2137 2327 2319 2377 praefatus
2332 2341 2429 2365 sum.

1418 2391 1541 2425 Verus
1561 2400 1758 2424 successor
1786 2387 1894 2424 Pauli
1920 2387 2021 2424 dicct
2052 2400 2140 2423 cum
2171 2388 2292 2425 Paulo
2314 2402 2322 2424 ε
2345 2389 2430 2424 Non

1417 2453 1509 2496 quia
1529 2449 1771 2484 domitmmm·
1772 2449 1875 2496 fidei
1894 2457 2032 2484 vestroe
2042 2476 2054 2492 ,
2076 2449 2146 2484 secl
2161 2450 2353 2495 adjutores
2369 2462 2432 2485 stc-

1418 2522 1497 2544 mus
1511 2510 1647 2556 gaudii
1663 2512 1779 2543 vestri
1788 2514 1816 2543 9.
1834 2507 1936 2545 Petri
1971 2507 2092 2544 haeres
2121 2507 2252 2545 audiet
2277 2511 2430 2545 Petrum

1417 2567 1607 2605 dicentem
1628 2582 1635 2604 :
1655 2569 1786 2616 Neque
1811 2577 1849 2604 ut
1869 2569 2106 2604 dominantes
2125 2573 2164 2604 in
2182 2571 2320 2604 clerum
2332 2598 2344 2614 ,
2366 2571 2435 2605 sed

342 2624 542 2672 cessitatis‚
568 2634 603 2662 et
623 2626 834 2663 amicorum
863 2635 1022 2664 extortae
1042 2626 1240 2676 precibus,
1259 2627 1351 2676 qui-
1368 2627 1540 2676 Dsmvna
1552 2626 1654 2674 sacti
1673 2633 1798 2677 gregis
1816 2635 1859 2665 ¹⁰.
1877 2629 1937 2665 Sic
1956 2628 2057 2665 enim
2072 2627 2152 2677 jam
2173 2642 2252 2666 non
2268 2629 2405 2666 ancilla
2420 2659 2430 2676 ‚

343 2683 413 2720 bus
426 2698 563 2734 negare
578 2699 656 2723 non
672 2700 828 2736 possum
844 2687 1038 2724 modicum
1056 2687 1151 2724 illud
1164 2687 1351 2737 quidquid

343 2744 536 2781 residuum
558 2754 614 2782 est
644 2746 730 2782 vitae
759 2760 864 2783 meae.
895 2750 979 2784 Jam
1002 2747 1104 2783 enim
1134 2747 1181 2784 de
1203 2747 1352 2796 reliquo

343 2803 478 2842 breves
499 2815 611 2843 erunt
632 2807 711 2844 dies
733 2808 825 2854 mei,
848 2816 885 2845 et
906 2809 1031 2845 solum
1060 2808 1152 2845 mihi
1180 2817 1354 2859 superest

344 2865 608 2913 sepulcrumb.
639 2867 738 2914 Quia
771 2876 896 2905 tamen
929 2869 1045 2906 semel
1066 2869 1186 2919 coepi,
1217 2870 1354 2919 loquar

1420 2687 1485 2725 sed
1503 2687 1622 2724 libera
1636 2688 1750 2724 etiam
1771 2696 1808 2725 et
1826 2688 1994 2726 formosa
2013 2689 2283 2739 speciosissimi
2298 2691 2431 2740 sponsi

1418 2762 1489 2799 per
1523 2757 1559 2784 te
1595 2749 1633 2785 in
1668 2749 1903 2786 desideratos
1939 2749 2172 2787 adsciscetur
2214 2750 2426 2800 amplexus.

1419 2809 1600 2859 Alioquin
1629 2823 1699 2859 per
1728 2823 1843 2859 quem
1868 2810 1985 2847 alium
2006 2810 2088 2847 haec
2118 2818 2194 2847 tam
2221 2809 2350 2847 debita
2382 2811 2428 2847 li-

1419 2868 1546 2906 bertas
1563 2868 1783 2918 sperabitur
1795 2899 1805 2916 ,
1827 2869 1858 2907 si
1872 2878 1910 2907 et
1927 2878 1967 2907 tu
1980 2869 1993 2921 (
2004 2869 2111 2920 quod
2126 2869 2250 2921 absit)
2267 2870 2308 2907 in
2324 2870 2429 2909 Chri-

395 3023 406 3038 ¹
429 3019 509 3049 Gen.
527 3029 602 3055 xm,
624 3023 679 3051 26.
696 3038 741 3043 -—-
763 3026 775 3043 ²
793 3024 887 3053 Prov.
910 3033 949 3061 x,
969 3022 1088 3055 1.—3
1108 3023 1183 3056 Isai.
1215 3035 1303 3062 1.x11‚
1330 3028 1361 3056 2.
1377 3043 1422 3048 -—
1444 3024 1553 3057 46011.
1582 3037 1675 3065 xvix,
1697 3029 1728 3058 5.
1755 3045 1800 3049 -
1821 3023 1834 3047 ⁵
1857 3025 1906 3058 1d.
1942 3036 2036 3058 xxxu
2052 3050 2060 3063 ‚
2087 3028 2143 3058 28.
2163 3044 2210 3049 ——
2233 3023 2359 3059 ⁶Joan.
2396 3036 2426 3064 1,

347 3071 402 3101 42.
420 3087 464 3093 ——
481 3078 494 3102 7
510 3074 581 3103 Act.
599 3084 683 3111 xm,
710 3076 742 3105 9.
762 3093 808 3097 —
829 3072 842 3095 8
864 3077 944 3106 Gen.
969 3080 1128 3113 xv11‚15.
1144 3096 1189 3100 —
1213 3081 1279 3109 911
1303 3079 1378 3110 Cor.
1399 3089 1429 3116 1,
1453 3082 1510 3110 23.
1534 3097 1578 3102 -—
1600 3083 1659 3110 ¹⁰1
1681 3082 1765 3111 Petr.
1790 3090 1823 3117 v,
1848 3081 1880 3110 3.

389 3140 403 3154 ‘¹
416 3138 538 3181 Scripta
551 3150 634 3170 anno
654 3139 773 3172 Christi
797 3144 806 3171 l
820 3143 896 3173 145.

386 3183 402 3207 ι’
414 3195 504 3223 Hanc
519 3192 716 3232 sententiam,
735 3196 805 3223 Jam
823 3194 903 3224 enim
915 3192 953 3224 de
970 3193 1087 3239 reliquo
1102 3194 1202 3228 breves
1216 3203 1309 3227 erunt
1323 3195 1389 3228 dies
1404 3198 1472 3235 mei,
1490 3204 1521 3229 et
1532 3197 1631 3229 solum
1653 3197 1730 3229 mihi
1743 3204 1888 3243 superest
1899 3196 2087 3243 sepulcrum,
2105 3197 2138 3229 in
2157 3196 2282 3229 duobus
2306 3202 2427 3228 tantum

343 3245 514 3287 reperimus
531 3246 709 3285 codicibus,
730 3247 974 3290 Compendiensi
993 3255 1020 3279 et
1043 3250 1363 3282 Sancti-Theoderici.

380 3305 394 3319 Ε
421 3299 525 3337 Infra,
553 3312 584 3332 n.
608 3304 640 3332 3.
662 3303 732 3343 Ego
752 3302 835 3332 enlm
857 3301 915 3332 etsi
933 3313 1044 3333 numen
1061 3304 1166 3347 patris
1183 3303 1329 3348 deposui,
1350 3304 1406 3336 sed
1426 3318 1489 3337 non
1506 3306 1665 3341 timorem,
1683 3314 1741 3337 etc.
1769 3306 1886 3337 Eadem
1903 3305 1934 3337 in
1951 3305 2085 3348 Prologo
2105 3305 2144 3337 ad
2170 3304 2267 3336 libros
2289 3303 2328 3336 de
2346 3305 2427 3336 Con-

342 3352 540 3384 sideratione.

2491 1233 2520 1342 3:53'
2501 1180 2519 1220 ὼ
2487 859 2519 1165 Ᾱ”,Ᾱ”.’.ἱ-ι-·“ῖ
2499 711 2515 846 ..ὁ-ο
2500 651 2513 679 ε.
2485 630 2487 634 i
2485 583 2511 617 --νιΑ
2485 543 2487 546 ⁵

2496 2166 2508 2249 ..p-..-

2515 2466 2527 2476 ,
2499 2339 2528 2422 ..52—
2510 2108 2526 2311 -.ΨΑ-Α
2496 2039 2525 2076 ’ἐι
2511 1995 2521 2010 ⁴

2514 2520 2529 2602 -fe
