2533 3920
339 184 415 221 ‘³53

340 209 400 220 ....
1103 178 1138 213 S.
1169 175 1421 211 BERNARDI
1451 173 1653 209 ABBATIS

339 261 486 311 quippe
509 258 672 296 consilio
696 265 803 294 tuum
821 255 1046 306 praetulisti,
1067 255 1185 304 magis
1206 254 1349 303 eligens
1366 250 1380 268 ⁹

2346 169 2420 207 ‘256

1388 251 1394 269 ¹
1417 250 1598 300 magistro
1621 249 1701 285 lieri
1727 247 1855 284 denuo
1877 246 2086 297 discipulus
2115 260 2193 283 non
2222 246 2419 285 erubuisti.

341 320 410 357 tibi
430 319 626 369 quiescere
642 345 651 363 ‚
678 329 791 366 quam
815 314 898 364 ejus
925 314 1035 365 operi
1062 313 1254 350 deservire
1271 341 1281 358 ,
1303 310 1349 348 ad
1368 312 1400 344 A
1420 314 1513 348 Nam
1542 322 1627 345 cum
1660 306 1840 358 pastorali
1862 306 2017 343 vinculo
2046 307 2192 344 solutus
2218 320 2348 356 posses
2369 308 2422 344 tui

343 380 448 430 quod
470 388 505 416 te
533 379 614 428 ipse
637 384 903 426 assumpserat.
931 375 968 413 Si
990 387 1080 424 ergo
1101 373 1202 410 unde
1229 377 1351 410 Deum

344 437 630 488 contempsisti,
658 435 747 472 iude
778 435 825 472 ad
853 433 1038 484 majorem
1067 433 1149 483 ejus
1178 432 1352 482 gloriaris

346 506 630 547 contemptum,
651 509 730 533 non
758 504 814 532 est
834 494 936 532 bona
965 494 1140 544 gloriatio
1170 501 1246 530 tua.
1278 490 1351 529 Sed

346 572 436 595 cave
456 557 722 606 gloriationem
738 584 748 602 ‚
768 556 858 592 tolle
878 564 914 591 et
935 554 1173 591 securitatem
1194 567 1201 589 :
1223 560 1352 601 quate-

345 631 417 655 nus
435 618 580 654 utiliter
595 629 746 666 semper
767 615 951 651 sollicitus
970 614 1018 651 sis
1031 643 1040 660 ,
1063 625 1215 663 semper
1231 611 1352 648 humi-

343 678 428 714 liter
445 676 627 726 pavidus,
643 689 720 712 non
738 675 802 712 illo
818 675 960 711 scilicet
978 674 1113 709 timore
1126 701 1135 718 ,
1153 671 1238 721 qui,
1257 670 1354 707 sicut

340 736 419 786 jam
446 736 546 782 dixi,
571 743 757 786 provocat
779 735 874 771 iram
889 763 898 780 ‚
920 733 985 770 sed
1006 733 1072 769 illo
1099 732 1163 781 qui
1194 731 1350 779 mitigat.

402 799 437 833 6.
457 797 530 845 Qui
558 795 752 833 horribilis
783 796 896 831 timor
925 795 954 831 si
983 793 1137 843 quando
1174 791 1352 828 terrendo

348 865 455 893 tuum
474 857 682 906 pulsaverit
698 856 881 901 animum,
899 855 1009 891 tacite
1025 865 1230 902 suggerens
1249 860 1356 888 tuum

348 915 575 964 obsequium
603 919 684 952 Deo
716 927 795 951 esse
823 927 900 950 non
928 926 1040 964 posse
1067 920 1287 961 acceptum,
1320 918 1358 946 et

349 975 452 1025 quod
473 984 535 1011 tua
554 976 600 1011 sit
620 975 857 1011 infructuosa
877 972 1125 1023 poenitentia,
1143 972 1230 1021 quia
1251 971 1358 1007 vide-

1419 382 1617 406 remanere
1642 367 1740 416 juris
1768 381 1775 402 :
1803 366 1989 415 siquidem
2020 366 2215 416 promotio
2248 365 2422 412 abbatis,

1418 428 1671 478 emancipatio
1700 427 1767 463 filii
1795 435 1850 463 est
1869 432 1884 447 ἃ
1907 441 1914 462 :
1938 435 1978 462 tu
2001 435 2125 463 tamen
2148 426 2217 463 hac
2237 433 2424 476 potestate

1418 489 1473 525 tui
1500 502 1579 525 non
1607 496 1741 533 utens,
1763 486 1859 523 sicut
1888 486 1970 522 aliis
1999 486 2189 522 dominari
2218 498 2423 531 renueras,

1418 551 1470 587 sic
1502 548 1568 585 tibi
1600 561 1754 598 quoque
1790 559 1952 596 praeesse
1989 546 2146 583 timuisti
2173 561 2181 582 :
2208 547 2351 596 quique
2384 554 2427 583 ut

1419 609 1600 658 magister
1634 621 1733 644 esses
1764 607 1924 643 aliorum
1954 634 1964 651 ,
1999 607 2124 643 minus
2162 614 2198 643 te
2226 604 2426 656 judicabas

1421 669 1627 715 idoneum,
1658 681 1727 705 nec
1759 676 1794 704 te
1826 666 1980 716 quidem
2017 665 2084 703 tibi
2123 665 2308 713 credens,
2340 673 2427 702 tuus

1421 730 1502 766 ficri
1535 729 1742 778 discipulus
1763 727 2037 777 contempsisti.
2062 729 2110 763 Et
2132 726 2269 763 merito
2299 741 2307 763 :
2339 726 2427 776 quia

1421 790 1487 840 qui
1513 803 1551 826 se
1573 789 1643 826 sibi
1666 789 1888 838 magistrum
1914 787 2133 834 constituit,
2153 787 2270 823 stulto
2305 799 2344 822 se
2365 785 2426 822 di-

1425 850 1614 900 scipulum
1633 849 1802 886 subdit*.
1836 852 1884 885 Et
1915 847 2069 897 quidem
2103 846 2196 896 quid
2216 846 2279 883 alii
2310 845 2357 882 de
2389 858 2428 882 se

1424 911 1614 955 sentiant,
1642 910 1778 959 ignoro
1800 922 1896 958 :ego
1926 908 1972 944 dc
2003 921 2061 944 me
2088 915 2270 958 expertus
2309 919 2393 942 sum
2411 905 2428 929 ¹³

1424 968 1528 1017 quod
1557 968 1643 1004 dico
1665 983 1673 1004 ε
1695 976 1733 1004 et
1767 968 1912 1004 facilius
1945 968 2156 1017 imperare,
2189 975 2226 1004 et
2260 966 2430 1004 securius

348 1035 436 1071 licet
456 1035 557 1070 unde
574 1038 674 1071 Deus
697 1048 718 1070 a
738 1042 774 1070 te
792 1034 960 1069 offensus
977 1040 1033 1068 est
1047 1061 1057 1078 ,
1080 1045 1149 1081 per
1168 1040 1202 1067 te
1224 1043 1355 1066 emen-
1377 1026 1404 1060 B
1424 1041 1579 1078 possum
1611 1041 1773 1077 praeesse
1803 1028 1885 1064 aliis
1905 1028 2033 1064 multis
2049 1057 2059 1074 ‚
2079 1041 2194 1077 quam
2223 1027 2292 1064 soli
2324 1026 2428 1063 mihi.

350 1094 431 1131 dari
463 1107 541 1130 non
573 1101 700 1143 potest
730 1107 738 1129 :
770 1105 817 1129 ne
850 1092 897 1128 ad
929 1099 1169 1128 momentum
1200 1089 1355 1140 quidem

349 1154 527 1203 recipias,
558 1153 624 1190 scd
655 1152 817 1189 fidenter
849 1150 1041 1201 responde
1073 1158 1111 1186 et
1144 1149 1223 1194 dic,
1258 1148 1356 1185 Male

349 1214 504 1264 quidem
526 1214 609 1263 egi,
633 1214 699 1250 sed
717 1214 856 1250 factum
878 1221 957 1257 est,
976 1220 1013 1248 et
1029 1210 1108 1260 jam
1129 1223 1207 1247 non
1230 1217 1358 1260 potest

349 1288 427 1312 non
457 1275 552 1311 fieri.
577 1275 669 1323 Quis
691 1275 759 1311 scit
785 1274 815 1311 si
837 1274 910 1310 hoc
931 1273 1022 1309 mihi
1045 1276 1148 1309 Deus
1178 1271 1359 1322 expedire

348 1335 587 1385 providerit,
608 1343 646 1371 et
665 1334 711 1370 de
732 1335 832 1371 malo
854 1347 939 1370 meo
960 1333 1040 1383 ipse
1058 1333 1123 1382 qui
1144 1331 1270 1368 bonus
1289 1340 1360 1378 est,

350 1394 497 1432 bonum
520 1395 611 1431 mihi
633 1395 785 1444 operari
806 1394 997 1430 voluerit?
1017 1394 1157 1431 Malum
1182 1406 1272 1442 ergo
1294 1406 1363 1442 pu-

352 1455 431 1490 niat
449 1454 553 1503 quod
574 1467 643 1503 ego
666 1454 750 1499 feci,
775 1453 919 1490 bonum
939 1462 1066 1490 autem
1088 1461 1238 1489 maneat
1258 1452 1362 1502 quod

351 1515 433 1564 ipse
466 1513 646 1562 providit.
674 1513 821 1551 Nostris
855 1513 999 1563 quippe
1033 1513 1258 1549 inordinatis
1297 1526 1363 1549 seu

351 1572 636 1619 voluntatibus,
658 1587 724 1610 seu
747 1573 961 1610 actionibus
988 1573 1095 1609 novit
1120 1572 1271 1609 bonitas
1293 1573 1363 1609 Dei

351 1635 427 1680 uti,
454 1646 605 1683 semper
630 1633 785 1683 quidem
813 1641 913 1669 recte
942 1633 981 1669 in
1012 1633 1069 1669 sui
1097 1633 1241 1669 ordinis
1274 1633 1364 1682 pul—

353 1693 636 1740 chritudinem3
659 1706 759 1743 saepe
780 1693 892 1729 etiam
919 1693 980 1742 pie
1000 1693 1039 1729 in
1061 1701 1231 1729 nostram
1258 1693 1364 1729 utili-

355 1763 483 1791 tatem.
503 1757 533 1792 Ο
552 1754 842 1791 clementissima
859 1753 957 1790 circa
972 1754 1068 1789 filios
1088 1753 1209 1790 Adam
1225 1753 1365 1790 divinae

1422 1087 1595 1124 Prudens
1622 1100 1712 1136 ergo
1742 1087 1935 1124 humilitas
1967 1087 2194 1137 humilisque
2228 1087 2432 1137 prudentia

1423 1148 1520 1194 fuit,
1544 1147 1649 1198 quod
1678 1160 1921 1197 nequaquam
1947 1147 2106 1184 credens
2135 1147 2182 1184 ad
2207 1148 2368 1185 salutem
2397 1155 2432 1184 te

1423 1221 1534 1258 posse
1577 1208 1751 1244 sufficere
1800 1207 1868 1244 tibi
1887 1235 1897 1253 ,
1939 1208 2063 1245 alieno
2103 1208 2232 1258 potius
2275 1207 2433 1245 arbitrio

1426 1268 1605 1318 deinceps
1625 1269 1755 1305 vivere
1775 1268 2025 1318 proposuisti.

1481 1329 1515 1364 8.
1536 1327 1669 1365 Laudo
1692 1327 1828 1374 etiam,
1850 1327 1954 1376 quod
1983 1341 2061 1364 non
2089 1341 2234 1364 novum
2262 1328 2322 1364 vel
2355 1341 2435 1364 ma-

1427 1389 1585 1438 gistrum
1600 1417 1609 1434 ,
1628 1389 1686 1424 vel
1707 1388 1833 1424 locum
1855 1388 2059 1437 requisisti,
2080 1388 2146 1425 sed
2163 1388 2210 1425 ad
2228 1389 2436 1425 claustrum

1429 1448 1476 1484 de
1497 1462 1574 1497 quo
1593 1449 1737 1485 exieras
1751 1476 1760 1493 ,
1779 1456 1817 1485 ct
1837 1448 1883 1484 ad
1904 1457 2051 1498 patrem
2073 1448 2143 1485 sub
2161 1462 2238 1499 quo
2257 1450 2435 1499 profece-

1431 1522 1489 1544 ras
1506 1538 1514 1554 ‚
1534 1508 1768 1545 familiariter
1794 1507 1936 1544 redisti.
1950 1509 2106 1546 Rectius
2124 1509 2267 1560 quippe
2296 1510 2367 1546 suit
2395 1517 2437 1545 ut

1431 1568 1567 1605 domus
1588 1581 1671 1618 quae
1694 1576 1730 1604 te
1749 1568 1935 1605 nutrierat
1948 1597 1957 1613 ,
1981 1569 2046 1606 sed
2067 1582 2139 1619 pro
2160 1570 2325 1607 fraterna
2347 1569 2438 1606 clia-

1431 1629 1541 1665 ritate
1560 1629 1772 1675 dimiserat,
1796 1637 2074 1679 exoccupatum
2098 1630 2303 1680 reciperet,
2324 1643 2438 1680 quam

1432 1688 1478 1725 de
1499 1688 1581 1738 ejus
1609 1687 1846 1726 desolatione
1869 1689 1990 1725 aliena
2015 1689 2210 1739 gauderet.
2237 1690 2349 1738 Quod
2379 1699 2438 1727 ta·

1432 1763 1519 1785 men
1550 1750 1587 1786 in
1612 1749 1685 1786 hoc
1712 1749 1883 1799 episcopi
1914 1749 2105 1786 licentiam
2132 1763 2211 1787 non
2236 1750 2439 1796 habueris,

355 1815 506 1865 pietatis
527 1814 759 1851 recordatio!
781 1828 865 1864 quae
889 1828 956 1851 sua
976 1827 1053 1850 non
1077 1813 1216 1850 desinit
1237 1814 1365 1863 largiri
1387 1811 1413 1847 C
1431 1811 1522 1847 nolo
1543 1819 1584 1847 ut
1606 1811 1842 1860 negligenter
1861 1810 1977 1847 ducas
1999 1826 2006 1849 :
2028 1811 2093 1847 sed
2112 1820 2178 1848 aut
2198 1824 2269 1861 per
2290 1819 2325 1848 te
2340 1841 2350 1859 ,
2374 1820 2439 1848 aut

354 1874 537 1911 beneficia
551 1904 560 1921 ,
583 1888 660 1911 non
682 1875 804 1911 solum
824 1873 889 1910 ubi
911 1874 1058 1910 nullum
1081 1873 1228 1909 invenit
1247 1874 1365 1909 meri-

355 1944 435 1972 tum
449 1965 458 1981 ,
477 1935 542 1972 sed
559 1936 785 1986 plerumque
803 1935 915 1971 etiam
935 1933 1000 1970 ubi
1015 1942 1137 1970 totum
1155 1934 1261 1970 videt
1278 1947 1368 1970 cou-

357 1996 526 2032 trarium.
550 1995 622 2033 Sed
649 1995 695 2032 ad
727 2004 760 2032 te
791 1995 1002 2032 redeamus.
1025 1994 1243 2032 Secundum
1276 2007 1367 2043 ergo

358 2055 455 2091 duos
484 2056 639 2092 timores
665 2056 730 2105 qui
753 2069 867 2105 supra
893 2054 1061 2091 distincti
1089 2063 1196 2101 sunt,
1218 2055 1307 2091 volo
1332 2063 1366 2091 te

361 2115 515 2161 timere,
553 2123 591 2151 et
625 2129 703 2152 non
740 2116 895 2161 timere3
933 2127 1187 2165 praesumere,
1216 2123 1253 2150 et
1291 2127 1369 2151 non

360 2188 603 2225 praesumere.
619 2176 789 2222 Timere,
809 2184 851 2212 ut
871 2174 1079 2225 poenitea53
1103 2187 1179 2211 non
1211 2175 1345 2210 timere
1360 2203 1370 2221 ,

359 2243 402 2270 ut
426 2248 633 2284 praesumas
654 2250 662 2272 z
685 2248 803 2286 porro
834 2247 1089 2285 praesumere,
1116 2247 1164 2270 ne
1195 2233 1369 2280 diflidas3

361 2308 439 2331 non
462 2309 713 2345 praesumcre,
736 2308 783 2331 ne
805 2303 1010 2344 torpescas.

418 2355 451 2391 7.
474 2359 669 2404 Agnosce,
695 2355 824 2401 frater,
853 2363 1038 2404 quantum
1068 2354 1114 2391 de
1141 2363 1176 2391 te
1207 2356 1372 2392 confisus

364 2428 472 2460 sum,
499 2414 564 2464 qui
591 2424 625 2451 te
657 2424 730 2452 tam
762 2416 899 2452 acriter
929 2416 1150 2465 increpare3
1173 2424 1280 2452 tuum
1314 2416 1371 2452 fa-

363 2483 465 2512 ctum
481 2505 490 2520 ,
516 2489 585 2512 nec
609 2476 698 2512 mihi
727 2477 816 2512 satis
843 2475 1072 2525 probatum,
1091 2484 1164 2512 tam
1190 2475 1372 2512 audacter

364 2534 572 2584 dijudicare
603 2549 682 2571 non
713 2535 992 2581 dubitaverim,
1027 2549 1113 2572 cum
1139 2535 1176 2571 id
1212 2535 1370 2572 forsitan

1432 1884 1501 1921 per
1525 1870 1688 1907 mediam
1718 1883 1949 1921 personam,
1981 1879 2168 1920 quantum
2205 1871 2243 1908 in
2283 1879 2319 1908 te
2353 1879 2438 1915 est,

1434 1931 1648 1968 satisfacere.
1677 1944 1756 1967 non
1786 1931 1952 1968 differas.
1983 1935 2073 1969 Post
2104 1931 2184 1968 haec
2213 1945 2441 1969 conversare

1435 1991 1657 2042 simpliciter
1677 1992 1776 2027 iuter
1796 1991 1950 2036 fratres,
1970 1991 2131 2028 devotus
2147 1995 2248 2038 Deo,
2261 1992 2441 2041 magistro

1436 2050 1630 2097 subditus,
1651 2050 1868 2087 senioribus
1888 2049 2094 2098 obediens,
2112 2050 2332 2100 junioribus
2350 2065 2443 2088 con-

1438 2120 1653 2161 temperans
1664 2119 1691 2158 ⁰,
1712 2111 1866 2160 Angelis
1885 2111 2039 2161 placens
2054 2140 2064 2157 ,
2081 2110 2200 2148 verbo
2221 2112 2324 2148 utilis
2337 2141 2348 2156 ‚
2370 2112 2444 2149 liu-

1436 2173 1534 2209 milis
1555 2172 1671 2208 corde
1685 2201 1694 2218 ,
1717 2180 1937 2209 mansuetus
1952 2172 1999 2208 ad
2016 2185 2161 2209 omnes.
2178 2175 2277 2210 Cave
2293 2181 2419 2210 autem
2431 2202 2441 2219 ,

1438 2246 1485 2269 ne
1501 2261 1510 2278 ‚
1531 2233 1621 2282 quia
1645 2232 1735 2269 olim
1764 2232 1802 2268 in
1828 2232 1977 2268 honore
2008 2232 2156 2282 positus
2177 2233 2280 2270 fuisti
2297 2263 2306 2279 ,
2331 2234 2444 2270 etiam

1439 2306 1543 2329 nunc
1570 2301 1605 2329 te
1634 2301 1745 2343 putes
1764 2305 1844 2342 prae
1874 2292 2022 2328 caeteris
2049 2292 2319 2330 honorandum
2343 2308 2351 2330 ε
2376 2293 2443 2331 sed

1439 2353 1558 2403 magis
1578 2354 1760 2389 humilem
1779 2351 1957 2389 omnibus
1974 2352 2174 2399 exhibeas,
2197 2362 2378 2404 tanquam
2399 2354 2446 2391 de

1443 2414 1588 2451 caeteris
1617 2426 1750 2450 unum.
1773 2417 1849 2450 Nec
1878 2413 1977 2449 enim
2011 2412 2169 2462 dignum
2198 2422 2254 2450 est
2285 2423 2327 2451 ut
2357 2414 2446 2451 inde

1441 2475 1568 2524 exigas
1587 2474 1773 2510 honorem
1787 2503 1796 2520 ,
1819 2472 1920 2509 unde
1941 2472 2080 2522 refugis
2100 2472 2285 2511 laborem.

1493 2537 1528 2571 9.
1554 2538 1682 2571 Potest
1707 2534 1794 2571 hine
1820 2534 1932 2570 ctiam
1958 2535 2060 2570 nasci
2086 2534 2188 2571 aliud
2212 2536 2445 2586 periculum,

364 2593 626 2631 rationabilius
643 2607 664 2630 a
685 2602 720 2630 te
742 2603 867 2630 actum
884 2594 1017 2639 fuerit,
1038 2607 1152 2643 quam
1170 2594 1261 2630 mihi
1278 2594 1373 2630 huc·
1389 2591 1422 2626 D
1439 2595 1486 2632 ad
1513 2594 1617 2644 quod
1649 2602 1684 2631 te
1709 2595 1979 2643 prcemonitum
2006 2602 2044 2630 et
2068 2596 2339 2644 praemunitum
2367 2608 2447 2634 esse

366 2666 486 2702 usque
515 2662 649 2690 notum
680 2654 739 2690 sit.
761 2657 893 2703 Neque
911 2653 1012 2689 enim
1031 2661 1071 2689 tu
1089 2653 1127 2689 in
1149 2653 1221 2689 tuis
1239 2653 1373 2689 litteris

370 2715 525 2750 sortasse
554 2714 721 2750 rationes
748 2726 882 2749 omnes
909 2713 1011 2758 illas,
1033 2712 1171 2762 quibus
1201 2713 1375 2749 excusari

370 2782 497 2823 posset
516 2774 589 2810 hoc
606 2773 743 2810 sactum
755 2803 764 2819 ,
783 2785 927 2822 ponere
945 2772 1121 2818 voluisti,
1140 2773 1199 2809 vel
1216 2781 1376 2822 propter

367 2841 470 2869 tuam
490 2833 761 2879 humilitatem,
785 2834 845 2869 vel
869 2841 1029 2882 propter
1049 2833 1261 2869 litterarum
1284 2832 1373 2869 bre-

367 2893 534 2929 vitatem.
558 2897 613 2929 De
635 2905 673 2929 re
690 2906 780 2941 ergo
801 2905 915 2941 quam
931 2893 1041 2941 plene
1059 2905 1135 2928 non
1158 2893 1247 2928 novi
1261 2921 1270 2938 ‚
1294 2906 1373 2929 sus-

368 2966 524 3003 pensam
563 2953 783 3001 rclinquens
822 2952 1049 2988 sententiam
1067 2981 1076 2998 ‚
1115 2966 1232 2988 unum
1269 2953 1373 3002 quod

372 3012 491 3048 fecisti
525 3011 851 3048 irretractabiliter
885 3011 999 3048 laudo
1021 3041 1030 3058 ,
1061 3012 1165 3061 quod
1199 3013 1376 3049 videlicet

371 3070 545 3120 deposito
564 3070 659 3120 jugo
681 3071 892 3120 regiminis,
916 3072 997 3108 sinc
1024 3071 1118 3120 jugo
1145 3081 1269 3109 tamen
1296 3087 1375 3111 esse

373 3130 526 3167 noluisti
550 3145 557 3166 :
579 3130 645 3167 sed
666 3130 824 3167 amicam
847 3139 1022 3180 repetens
1042 3131 1281 3181 disciplinam
1298 3164 1307 3179 ‚
1330 3133 1377 3170 de

1439 2655 1542 2692 volo.
1560 2658 1653 2691 Nam
1671 2655 1768 2691 sicut
1790 2668 1924 2691 omnes
1944 2655 1993 2691 ita
2015 2654 2216 2693 mutabiles
2235 2670 2386 2704 sumus,
2406 2665 2448 2694 ut

1441 2716 1668 2765 plerumque
1690 2715 1794 2764 quod
1821 2715 1903 2751 heri
1925 2713 2170 2763 volebamus,
2199 2715 2312 2754 hodie
2338 2729 2449 2754 recu-

1443 2789 1568 2813 semus
1588 2791 1597 2820 ;
1627 2784 1664 2811 et
1685 2775 1789 2824 quod
1807 2775 1921 2811 hodie
1938 2776 2141 2821 nolumus,
2160 2789 2241 2813 cras
2261 2776 2449 2814 desidere-

1440 2849 1523 2872 mus
1549 2850 1556 2871 :
1584 2835 1634 2871 sic
1655 2834 1887 2884 quaudoque
1915 2834 2068 2872 diabolo
2089 2845 2314 2886 suggerente
2338 2845 2449 2886 pote-

1441 2896 1489 2932 rit
1521 2895 1759 2944 contingere,
1784 2903 1826 2931 ut
1854 2909 1898 2932 ex
1929 2895 2115 2932 memoria
2145 2895 2265 2932 relicti
2290 2896 2449 2933 honoris

1442 2964 1548 2992 tuum
1577 2956 1745 2992 animum
1781 2956 1905 3006 pulset
1934 2955 2145 3006 eupiditas;
2169 2957 2222 2993 ita
2252 2965 2294 2993 ut
2321 2956 2449 2993 omnia

1442 3030 1527 3065 quse
1548 3016 1708 3052 viriliter
1729 3017 1990 3066 contempsisti
2007 3045 2017 3061 ,
2040 3017 2238 3067 pueriliter
2258 3016 2450 3054 desidera-

1443 3089 1483 3112 re
1505 3075 1673 3125 incipias.
1698 3075 1927 3112 Dulcescent
1945 3076 2072 3112 animo
2094 3089 2179 3126 quae
2199 3077 2306 3126 prius
2323 3087 2450 3113 amara

1446 3136 1625 3179 suerunt,
1655 3134 1865 3172 sublimitas
1894 3135 1989 3181 loci,
2016 3135 2152 3173 domus
2184 3149 2294 3183 cura,
2323 3147 2449 3173 rerum

418 3261 430 3273 ³⁴
455 3257 605 3287 Nimirum
619 3257 722 3298 quiex
743 3257 896 3287 monacho
915 3257 943 3287 lit
961 3257 1057 3287 abbas
1070 3283 1076 3291 ,
1093 3259 1238 3290 eximitur
1253 3273 1266 3291 a
1280 3262 1350 3302 jure
1370 3269 1396 3293 ct
1415 3264 1607 3305 subjectioni·
1622 3263 1666 3293 sui
1682 3263 1815 3294 abbatis.

420 3311 434 3331 h
451 3311 534 3342 Alias
547 3335 554 3347 ,
577 3311 688 3341 sentio.
711 3329 752 3332 -·-
766 3318 778 3331 “’
796 3311 899 3347 Alias,
917 3309 1147 3354 ‹isdemque-ranst
