2517 3920
323 251 397 288 855

320 341 359 360 ex
383 327 490 360 codice
512 324 637 368 quidam
666 323 718 355 alii
752 322 783 354 id
811 322 1009 364 acceperint,
1038 319 1218 360 neutiquam
1252 326 1326 347 vero

320 380 599 413 Clarae-Valtenses
619 401 627 416 ,
645 377 698 419 qui
714 376 817 407 11111110
833 386 925 407 causa
942 374 1066 416 majoris
1080 371 1228 404 momenti
1242 376 1323 402 sunt.

367 444 432 472 223
458 442 493 471 C.
522 439 546 469 si
571 444 688 468 terrear
722 436 878 478 dignitatis
910 434 1100 465 nominibus.
1127 449 1173 454 -ι
1202 432 1324 470 Nempe

317 494 435 524 Domni
453 492 551 535 (nam
568 492 608 522 ita
628 488 810 531 legendum)
827 494 857 519 et
880 487 992 518 Patris.
1013 486 1130 518 Mirum
1158 489 1241 514 certe
1262 492 1326 511 mo-

319 546 424 578 11051110
444 545 475 576 111
494 543 652 575 Rei-nardo
669 542 865 583 exemplum,
884 540 993 571 terreri
1016 538 1158 569 videlicet
1173 535 1211 566 ad
1232 534 1327 576 digni-

320 605 419 631 tatum
453 597 600 634 nomina,
634 595 745 637 quibus
774 595 846 631 alii,
872 594 934 624 imo
964 593 1036 634 ipsis
1072 590 1205 632 amplius
1232 587 1329 628 digni-

321 652 436 683 tatibus
469 649 643 681 lasciviunt.
674 645 778 679 Simile
803 646 899 677 habes
922 646 1063 687 (praeter
1076 654 1112 674 ea
1138 652 1207 683 qnae
1231 650 1325 681 supra

320 704 481 735 retulimus
495 727 502 741 ‚
525 702 556 732 in
579 700 658 731 notis
681 700 720 731 ad
743 699 905 741 epistolam
932 698 992 740 11)
1013 698 1044 727 111
1061 696 1133 727 Vita
1147 694 1230 725 beati
1256 696 1326 723 Me—

319 756 465 788 chthildis
492 754 689 795 exemplum,
718 763 786 794 cap.
821 755 871 783 10.
903 766 915 777 ιι
945 754 1040 782 Soror
1064 746 1288 782 Mechthildis,
1311 759 1326 771 u

320 808 420 851 inquit
443 815 571 845 auctor,
595 821 607 833 u
636 805 793 836 contendit
824 803 974 845 appellari
999 803 1064 833 sine
1090 804 1222 832 Domnae
1242 799 1327 839 adje-

323 877 336 889 »
359 862 480 898 ctione,
506 861 602 891 altum
625 869 717 889 omne
743 857 927 898 contempsit
950 856 981 886 iu
1002 854 1146 891 110111111ος
1170 852 1224 883 5011
1247 862 1323 882 115115

323 930 337 941 υ
355 915 454 955 exegit
467 914 577 944 domus
596 918 624 943 et
646 910 824 941 monasterii
844 910 980 951 Regula,
1006 914 1040 939 nt
1056 911 1181 939 Domna
1202 915 1326 936 vocare-

322 983 335 994 »
350 974 401 998 tur
413 973 441 998 et
453 965 629 997 Abbatissa.
649 979 661 990 υ
676 967 714 994 Et
731 968 814 993 certe
830 968 981 1003 quantum
1001 961 1040 991 ad
1053 961 1188 1002 primum
1198 982 1205 996 ,
1220 961 1327 999 Augu-

318 1026 383 1051 stus
395 1043 402 1055 ,
419 1024 495 1049 teste
514 1016 661 1048 Suetonio
675 1039 682 1053 ,
708 1015 739 1045 in
759 1014 892 1055 Augusti
910 1014 982 1044 Vita
994 1038 1001 1051 ,
1023 1024 1091 1054 cap.
1120 1016 1175 1050 53,
1196 1011 1325 1042 Domini

317 1068 557 1113 appellationem
573 1075 608 1099 ut
631 1067 829 1098 maledictum
852 1073 882 1098 et
899 1066 1107 1108 opprobrium
1133 1075 1256 1106 semper
1276 1075 1326 1095 ex·

317 1124 437 1155 horruit
448 1146 456 1159 ,
471 1128 502 1153 et
518 1121 662 1152 Tiberius
676 1119 829 1150 Dominus
848 1118 1016 1160 aliquando
1039 1118 1231 1160 appellatus,
1253 1128 1325 1148 con-

318 1177 451 1208 tumelia?
478 1177 546 1206 loco
572 1174 720 1216 reposuit.
754 1174 847 1205 Unde
878 1180 985 1216 postea
1005 1184 1023 1204 a
1043 1172 1268 1215 scriptoribus,
1293 1177 1325 1202 ut

321 1229 473 1261 xocabulo
501 1225 658 1259 humiliori
687 1233 847 1258 uterentur
861 1252 868 1265 ‚
893 1227 995 1258 littera
1015 1237 1072 1268 per
1095 1236 1254 1268 syncopen
1270 1223 1325 1255 de-

317 1289 414 1314 tracta
427 1307 434 1320 ,
466 1289 587 1313 sanctos
615 1281 698 1311 viros
713 1305 720 1318 ,
748 1281 911 1322 episcopos
924 1305 931 1318 ,
961 1280 1098 1321 aliasque
1118 1289 1267 1321 personas
1286 1278 1326 1310 ad

317 1337 383 1378 ipsa
406 1347 502 1377 usque
524 1335 678 1367 Bernardi
697 1341 838 1376 tempora
856 1334 988 1365 domnos
1006 1333 1157 1364 vocitatos
1184 1332 1323 1374 legimuS.

318 1391 368 1422 Sic
381 1393 512 1421 Severus
532 1389 685 1431 Sulpicius
701 1389 830 1431 epistola
851 1392 882 1425 2,
904 1403 916 1414 «ι
935 1391 1094 1419 Domnnm
1107 1386 1293 1425 Martinnm,
1312 1402 1325 1413 ι»

318 1443 430 1485 inquit,
445 1458 457 1470 «
474 1442 587 1474 obiisse
600 1443 755 1473 nuntiant.
774 1457 787 1468 2»
799 1442 848 1473 Sic
867 1442 1036 1483 Gregorius
1052 1444 1187 1482 Magnus
1200 1464 1207 1477 ,
1221 1440 1276 1471 lib.
1294 1443 1323 1478 1,

317 1498 408 1539 epist.
435 1502 453 1529 6
468 1522 475 1535 ,
494 1504 524 1528 01
543 1497 597 1527 lib.
615 1499 647 1535 7,
669 1496 758 1538 epist.
791 1499 874 1534 1273
912 1496 954 1526 sic
979 1496 1095 1538 passim
1130 1495 1162 1525 in
1189 1494 1327 1536 epistolis

317 1550 472 1582 Desiderii
491 1549 695 1581 Cadurcensis
707 1573 714 1587 ‚
743 1555 773 1580 et
793 1549 876 1590 apud
904 1549 1092 1590 Gregorium
1110 1552 1327 1580 Turonensem

316 1604 462 1634 Historia}
492 1603 573 1634 libro
599 1606 617 1633 9
634 1627 641 1640 ,
671 1613 740 1644 cap.
769 1604 832 1640 42,
861 1613 897 1633 ex
925 1601 1038 1643 quibus
1064 1613 1131 1633 mos
1152 1601 1191 1632 ad
1211 1601 1326 1644 Hispa—

316 1666 373 1687 nos
397 1662 427 1687 et
447 1657 541 1688 Italos
559 1655 715 1687 derivatus
734 1655 886 1692 invaluit3
903 1655 966 1685 imo
986 1655 1070 1697 apud
1095 1655 1180 1697 ipsos
1200 1657 1328 1686 Graecos

316 1709 504 1740 recentiores
528 1719 585 1750 pro
611 1708 645 1739 τὸ
668 1707 765 1752 κύριος
791 1708 821 1738 111
845 1708 938 1739 simili
971 1719 1043 1739 011511
1073 1709 1162 1752 κυρὸς
1183 1708 1328 1750 usurpari

316 1763 411 1799 solet,
437 1768 469 1792 ut
489 1761 665 1792 doctissime
679 1761 854 1792 observavit
876 1773 892 1792 e
915 1762 1027 1793 nostris
1045 1765 1137 1803 Hugo
1154 1762 1327 1793 Menardus

318 1815 350 1845 in
370 1816 451 1846 notis
472 1815 511 1845 ad
529 1815 681 1847 Concord.
697 1815 807 1855 Regul.
829 1826 897 1857 cap.
920 1818 973 1846 70.
992 1816 1091 1857 Hujus
1111 1821 1215 1846 autem
1235 1826 1325 1847 voca-

318 1867 383 1899 buli
398 1871 539 1898 Domnus
560 1868 676 1899 mentio
691 1867 769 1898 facta
790 1874 833 1899 est
850 1879 867 1898 a
891 1874 997 1899 sancto
1015 1871 1107 1899 Patre
1127 1868 1297 1899 Benedicto
1311 1893 1318 1907 ,

318 1921 350 1952 in
365 1922 503 1963 Regula,
533 1932 601 1963 cap.
632 1924 671 1953 63
689 1945 696 1959 ,
720 1921 773 1951 ubi
793 1921 835 1952 sic
855 1921 950 1952 habet
975 1933 982 1952 :
1007 1938 1021 1948 «
1054 1921 1164 1953 Abbas
1199 1928 1321 1960 autem,

320 1989 332 2000 »ι
353 1975 425 2016 quia
441 1975 522 2006 vices
540 1974 654 2006 Christi
668 1985 758 2015 agere
776 1974 899 2005 videtur
912 1999 919 2012 ,
939 1978 1082 2006 Domnus
1098 1981 1128 2006 et
1145 1975 1254 2007 Abbas
1270 1987 1324 2006 vo-

321 2044 332 2055 »
347 2035 450 2066 cetur,
473 2039 536 2059 non
553 2039 607 2059 sua
622 2028 832 2070 assumptione
857 2028 909 2059 sed
923 2028 1044 2059 honore
1061 2035 1092 2060 et
1109 2039 1215 2059 amore
1237 2028 1326 2060 Clu-i-

319 2096 331 2108 »
349 2082 398 2113 sti.
422 2097 433 2108 u
456 2082 550 2123 Quod
572 2081 696 2123 quidem
720 2092 835 2112 nomen
852 2082 908 2113 etsi
926 2093 964 2113 ex
990 2083 1117 2123 Regulae
1142 2082 1326 2113 auctoritate

317 2135 374 2166 soli
396 2135 502 2166 abbati
530 2134 735 2173 concedatur,
764 2135 994 2166 decurrentium
1021 2141 1126 2167 tamen
1147 2142 1325 2178 temporum

318 2188 384 2230 lege
402 2188 441 2219 ad
459 2189 542 2230 ipsos
561 2188 653 2219 etiam
670 2188 840 2220 monachos
864 2189 1045 2220 Sacerdotio
1068 2189 1205 2220 initiatos
1220 2214 1227 2228 ,
1248 2190 1326 2221 sicut

317 2249 348 2273 et
369 2243 468 2273 Patris
490 2253 604 2273 nomen
622 2242 797 2273 traductum
817 2249 874 2274 est.
894 2246 965 2283 Qua
990 2243 1028 2274 de
1051 2254 1084 2274 re
1105 2243 1176 2274 vide
1195 2246 1325 2274 Menar-

318 2295 392 2325 dum
416 2296 484 2326 loco
508 2295 620 2332 citat03
644 2295 788 2327 llaeften.
812 2296 867 2327 lib.
894 2300 911 2327 3
925 2320 932 2333 ,
954 2296 1042 2337 Disq.
1063 2302 1152 2327 tract.
1173 2299 1191 2327 4
1205 2321 1212 2333 ,
1232 2297 1320 2339 Disq.

320 2351 336 2378 4
353 2354 384 2379 et
404 2353 420 2379 5
436 2360 443 2386 ς
467 2349 585 2379 Julium
600 2347 730 2390 Nigron.
747 2349 779 2380 111
792 2350 903 2391 Regul.
924 2360 1037 2381 comm.
1058 2349 1220 2381 Societatis
1233 2353 1322 2387 Jesu,

322 2412 386 2443 reg.
408 2405 462 2433 22.

365 2464 430 2493 229
455 2465 487 2493 B.
515 2474 556 2492 AD
582 2474 764 2493 ARTALDUM
792 2475 1078 2495 rnuLmACENSis-M.
1105 2482 1150 2486 -—
1174 2463 1324 2494 Artaldus

317 2514 373 2546 1510
387 2525 440 2545 5011
458 2515 615 2546 Artaudus
630 2515 726 2547 abbas
746 2515 803 2547 fuit
826 2517 1054 2548 Prulliacensis.
1079 2521 1127 2548 Ita
1142 2516 1321 2558 legendum,

317 2575 381 2598 uon
395 2592 402 2605 ,
422 2567 653 2605 Pultczriensis,
674 2569 713 2600 de
732 2580 793 2611 quo
816 2570 886 2601 ride
913 2576 1003 2601 notas
1024 2570 1063 2600 ad
1081 2570 1245 2612 epistolam
1269 2573 1323 2602 80.

316 2621 390 2651 Erat
411 2628 515 2652 antem
537 2622 723 2653 Prulliacum
737 2647 744 2661 ,
768 2623 945 2654 coenobium
965 2623 1093 2655 Ordinis
1111 2623 1324 2655 Cisterciensis

316 2672 349 2703 iu
367 2673 490 2705 dioecesi
505 2675 675 2705 Senouensi
689 2700 697 2713 ‚
717 2675 881 2707 fundatum
900 2688 982 2708 anno
1003 2679 1036 2708 11
1052 2680 1087 2708 18
1104 2687 1122 2707 a
1139 2677 1325 2709 Theobaldo

318 2727 494 2767 Campaniae
517 2729 629 2759 comite
643 2735 673 2759 et
691 2729 790 2760 Adela
804 2731 870 2771 ejus
894 2737 993 2762 matre
1007 2755 1015 2769 ,
1033 2737 1066 2761 ut
1083 2730 1177 2762 refert
1193 2731 1323 2762 61111101-

320 2789 388 2809 111115
401 2780 539 2820 Nangius
555 2781 587 2811 in
602 2781 768 2817 Chronico,
782 2783 897 2814 relatus
911 2794 927 2814 a
940 2783 1085 2815 Maurico
1101 2784 1133 2814 in
1148 2784 1325 2816 Annalibus

320 2830 359 2860 ad
377 2831 459 2861 1111110
473 2843 607 2871 3111111111,
624 2845 685 2875 quo
706 2835 831 2875 quidem
848 2847 930 2867 anno
950 2837 1152 2868 nihilominus
1165 2837 1324 2868 Theobal-

322 2883 380 2913 dus
402 2885 578 2925 Campaniae
601 2887 780 2918 comitatum
802 2889 935 2920 necdum
959 2889 1117 2928 habebat,
1147 2896 1179 2921 ut
1199 2891 1324 2932 colliges

319 2946 357 2966 ex
373 2936 455 2966 notis
471 2936 510 2966 ad
531 2937 692 2978 epistolam
711 2942 765 2969 31.
780 2943 870 2971 Hane
889 2942 1051 2983 epistolam
1070 2942 1159 2984 dirigi
1175 2943 1215 2974 ad
1234 2944 1323 2974 Prul-

320 2987 486 3019 liacensem
500 3000 552 3019 seu
567 2990 799 3022 Cisterciensem
814 3017 820 3029 ‚
838 3001 1014 3025 nouantem
1029 2995 1068 3026 ad
1082 2995 1319 3035 Pultariensem‚

320 3040 483 3072 manifeste
508 3042 660 3081 colligitur
680 3054 717 3073 ex
745 3044 810 3085 ipso
841 3053 988 3078 contextu
1012 3058 1019 3078 :
1043 3059 1116 3079 nam
1146 3050 1323 3081 Bernardus

321 3093 488 3127 Artaldnm
502 3094 559 3124 sibi
578 3095 790 3126 cbarissinuun
809 3108 873 3128 0550
887 3099 958 3128 111011
974 3124 981 3134 ,
1002 3111 1065 3131 11011
1081 3102 1181 3132 solum
1192 3102 1233 3133 011
1247 3114 1321 3134 con-

320 3147 449 3179 sortium
465 3148 616 3189 propositi
631 3154 659 3178 et
678 3148 892 3189 professionis,
910 3151 962 3181 5011
976 3152 1069 3183 etiam
1084 3165 1120 3185 ex
1135 3154 1241 3186 debito
1260 3167 1322 3187 5010

320 3200 453 3231 invicem
470 3200 607 3242 pristina:
628 3201 793 3231 societatis.

367 3263 431 3291 229
456 3263 490 3291 Β.
510 3261 650 3291 5311110111.
666 3264 807 3291 -113110
824 3261 1075 3303 inscriptionem,
1103 3265 1146 3296 uti
1171 3273 1199 3297 et
1218 3269 1321 3309 plures

316 3313 390 3345 alias
403 3338 409 3350 ,
432 3313 562 3344 restituit
577 3313 675 3344 codex
690 3313 894 3345 (ἴοι-1101011515.

367 3374 430 3401 221)
448 3374 487 3402 D.
512 3372 608 3402 abbas
628 3372 882 3404 PontiniaceusiS.
902 3391 945 3395 —
964 3373 1013 3405 Sic
1035 3374 1132 3406 codex
1150 3378 1319 3410 Corbcien-

317 3423 366 3454 sis.
385 3427 417 3454 111
439 3425 522 3462 aliis,
547 3424 646 3456 abbas
664 3429 699 3457 P.
720 3430 817 3458 Locus
835 3425 873 3456 de
896 3437 957 3467 quo
980 3426 1029 3457 hic
1049 3427 1169 3468 agitur,
1187 3438 1231 3461 est
1244 3433 1319 3462 Val-

823 247 873 281 ΙΝ
902 245 1081 281 TOMUM
1112 240 1309 278 PRIMUM
1338 237 1543 273 OPERUM
1573 237 1608 271 S.
1640 232 1895 269 BERNARDI

2322 231 2398 268 856

1392 314 1589 345 lis-Lucentis
1602 337 1609 351 ,
1630 313 1661 343 111
1678 323 1740 353 quo
1757 310 1908 342 Artaldus
1922 308 2051 340 consitio
2068 308 2220 340 Bernardi
2244 317 2399 342 monaste-

1392 368 1472 398 rium
1487 365 1659 398 construxit
1677 374 1760 395 311110
1785 366 1867 394 1127
1889 364 1971 403 (111110
1987 361 2078 403 hujus
2095 361 2233 403 epistolae
2250 363 2396 405 epocha),

1392 420 1558 451 duodecim
1582 417 1742 449 monachis
1760 428 1796 448 eo
1823 415 1922 447 missis
1939 415 1996 446 sub
2021 415 2184 457 Norpaldo
2203 415 2328 448 abbate.

1441 477 1507 506 230
1528 477 1570 505 A.
1590 483 1616 503 s.
1638 482 1935 503 PETRI-Dh-MONTE.
1953 490 1998 493 -—
2016 473 2053 501 In
2075 470 2166 502 editis
2184 470 2252 502 haec
2270 471 2400 513 epistola

1391 527 1540 558 hactenus
1558 525 1754 562 inscribitur,
1774 522 1830 555 Ad
1845 522 1997 555 eumdem.
2016 524 2078 555 Sed
2095 535 2202 555 veram
2222 524 2398 567 inscriptio-

1391 591 1462 611 nem
1477 605 1484 618 ,
1509 591 1544 611 ac
1567 579 1700 621 proinde
1727 578 1868 616 titulum,
1891 577 2082 609 restituimus
2105 589 2144 608 ex
2172 589 2254 620 saepe
2272 578 2399 610 laudato

1391 634 1574 666 Corbeiensi
1592 633 1815 674 manuscripto.
1833 635 1908 663 Erat
1923 638 2026 663 autem
2046 631 2172 663 abbatia
2189 634 2221 663 S.
2246 631 2400 663 Petri-de-

1390 691 1522 723 Monte,
1550 686 1691 717 dioecesis
1719 686 1896 724 Tullensis,
1923 685 2051 717 Ordinis
2074 688 2105 717 S.
2135 685 2319 727 Augustini,
2336 696 2400 717 non

1390 742 1500 784 procul
1517 752 1534 771 a
1554 744 1702 772 Mortaua
1718 739 1863 777 fluviolo,
1881 740 1935 781 qui
1951 740 1982 770 in
2001 743 2142 771 Murtam
2159 739 2272 771 influit.

1441 798 1507 826 230
1523 798 1564 826 D.
1588 793 1795 825 ecclesiastico
1816 794 2030 835 canonicoque
2046 793 2178 835 judicio.
2201 813 2249 816 —
2263 793 2400 835 Quidam

1390 854 1461 890 post
1475 848 1629 879 diutinam
1642 847 1675 878 in
1689 847 1782 878 domo
1794 847 1944 879 ethabitu
1962 847 2118 890 religionis
2133 848 2402 879 conversationem

1390 901 1430 932 ad
1459 901 1606 932 saeculum
1634 911 1777 932 reversus
1804 912 1935 932 uxorem
1961 901 2103 933 duxerat.
2132 901 2211 933 Inde
2241 902 2402 933 consultus

1390 954 1586 992 Bernardus,
1615 965 1679 984 non
1704 955 1777 986 satis
1798 955 1898 997 aperit
1919 961 2056 987 mentem
2077 967 2182 994 suam,
2199 955 2274 998 quid
2296 954 2335 987 de
2347 955 2403 987 hu-

1386 1008 1526 1050 jusmodi
1545 1008 1690 1050 conjugio
1713 1008 1836 1040 sentiat.
1869 1023 1882 1035 «
1903 1008 2117 1040 Periculosum
2134 1024 2149 1036 »
2168 1009 2200 1040 111
2221 1008 2265 1040 ait
2283 1008 2377 1040 fuisse
2391 1034 2398 1048 ,

1390 1069 1421 1094 et
1438 1077 1450 1089 «
1467 1062 1596 1093 fortasse
1610 1062 1752 1092 illicitum
1776 1072 1783 1093 :
1801 1076 1813 1088 n
1828 1069 1859 1093 et
1872 1062 1945 1104 quia
1958 1062 2036 1093 illud
2054 1077 2067 1090 κ
2084 1063 2314 1105 qualecumque
2327 1073 2401 1093 con-

1392 1132 1404 1143 »
1419 1116 1540 1159 jngium
1566 1115 1747 1146 solemniter
1774 1116 1967 1147 celebratum
1991 1116 2055 1155 sit,
2082 1131 2095 1144 n
2128 1116 2188 1148 sibi
2213 1127 2278 1148 non
2303 1116 2403 1148 videri

1390 1176 1492 1202 tutum
1503 1194 1511 1208 ,
1529 1180 1659 1200 uxorem
1673 1169 1803 1200 invitam
1818 1169 1942 1201 dimitti.
1965 1173 2120 1202 Praeterea
2137 1181 2203 1202 non
2216 1170 2289 1202 satis
2302 1176 2400 1212 patet,

1390 1225 1475 1267 quali
1494 1231 1566 1255 voto
1583 1224 1749 1255 obstrictus
1762 1223 1814 1254 ille
1828 1224 1933 1255 fuerit.
1953 1224 2068 1257 Confer
2082 1225 2148 1267 ejus
2164 1224 2350 1267 opusculum
2364 1224 2403 1255 de

1390 1283 1551 1321 Praecepto
1565 1284 1595 1310 et
1610 1277 1852 1320 Dispensatione
1863 1301 1870 1315 ‚
1885 1288 1955 1320 cap.
1976 1281 2028 1318 17,
2049 1284 2079 1310 et
2096 1284 2185 1310 notas
2204 1278 2245 1309 ad
2257 1278 2402 1309 eumdem

1390 1333 1505 1365 locum.

1441 1390 1502 1419 231
1527 1390 1564 1418 B.
1583 1398 1625 1417 AD
1643 1397 1818 1417 SUGERIUM
1839 1398 1993 1417 ABBATEM
2010 1398 2036 1419 s.
2053 1397 2217 1417 1110011511.
2231 1404 2279 1409 —-
2297 1385 2405 1417 Abba-

1391 1442 1434 1473 tja
1462 1440 1728 1483 Sancti-Dionysii
1755 1441 1954 1482 Areopagitae
1969 1464 1977 1478 ,
2009 1440 2148 1472 Franciae
2173 1439 2306 1482 apostoli
2320 1463 2328 1478 ‚
2359 1450 2392 1470 se

1391 1496 1496 1528 cundo
1518 1506 1537 1526 a
1561 1495 1683 1526 Lutetia
1712 1494 1903 1525 Parisiorum
1925 1494 2005 1526 urbe
2022 1493 2145 1536 lapide,
2167 1493 2200 1524 in
2224 1493 2293 1524 vico
2312 1495 2404 1525 Catu-

1391 1550 1471 1581 liaco
1482 1574 1490 1587 ,
1507 1548 1635 1580 Ordinis
1652 1551 1683 1579 S.
1700 1547 1860 1579 Benedicti
1879 1548 1960 1579 inter
1976 1547 2119 1579 abbatias
2140 1547 2251 1580 Galliae
2269 1546 2406 1578 celeber-

1391 1603 1470 1634 rima
1481 1627 1488 1640 ‚
1511 1601 1639 1632 fundata
1655 1612 1672 1632 a
1696 1601 1878 1643 Dagoberto
1893 1612 1966 1643 rege
1985 1605 2181 1634 Francorum
2194 1625 2202 1640 ,
2227 1601 2292 1642 ejus
2306 1600 2405 1632 nomi-

1391 1656 1440 1687 nis
1462 1655 1576 1698 primo.
1594 1658 1691 1685 Porro
1715 1656 1860 1696 Sugerius
1881 1655 2029 1687 successit
2046 1655 2193 1694 Adamo;
2216 1665 2309 1697 quem
2325 1654 2404 1686 falso

1392 1717 1427 1741 ut
1452 1709 1535 1740 vitiis
1552 1708 1701 1739 infamem
1720 1708 1914 1740 Abaelardus
1935 1715 2059 1741 accusat
2076 1709 2108 1740 in
2124 1709 2266 1741 Historia
2283 1708 2401 1739 Calam.

1392 1775 1462 1808 pag.
1487 1766 1539 1795 19.
1565 1762 1648 1793 Vide
1673 1762 1872 1793 Ducbeninm
1892 1763 1969 1795 ibid.
1992 1763 2026 1794 in
2046 1763 2139 1795 notis.
2170 1762 2340 1800 Successit,
2357 1762 2404 1793 in·

1392 1828 1485 1860 quam
1499 1841 1506 1854 ‚
1524 1827 1607 1847 anno
1632 1819 1642 1846 1
1659 1818 1718 1846 123
1740 1816 1855 1847 0100105
1869 1816 1994 1848 absens.
2014 1816 2137 1858 Agebat
2152 1816 2236 1848 euim
2250 1816 2335 1858 apud
2348 1817 2392 1847 Ca

1387 1872 1497 1903 lixtum
1520 1874 1551 1901 Π
1573 1880 1687 1912 papam
1705 1894 1711 1907 ,
1737 1869 1849 1901 missus
1867 1881 1885 1901 a
1914 1881 1986 1912 rege
2005 1870 2166 1902 Ludovico
2193 1872 2323 1907 613550,
2343 1880 2402 1912 pro

1391 1925 1578 1967 quibusdam
1598 1924 1684 1965 regni
1701 1924 1876 1955 Galliarum
1904 1925 2047 1966 negotiis.
2077 1924 2166 1956 Obiit
2187 1935 2270 1956 anno
2292 1927 2400 1962 1152,

1391 1979 1489 2010 10111115
1508 1978 1755 2021 septuagesimo,
1775 1979 1914 2021 sepultus
1937 1979 1969 2010 in
1989 1979 2135 2017 eeclesia,
2153 1990 2247 2021 quam
2272 1979 2340 2021 ipse
2358 1979 2404 2009 in-

1391 2034 1541 2065 stauravit
1569 2044 1606 2064 eo
1623 2032 1797 2069 schemate,
1821 2045 1884 2076 quo
1913 2034 2085 2065 etiamnum
2114 2034 2225 2065 visitur
2252 2044 2403 2076 perquam

1391 2087 1555 2129 magnifica
1569 2086 1601 2117 in
1615 2085 1748 2117 formam
1769 2087 1868 2119 crucis
1882 2112 1889 2125 ‚
1908 2088 2001 2129 longa
2020 2087 2116 2130 pedes
2133 2094 2289 2119 trecentos
2304 2094 2334 2119 et
2350 2099 2405 2119 no-

1391 2142 1518 2184 naginta
1535 2165 1542 2178 ,
1562 2142 1625 2172 lata
1641 2147 1779 2179 centum,
1796 2142 1858 2172 alta
1877 2152 1894 2172 a
1908 2142 2088 2184 pavimento
2102 2142 2142 2173 ad
2152 2141 2304 2173 fornicem
2322 2147 2405 2173 octo-

1391 2195 1492 2238 ginta,
1513 2195 1665 2227 columnis
1685 2206 1738 2226 seu
1758 2195 1829 2237 pilis
1854 2196 2015 2238 sexaginta
2028 2195 2166 2228 suffulta.
2185 2196 2302 2227 Vitreis
2321 2195 2405 2227 fene-

1391 2249 1461 2281 stris
1488 2248 1788 2291 incomparabilibus
1804 2273 1811 2287 ,
1834 2249 1931 2281 choro
1952 2250 2038 2281 vario
2064 2260 2221 2281 marmore
2238 2255 2353 2287 strato,
2373 2255 2405 2280 et

1390 2303 1550 2345 sexaginta
1576 2303 1702 2334 sedibus
1726 2303 1940 2344 superioribus
1968 2310 2103 2343 ornato,
2126 2303 2270 2346 pluribus
2295 2313 2404 2345 regum

1391 2368 1620 2401 procerumque
1636 2357 1769 2388 aliorum
1785 2357 1933 2399 sepulcris
1963 2357 2120 2389 decorata.
2138 2357 2198 2389 Hic
2213 2367 2287 2398 ergo
2299 2380 2307 2395 ,
2329 2362 2406 2388 atte-

1391 2412 1547 2443 stantibus
1572 2411 1748 2443 Annalibus
1771 2411 1844 2442 dicti
1870 2412 2070 2449 monasterii,
2094 2427 2109 2438 1<
2133 2415 2194 2443 Per
2218 2410 2404 2442 industriam

1393 2478 1510 2498 »suam
1525 2491 1532 2505 ,
1556 2466 1709 2497 Ordinem
1737 2472 1851 2497 sanctae
1876 2466 2050 2508 Religionis
2075 2466 2272 2497 instauravit.
2300 2468 2404 2497 Antea

1394 2535 1406 2547 ι)
1420 2531 1556 2561 namque
1584 2530 1640 2561 per
1670 2517 1822 2550 abbatum
1848 2519 2069 2562 negligentiam
2080 2544 2088 2559 ,
2119 2519 2173 2562 qui
2201 2524 2274 2550 ante
2301 2518 2402 2560 ipsum
2420 2531 2424 2535 ⁴

1393 2591 1408 2602 υ
1426 2574 1548 2606 fuerant
1562 2598 1569 2611 ‚
1586 2579 1615 2604 et
1632 2573 1841 2614 quorumdam
1864 2573 1945 2605 illius
1961 2573 2144 2605 monasterii
2157 2571 2382 2604 monachorum
2395 2595 2403 2608 ‚

1394 2644 1406 2656 n
1424 2627 1573 2671 regularis
1587 2628 1739 2659 institutio
1758 2628 1801 2659 ita
1817 2627 1857 2659 ab
1874 2628 1984 2660 eodem
1998 2629 2068 2659 loco
2087 2627 2210 2670 abjecta
2228 2626 2347 2665 fuerat,
2369 2632 2403 2657 ut

1395 2698 1407 2710 »
1425 2683 1475 2713 vix
1499 2682 1635 2724 speciem
1660 2681 1817 2723 religionis
1845 2681 1991 2713 monachi
2026 2680 2274 2724 praetenderent,
2305 2694 2318 2707 »ι
2359 2679 2402 2710 uti

1392 2736 1484 2768 etiam
1501 2735 1552 2766 hic
1568 2735 1745 2766 Bel-nardus
1764 2734 1850 2767 dicit.
1875 2735 1958 2767 Vide
1974 2741 2064 2766 notas
2083 2735 2116 2766 in
2139 2734 2304 2777 epistolam
2321 2737 2400 2764 266.

1440 2793 1501 2821 231
1525 2792 1560 2821 C.
1575 2788 1659 2820 Exiit
1676 2800 1778 2820 sermo
1796 2789 1909 2820 bonus.
1927 2808 1971 2813 --·
1986 2791 2111 2832 Nempe
2127 2788 2166 2819 de
2186 2788 2252 2830 ejus
2274 2797 2402 2818 conver-

1395 2845 1495 2882 sione,
1517 2843 1602 2874 haud
1620 2843 1714 2873 dubie
1732 2843 1884 2874 Bernardi
1905 2843 2031 2874 monitis
2047 2848 2200 2885 concepta
2212 2840 2270 2872 sub
2284 2851 2402 2871 annum

1398 2903 1407 2930 1
1422 2902 1481 2931 127
1500 2923 1507 2935 ,
1527 2898 1650 2929 tametsi
1666 2898 1847 2929 monasterii
1861 2896 2124 2939 Sancti-Dionysii
2148 2894 2329 2927 reformatio
2346 2904 2402 2936 per

1391 2953 1554 2995 Sugerium
1566 2963 1649 2984 anno
1665 2956 1674 2983 1
1688 2955 1698 2983 1
1710 2956 1750 2985 23
1763 2952 1869 2984 forsan
1883 2952 2062 2994 anticipato,
2079 2950 2213 2982 refertur
2223 2949 2255 2980 in
2269 2948 2399 2981 Chroni-

1392 3019 1429 3040 co
1447 3008 1613 3049 Nangiano
1630 3018 1636 3039 :
1654 3007 1687 3037 in
1699 3018 1762 3048 quo
1777 3006 1898 3049 Sugcrii
1911 3006 2022 3037 electio
2035 3005 2078 3036 ita
2096 3003 2282 3036 describitur
2296 3013 2303 3033 :
2317 3017 2330 3029 «
2343 3005 2401 3034 Su-

1392 3078 1406 3089 »
1423 3062 1523 3104 gerius
1540 3061 1803 3104 Sancti-Dionysii
1820 3061 1853 3091 in
1872 3059 2003 3091 Francia
2019 3057 2204 3096 monachus,
2227 3055 2401 3097 Scriptura-

1393 3131 1405 3143 »
1422 3127 1490 3147 rum
1511 3115 1638 3147 scientia
1655 3115 1756 3146 clarus
1770 3139 1777 3154 ‚
1799 3126 1871 3146 cum
1887 3112 2084 3145 solummodo
2105 3117 2185 3143 esset
2203 3110 2243 3141 ad
2257 3109 2401 3140 diacona-

1392 3182 1404 3194 »
1420 3174 1467 3198 tus
1487 3167 1629 3199 ordinem
1643 3173 1806 3209 promotus
1820 3191 1828 3205 ,
1844 3177 1861 3197 a
1877 3169 1981 3198 Roma
1996 3164 2173 3208 regrediens
2189 3188 2197 3202 ‚
2219 3173 2281 3205 quo
2298 3161 2399 3193 fuerat

1391 3235 1403 3247 n
1423 3231 1439 3251 a
1451 3232 1521 3262 rege
1538 3220 1677 3252 Franciae
1692 3220 1852 3252 Ludovico
1879 3220 2006 3256 missus,
2025 3218 2140 3250 abbate
2154 3227 2210 3248 suo
2227 3215 2332 3248 Adam
2345 3215 2396 3246 de-

1391 3288 1403 3300 »
1419 3273 1525 3304 functo
1545 3274 1667 3315 eligitur
1680 3273 1712 3304 in
1728 3273 1875 3304 abbatem
1891 3284 1898 3304 :
1918 3273 1971 3314 qui
1991 3282 2132 3303 reversus
2151 3270 2254 3313 primo
2275 3268 2402 3311 presby-

1389 3341 1402 3353 »
1423 3333 1470 3358 ter
1486 3327 1667 3366 ordinatur,
1684 3333 1712 3358 ct
1732 3333 1816 3369 post,
1835 3332 1988 3369 praesente
2003 3329 2102 3367 Rege,
2121 3336 2139 3356 a
2152 3323 2335 3356 Bituricensi
2355 3332 2400 3352 ar-

1390 3395 1404 3406 „
1421 3380 1620 3422 chiepiscopo
1641 3381 1672 3411 in
1690 3391 1744 3412 sua
1760 3379 2023 3422 Sancti-Dionysii
2043 3378 2176 3411 ecclesia
2197 3378 2230 3409 iu
2253 3375 2398 3408 abbatem

1389 3448 1401 3459 »ι
1416 3433 1623 3465 benedicitur.
1635 3437 1655 3460 ὐ
