2565 3952
61 115 133 154 669

969 101 1233 138 EPISTOLAE.

2073 104 2150 143 (570

1068 176 1116 194 ⁵³¹
1133 188 1293 226 possum
1320 174 1359 211 in
1390 174 1586 220 Domino,
1614 182 1689 211 tuae
1712 174 1906 213 dilectioni
1937 191 1997 216 me
2029 184 2151 218 sentio

60 262 1072 286 ...................................................................
1088 236 1118 270 Α
1139 235 1353 273 debitorem
1369 264 1378 281 ,
1395 248 1474 284 quo
1496 234 1673 271 devotius
1702 243 1740 271 et
1770 236 1949 274 humilius
1974 242 2153 288 parvitati

152 383 525 444 ErlsToLA
570 378 978 439 CCCLXV11.‘'

246 666 436 710 Episcopum
461 666 637 695 Metensem
670 658 883 692 commendat.

116 782 372 823 Praedecessor
400 786 527 815 vester
543 775 657 813 bonae
688 774 884 811 memoriae
914 773 1078 811 Haime-

70 847 163 885 ricus
189 840 438 881 cancellarius
459 838 661 875 dominum
679 840 891 874 Metensem
925 835 1078 886 episco-

69 918 157 959 pum
189 911 203 927 ⁰
234 900 390 954 speciali
429 897 736 949 amplectebatur
775 896 1005 942 dilectione,
1041 904 1080 932 et

1136 304 1278 333 nostrae
1320 295 1634 331 commendatum
1676 303 1711 331 te
1754 295 1914 333 reddere
1961 299 2153 337 studuisti.

1138 355 1252 394 Unde
1272 364 1309 392 et
1331 355 1518 391 sollicitus
1552 354 1603 390 sui
1639 354 1820 391 fratribus
1841 357 1982 394 nostris
2012 358 2156 397 indices

1140 416 1194 452 tui
1215 415 1383 466 pectoris
1402 415 1526 464 legere
1554 414 1718 460 litteras,
1740 414 1873 463 plenas
1889 414 2039 454 devotae
2062 420 2158 455 affe-

1141 475 1303 519 ctionis,
1336 475 1468 524 plenas
1501 474 1651 524 pictatis
1680 482 1718 510 et
1746 475 1896 523 gratiae3
1924 474 2161 515 benedictio-

1142 549 1231 573 nem
1253 541 1266 557 ⁰
1293 547 1450 584 quoque
1467 562 1476 579 ,
1506 547 1622 583 quam
1644 533 1927 581 destinaveras,
1955 536 2161 585 exhibere3

1143 604 1180 632 et
1198 594 1427 645 praecipere,
1446 593 1544 630 sicut
1564 593 1727 643 rogasti,
1747 594 1785 629 in
1807 596 2031 632 memoriam
2057 598 2112 634 tui
2129 606 2166 635 ct

1146 665 1324 702 tuorum,
1357 655 1451 704 ipsis
1472 654 1511 690 in
1539 654 1638 691 vasis
1659 654 1859 691 Missarum
1892 656 2078 693 solemnia
2106 672 2169 694 ee-

1145 715 1302 754 lebrari.
1328 716 1453 754 Faciat
1478 724 1512 751 te
1529 719 1632 752 Deus
1654 715 1692 751 in
1713 728 1849 765 magna
1877 716 1994 753 domo
2017 731 2083 754 sua
2106 732 2168 755 vas

1150 780 1189 815 in
1208 778 1415 822 honorem,
1439 785 1480 813 ut
1499 776 1545 812 de
1564 785 1598 813 te
1615 790 1771 826 quoque
1791 790 1865 813 nos
1882 777 2095 815 charissimi
2124 780 2175 817 tui

1147 852 1311 889 operum
1343 838 1562 874 testimonio
1585 866 1595 884 ,
1628 837 1733 887 qnod
1770 837 1981 887 plurimum
2017 839 2170 877 deside-

1147 913 1296 944 ramus,
1334 912 1553 935 mereamur
1579 898 1735 944 audire,
1772 899 1965 944 Quoniam
2000 914 2083 952 vas·
2102 904 2178 936 ele-

71 966 216 1005 nuntios
236 963 342 1013 ejus,
374 961 526 1011 quoties
556 963 719 997 Romam
742 958 932 1005 venirent,
960 957 1079 1008 pluri-
1102 965 1128 998 B
1148 965 1281 997 ctmm's
1318 960 1413 995 mihi
1440 969 1492 995 esc
1528 964 1596 995 iste
1620 966 1644 995 ¹.
1674 958 1795 995 Testis
1826 960 1928 996 enim
1966 960 2077 997 nobis
2117 971 2174 999 est

71 1040 169 1066 mum
194 1022 437 1074 acceptabat,
468 1029 506 1058 et
531 1020 693 1071 juvabat
718 1019 939 1057 studiosius.
963 1018 1077 1057 Unde

72 1102 159 1139 rogo
180 1100 248 1124 vos
268 1096 423 1135 quoque
444 1096 514 1133 per
544 1081 678 1119 cadem
703 1080 811 1131 gradi
839 1080 1018 1130 vestigia,
1040 1088 1078 1116 et

72 1148 183 1188 nobili
218 1147 401 1197 episcopo
418 1173 428 1190 ‚
460 1144 498 1180 in
527 1156 664 1193 magna
682 1142 907 1179 necessitate
925 1141 1052 1191 posito
1067 1170 1077 1188 ,

72 1209 178 1248 armis
199 1206 375 1246 Ecclesiae
403 1204 622 1243 subvenire.

71 1357 93 1366 ιι
100 1351 434 1365 «κων-ιιιιικιιιπιικειιικ
440 1350 582 1360 κκικιιιιςκ
588 1349 654 1357 ιιιιι
661 1349 666 1354 -
673 1349 699 1357 ιι
706 1346 1082 1357 νυιὶηιιι-ικιι-ιιιιψιικει-ικ

138 1436 518 1529 ἘΡΙὸΤΟιΑ
565 1455 1008 1527 αοοιΧνΠι.“

255 1624 303 1646 ΑΙ)
332 1623 369 1646 Ο.
402 1620 599 1644 DIACONUM
629 1618 885 1642 CARDINALEM.

1147 1021 1312 1071 Spiritus
1334 1020 1503 1056 veritatis
1519 1049 1528 1066 ,
1550 1033 1620 1070 per
1641 1033 1756 1069 quem
1779 1028 1816 1055 et
1837 1019 2068 1058 diffunditur
2088 1022 2173 1058 cha-

1145 1082 1235 1118 ritas
1255 1081 1326 1118 ista
1348 1081 1385 1117 in
1401 1080 1583 1117 cordibus
1600 1080 1741 1116 nostris
1761 1086 1771 1101 ²
1788 1109 1798 1126 ,
1824 1082 2022 1131 quomodo
2045 1092 2080 1120 te
2102 1099 2172 1121 cu-

1150 1143 1302 1192 piamus
1322 1142 1361 1178 in
1382 1140 1595 1178 visceribus
1621 1144 1711 1177 Jesu
1729 1141 1881 1178 Christi.

1207 1204 1242 1240 2.
1264 1203 1363 1250 Quia
1380 1215 1471 1252 ergo
1493 1202 1720 1238 aemulamur
1747 1210 1782 1238 te
1800 1204 1870 1240 Dei
1896 1206 2142 1245 aemulatione
2159 1239 2168 1255 ,

1153 1277 1231 1300 non
1256 1263 1372 1299 modo
1389 1270 1447 1299 est
1466 1262 1514 1298 ad
1531 1275 1619 1298 eum
1641 1275 1714 1311 pro
1732 1270 1767 1298 te
1785 1262 2005 1312 deprecatio
2026 1277 2170 1317 nostra,

1151 1323 1217 1361 sed
1244 1323 1358 1359 etiam
1383 1322 1430 1359 ad
1453 1330 1489 1358 te
1508 1322 1657 1372 ipsum,
1677 1330 1720 1357 ut
1747 1322 1909 1360 sollicite
1935 1327 2139 1375 provideas
2154 1359 2164 1375 ,

1151 1383 1352 1435 quomodo
1375 1391 1410 1419 te
1425 1390 1605 1433 oporteat
1632 1383 1854 1419 conversari
1873 1384 1912 1420 in
1938 1385 2055 1424 domo
2076 1389 2170 1433 Dei,

1152 1454 1189 1482 et
1209 1445 1247 1481 in
1278 1452 1381 1481 sorte
1405 1442 1605 1479 ministerii
1624 1441 1750 1491 hujus.
1773 1443 1869 1481 Dico
1888 1446 1990 1483 enim
2023 1461 2102 1485 non
2125 1450 2172 1486 de

1152 1504 1480 1558 praesumptione,
1514 1507 1619 1540 Deus
1650 1504 1745 1549 scit,
1775 1505 1842 1541 sed
1879 1505 1925 1543 de
1958 1507 2169 1557 charitate,

1151 1567 1333 1618 quoniam
1361 1565 1551 1616 judicium
1580 1578 1695 1614 grave
1724 1565 1782 1602 his
1810 1567 1877 1616 qui
1898 1571 2121 1625 praesuntf,
2141 1572 2172 1609 si

1154 1642 1233 1665 non
1251 1628 1365 1664 etiam
1391 1626 1576 1677 prodesse
1604 1625 1783 1663 laborant
1812 1642 1819 1664 :
1843 1636 1880 1664 et
1897 1639 2085 1679 econtra,
2105 1634 2171 1683 qui

1153 1689 1254 1726 bene
1275 1688 1572 1733 ministraverit,
1603 1687 1762 1737 gradum
1786 1687 1933 1726 bonum
1952 1693 2126 1741 acquiret
2144 1695 2171 1732 ⁴'.

78 1747 228 1781 Affoelum
248 1747 315 1790 ejus
328 1770 336 1783 s
357 1746 470 1778 lissesis
498 1751 529 1776 ‘³¹
550 1745 642 1776 dODlS
659 1754 842 1787 expressum
856 1770 863 1784 ν
884 1749 989 1786 gratus
1015 1754 1082 1774 am·
1105 1757 1132 1792 C
1153 1753 1209 1787 Tu
1232 1762 1338 1798 ergo,
1357 1747 1599 1784 dilectissime
1615 1755 1652 1784 et
1670 1747 1989 1788 desideratissime
2005 1753 2174 1803 domine,

119 1802 261 1846 plectitur
272 1826 281 1842 ,
297 1807 329 1834 et
341 1801 382 1833 ab
399 1811 507 1832 amore
522 1807 721 1832 terrenorum
735 1810 894 1841 opumque
911 1804 1033 1831 avocat.

80 1926 239 1965 Domino
258 1934 296 1963 et
312 1925 437 1962 amico
454 1924 678 1962 charissimo
697 1926 742 1962 G.
765 1924 834 1961 Dei
859 1923 980 1974 gratia
997 1937 1085 1960 san-

128 1995 194 2025 ctae
226 1990 411 2025 Romanae
444 1985 622 2023 Ecclesiae
663 1984 827 2021 diacono
872 1984 1056 2022 cardinali
1074 2014 1083 2031 ,

129 2049 244 2086 frater
260 2051 485 2085 Bam-munus
502 2045 763 2084 Clarae-Vallis
775 2054 934 2082 vocatus
951 2044 1085 2093 abbas,

131 2109 286 2147 salutem
303 2116 343 2145 et
359 2107 519 2145 devotas
536 2106 743 2144 orationes.

134 2233 166 2271 1.
182 2232 408 2271 Benedictus
430 2240 471 2269 tu
492 2245 513 2269 a
532 2230 723 2276 Domino,
747 2230 814 2280 qui
836 2239 912 2267 tam
936 2231 1093 2281 copiose

85 2293 295 2346 praevenisti
327 2307 399 2331 nos
425 2293 465 2330 in
484 2290 821 2330 benedictionibus
848 2290 1063 2329 dulcedinis
1085 2306 1092 2328 :

87 2363 124 2392 ut
140 2355 170 2392 si
188 2368 262 2405 qua
280 2354 553 2392 misericordiae
572 2354 735 2399 viscera,
756 2353 786 2390 si
806 2352 899 2403 quid
921 2353 1097 2390 affectio-

85 2415 162 2463 nis,
177 2417 207 2454 si
222 2416 312 2467 quid
332 2414 529 2454 charitatis
549 2415 747 2452 invenitur
764 2414 803 2451 in
823 2414 948 2461 nobis,
972 2422 1096 2451 totum

86 2475 153 2514 sibi
172 2477 305 2514 merito
333 2476 505 2514 vindicet
530 2475 689 2513 illustris
718 2475 837 2512 animi
857 2475 911 2512 tui
931 2484 1007 2511 tam
1031 2475 1098 2512 de-

1152 1810 1320 1856 declina,
1343 1807 1520 1854 obsecro,
1541 1808 1660 1858 magis
1675 1822 1718 1845 ac
1737 1810 1856 1859 magis
1873 1824 1893 1847 a
1914 1813 2034 1860 malo,
2059 1824 2096 1851 et
2116 1815 2174 1853 fac

1152 1870 1300 1908 bonum
1335 1886 1342 1907 z
1376 1883 1447 1907 nec
1479 1870 1688 1906 inveniaris
1710 1871 1748 1907 in
1784 1872 1923 1910 Christi
1952 1875 2174 1915 haereditate

1152 1945 1326 1982 quaerens
1354 1944 1439 1980 quae
1460 1939 1524 1967 tua
1543 1939 1648 1978 sunt,
1665 1931 1731 1968 sed
1750 1946 1900 1971 memor
1917 1945 1998 1973 esto
2019 1951 2174 1989 semper

1155 1991 1358 2043 apostolici
1378 1991 1502 2037 illius,
1527 1992 1636 2029 Nihil
1652 1997 1847 2031 intulimus
1875 2002 1914 2033 in
1945 2000 2041 2036 hunc
2070 2017 2175 2040 mml-

1156 2056 1260 2098 (lum,
1280 2053 1389 2088 haud
1404 2051 1555 2088 clabiam
1584 2058 1676 2100 quia
1697 2068 1765 2090 nec
1792 2059 2000 2106 quidquam
2024 2064 2176 2111 austre-

1159 2128 1240 2151 mus
1265 2112 1291 2151 ⁵.
1315 2114 1576 2162 Quamobrem
1605 2128 1687 2151 eam
1706 2144 1715 2161 ,
1741 2130 1827 2166 quae
1847 2118 2074 2161 immortalis
2102 2136 2158 2164 est

1161 2175 1329 2212 animam
1351 2183 1454 2211 tuam
1477 2189 1608 2221 serva,
1629 2176 1870 2226 charissime3
1894 2193 1942 2217 ne
1969 2196 2042 2232 qua
2065 2158 2179 2225 occa}

1162 2236 1269 2272 sione
1287 2235 1401 2271 avelli
1424 2245 1488 2272 aut
1509 2236 1695 2273 eradicari
1723 2247 1839 2287 queat
1859 2240 1906 2277 ab
1929 2243 2069 2282 affectu
2091 2262 2180 2286 eor-

1165 2296 1222 2333 dis
1255 2296 1309 2332 tui
1331 2296 1436 2345 quod
1462 2297 1652 2334 Dominus
1682 2298 1854 2348 loquitur
1882 2302 1918 2339 in
1944 2307 2181 2349 Evangelio:

1170 2359 1277 2404 Quid
1289 2359 1457 2406 prodest,
1477 2358 1614 2407 inquit,
1631 2359 1775 2395 homini
1792 2366 1824 2397 si
1847 2348 2184 2408 universa„small-

1167 2421 1255 2454 clam
1277 2421 1457 2466 lucretur,
1479 2433 1517 2455 se
1539 2429 1665 2455 autem
1694 2425 1815 2469 ipsam
1838 2427 1988 2471 perdat,
2013 2439 2049 2464 (τ
2073 2433 2186 2469 (letri-

1167 2488 1330 2516 mentum
1350 2478 1547 2526 misia-lac
1560 2478 1598 2516 0?
1616 2480 1746 2517 Miseri
1768 2495 1939 2531 prorsus,
1959 2488 2100 2535 miseri,
2122 2494 2185 2540 qui

87 2545 171 2574 vota
196 2538 414 2585 humilitas,
448 2537 682 2587 humilisque
725 2536 894 2573 devotio.
928 2539 1024 2573 Nam
1061 2544 1099 2572 et
1119 2547 1151 2581 D
1167 2540 1206 2576 in
1228 2538 1340 2576 bonis
1367 2539 1513 2577 ducunt
1533 2540 1612 2576 dies
1633 2554 1744 2587 suos,
1769 2551 1808 2578 ut
1833 2543 1870 2579 j„
1892 2556 2037 2595 puncto
2056 2551 2100 2586 ad
2123 2553 2184 2589 jn—

87 2605 191 2635 antea
220 2598 455 2637 exsultabam
491 2598 650 2635 omnino
667 2625 678 2643 ,
715 2605 752 2634 et
773 2594 993 2647 gratulabar
1011 2596 1094 2632 zelo

87 2658 206 2708 bono,
228 2674 341 2711 quem
362 2660 402 2697 in
426 2668 467 2696 te‘
489 2672 571 2697 esse
602 2659 764 2696 fratrum
791 2666 1015 2694 nostrorum
1034 2670 1096 2694 re-

89 2719 223 2758 latione
243 2720 449 2758 didiceram
470 2735 477 2758 :
501 2719 567 2756 scd
585 2717 665 2769 jam
684 2732 731 2755 eo
755 2718 933 2769 amplius,
955 2717 984 2754 si
1003 2717 1096 2768 quid

136 2888 146 2903 ¹
167 2886 239 2916 Act.
260 2896 308 2924 xx,
331 2888 383 2916 15.
405 2902 450 2908 —-—
468 2889 481 2905 ²
499 2887 593 2915 Rom.
614 2896 653 2922 v,
676 2888 705 2915 5.
723 2901 766 2905 -
784 2882 953 2926 3Sap.v1‚
976 2886 1008 2913 6.
1030 2901 1075 2905 -—
1093 2884 1108 2910 4
1130 2887 1143 2915 Ι
1166 2886 1247 2916 Tim.
1275 2897 1338 2924 111,
1371 2889 1420 2916 13.
1446 2905 1479 2907 w

93 2943 106 2966 7
127 2937 186 2970 Job
207 2950 278 2977 xm,
303 2941 415 2970 13.——
440 2937 453 2960 8
468 2938 550 2970 Psal.
565 2949 673 2968 vam
688 2962 695 2975 ,
716 2940 771 2968 18.

1163 2600 1272 2637 ferna
1302 2600 1575 2638 descendant7.
1604 2604 1697 2638 Cum
1719 2602 1819 2639 enim
1846 2604 2083 2657 interierint,
2108 2626 2184 2650 non

1164 2670 1317 2698 sument
1346 2662 1475 2699 omnia
1494 2691 1503 2708 ,
1537 2675 1607 2698 nec
1640 2662 1845 2700 descendet
1867 2679 1952 2703 cum
1981 2669 2034 2706 eis
2064 2673 2183 2721 gloria

1166 2734 1302 2758 eorum
1326 2721 1355 2767 3,
1376 2722 1560 2772 quoniam
1589 2736 1712 2772 vapor
1733 2732 1789 2759 est
1819 2724 1867 2760 ad
1896 2728 2089 2768 modicum
2112 2747 2182 2784 pa—

1512 2883 1591 2917 51d.
1612 2898 1662 2923 vt,
1682 2890 1711 2918 7.
1736 2886 1807 2909 ——5
1828 2890 1943 2922 Matth.
1966 2905 2039 2933 XVI,
2066 2900 2120 2928 26.
2139 2917 2183 2922 —

135 3005 148 3020 ²
162 3004 246 3036 Alias
262 3005 393 3048 epistola
409 3008 475 3037 332
499 3015 506 3035 :
528 3015 597 3046 quie
617 3015 693 3035 vero
711 3010 802 3035 antea
827 3006 891 3034 367
921 3009 1006 3042 erat,
1028 3014 1113 3035 nunc
1135 3006 1213 3036 419.
1235 3006 1357 3048 Scripta
1373 3006 1454 3037 circa
1472 3017 1592 3038 annum
1615 3010 1714 3040 1147.

135 3049 150 3073 b
174 3058 311 3090 Gnidoni
329 3058 486 3090 Moricato
507 3058 546 3089 de
561 3058 642 3090 Vico
656 3083 663 3096 ,
686 3058 799 3089 Pisano
814 3081 821 3094 ‚
848 3057 900 3099 qui
926 3063 995 3099 post
1024 3057 1199 3089 Robertum
1220 3059 1342 3090 Pullum
1370 3060 1574 3092 cancellarius
1596 3061 1651 3092 fuit
1671 3062 1711 3093 ab
1731 3074 1814 3095 anno
1837 3068 1923 3097 1140
1949 3078 1955 3098 :
1974 3079 2009 3099 ex
2035 3072 2115 3102 1101ss
2139 3073 2177 3103 ad

93 3110 249 3153 epistolam
276 3116 356 3146 334.
374 3132 418 3136 --
433 3119 447 3134 ⁴2
467 3113 590 3145 Scilicet
615 3112 820 3155 Stephanum.

136 3164 152 3185 ‘¹
167 3166 253 3198 Alias
269 3167 400 3209 epistola
411 3170 477 3199 335
499 3177 507 3198 :
528 3177 597 3209 quae
618 3177 693 3198 vero
711 3172 803 3197 antea
821 3168 886 3196 368
903 3171 969 3196 erat
983 3190 990 3204 ,
1009 3176 1092 3198 nunc
1109 3168 1187 3198 3120.
1201 3168 1322 3209 Scripta
1336 3168 1416 3199 circa
1433 3179 1551 3200 annum
1577 3173 1586 3200 1
1602 3173 1677 3201 147.

138 3222 152 3239 θ
170 3218 206 3250 Id
219 3226 265 3251 est
277 3219 396 3251 donum
415 3230 468 3251 seu
485 3231 558 3251 vasa
579 3230 665 3252 saera
681 3245 688 3259 ,
717 3231 786 3261 quie
807 3219 913 3251 Guido
938 3220 968 3249 in
991 3220 1197 3252 ministerium
1215 3222 1320 3252 altaris
1341 3222 1660 3255 ‹'larse-Vallem}hus
1682 3225 1912 3264 destinandam
1935 3228 2029 3266 intra,
2052 3231 2181 3264 indubie

95 3281 183 3304 aurea
208 3280 260 3305 aut
290 3281 435 3316 argentea
441 3299 446 3305 .
