2533 3920
385 198 460 234 515

1155 200 1189 234 S.
1222 197 1475 232 BERNARDI
1504 196 1705 231 ABBATIS

2385 197 2459 234 516
2486 178 2487 184 ’

383 278 527 312 dotium
553 276 768 326 appelletur
799 282 823 312 ¹.
854 279 896 312 In
926 276 997 311 alia
1022 286 1177 324 quoque
1199 272 1447 323 scriptura²⁴²
1459 273 1630 310 Alterum
1648 271 1747 321 regi,
1769 271 1929 307 alterum
1949 270 2129 306 convenit
2148 270 2322 308 Ecclesiae
2341 273 2460 312 advo-

384 344 576 385 quotquot
603 344 693 372 sunt
720 334 979 385 praedestinati
1016 333 1063 370 ad
1091 334 1206 369 vitam
1220 360 1230 378 ,
1262 344 1392 368 nonne
1409 339 1441 371 A
1462 341 1559 368 cato.
1582 331 1763 376 Victoria,
1780 331 1875 367 sicut
1892 330 1930 366 in
1949 330 2113 366 Domino
2128 330 2366 380 confidimus,
2383 347 2468 385 prae,
2486 362 2487 374 ἶ

385 408 518 432 001065
544 409 649 445 reges
671 405 708 432 et
725 396 940 432 sacerdotes
967 394 1218 431 nominantur
1239 399 1250 414 ²
1264 394 1277 428 Ρ
1292 396 1393 442 Ergo

385 469 471 505 quae
500 460 602 494 Deus
619 456 841 506 conjunxit,
862 457 978 492 1101110
996 468 1074 491 000
1092 461 1253 504 separet.
1274 452 1394 502 Magis

384 525 510 554 autem
541 517 645 567 quod
675 517 806 554 divina
833 516 956 553 sanxit
982 515 1205 559 auctoritas,
1225 514 1393 549 humana

384 577 534 614 studeat
581 578 791 627 adimplere
832 577 1010 613 voluntas
1031 591 1040 621 3
1077 584 1114 612 et
1151 574 1316 624 jungant
1354 586 1394 610 se

385 638 538 685 animis,
571 639 635 688 qui
669 638 793 687 juncti
819 646 908 674 sunt
936 637 1131 674 institutis.
1158 636 1327 672 Invicem
1355 647 1394 671 se

388 698 565 745 foveant,
586 699 751 735 invicem
773 712 811 734 se
832 698 1059 744 defendant,
1080 697 1244 733 invicem
1276 708 1395 732 onera

381 771 447 794 sua
462 767 629 808 portent.
652 759 713 795 Ait
740 760 898 808 Sapiens
920 773 927 794 :
949 761 1084 793 Frater
1102 758 1285 802 mljzwans
1300 754 1390 803 sm-

382 828 489 863 trem,
512 818 621 854 ambo
640 816 965 853 consalabnmm·³.
984 816 1096 865 Quod
1117 816 1147 852 si
1165 816 1389 852 alterutrum

380 891 418 914 se
449 878 579 928 (quod
609 877 726 927 absit)
757 877 991 914 corroserint
1021 885 1058 912 et
1088 874 1387 919 momorderint,

381 952 510 974 nonne
535 937 649 974 ambo
678 936 985 973 desolabuntur?
1008 939 1094 972 Non
1116 935 1244 971 veniat
1265 934 1390 971 anima

381 1011 464 1034 mea
486 998 523 1033 in
554 996 756 1033 consilium
787 1009 921 1032 eorum
949 995 1016 1044 qui
1045 995 1198 1039 dicunt,
1230 994 1291 1030 vel
1317 994 1390 1030 im-

1461 391 1637 429 manibus
1672 400 1738 428 est.
1783 389 1971 440 Superbia
2004 398 2040 426 et
2084 392 2299 440 arrogantia
2322 396 2468 434 Roma--

1459 466 1598 490 norum
1614 453 1701 502 plus
1718 465 1831 501 quam
1849 451 2032 488 fortitudo
2051 464 2198 488 eorum.
2221 452 2321 500 Quid
2340 455 2461 492 enim?

1459 513 1655 562 Numquid
1681 513 1869 562 quispiam
1904 524 2064 561 magnus
2089 512 2150 548 vel
2170 520 2308 561 potens
2323 542 2333 559 ,
2355 515 2461 554 verbi

1460 574 1597 622 gratia,
1618 574 1846 622 imperator,
1869 579 1934 608 aut
1963 585 2051 616 rex,
2075 571 2214 608 foedam
2242 585 2323 609 rem
2353 574 2460 613 istam
2486 606 2487 610 ,

1459 634 1498 670 10
1517 634 1720 684 imperium
1737 632 1880 683 pariter
1899 631 2231 681 sacerdotiumque
2246 634 2462 681 praesumit?

1460 693 1532 731 Sed
1564 693 1730 743 populus
1769 692 1830 728 1116
1861 690 2086 728 maledictus
2115 699 2153 727 et
2183 691 2458 740 tumultuosus,

1460 755 1524 804 qui
1557 767 1644 790 suas
1676 753 1796 789 nescit
1825 752 1949 788 metiri
1979 752 2098 797 vires,
2130 751 2296 801 cogitare
2328 752 2461 801 finem,

1459 814 1701 851 considerare
1729 821 1984 863 proventum3
2013 813 2052 849 in
2084 811 2302 862 insipientia
2335 826 2402 851 sua
2426 823 2462 853 et

1458 874 1495 910 10
1516 875 1644 911 furore
1663 888 1733 911 suo
1759 886 1873 910 ausus
1893 881 1949 910 est
1968 872 2041 909 hoc
2063 872 2207 922 grande
2227 872 2460 923 sacrilegium
2486 865 2489 899 Ᾰ

1457 943 1655 970 attentare.
1697 933 1806 971 Absit
1838 942 1882 969 ut
1913 933 1974 969 vel
2010 932 2058 969 ad
2096 940 2335 969 momentum
2367 941 2462 973 stare

1457 994 1577 1043 possit
1590 1002 1678 1030 ante
1698 994 1831 1029 faciem
1848 993 1962 1042 Regis
1977 993 2176 1043 popularis
2193 1005 2342 1039 manus,
2361 995 2462 1045 vulgi
2485 1038 2488 1046 ι

378 1059 486 1108 perio
526 1070 658 1107 pacem
700 1064 737 1092 et
769 1055 984 1093 libertatem
1020 1055 1297 1100 Ecclesiarum,
1328 1054 1388 1090 vel
1410 1051 1437 1085 Β
1456 1054 1660 1090 temeritas.
1689 1057 1827 1091 Factus
1852 1066 1935 1090 sum
1953 1053 2157 1102 insipiens»,
2187 1052 2254 1102 qui
2281 1066 2366 1090 cum
2394 1055 2459 1094 sim

376 1118 553 1155 Ecclesiis
574 1116 869 1167 prosperitatem
892 1124 930 1152 et
950 1116 1220 1152 exaltationem
1237 1114 1390 1164 imperii

376 1177 601 1214 nocituram.
620 1180 705 1214 Non
731 1176 832 1212 enim
853 1176 1053 1225 utriusque
1072 1175 1270 1212 institutor
1285 1178 1389 1212 Deus

375 1239 414 1274 in
436 1237 736 1274 destructionem
758 1250 802 1274 ea
820 1236 1049 1283 connexuit,
1070 1235 1137 1273 sed
1158 1235 1197 1271 in
1228 1234 1389 1271 aedifica-

378 1299 535 1335 tionem.

431 1359 466 1396 2.
495 1358 531 1396 Si
557 1358 632 1394 hoc
662 1357 782 1404 scitis,
813 1369 1015 1406 quousque
1042 1368 1111 1393 vos
1143 1367 1388 1392 communem

375 1419 659 1463 contumeliam,
675 1430 918 1455 communem
933 1416 1177 1453 dissimulatis
1190 1414 1391 1463 injuriam?

375 1485 511 1518 Nonne
525 1488 568 1517 ut
588 1479 796 1529 apostolica
816 1478 950 1525 Sedes,
971 1478 1023 1514 ita
1043 1485 1080 1514 et
1101 1484 1216 1526 caput
1235 1476 1385 1526 imperii

374 1545 497 1579 Roma
523 1541 600 1577 est?
631 1543 683 1577 Ut
710 1552 801 1587 ergo
823 1538 869 1575 de
899 1538 1064 1575 Ecclesia
1094 1545 1262 1581 taceam,
1294 1548 1385 1571 num

374 1601 500 1637 honor
534 1600 627 1649 Regi
663 1608 719 1636 est
751 1608 928 1635 truncum
959 1598 999 1634 in
1041 1596 1216 1634 manibus
1257 1604 1386 1632 tenere

373 1662 576 1711 imperium
593 1662 608 1696 ?
627 1664 674 1697 Et
694 1659 849 1709 quidem
870 1659 1006 1708 ignoro
1028 1657 1120 1707 quid
1141 1656 1252 1693 vobis
1272 1669 1388 1706 super

374 1722 447 1758 hoc
487 1721 689 1758 consulant
731 1720 921 1770 sapientes
962 1718 1078 1755 vestri
1118 1725 1155 1753 et
1194 1717 1388 1767 principes

375 1782 482 1831 regni
515 1797 523 1818 :
555 1781 621 1818 sed
650 1794 740 1830 eg0‚
772 1781 810 1817 in
836 1779 1056 1829 insipientia
1086 1791 1168 1814 mea
1197 1778 1385 1826 loquens,

374 1841 480 1891 quod
497 1841 620 1878 sentio
640 1853 717 1876 non
740 1839 885 1876 tacebO.
911 1838 1079 1876 Ecclesia
1094 1837 1163 1874 Dei
1184 1835 1230 1872 ab
1249 1845 1386 1872 exortu
1407 1840 1435 1874 C

372 1903 429 1938 sui
470 1915 590 1951 usque
623 1900 669 1937 ad
704 1900 784 1936 haec
824 1908 996 1949 tempora
1032 1898 1174 1948 pluries
1204 1896 1384 1933 tribulata

373 1971 442 2008 est,
464 1971 501 1998 et
523 1962 666 2011 pluries
686 1960 844 1997 liberata
866 1968 932 1996 est.
951 1959 1128 2008 Denique
1144 1957 1272 1994 audite
1288 1956 1382 2006 quid

374 2023 456 2072 ipsa
478 2022 524 2058 (16
545 2034 583 2058 56
601 2021 779 2070 loquatur
795 2020 832 2056 in
853 2020 1014 2056 Psalmo.
1035 2019 1159 2069 Ipsius
1183 2017 1284 2054 enim
1305 2030 1382 2054 vox

373 2092 428 2120 est
453 2099 460 2120 :
483 2085 592 2130 Saepe
614 2088 924 2129 expugnaverunt
949 2093 1006 2114 me
1028 2093 1051 2114 (l
1067 2084 1257 2125 juventute
1274 2091 1380 2121 mea;

371 2145 504 2179 etenim
529 2155 602 2178 non
617 2150 822 2188 potuerunt
835 2141 937 2175 milti.
953 2140 1075 2187 Sapra
1094 2141 1240 2174 dorsum
1261 2152 1381 2174 meum

361 2202 645 2249 fabricaverunt
660 2210 897 2249 peccatores,
910 2202 1228 2247 prolongaverunt
1244 2202 1385 2246 iniqui-

371 2274 601 2300 tatemstmm
619 2262 646 2298 4.
666 2266 799 2299 Certus
820 2269 920 2306 esto,
942 2274 965 2295 o
985 2264 1067 2296 Rex
1080 2288 1089 2305 ,
1114 2259 1297 2309 quoniam
1313 2271 1383 2295 nec

369 2337 471 2360 nunc
494 2335 648 2372 quoque
681 2321 871 2370 relinquet
902 2320 1092 2357 Dominus
1118 2319 1263 2369 virgam
1292 2331 1379 2368 pec-

370 2393 543 2421 catorum
572 2396 687 2432 super
711 2390 851 2418 sortem
876 2381 1081 2430 justorum.
1111 2384 1197 2418 Non
1221 2388 1278 2417 est
1308 2379 1379 2416 ab·

369 2445 539 2482 breviata
555 2456 688 2479 manus
708 2442 885 2487 Domini,
908 2455 978 2478 nec
999 2442 1097 2478 facta
1116 2441 1310 2490 impotens
1332 2439 1381 2476 ad

369 2504 606 2542 salvandum.
635 2502 829 2540 Liberabit
857 2511 895 2539 et
930 2503 1002 2539 hoc
1035 2511 1208 2551 tempore
1234 2500 1379 2550 absque

371 2566 488 2603 dubio
518 2577 696 2615 sponsam
725 2577 854 2609 suam,
880 2564 944 2613 qui
967 2576 1036 2599 suo
1067 2562 1250 2611 sanguine
1273 2560 1380 2598 rede-

1453 1113 1562 1160 vilis,
1592 1112 1848 1163 ignobilisque
1882 1126 2073 1163 persona,
2111 1121 2292 1163 tanquam
2330 1115 2462 1166 aliquis
2486 1156 2488 1165 ‚

1455 1187 1635 1224 magnus,
1658 1174 1825 1211 consiliis
1846 1182 1960 1210 tantae
1981 1173 2255 1223 magnitudinis
2275 1182 2462 1227 tantaeque
2486 1172 2487 1199 1

1453 1235 1649 1285 sapientiae
1670 1247 1731 1271 me
1752 1234 1913 1284 ingessi,
1943 1242 1982 1271 et
2007 1234 2055 1270 de
2077 1247 2118 1270 re
2138 1247 2288 1283 magna.
2310 1239 2360 1272 At
2386 1249 2460 1286 quo

1452 1295 1660 1345 ignobilior
1689 1304 1803 1345 atque
1831 1294 2031 1344 abjectior,
2054 1302 2162 1331 tanto
2198 1293 2357 1331 liberior
2381 1310 2460 1335 sum

1456 1356 1503 1393 ad
1520 1355 1756 1405 loquendum
1784 1355 1889 1405 quod
1904 1355 2066 1392 charitas
2091 1354 2268 1404 suggerit.
2289 1355 2400 1393 Unde
2425 1366 2462 1395 et

1456 1416 1580 1453 adhuc
1603 1416 1704 1453 addo
1728 1416 1767 1453 in
1787 1415 1919 1453 eadem
1940 1416 2160 1465 insipientia
2183 1428 2267 1452 mea
2290 1431 2298 1452 :
2324 1417 2361 1453 Si
2380 1419 2461 1468 quis

1456 1477 1579 1524 aliud,
1599 1491 1713 1527 quam
1739 1477 1889 1514 locutus
1913 1490 1996 1513 sum
2015 1475 2129 1513 vobis
2148 1476 2275 1527 (quod
2289 1490 2367 1513 non
2387 1492 2462 1516 cre·

1454 1537 1605 1588 dimus)
1623 1537 1782 1574 suadere
1811 1536 2028 1582 conabitur,
2048 1537 2080 1573 is
2098 1537 2273 1586 profecto
2296 1545 2361 1574 aut
2386 1551 2461 1576 non

1453 1598 1575 1647 diligit
1590 1602 1747 1647 Regem,
1771 1606 1835 1634 aut
1848 1610 1987 1647 parum
2007 1596 2196 1646 intelligit,
2213 1597 2307 1646 quid
2322 1599 2460 1648 regiam
2484 1606 2487 1609 '

1454 1658 1586 1695 deceat
1618 1657 1854 1707 majestatem
1884 1672 1891 1694 :

1454 1718 1611 1768 qufcrit,
1644 1726 1681 1754 61
1705 1731 1783 1754 000
1804 1717 1915 1754 valde
1935 1730 2021 1767 quae
2042 1717 2103 1753 vel
2131 1717 2223 1763 Dei,
2251 1717 2312 1754 vel
2347 1719 2458 1767 Regis
2484 1757 2491 1766 ,A

1455 1788 1554 1825 sunt,
1577 1792 1710 1815 curare
1727 1779 1983 1815 convincitur.
2488 1774 2489 1778 ¹

1578 1926 1601 1934 x-
1608 1925 1792 1934 =w=m==v=--=‚s
1798 1924 2026 1933 nsnn-ssws-.wn.sm
2032 1924 2460 1936 ==n==v=v=uu==numff=2-3..q

1588 2054 1969 2112 EPISTOLA
2034 2050 2338 2111 CCXLV.³

1449 2215 1495 2237 An
1511 2214 1691 2238 0011100111
1713 2215 1829 2238 pamm
1849 2213 2047 2237 Euonmum
2061 2229 2070 2247 ,
2091 2214 2163 2237 PRO
2189 2214 2456 2240 murmannus!
2482 2223 2492 2239 ·.

1844 2274 2023 2298 1111156010
2041 2261 2070 2298 *.

1447 2384 1571 2417 Gaudet
1589 2384 1631 2416 ob
1658 2384 1758 2416 zelum
1779 2383 1938 2416 pontificis
1967 2383 2001 2415 in
2026 2394 2119 2416 causa
2144 2385 2379 2418 Aurelianensis
2398 2386 2460 2431 epi-

1849 2448 1955 2480 scopi.
1995 2444 2054 2470 etc.

1498 2563 1576 2606 Ita,
1605 2572 1758 2608 quaeso,
1779 2559 1831 2596 ita
1852 2559 1973 2596 facite.
2006 2562 2165 2610 Semper
2195 2560 2456 2599 consideretur
2481 2579 2484 2586 ·

371 2628 438 2663 mit
467 2639 548 2662 eam
564 2654 573 2671 ,
601 2638 670 2662 5110
702 2624 840 2674 spiritu
875 2624 1043 2668 dotavit,
1074 2623 1186 2659 donis
1211 2622 1379 2658 coelesti-
1397 2618 1429 2651 D
1446 2632 1523 2656 non
1543 2634 1563 2656 a
1579 2633 1677 2669 qu0‚
1699 2619 1765 2656 sed
1791 2618 1884 2669 quid
1906 2627 2071 2669 petatur.
2096 2622 2171 2656 Pro
2195 2619 2457 2658 Aurelianensi
2481 2615 2488 2651 ἶ

372 2686 441 2722 11115
457 2686 655 2722 exornavit
675 2713 683 2730 ,
711 2684 845 2720 ditavit
873 2683 1121 2719 nibilominus
1147 2690 1185 2718 et
1204 2682 1376 2719 terrenis.

370 2745 588 2791 Liberabit,
606 2745 764 2793 inquam
782 2772 791 2788 ,
817 2743 995 2780 liberabit
1023 2758 1030 2779 :
1058 2742 1124 2779 sed
1150 2742 1180 2779 si
1199 2742 1238 2778 in
1264 2755 1379 2779 11131111

370 2806 546 2851 alterius;
577 2804 745 2840 viderint
774 2804 878 2852 regni
904 2803 1113 2853 principes,
1138 2801 1228 2838 idne
1252 2801 1380 2838 honor

370 2866 496 2914 Regis,
509 2864 663 2913 regnive
684 2864 823 2900 utilitas
843 2864 902 2900 sit.
918 2867 1004 2900 Non
1026 2871 1081 2899 est
1098 2862 1241 2911 utique.

426 2926 460 2961 3.
493 2922 751 2972 Quamobrem
781 2923 978 2972 accingere
1010 2922 1136 2972 gladio
1169 2930 1234 2958 tuo
1263 2935 1379 2972 super

374 2986 496 3022 femur
537 2993 668 3029 tuum,
705 2983 987 3033 potentissime,
1020 2992 1058 3019 et
1098 2983 1272 3020 restituat
1306 2982 1379 3020 sibi

372 3048 496 3083 Caesar
515 3057 599 3094 quae
615 3043 770 3081 Caesaris
788 3052 899 3089 sunt,
924 3052 961 3080 et
977 3057 1062 3093 quae
1083 3051 1172 3080 sunt
1192 3043 1261 3080 Dei
1280 3047 1376 3080 Deo.

369 3109 587 3154 Utrumque
620 3104 801 3140 interesse
830 3104 985 3140 Caesaris
1022 3111 1191 3149 constat,
1224 3112 1261 3140 et
1287 3117 1380 3153 pro—

371 3165 495 3215 priam
527 3164 625 3200 tueri
648 3176 853 3211 coronam,
875 3172 914 3200 et
940 3164 1145 3201 Ecclesiam
1168 3162 1379 3200 defensare.

1446 2680 1628 2730 episcopo
1645 2693 1723 2716 non
1743 2688 1798 2716 est
1817 2679 2018 2716 exauditus
2035 2682 2139 2726 Rex,
2157 2680 2314 2717 minime
2332 2688 2454 2718 tamen

1446 2740 1633 2786 offensus,
1654 2740 1743 2790 quia
1763 2753 1830 2776 cor
1849 2738 1932 2788 ejus
1959 2739 2000 2775 in
2028 2752 2144 2776 manu
2166 2739 2237 2777 Dei
2258 2748 2327 2777 est.
2345 2737 2456 2788 Quod
2482 2771 2483 2774 ,

1445 2800 1514 2837 6151
1548 2800 1784 2849 contigisset,
1819 2799 2083 2837 sustinendum
2117 2800 2260 2845 fuerat,
2284 2812 2332 2837 ne
2354 2803 2455 2837 Deus

1445 2861 1707 2898 offenderetur
1732 2876 1739 2898 ε
1764 2862 1829 2911 qui
1851 2862 1984 2910 utique
2005 2874 2053 2898 ex
2082 2861 2156 2898 1106
2176 2861 2294 2911 magis
2321 2859 2453 2911 propi-

1446 2920 1619 2967 tiabitur,
1636 2930 1673 2958 et
1694 2921 1804 2958 citius
1820 2921 2008 2971 respirare
2027 2920 2139 2957 faciet
2166 2933 2188 2957 a
2212 2919 2454 2957 tribulatione
2480 2947 2482 2956 .

1445 2982 1634 3018 malorum
1656 2989 1693 3018 et
1713 2981 1847 3018 dolore
1862 3010 1873 3028 ,
1900 2981 1931 3017 si
1951 2978 2100 3029 justitia
2123 2988 2311 3027 teneatur,
2327 2980 2356 3017 si
2377 2991 2452 3017 non
2480 3003 2482 3005 >

1446 3041 1686 3091 relinquatur
1704 3041 1857 3078 veritas.
1882 3044 1972 3078 Haec
1993 3048 2031 3077 et
2051 3039 2109 3077 bis
2130 3040 2285 3086 similia,
2308 3053 2392 3090 quae
2407 3038 2453 3076 de

1447 3101 1556 3139 vobis
1583 3116 1653 3152 per
1684 3101 1818 3139 orbem
1854 3100 1996 3138 celebri
2025 3101 2066 3137 in
2104 3100 2184 3138 dies
2214 3099 2452 3150 jucunditate

1448 3163 1716 3211 crebrescunt,
1746 3171 1889 3213 quanta
1917 3176 1985 3200 cor
2016 3175 2145 3199 meum
2177 3161 2361 3200 suavitate
2390 3171 2451 3197 re-

421 3295 461 3323 ¹1
481 3294 564 3322 Petr.
581 3301 630 3328 11,
652 3292 685 3321 9.
709 3308 752 3313 -—
770 3295 782 3312 ²
801 3293 903 3332 Apoc.
922 3302 932 3320 1
947 3315 954 3328 ,
973 3295 990 3321 f·
1005 3315 1012 3327 ‚
1029 3297 1056 3321 et
1075 3301 1106 3324 v.
1127 3294 1179 3321 10.
1202 3309 1243 3312 »-
1260 3288 1274 3311 3
1293 3293 1385 3321 Prov.
1407 3302 1512 3327 xviii,
1538 3295 1589 3322 19.
1613 3309 1657 3314 ψ-
1680 3290 1694 3318 4
1711 3290 1794 3323 Ρ531.
1809 3301 1958 3328 cxxvm,
1981 3293 1999 3321 2
2014 3314 2022 3328 ,
2040 3292 2073 3320 3.

417 3357 430 3371 ³
447 3350 567 3392 Scripta
581 3360 664 3380 auno
680 3349 794 3381 Clu-isti
816 3354 822 3380 Ι
838 3353 846 3379 1
862 3353 912 3380 111.

1922 1666 1988 1694 301
2023 1665 2124 1694 66116
2153 1670 2239 1707 quae
2269 1671 2337 1695 sua
2376 1668 2509 1697 511011
