2517 3920
381 132 449 169 771

1150 131 1186 165 S.
1224 130 1478 164 BERNARDI
1508 130 1712 165 ABBATIS

2477 0 2480 39 l

2477 43 2480 120 l

2391 136 2459 177 772

374 221 462 249 sunt
488 212 622 249 litterae
648 212 728 249 istae
750 209 896 247 domini
917 212 1051 258 Papae,
1076 220 1239 258 quarum
1262 206 1450 243 exem-⁵⁷⁷·
1462 207 1564 243 euim
1597 220 1678 244 sum
1711 205 1966 256 ignobilisque
1995 219 2180 256 persona,
2211 209 2326 260 longo
2348 213 2480 258 terra-j

374 272 460 322 plar
489 271 723 309 universitati
747 279 883 308 vestrae
906 268 1208 306 transmittimus.
1231 267 1393 305 Emolli-
1410 269 1442 301 A
1460 280 1545 303 rum
1563 267 1686 317 spatio
1710 275 1748 303 et
1762 266 1965 303 vastissimi
1989 267 2104 303 maris
2123 267 2325 318 interjectu
2343 286 2459 314 remo-
2478 295 2481 321 ,

377 334 434 370 vit
451 343 577 370 autem
596 333 712 370 corda
726 346 860 370 eorum
879 330 1042 382 Spiritus
1062 338 1214 366 sanctus
1235 343 1242 365 :
1261 337 1299 365 et
1316 336 1393 365 sta-

379 395 444 431 tim
465 398 546 432 ch
569 408 654 432 cum
676 394 797 431 multa
822 391 1066 430 multitudine
1086 390 1306 441 principum
1325 418 1333 435 ,
1357 396 1396 425 et

380 454 652 492 innumerabili
680 454 848 505 populo,
878 453 986 502 signo
1012 450 1136 488 crucis
1165 449 1305 488 Christi
1338 462 1396 486 ar-

381 524 504 552 matus
534 525 602 552 est.
635 514 874 553 Diffunditur
901 521 1028 550 autem
1068 510 1288 548 benedictio
1323 510 1395 546 ista

381 590 451 626 per
468 576 685 613 universam
705 584 846 612 terram
862 603 870 619 ‚
893 582 930 611 et
951 572 1124 610 certatim
1141 572 1297 608 evolant
1317 583 1397 606 om—

381 650 450 674 nes
468 637 512 673 ad
532 635 816 686 suscipiendum
835 635 984 684 signum
1003 632 1132 670 salutis
1149 632 1187 668 in
1206 629 1396 667 frontibus

383 706 419 734 et
438 698 473 734 in
495 697 664 734 humeris
681 696 770 734 suis.
787 699 835 733 Et
858 696 948 745 quia
964 703 1064 731 terra
1084 702 1211 730 vestra
1235 690 1397 729 fecunda

382 766 437 794 est
458 759 630 794 virorum
662 756 837 802 fortium,
866 764 901 792 et
926 754 1080 791 militari
1103 752 1307 802 juventute
1337 764 1397 788 re—

385 819 501 864 serta;
525 818 635 855 <lecet
657 830 725 853 vos
758 817 858 853 inter
881 815 1050 866 primos,
1078 823 1116 851 et
1145 827 1232 850 cum
1265 812 1398 863 primis

383 878 429 914 ad
471 887 544 914 tam
582 885 751 914 sanctum
789 889 887 926 opus
924 874 1124 919 accedere,
1159 882 1197 910 et
1231 880 1398 909 armatos

382 939 588 976 ascendere
607 938 653 975 ad
680 937 923 975 serviendum
942 939 1026 973 Deo
1051 935 1207 972 viventi.
1236 933 1303 970 Eia
1329 933 1398 983 igi·-

1462 336 1522 364 tus
1542 341 1561 364 a
1584 327 1787 378 praesentia
1804 335 1940 364 vestrae
1968 326 2232 366 Sublimitatis.
2253 332 2351 378 Quid
2378 348 2460 388 ffl'go
2478 325 2481 365 ἱ

1462 396 1577 425 tantae
1598 387 1825 425 sublimitati
1852 401 1939 424 cum
1962 396 2065 424 tanta
2093 387 2323 439 humilitate,
2342 394 2372 431 si
2390 409 2459 436 non
2478 417 2480 429 A

1463 449 1570 486 daret
1597 449 1689 486 mihi
1713 447 1891 485 fiduciam
1911 447 2105 484 humilitas
2133 448 2289 497 Christi,
2308 451 2348 489 in
2371 468 2460 506 qua,
2479 445 2480 449 Ἰ

1462 519 1499 547 et
1522 510 1569 547 de
1587 524 1662 560 qua
1678 522 1786 559 reges
1804 517 1915 545 terrae
1941 517 1977 545 et
1998 521 2132 545 omnes
2149 510 2306 559 populi,
2327 516 2462 563 princi-

1463 584 1531 622 pes
1551 579 1587 608 et
1607 570 1756 620 judices
1785 569 2024 619 gloriantur?
2042 568 2102 606 Ad
2129 581 2200 605 nos
2225 570 2324 608 enim
2350 586 2481 627 usque4

1463 632 1641 682 pervenit
1662 631 1944 681 magnificentia
1961 638 1998 667 et
2017 630 2137 680 gloria
2158 631 2322 669 nominis
2337 637 2461 688 vestri,

1464 706 1549 743 quae
1580 693 1693 742 longe
1721 693 1873 742 lateque
1902 691 2057 728 dilatata
2091 699 2148 727 est
2173 704 2289 742 super
2319 701 2481 737 terram.'

1466 753 1590 803 Hujus
1607 754 1660 790 rei
1677 754 1796 803 gratia
1810 752 1921 790 flecto
1937 765 2061 802 genua
2077 765 2161 788 mea
2177 752 2224 789 ad
2240 756 2384 793 Patrem
2397 759 2464 810 spi-

1464 815 1632 860 rituum,
1650 828 1697 851 ex
1723 827 1800 864 quo
1822 814 1946 851 omnis
1971 813 2181 864 paternitas
2200 814 2240 850 in
2262 815 2355 853 coelo
2379 819 2462 858 etin
2480 855 2482 860 ,

1467 884 1567 912 terra
1597 875 1839 921 nominatur,
1862 883 1903 911 ut
1935 873 1981 911 de
2009 887 2127 924 regno
2151 874 2218 911 illo
2246 874 2294 912 ad
2315 862 2482 927 regnum,t

1466 936 1567 973 illius
1586 935 1891 981 transferamini,
1910 934 2196 986 cujusregnum
2210 964 2220 981 ,
2240 949 2396 986 regnum
2413 949 2463 978 est

380 1009 460 1046 tur,
484 999 677 1037 fortissimi
697 998 834 1035 milites
848 1028 857 1044 ,
879 995 1143 1046 accingimini,
1173 1003 1211 1031 et
1231 994 1297 1044 qui
1318 1006 1397 1030 non
1419 996 1446 1029 B
1464 996 1636 1033 omnium
1659 995 1901 1032 saeculorum.

378 1061 490 1098 habet
521 1061 713 1109 gladium,
731 1069 832 1097 emat
857 1072 958 1096 eum.
983 1059 1108 1096 Nolite
1135 1057 1311 1094 deserere
1332 1069 1393 1093 so-

378 1122 457 1159 lum
487 1126 629 1171 Regem
654 1130 843 1167 vestrum,
865 1124 1007 1169 Regem
1040 1123 1296 1163 Francorum,
1316 1117 1394 1154 imo

380 1185 522 1232 Regem
552 1182 757 1228 coelorum,
779 1195 851 1232 pro
873 1194 949 1231 quo
970 1181 1052 1231 ipse
1083 1187 1230 1216 tantum
1258 1178 1329 1215 viee
1358 1186 1395 1214 et

379 1242 522 1280 laboris
555 1242 724 1293 suscipit.
740 1242 853 1280 Venit
871 1241 919 1278 ad
938 1254 1008 1278 vos
1036 1241 1153 1277 homo
1180 1239 1250 1277 Dei
1272 1238 1397 1276 domi-

379 1316 452 1341 nus
480 1302 745 1349 Carnotensis,
767 1302 833 1353 qui
861 1302 1013 1353 plenius
1045 1314 1114 1338 vos
1145 1300 1281 1337 doceat
1311 1313 1397 1350 quae

380 1365 480 1402 dicta
505 1373 542 1401 ct
558 1365 654 1401 facta
671 1372 780 1410 sunt,
799 1372 837 1400 ct
864 1362 1039 1400 ostendat
1060 1362 1308 1412 largissimam
1328 1374 1397 1398 ve-

378 1425 506 1469 niam,
535 1438 619 1474 quae
645 1425 684 1461 in
706 1424 841 1461 litteris
866 1423 1013 1460 domini
1033 1426 1167 1474 Papae,
1195 1435 1311 1472 super
1331 1434 1397 1457 eos

379 1486 446 1537 qui
477 1499 609 1522 cruces
641 1493 914 1536 susceperunt,
936 1484 1166 1521 continetur.
1201 1487 1276 1521 Pro
1305 1483 1392 1529 illo,

381 1548 448 1597 qui
466 1560 538 1597 pro
558 1545 670 1583 vobis
688 1546 785 1583 mori
812 1546 989 1595 dignatus
1009 1553 1082 1591 est,
1101 1543 1294 1582 defendite
1311 1544 1395 1581 loca

380 1608 514 1645 mortis
537 1606 620 1657 ejus
642 1616 680 1644 et
706 1606 982 1658 redemptionis
1004 1614 1144 1643 nostrae
1158 1635 1168 1652 ,
1186 1604 1395 1655 nequando

380 1669 510 1706 dicant
526 1676 680 1718 gente5‚
698 1667 775 1707 [bi
792 1677 848 1706 est
865 1672 967 1705 Deus
991 1668 1149 1704 eorum?
1174 1675 1216 1703 ut
1240 1679 1310 1703 vos
1341 1666 1396 1702 fa—

378 1730 453 1768 ciat
479 1729 707 1766 victoriosos
736 1729 776 1766 in
812 1729 941 1775 terris,
967 1728 1007 1764 in
1044 1728 1148 1765 coelis
1181 1727 1392 1777 gloriosos,

1515 1058 1549 1095 2.
1579 1057 1702 1094 Nullis
1732 1057 1847 1106 igitur
1873 1056 1966 1094 meis
1995 1056 2140 1094 meritis
2168 1056 2483 1107 praecedentibus'

1462 1118 1586 1155 audeo
1608 1118 1757 1154 mittere
1787 1117 1834 1154 ad
1862 1118 2044 1154 thronum
2071 1118 2201 1168 gloriae
2218 1126 2352 1156 vestrae
2377 1133 2482 1171 prin-5

1463 1179 1628 1216 sentium
1650 1179 1809 1216 latorem
1828 1178 1863 1225 *,
1877 1177 2062 1228 juvenem
2084 1192 2230 1229 magnae
2247 1179 2462 1231 nobilitatis,
2480 1183 2481 1187 ’

1465 1247 1506 1276 ut
1533 1252 1621 1276 eum
1659 1239 1906 1276 sacramentis
1935 1238 2165 1277 militaribus
2195 1240 2407 1291 applicetis,
2430 1251 2463 1280 et

1464 1300 1668 1350 accingatis
1683 1300 1716 1337 ei
1733 1313 1863 1337 ensem
1881 1309 2016 1338 contra
2030 1301 2209 1338 inimicos
2230 1302 2350 1339 crucis
2371 1302 2463 1341 Chri-

1465 1362 1532 1407 sti,
1567 1362 1634 1412 qui
1670 1361 1853 1398 adversus
1896 1375 1984 1398 eum
2017 1362 2240 1399 extulerunt
2271 1371 2394 1413 caput.
2423 1365 2464 1402 Et
2480 1389 2481 1394 =

1459 1422 1594 1472 juveni
1613 1421 1769 1473 quidem
1788 1421 2010 1459 sublimium
2035 1421 2191 1473 patebat
2211 1422 2334 1461 aditus
2349 1423 2464 1462 curia-

1465 1498 1549 1521 rum
1570 1500 1577 1521 :
1596 1484 1661 1521 sed
1681 1484 1807 1521 altiori
1828 1484 1988 1521 consilio
2006 1483 2193 1521 mittimus
2212 1483 2260 1521 ad
2280 1484 2378 1522 illius
2396 1484 2463 1523 im-

1463 1545 1560 1597 perii
1580 1545 1697 1582 vestri
1724 1545 1884 1595 gloriam
1913 1545 2167 1596 singularem,
2196 1553 2237 1583 ut
2261 1558 2405 1583 memor
2422 1545 2465 1584 sit

1462 1605 1641 1644 omnibus
1663 1605 1798 1643 diebus
1814 1606 1902 1643 vitae
1919 1619 2017 1653 suae,
2035 1619 2057 1644 a
2076 1620 2154 1657 quo
2178 1606 2351 1644 militaris
2366 1606 2464 1645 disci·
2479 1599 2482 1604 ¹

1461 1668 1576 1719 plinae
1597 1667 1820 1717 dignitatem
1839 1667 2062 1718 susceperit.
2085 1670 2333 1717 Nequaquam
2351 1675 2463 1705 autem
2479 1662 2483 1707 ἒ

1461 1729 1528 1766 has
1544 1729 1697 1766 ivissem
1718 1729 1758 1765 in
1778 1742 1911 1779 preces
1924 1758 1933 1776 ,
1949 1729 2021 1766 nisi
2037 1728 2210 1767 Christus
2226 1736 2324 1766 esset
2335 1728 2373 1766 in
2389 1742 2464 1767 cau-
2479 1750 2488 1775 ⁴:

379 1804 543 1841 sponsus
564 1790 761 1835 Ecclesiae,
785 1790 883 1827 filius
905 1788 1054 1835 Mariae,
1077 1788 1268 1826 Dominus
1290 1792 1394 1825 Deus
1414 1793 1522 1842 C-sa‚
1544 1804 1617 1842 pro
1639 1804 1717 1840 quo
1752 1798 1899 1827 tantum
1918 1790 1989 1827 viae
2008 1789 2153 1840 pariter
2180 1797 2218 1827 et
2248 1788 2389 1827 laboris
2410 1785 2486 1830 as-s‘

379 1860 521 1889 IlOSst'l‘.

384 1988 1325 2002 ==xxx=xx==n==xxxxxxn==x===1====s=xxxxxnxzxxxxsxx========x=x=sb===v
1326 1990 1394 2000 =====

494 2120 871 2177 EPISTOLA
934 2119 1204 2176 CDLXII
1232 2116 1266 2193 ‚³

378 2277 546 2300 EJL'SDEM
571 2277 618 2298 AD
639 2277 851 2299 MANUELEM
869 2276 1087 2299 COMNENUM
1109 2275 1396 2300 CONSTANTINO—

433 2338 650 2360 POLiTANUM
672 2336 968 2369 IMPERATOREM,
997 2337 1038 2358 IX
1063 2338 1231 2360 PERSONA
1253 2338 1395 2361 DOMINI

434 2396 804 2420 CLARAE-VALLENSIS.

428 2514 470 2546 U
485 2514 584 2546 filium
598 2514 720 2546 comitis
734 2513 912 2546 Theobaldi
926 2512 1020 2545 faciat
1035 2524 1154 2545 novum
1170 2514 1301 2546 militem
1320 2508 1348 2546 ¹¹.

381 2636 542 2675 Sublimi
569 2647 606 2674 et
633 2637 801 2687 glorioso
832 2640 1043 2683 MANUELI,
1068 2637 1396 2687 Constantinopo—

434 2700 554 2736 litano
589 2698 830 2749 imperatori,
856 2699 972 2735 frater
999 2701 1231 2735 BERNARDUS
1265 2699 1399 2736 Clarae-

434 2760 619 2797 Vallensis
656 2768 816 2796 vocatus
859 2757 1000 2805 abbas,
1031 2759 1192 2795 salutem
1235 2767 1271 2795 et
1313 2773 1399 2796 ora-

436 2828 570 2856 tiones.

443 2950 475 2985 1.
492 2946 604 2996 Quod
626 2955 740 2984 tantae
761 2946 884 2983 audeo
905 2946 1071 2983 scribere
1091 2947 1299 2996 majestati,
1319 2962 1399 2985 non

383 3008 587 3047 insolentia
604 3008 825 3045 temeritatis
843 3016 918 3053 est,
937 3007 1003 3044 sed
1021 3008 1255 3046 confidentia
1277 3010 1398 3047 chari—

384 3070 484 3108 tatis.
506 3069 600 3118 Quis
629 3068 730 3105 enim
756 3082 826 3118 ego
856 3082 961 3115 sum,
985 3077 1049 3105 aut
1068 3083 1153 3119 quae
1184 3078 1241 3107 est
1261 3070 1398 3108 domus

383 3131 504 3183 patris
523 3130 598 3167 mei
618 3129 657 3166 in
674 3129 790 3166 Israel
802 3157 811 3175 ,
828 3137 871 3166 ut
891 3130 984 3166 tanti
1003 3130 1169 3168 nominis
1186 3135 1400 3181 Imperato-

383 3206 465 3230 rem
485 3191 626 3229 nostris
643 3191 777 3227 litteris
803 3190 963 3227 audeam
983 3192 1227 3241 praevenire?
1247 3196 1400 3244 Pauper

1461 1852 1635 1902 sumpsit.
1661 1851 1859 1901 Quidquid
1885 1851 1962 1898 illi,
1998 1851 2058 1887 vel
2088 1864 2161 1901 pro
2194 1850 2261 1887 illo
2294 1850 2482 1898 feceritis„

1462 1913 1557 1950 mihi
1579 1913 1721 1949 factum
1740 1920 1808 1950 est.

1516 1975 1551 2011 3.
1569 1977 1625 2011 De
1642 1981 1781 2010 caetcro
1796 2002 1805 2019 ‚
1825 1972 2103 2023 gloriosissime
2119 1975 2351 2023 Imperator,
2372 1985 2481 2014 nunc,

1462 2048 1561 2086 opus
1578 2043 1634 2071 est
1650 2033 1880 2071 ostendendi
1897 2042 1934 2071 et
1953 2032 2188 2071 extendendi
2204 2032 2463 2071 abundantiam
2478 2048 2482 2057 ·

1462 2095 1660 2133 suavitatis
1691 2103 1840 2132 vestrae.
1868 2096 2069 2132 Commota
2100 2101 2157 2131 est
2184 2102 2222 2131 et
2248 2091 2465 2131 contremuit
2497 2111 2503 2115 ·

1463 2166 1581 2204 terra,
1600 2157 1690 2207 quia
1702 2160 1785 2194 Rex
1802 2155 1889 2192 coeli
1909 2154 2079 2206 perdidit
2099 2163 2240 2192 terram
2257 2168 2363 2192 suam
2375 2183 2386 2202 ,
2400 2161 2482 2200 ter-l

1462 2232 1544 2256 ram
1565 2217 1632 2255 ubi
1660 2224 1849 2254 steterunt
1868 2215 1986 2266 pedes
2018 2215 2111 2266 ejus.
2132 2219 2259 2267 Prope
2288 2223 2344 2253 est
2371 2213 2480 2252 enim!

1463 2288 1506 2316 ut
1526 2279 1675 2316 irruant
1706 2277 1851 2314 inimici
1870 2277 2026 2314 Domini
2056 2278 2095 2314 in
2130 2277 2322 2314 civitatem
2349 2287 2463 2323 suam,

1465 2340 1578 2377 etiam
1612 2339 1650 2375 in
1678 2337 1773 2375 illud
1801 2336 2014 2388 gloriosum
2043 2337 2286 2387 sepulcrum,
2315 2335 2480 2374 ubivir-‹

1465 2400 1598 2450 gineus
1616 2399 1686 2436 flos
1702 2398 1831 2436 Mariae
1849 2397 1976 2435 linteis
1993 2406 2032 2434 et
2047 2397 2284 2435 aromatibus
2301 2396 2465 2434 conditus

1466 2469 1538 2507 est,
1559 2460 1662 2497 unde
1683 2468 1720 2496 et
1741 2459 1951 2496 resurrexit
1974 2458 2037 2495 ille
2058 2458 2206 2509 primus
2231 2466 2269 2495 et
2290 2457 2464 2494 maximus

1467 2522 1538 2558 ssos
1562 2521 1628 2571 qui
1650 2520 1829 2571 apparuit
1848 2520 1888 2556 in
1914 2527 2014 2556 terra
2034 2527 2177 2556 nostra.
2196 2522 2402 2569 Propterea
2422 2514 2479 2573 ³¹¹1}

1416 2589 1450 2623 D
1467 2591 1704 2634 praeceptum
1723 2581 1872 2618 domini
1889 2584 2020 2631 Papae,
2037 2588 2075 2617 et
2095 2579 2143 2617 ad
2160 2580 2464 2630 qualemcumque
2475 2578 2483 2633 J,

1465 2643 1774 2681 exhortationem
1792 2650 1961 2679 nostram
1983 2645 2220 2680 Francorum
2241 2644 2324 2679 Rex
2353 2647 2390 2677 et
2407 2638 2477 2678 in·,

1466 2703 1716 2741 numerabilis
1729 2702 1938 2741 multitudo
1954 2702 2173 2753 principum
2184 2731 2194 2750 ‚
2214 2702 2388 2747 militum,
2401 2711 2464 2751 po-

1466 2765 1647 2816 pulorum
1662 2795 1671 2812 ,
1694 2765 1903 2802 transitura
1935 2772 1992 2801 est
2024 2777 2095 2815 per
2122 2764 2218 2800 fines
2249 2771 2394 2800 vestros
2421 2758 2464 2798 ad

1466 2827 1658 2864 civitatem
1674 2826 1745 2864 Dei
1761 2826 1937 2863 viventis.
1953 2829 2132 2864 Vestrum
2149 2824 2222 2862 erit
2239 2819 2305 2862 eos
2317 2819 2478 2873 honori-v

1467 2890 1536 2925 fiee
1549 2888 1750 2938 -suscipere
1763 2916 1772 2934 ‚
1791 2895 1828 2924 et
1841 2886 2031 2937 agendum
2048 2898 2152 2923 nunc
2168 2898 2242 2936 pro
2259 2886 2345 2922 loco
2360 2893 2463 2934 quem

1467 2949 1604 2986 tenetis
1616 2978 1625 2995 ,
1650 2962 1721 2999 pro
1741 2956 1931 2998 potestate
1949 2959 2064 2997 quam
2083 2945 2303 2996 accepistis,
2323 2955 2392 2995 pro
2407 2940 2464 2979 di-

1466 3011 1609 3061 gnitate
1629 3023 1705 3060 qua
1720 3009 1874 3060 polletis
1887 3039 1896 3056 ,
1917 3021 1989 3059 pro
2020 3007 2161 3044 divitiis
2189 3005 2327 3057 quibus
2342 3002 2464 3041 ‘abun-

1467 3072 1584 3118 datis,
1621 3070 1726 3121 quod
1761 3069 1965 3107 conveniat
1998 3067 2187 3119 imperiali
2224 3061 2462 3108 excellentie,

1467 3132 1604 3170 honori
1620 3145 1796 3183 personae
1812 3139 1949 3168 vestrae
1961 3160 1970 3176 ,
1990 3138 2028 3167 et
2053 3129 2165 3166 saluti
2191 3127 2325 3183 animae
2339 3130 2463 3162 vestrae

1468 3195 1507 3231 in
1525 3201 1782 3243 aeternum,et
1795 3192 1834 3228 in
1850 3192 2031 3228 saeculum
2049 3188 2189 3228 saeculi.
2204 3191 2309 3226 Inter
2323 3196 2416 3237 quos
2429 3189 2463 3219 et

429 3325 443 3341 ³
470 3319 591 3361 Scripta
616 3329 700 3349 anno
720 3317 833 3351 Christi
852 3321 862 3349 1
877 3320 954 3350 146.
975 3337 1017 3341 -
1037 3312 1053 3335 ¹³
1068 3319 1180 3361 Agitur
1193 3319 1232 3351 de
1252 3322 1389 3353 Henrico
1404 3321 1442 3353 ad
1459 3332 1553 3365 quem
1568 3322 1660 3366 epist.
1679 3324 1757 3353 179.
1774 3319 1888 3362 Quoad
1905 3324 2029 3357 caetera,
2043 3317 2115 3350 vide
2126 3316 2216 3360 epist.
2242 3317 2320 3347 363.
