2533 3920
385 185 454 222 471

1150 184 1185 219 S,
1216 182 1470 219 BERNARDI
1498 180 1700 217 ABBATIS

2385 183 2457 222 472

441 264 498 301 11.
537 263 690 300 Dixistis
722 262 824 299 enim
854 262 990 298 mirum
1022 272 1126 307 esse,
1151 261 1182 298 si
1215 257 1621 310 ejusdem²¹⁰feliciter
1648 268 1718 305 per
1736 266 1833 290 vlam
1851 253 2117 290 mandatoium
2136 256 2206 292 Dei
2228 269 2398 306 currere,
2423 269 2461 298 et

383 323 571 374 propositi
590 331 627 359 et
648 321 895 372 professionis
910 320 1084 357 homines
1113 333 1191 357 non
1212 319 1388 357 eumdem
1406 320 1439 354 A
1462 318 1607 355 felicius
1623 315 1669 353 ad
1698 315 1811 350 finem
1830 313 1957 350 culsui
1984 312 2155 351 debitum
2182 317 2395 365 pervenire.
2414 322 2461 358 Et

383 382 664 420 institutionum
682 395 766 419 serv
770 394 812 417 av
819 394 859 417 ei
862 381 917 417 int
932 393 1016 416 m01
1019 393 1090 416 em.
1104 379 1163 416 Ad
1177 378 1281 428 quod
1295 391 1388 427 ego·

383 443 414 480 si
442 441 612 492 ejusdem
648 441 836 492 propositi
864 448 901 476 et
933 439 1179 489 professionis
1199 439 1389 483 homines,

383 515 461 539 non
480 501 656 538 eumdem
671 500 952 537 institutionum
970 512 1113 535 morem
1129 497 1387 542 servaverint,

384 571 421 599 et
443 572 569 599 tamen
598 559 932 598 observationibus
953 558 1111 596 diversis
1141 558 1187 595 ad
1219 557 1391 595 eamdem

384 622 542 659 salutem
577 629 614 658 et
643 629 822 657 aeternam
856 619 972 655 vitam
1002 618 1268 668 pervenerint,
1299 616 1391 666 quid

385 681 526 718 refert?
547 680 644 728 Quid
676 680 786 729 plane
813 679 947 723 refert,
970 677 1060 727 quid
1082 677 1211 724 obest,
1234 678 1263 713 si
1284 677 1390 713 vario

387 742 533 778 tramite
556 740 603 777 ad
624 739 796 776 eamdem
817 739 1010 787 regionem
1025 767 1034 783 ,
1056 739 1086 774 si
1108 737 1307 787 multiplici
1331 737 1391 773 via

385 801 430 838 ad
452 801 623 838 eamdem
641 801 756 836 vitam
771 829 780 846 ,
802 800 832 835 si
851 798 1051 848 multiplici
1069 799 1203 835 itinere
1225 797 1272 834 ad
1290 810 1390 834 eam-

385 861 470 897 dem
487 889 496 906 ,
518 874 601 910 quae
635 873 783 897 sursum
813 867 889 904 est,
914 858 1123 895 Jerusalem
1146 857 1390 907 pervenitur,

385 934 468 970 quae
486 929 541 957 est
563 928 683 956 mater
699 919 856 955 nostra?
873 918 910 954 Si
930 918 1031 953 enim
1047 925 1086 953 tu
1101 946 1110 963 ,
1131 930 1152 953 o
1171 917 1393 954 Cluniacen-

383 981 432 1017 sis
445 1009 454 1026 ,
470 980 772 1025 Cisterciensem‚
788 986 853 1014 aut
870 987 928 1023 tu,
946 977 1202 1015 Cisterciensis
1214 1005 1224 1022 ,
1243 976 1392 1014 Clunia-

1457 379 1546 428 quia
1562 390 1644 414 eam
1660 403 1670 421 ‚
1695 387 1780 424 quae
1801 386 1952 424 semper
1978 373 2018 410 in
2041 373 2180 412 talibus
2196 377 2460 425 praemittenda

1457 447 1536 484 est,
1565 436 1829 474 auctoritatem
1860 435 2330 485 plaemisi;p1aemittatur
2358 446 2397 476 et
2420 440 2461 478 in

1457 499 1526 535 hac
1541 497 1636 534 serie
1647 497 1746 546 ipsa,
1761 508 1831 531 nec
1847 495 1942 532 ratio
1955 495 2106 532 modico
2118 496 2250 533 saltem
2263 497 2462 540 intervallo

1458 558 1698 608 disjungatur
1713 555 1760 592 ab
1780 555 1874 605 ipsa.

1515 619 1574 656 13.
1597 617 1669 655 Sed
1687 615 1779 667 quid
1807 615 1940 665 objicis
1954 644 1963 661 ‚
1987 616 2131 653 frater?
2150 633 2165 650 α
2181 617 2277 654 Dico
2295 617 2461 668 ejusdem
2514 636 2533 660 i,

1459 698 1473 713 »
1494 679 1649 728 Regulae
1683 678 1875 727 professos
1910 675 2081 726 ejusdem
2109 678 2265 728 Regulae
2288 679 2463 721 mandata

1459 757 1474 772 υ
1498 753 1574 776 non
1593 739 1767 776 similiter
1784 737 2028 775 observare.»
2042 741 2183 775 Verum
2201 747 2276 786 est,
2292 739 2460 790 inquam,

1459 799 1564 849 quod
1589 799 1707 843 dicis,
1729 798 1900 848 ejusdem
1930 799 2086 848 Regulae
2111 799 2292 837 mandata
2310 800 2351 837 in
2377 802 2462 852 qui—

1459 859 1618 896 busdam
1643 859 1818 908 capitulis
1845 857 1892 895 ab
1909 857 2080 907 ejusdem
2106 860 2262 909 Regulae
2285 860 2463 909 professis

1459 918 1692 955 dissimiliter
1717 917 1926 955 observari.
1944 918 2018 955 Sed
2034 932 2082 956 ne
2099 918 2320 968 hujusmodi
2335 933 2461 960 mona-

1459 978 1550 1014 chos
1562 986 1722 1028 propter
1735 978 1805 1014 ista
1819 991 1904 1015 reos
1919 979 2128 1025 existimes,
2144 992 2192 1015 ne
2205 979 2276 1016 hac
2292 979 2340 1017 de
2354 993 2464 1020 causa

383 1053 533 1076 censeni
552 1040 589 1076 in
609 1047 804 1089 assumpto
826 1037 1027 1088 proposito
1045 1049 1173 1073 errare
1191 1048 1392 1085 cognosce-
1412 1039 1439 1072 B
1459 1036 1783 1086 praevaricationis
1801 1049 1960 1086 arguere
1977 1036 2136 1084 audeas3
2152 1036 2242 1074 audi
2254 1038 2460 1086 coelestem,

383 1113 441 1136 res
458 1129 466 1145 ,
483 1107 520 1135 et
532 1098 642 1148 juxta
658 1099 891 1148 Scripturam
911 1110 980 1146 per
997 1095 1095 1132 viam
1109 1123 1118 1141 ‚
1137 1108 1222 1145 quae
1240 1094 1392 1131 videtur

381 1158 601 1196 hominibus
623 1167 724 1195 recta
739 1187 748 1203 ‚
768 1157 816 1194 ad
842 1156 1037 1193 interitum
1065 1155 1221 1192 tendere
1249 1154 1391 1205 praevi-

382 1219 510 1265 deres;
532 1218 657 1269 justa,
691 1219 834 1264 fateor,
866 1216 934 1254 tibi
969 1224 1067 1253 esset
1092 1228 1204 1252 causa
1234 1216 1390 1252 fratrem

381 1279 617 1329 corrigendi,
638 1278 861 1324 revocandi3
881 1286 965 1323 aut,
984 1277 1013 1314 si
1040 1276 1173 1313 audire
1195 1284 1229 1313 te
1249 1276 1387 1322 nollet,

381 1337 611 1388 objurgandi
642 1346 678 1374 et
705 1336 930 1374 detestandi.
953 1339 1058 1373 Tunc
1086 1344 1187 1372 certe
1217 1335 1247 1372 si
1274 1335 1388 1372 oblo-

381 1399 571 1448 quereris,
589 1398 618 1435 si
640 1397 938 1443 contradiceres,
961 1397 990 1433 si
1008 1405 1045 1432 et
1066 1395 1213 1442 odires;
1234 1405 1269 1432 te
1286 1395 1389 1445 juste.

377 1457 571 1507 judicare,
587 1467 623 1495 te
639 1467 739 1495 recte
756 1471 865 1508 agere
881 1458 1104 1502 confiterer,
1122 1457 1286 1493 maxime
1302 1470 1387 1493 cum

381 1519 427 1556 de
445 1519 581 1556 talibus
598 1520 748 1556 audiam
775 1532 952 1568 magnum
971 1517 1198 1568 proplietam
1224 1521 1306 1554 Deo
1329 1517 1388 1554 di—

381 1587 530 1616 centem
562 1592 569 1613 :
596 1581 732 1615 Nonne
756 1584 821 1628 qui
850 1580 1005 1614 oderunt
1026 1587 1074 1622 le,
1099 1580 1271 1623 Domine,
1294 1579 1388 1613 ocle-

381 1654 483 1685 ram,
514 1649 551 1676 et
577 1654 691 1688 super
718 1644 886 1676 inimicas
905 1648 984 1675 laos
1013 1637 1274 1674 tabescebam?
1291 1640 1388 1674 Per-

371 1698 476 1747 fecto
505 1702 589 1736 odio
620 1702 771 1736 oderam
804 1702 908 1745 illos,
942 1708 975 1735 et
1005 1700 1151 1734 inimici
1176 1697 1278 1746 facti
1304 1708 1390 1734 sunt

381 1760 475 1795 milti
494 1767 518 1797 ¹.
537 1760 758 1799 Gratularer
777 1760 952 1810 insuper,
974 1767 1010 1795 te
1027 1772 1104 1795 non
1128 1758 1287 1795 surdum
1308 1771 1388 1795 esse

1460 1097 1537 1133 imo
1552 1096 1665 1145 Regis
1682 1096 1868 1133 coelorum
1885 1096 2150 1134 auctoritatem
2167 1099 2230 1134 :Si
2244 1101 2369 1135 oculus
2382 1108 2463 1139 tuus

1449 1154 1570 1203 suern
1583 1159 1747 1206 simple-z·
1755 1184 1767 1201 ,
1783 1165 1898 1192 totum
1912 1170 2044 1205 corpus
2058 1166 2160 1193 tuum
2177 1159 2341 1194 lucidum
2356 1162 2424 1196 erit
2433 1157 2459 1198 ⁵.

1456 1216 1556 1254 Audi
1575 1225 1612 1253 et
1630 1217 1860 1266 Apostolum
1879 1232 1888 1254 ι
1911 1218 2051 1253 Omnia
2074 1227 2198 1254 vestra
2221 1222 2260 1255 ιἰι
2277 1218 2459 1257 charitate

1442 1275 1586 1323 fimetss.
1599 1276 1701 1314 Audi
1717 1285 1913 1327 etpatrem
1925 1278 2180 1328 Augustinum
2199 1292 2207 1315 :
2227 1295 2242 1311 α
2254 1277 2362 1316 Habe
2378 1278 2463 1317 cha-
2511 1322 2515 1330 ⁴

1455 1355 1469 1370 »
1479 1339 1642 1384 ritatem,
1658 1346 1695 1374 et
1709 1338 1765 1374 fac
1778 1337 1966 1388 quidquid
1982 1338 2049 1375 vis.
2060 1337 2188 1376 »Audi
2203 1347 2242 1375 et
2256 1338 2382 1389 ipsum
2392 1342 2463 1378 Re-

1455 1399 1552 1447 gulae
1568 1398 1793 1448 scriptorem
1808 1426 1818 1444 ,
1837 1398 1915 1434 imo
1931 1398 2051 1448 ipsius
2068 1399 2224 1448 Regulae
2240 1398 2462 1439 dictatorem
2513 1408 2515 1410 ’

1455 1459 1638 1509 Spiritum
1653 1467 1826 1496 sanctum
1842 1473 1850 1496 :
1865 1476 1880 1491 «
1898 1458 1976 1506 Sic,
1989 1476 2005 1492 υ
2018 1459 2161 1509 inquit,
2175 1475 2190 1492 α
2205 1458 2323 1496 abbas
2336 1460 2462 1499 omnia

1458 1537 1472 1551 ›,
1491 1527 1679 1573 temperet
1692 1527 1806 1570 atque
1823 1519 2023 1569 disponat,
2038 1527 2083 1556 ut
2097 1519 2234 1556 animae
2250 1519 2461 1568 salventur3

1458 1597 1472 1611 υ
1490 1587 1526 1615 et
1542 1574 1648 1629 quod
1664 1580 1807 1616 faciunt
1829 1580 1982 1627 fratres,
2000 1579 2144 1630 absque
2161 1580 2462 1619 murmuratione
2508 1622 2515 1629 ὁ

1457 1659 1470 1673 υ
1490 1640 1628 1677 faciant
1639 1647 1665 1677 7.
1683 1658 1697 1672 »
1712 1644 1758 1677 Et
1771 1641 1863 1690 quid
1880 1641 2042 1677 clarius?
2055 1640 2148 1691 quid
2162 1641 2357 1691 apertius?
2371 1641 2462 1691 quid

1455 1700 1639 1737 lucidius?
1653 1704 1787 1738 Nonne
1803 1701 1884 1751 ipsa
1899 1700 2106 1738 verborum
2123 1700 2306 1738 serenitas
2321 1699 2462 1751 absque
2509 1702 2514 1750 l

1455 1760 1559 1796 omni
1576 1774 1735 1811 prorsus
1752 1759 1885 1797 nubilo
1903 1774 1941 1798 se
1964 1774 2045 1798 esse
2060 1760 2227 1798 ostendit
2240 1790 2250 1808 ,
2267 1769 2306 1797 et
2333 1761 2462 1799 claris-
2510 1803 2512 1805 ,

381 1821 592 1858 auditorem
612 1822 817 1871 Scripturae
832 1820 990 1857 dicentis
1004 1849 1013 1866 ,
1031 1818 1388 1867 Discurre‚fi¹5tiua,
1411 1824 1438 1859 C
1455 1821 1587 1857 simam
1604 1821 1772 1858 veritatis
1789 1821 1912 1858 lucem
1923 1850 1932 1868 ,
1947 1829 2096 1858 remoto
2112 1821 2286 1858 omnium
2303 1820 2460 1860 nubium

380 1888 519 1918 suscita
549 1888 711 1918 amicum
743 1892 870 1926 tuum,·
900 1895 946 1918 ne
977 1883 1040 1917 cles
1072 1894 1241 1917 somnum
1271 1884 1388 1916 oculis

382 1946 468 1987 tuis,
496 1956 563 1977 nec
591 1944 794 1978 dormitent
809 1941 1009 1990 palpebra?
1038 1950 1113 1977 tuoe
1133 1947 1146 1962 2
1169 1956 1176 1977 :
1208 1949 1245 1977 et
1265 1941 1386 1986 illius,

382 2003 609 2038 Maledictus
634 2007 700 2052 qni
722 2002 898 2052 prohibet
923 2004 1094 2051 gladium
1123 2015 1228 2036 snum
1254 2015 1278 2036 α
1298 2014 1390 2036 san-

379 2062 536 2110 gui11e3.
556 2066 662 2099 Tunc
679 2062 800 2111 justas
821 2063 933 2112 plane
961 2062 1138 2098 odiorum
1161 2060 1230 2098 tibi
1259 2074 1389 2098 causas

381 2134 461 2158 esse
495 2121 649 2169 faterer,
681 2131 718 2159 et
747 2122 793 2159 ad
824 2121 1071 2159 debellandos
1092 2121 1218 2158 hostes
1242 2121 1332 2168 Dei,
1353 2129 1390 2158 et

381 2194 446 2217 eos
467 2182 532 2231 qui
562 2182 770 2219 secundum
794 2183 1022 2232 Apostolum
1046 2181 1086 2218 in
1111 2182 1303 2231 hypocrisi
1332 2182 1389 2218 fa-

382 2241 487 2278 ciunt
515 2242 755 2279 mendacium
776 2243 813 2290 4,
837 2256 986 2293 gressus
1012 2250 1095 2279 tuos
1118 2250 1155 2278 et
1176 2255 1246 2292 ego
1266 2242 1389 2278 accin-

380 2309 460 2338 ctus
482 2302 550 2338 zeli
571 2302 695 2351 gladio
713 2316 840 2340 comes
861 2302 1080 2339 individuus
1106 2302 1319 2339 comitarer.
1338 2306 1389 2340 At

382 2373 482 2397 nunc
511 2375 597 2398 cum
626 2360 695 2398 sub
723 2361 854 2398 eadem
871 2368 884 2383 ²¹
907 2361 1041 2407 variis,
1063 2361 1128 2398 sed
1146 2361 1260 2398 sacris
1277 2361 1388 2398 insti-

383 2421 470 2456 tutis
489 2429 692 2471 utrumque
714 2431 881 2459 vestrum
903 2421 949 2458 de
968 2421 1077 2457 terris
1099 2420 1145 2458 ad
1167 2421 1282 2458 coelos
1307 2430 1387 2458 ten-

379 2479 470 2517 dere
498 2481 668 2528 videam,
697 2490 734 2518 et
755 2496 824 2532 per
847 2481 1015 2518 diversas
1036 2481 1187 2521 semitas
1211 2481 1259 2517 ad
1285 2481 1386 2518 idem

379 2539 553 2578 bravium
586 2542 785 2578 tendentes
813 2542 866 2578 sic
881 2553 1053 2587 currere,
1076 2549 1116 2577 ut
1134 2540 1388 2590 comprehen—

1454 1881 1662 1927 velamine,
1677 1880 1903 1918 mortalibus
1915 1881 2156 1918 manifestat?
2172 1885 2269 1918 Ecce
2285 1881 2462 1931 Magister
2508 1899 2515 1910 ν

1456 1941 1614 1978 coelestis
1632 1950 1754 1978 totum
1772 1954 1912 1992 corpus
1933 1950 2038 1979 tuum
2051 1970 2060 1986 ,
2080 1955 2103 1979 o
2121 1942 2258 1988 frater,
2279 1941 2461 1992 simplici-,-

1458 2009 1532 2037 tate
1553 2001 1673 2048 oculi,
1689 2002 1763 2038 hoc
1779 2010 1835 2038 est
1853 2002 2030 2039 universa
2044 2015 2163 2052 opera
2183 2010 2268 2047 tua,
2285 2002 2460 2052 puritatis
2507 2020 2511 2036 2

1456 2061 1689 2107 intentione,
1720 2061 1846 2098 lucida
1861 2075 1942 2099 esse
1968 2061 2082 2099 docet
2097 2076 2106 2099 :
2124 2075 2211 2099 ecce
2228 2070 2317 2112 post
2337 2062 2459 2112 ipsum

1457 2135 1628 2159 summus
1644 2122 1818 2160 Ecclesiae
1835 2122 1972 2159 doctor
1991 2123 2120 2159 omnia
2138 2130 2202 2160 tua
2216 2121 2255 2159 in
2279 2121 2459 2160 charitate
2508 2164 2510 2166 ,

1456 2183 1537 2219 fieri
1566 2183 1740 2233 praecipit
1771 2197 1779 2219 :
1810 2196 1898 2220 ecce
1926 2183 2114 2220 maximus
2141 2191 2230 2234 post
2256 2182 2460 2233 Apostolos

1454 2243 1707 2280 Ecclesiarum
1725 2244 1952 2290 instructor,
1969 2256 2123 2280 omnem
2143 2242 2211 2280 tibi
2227 2256 2313 2292 quae
2329 2243 2460 2280 volu&-

1455 2303 1506 2339 ris
1523 2303 1684 2339 faciendi
1700 2311 1926 2352 potestatem
1937 2332 1946 2350 ,
1964 2303 2146 2340 charitate
2159 2310 2338 2340 manente
2349 2331 2359 2350 ,
2374 2314 2459 2340 con·
2506 2317 2508 2327 ¹

1454 2363 1554 2401 cedit
1571 2378 1579 2400 ε
1595 2376 1683 2400 ecce
1698 2363 1797 2413 ipse,
1814 2363 1876 2400 cui
1890 2363 2083 2410 inniteris,
2098 2361 2327 2400 Benedictus
2341 2369 2459 2412 patei}

1455 2423 1632 2461 abbatem
1656 2424 1708 2460 sic
1727 2423 1856 2460 omnia
1879 2431 2093 2473 temperare
2109 2421 2241 2472 jubet,
2267 2430 2310 2459 ut
2326 2421 2459 2460 anima
2505 2435 2508 2444 ’

1454 2485 1662 2530 salventur,
1677 2492 1715 2520 et
1732 2496 1905 2520 murmur
1920 2482 2019 2521 absit
2035 2498 2044 2521 ε
2062 2491 2100 2520 et
2115 2483 2228 2520 saluti
2242 2481 2314 2521 sub
2329 2481 2458 2524 eadem
2504 2517 2507 2522 ,

1454 2544 1598 2593 Regula
1618 2543 1765 2580 diversa
1782 2543 2026 2592 sequentium
2042 2542 2208 2580 metuis?
2224 2545 2360 2580 Nonne
2375 2553 2459 2584 cer-2-

379 2600 475 2637 datis
497 2616 504 2637 :
527 2615 604 2638 non
622 2611 796 2652 superest
813 2601 880 2638 tibi
895 2631 905 2648 ,
922 2608 966 2637 ut
982 2601 1074 2636 mihi
1089 2599 1239 2636 videtur
1251 2629 1260 2646 ,
1277 2613 1390 2637 causa
1405 2605 1437 2639 D
1455 2604 1514 2642 nis
1544 2603 1753 2640 tutissimos
1776 2602 1823 2639 ab
1849 2603 1955 2640 omni
1981 2603 2173 2653 periculo,
2203 2615 2368 2653 quorum
2394 2599 2458 2653 (ος

378 2661 503 2710 aliqua
542 2662 784 2712 indignandi,
824 2675 901 2699 non
943 2660 1118 2707 odiendi,
1156 2673 1236 2696 non
1271 2660 1384 2697 oblo-

380 2721 534 2770 quendi.

438 2780 494 2816 12.
518 2781 590 2817 Sed
610 2781 728 2830 exigis
749 2781 890 2827 adhuc,
911 2789 952 2817 ut
967 2779 1071 2830 quod
1098 2779 1176 2816 dixi
1199 2779 1358 2830 probem
1372 2807 1382 2825 ,

379 2847 416 2875 et
448 2840 644 2889 quomodo
674 2840 744 2877 sub
773 2840 904 2877 eadem
945 2840 1089 2889 Regula
1119 2839 1178 2875 vel
1211 2838 1382 2887 ejusdem

380 2900 533 2948 chulae
552 2900 808 2949 professione,
832 2914 901 2950 per
918 2900 1088 2936 diversos
1107 2900 1275 2936 tramites
1300 2908 1382 2936 tuto

382 2959 588 2996 monachus
611 2960 786 2997 incedere
803 2961 940 3010 possit,
964 2958 1176 2996 ostendam.
1206 2958 1264 2996 Ad
1279 2960 1383 3008 quod

381 3019 469 3055 mihi
499 3020 688 3069 perfacilis
722 3028 825 3070 patet
860 3020 1084 3070 responsu),
1117 3028 1153 3055 et
1181 3020 1384 3058 auctoritas

375 3078 510 3128 juncta
524 3080 661 3117 rationi
682 3094 757 3117 non
774 3080 879 3117 deest
898 3095 904 3117 :
925 3094 1035 3130 posse
1052 3089 1089 3116 et
1111 3088 1145 3116 te
1163 3080 1385 3117 Cluniacen-

381 3152 458 3175 sem
479 3147 543 3176 tuo
562 3153 656 3186 usu,
679 3149 715 3177 ct
742 3148 775 3177 te
793 3140 1078 3178 Cisterciensem
1100 3147 1164 3176 tuo
1194 3153 1300 3176 more
1314 3169 1323 3186 ,
1349 3150 1386 3177 et

431 3279 437 3293 ¹
460 3273 539 3303 l‘sal.
559 3285 730 3310 cxxxviii,
748 3278 815 3310 21,
836 3277 891 3305 22.
912 3293 950 3295 *-
974 3276 1217 3309 21‘1·ox.w‚:3.
1244 3276 1273 3304 fi.
1295 3295 1330 3299 »-

378 3324 419 3356 '⁷¹1
442 3329 512 3356 (lor.
541 3338 614 3364 xvi,
641 3329 690 3358 Η,
712 3346 754 3350 „-
773 3335 785 3358 7
811 3330 930 3368 negs
968 3326 1141 3362 Benedicti,
1162 3337 1231 3368 cap.
1261 3331 1290 3359 ἰΙ

1451 2661 1556 2711 quod
1574 2661 1695 2711 majus
1712 2670 1767 2698 est
1782 2661 1794 2712 )
1821 2669 2013 2711 praecepta
2033 2674 2053 2698 a
2070 2659 2242 2711 qualibet
2266 2657 2458 2706 varietatis

1452 2721 1662 2759 mobilitate
1681 2722 1739 2759 vel
1768 2722 1901 2772 culpa,
1925 2722 2088 2759 intentio
2117 2720 2292 2759 salvandi
2315 2719 2460 2759 animas

1450 2781 1561 2831 juxta
1577 2783 1647 2832 ips·
1638 2796 1696 2819 un
1714 2783 1898 2832 Regulam
1914 2783 2098 2820 excusat?

1510 2842 1566 2879 li.
1592 2842 1692 2880 Sed
1678 2856 1776 2891 jam,
1807 2851 1848 2880 ut
1873 2852 1910 2880 et
1937 2843 2019 2893 ipsa
2039 2842 2136 2880 ratio
2165 2837 2458 2886 auctoritatihuq
2501 2881 2505 2891 ,

1451 2915 1509 2952 pi
1499 2903 1652 2939 aemissis
1663 2903 1699 2938 in
1713 2902 1892 2939 omnibus
1904 2903 2075 2940 famular
2068 2916 2078 2939 1
2090 2901 2336 2951 intelligatur,
2349 2899 2457 2949 eique
2502 2926 2505 2936 ,

1452 2961 1734 2999 indivisibiliter
1747 2963 1960 3010 coliaerere3
1976 2961 2258 3012 subjungantur
2270 2960 2396 3010 aliqua
2409 2956 2462 3006 dev

1452 3022 1606 3058 instanti
1627 3023 1836 3072 quaestione
1856 3023 2045 3073 capitula,
2072 3023 2111 3059 in
2138 3020 2278 3072 quibus
2297 3015 2457 3069 simplici

1452 3083 1564 3119 oculo
1575 3112 1584 3129 ,
1597 3083 1742 3120 sincera
1752 3083 1934 3120 charitate
1944 3112 1954 3129 ,
1968 3082 2235 3121 salvandarum
2247 3081 2456 3118 animarum

1453 3142 1682 3190 intentione,
1707 3143 1881 3193 quaedam
1901 3151 2044 3180 mutata
2066 3149 2341 3195 monstrentur.
2364 3141 2455 3176 Nam
2500 3156 2503 3167 ι

1358 3276 1370 3298 J
1391 3280 1493 3309 Jereni
1528 3290 1648 3313 λινιιι,
1671 3282 1722 3309 10.
1739 3296 1781 3300 -
1803 3278 1847 3309 41
1868 3278 1951 3309 Tim.
1975 3290 2020 3316 iv,
2038 3282 2069 3310 2.
2089 3296 2131 3301 --
2148 3276 2160 3300 ⁵
2178 3280 2252 3309 Luc.
2274 3275 2453 3312 Χῐ,“34.--

1646 3335 1657 3348 ³
1678 3331 1794 3373 Snpple
1809 3330 1939 3373 Regale.

2513 943 2518 966 ..a
2513 882 2522 919 ·——.·
2516 763 2517 767 „

2524 820 2533 995 ...κιμᾈμ
2527 742 2533 789 ΑΛ
2525 695 2533 724 Δ-

2517 3608 2521 3667 ὲ

2512 3683 2521 3764 l

2428 3775 2523 3920 ..l
