2517 3936
135 171 231 208 1533

875 178 1158 215 '1·n,›x(:‘rA'1·tts
1191 182 1253 215 DE
1285 182 1458 219 CA.th

2099 200 2191 237 1534

131 249 316 294 invenies,
335 262 419 298 quae
440 262 572 297 graves
589 250 847 288 nominantur.
866 257 931 289 11ae
950 263 989 290 ut
1006 263 1138 291 cantus
1150 255 1244 292 cuc-in
1277 257 1396 293 aliena
1427 259 1526 295 finali
1559 270 1708 299 cantum
1735 267 1895 317 aliquem
1917 275 2194 314 accidentalitei.

130 308 286 345 liberius
322 308 549 345 discurreret
585 309 808 359 duplicata-13
842 313 1014 362 quaedam
1050 328 1139 351 vero
1158 316 1184 348 A
1208 324 1332 362 notes,
1352 331 1462 365 quem
1486 318 1522 353 in
1551 324 1708 358 naturali
1731 339 1771 361 ac

129 381 175 405 ex
192 368 282 418 ipsis
300 368 496 418 triplicatae
512 377 600 404 sunt
623 382 630 402 :
650 369 687 405 in
704 369 961 419 duplicatione
984 382 1131 419 acuta5‚

129 426 169 462 in
201 427 454 477 triplicatione
475 436 720 476 superacutas
750 431 927 479 reperies.
951 432 1133 469 Conside-

130 487 221 523 ratis
237 487 450 523 litterarum
471 487 702 536 singularum
722 488 1020 537 habitudinibus,
1042 505 1135 540 quas

130 546 272 584 habent
307 546 354 583 ad
391 547 586 596 proximas
624 546 694 584 sihi
737 548 879 586 litteras
911 552 1134 588 altrinsecus

129 607 274 657 positas
290 634 300 652 ,
330 606 472 643 nullam
498 606 671 657 profecto
697 609 862 658 reperies
888 619 1026 659 praetcr
1047 614 1079 647 D
1099 618 1136 646 et

129 671 184 713 A,
201 679 286 716 quae
310 666 487 703 ascendat
513 679 581 716 per
602 674 733 703 tonum
762 676 798 704 et
819 669 1080 714 semitonium,
1101 677 1137 705 et

130 725 336 763 descendat
364 738 433 776 per
456 734 602 762 tonum.
620 725 732 763 [nde
749 735 785 762 et
802 726 860 762 11ae
879 735 1027 763 tantum
1048 728 1137 763 fina-

129 787 183 823 les
214 794 303 823 sunt
327 786 462 836 primae
494 786 692 831 maneriae,
715 785 824 834 cujus
853 795 908 823 est
938 787 1136 836 proprium

129 847 182 884 sic
201 845 408 882 ascendere
425 853 461 882 et
477 845 721 882 descendere.
743 848 775 883 G
793 859 883 895 ergo
904 845 1133 892 excluditur,

130 905 235 955 quod
257 905 295 941 in
317 905 483 942 naturali
499 905 633 942 ordine
659 906 869 942 litterarum
887 914 925 942 et
946 905 1008 942 uhi
1030 905 1136 956 prius

128 965 310 1015 ponitur,
346 973 384 1002 et
417 964 519 1002 unde
550 965 762 1015 repetitur,
793 979 1034 1015 nequaquam
1068 979 1137 1015 per

1518 378 1524 384 ι
1799 333 1950 380 propria
1975 344 2104 372 notare
2122 350 2193 386 po—

1203 382 1276 419 tcs,
1316 390 1361 411 co
1406 390 1572 414 securius
1618 393 1693 428 quo
1733 384 2112 441 irrepr‹·hensibilius,
2147 412 2192 434 co

1201 434 1424 471 laudabilius
1444 450 1520 485 quo
1545 436 1778 487 diligentius,
1799 458 1843 480 eo
1863 451 2002 495 gratius
2029 467 2105 501 quo
2126 469 2191 492 vc-

1202 493 1304 529 rius?
1324 497 1484 544 Propter
1504 496 1574 532 hoc.
1595 510 1641 534 ne
1660 500 1814 538 vitiosus
1833 516 1895 542 aut
1912 512 2121 559 superfluus
2140 516 2193 551 in-

1201 553 1386 598 veniaris,
1410 554 1475 590 ubi
1500 568 1652 593 necesse
1673 567 1727 595 est
1760 564 1786 596 B
1817 568 2017 605 rotundum
2045 574 2193 610 studeas

1201 624 1395 661 apponere
1410 641 1419 657 ,
1444 614 1547 662 quod
1566 616 1744 654 nimirum
1768 625 1964 661 necessitas
1988 629 2190 669 adinvenit.

1202 672 1335 708 Nullus
1356 673 1455 708 enim
1481 682 1613 711 cantus
1629 677 1788 725 quisine
1810 680 1891 728 ipso
1910 688 2030 722 notari
2051 698 2192 737 potest,

1203 743 1272 780 per
1287 732 1409 780 ipsum
1431 734 1553 769 notari
1575 734 1699 771 debet.
1722 739 1792 785 Qui
1813 750 1899 777 sunt
1919 745 1981 791 qui
2012 747 2088 783 sinc
2112 749 2191 797 ipso

1204 791 1327 827 notari
1354 804 1429 827 non
1458 797 1647 842 possunt?
1674 797 1745 843 Qui
1772 799 1871 847 apud
1897 803 2064 841 camdem
2095 807 2195 844 litte-

1202 864 1279 886 ram
1296 880 1305 896 ,
1326 851 1440 887 modo
1463 860 1592 889 tonum
1610 882 1619 898 ‚
1649 855 1763 891 modo
1780 859 2018 898 semitonium
2042 864 2192 903 habent.

1202 910 1296 958 Quia
1316 919 1439 947 tamen
1468 923 1710 962 superacutas
1731 925 1766 951 ct
1787 917 1926 955 vicinas
1949 921 2037 970 ipsis
2055 924 2194 963 litteras

1203 971 1326 1006 minus
1358 979 1462 1007 notas
1488 971 1628 1009 habent
1668 975 1875 1024 imperfecti
1909 990 2102 1029 cantores,
2134 985 2194 1020 in—

129 1033 264 1063 tonum
289 1034 327 1063 et
343 1026 607 1071 semitonium,
633 1025 698 1063 sed
719 1040 788 1077 per
817 1026 913 1063 duos
938 1035 1050 1063 tonos
1073 1026 1130 1063 di·
1149 1029 1177 1062 B
1200 1030 1365 1066 firmitati
1376 1043 1506 1067 eorum
1523 1024 1826 1071 condescendens
1837 1041 2070 1076 consuetudo
2085 1056 2197 1091 quos-

128 1094 230 1122 recte
252 1085 435 1123 ascendit.

183 1145 220 1182 4.
241 1148 284 1182 In
306 1145 379 1182 hoc
394 1146 605 1182 litterarum
635 1145 769 1183 ordine
793 1160 871 1183 non
890 1155 1136 1196 computatur

128 1206 158 1240 Β
172 1204 393 1241 rotundum.
413 1208 520 1242 Patet
539 1205 639 1241 enini
655 1205 847 1251 omnibus,
868 1206 972 1256 quod
988 1219 1067 1242 non
1089 1206 1137 1243 sit

128 1262 255 1312 aliqua
275 1262 322 1300 de
341 1263 541 1313 gravibus,
568 1277 653 1301 cum
683 1265 796 1302 etiam
824 1266 926 1302 inter
956 1279 1017 1303 eas
1041 1280 1135 1303 nus-

128 1336 242 1373 quam
261 1332 430 1373 ponatur
462 1338 470 1360 :
505 1323 570 1360 sed
588 1336 657 1360 nec
675 1325 801 1375 aliqua
820 1325 866 1362 de
884 1326 1003 1363 acutis
1017 1355 1026 1372 ,
1050 1339 1135 1362 cum

129 1383 222 1420 nulli
254 1385 426 1433 gravium
451 1397 521 1434 per
549 1384 748 1435 duplarem
770 1384 1027 1435 conjungatur
1043 1399 1137 1435 pro—

128 1444 360 1494 portionem.
390 1448 457 1482 Est
481 1453 607 1482 autem
628 1445 827 1483 inventum
844 1475 855 1492 ‚
877 1459 954 1482 non
975 1446 1020 1483 ad
1042 1460 1135 1496 pro-

130 1504 332 1554 prietatem
378 1505 548 1542 finalium
587 1505 937 1553 determinandam,
983 1507 1050 1543 sed
1093 1507 1140 1543 ad

128 1565 356 1601 servandam
383 1565 424 1601 in
455 1565 648 1615 plerisque
678 1566 852 1603 cantibus
884 1567 1134 1617 euphoniam,

128 1637 243 1673 quam
264 1625 367 1675 apud
386 1638 451 1662 eos
472 1626 664 1663 minueret
685 1627 742 1663 vel
763 1627 931 1664 auferret
949 1627 1133 1672 tritonus,

129 1685 195 1734 qui
225 1685 328 1736 apud
356 1689 385 1723 Β
415 1686 644 1735 quadratum
680 1688 917 1725 terminatur.
950 1688 1063 1726 Unde
1095 1689 1135 1725 in

128 1744 300 1794 qualibet
329 1746 516 1793 maneria,
549 1745 613 1782 ubi
643 1748 858 1784 molliorem
878 1747 1032 1798 expedit
1054 1749 1135 1785 fieri

1200 1088 1285 1125 dam
1320 1099 1450 1127 cantus
1483 1105 1551 1140 per
1577 1096 1614 1129 'B
1644 1094 1847 1131 rotundum
1885 1106 1990 1135 notat
2020 1101 2194 1150 inferius,

1202 1149 1265 1197 qui
1290 1149 1390 1198 apud
1420 1151 1616 1200 praedictas
1648 1153 1788 1190 litteras
1815 1155 1893 1192 sine
1913 1157 1996 1206 ipso
2024 1174 2195 1198 commo-

1203 1208 1285 1245 dius
1305 1219 1458 1259 possent
1478 1212 1611 1248 notari.
1630 1215 1704 1249 Nos
1725 1226 1815 1249 vero
1836 1216 2017 1264 volentes,
2040 1228 2079 1255 ut
2100 1222 2196 1258 sicut

1201 1268 1416 1316 inferiores,
1439 1271 1488 1307 ita
1520 1279 1556 1307 et
1581 1273 1796 1321 superiores
1817 1274 1854 1310 in
1885 1289 1954 1313 usu
1985 1277 2195 1317 habeantur

1202 1336 1239 1364 et
1259 1329 1295 1365 in
1324 1330 1456 1368 notitia
1473 1329 1607 1382 (aliter
1631 1332 1728 1367 enim
1760 1333 1895 1371 frustra
1924 1336 2191 1390 haberentur),

1202 1402 1462 1439 quoscumque
1502 1399 1632 1427 cantus
1660 1401 1793 1429 natura
1826 1396 1971 1432 confert
2007 1398 2195 1437 inferiori-

1206 1447 1296 1494 bus,
1317 1462 1382 1485 eos
1414 1450 1453 1485 in
1482 1450 1572 1499 ipsis
1604 1452 1822 1498 terminatos
1849 1456 2023 1504 reperies.
2050 1461 2195 1497 Termi-

1206 1517 1346 1545 nantur
1362 1510 1507 1546 veroin
1530 1510 1788 1559 superioribus
1810 1514 1874 1562 qui
1895 1527 1955 1551 eas
1976 1519 2194 1556 naturaliter

1205 1567 1346 1617 habent
1378 1570 1518 1606 finales.
1542 1570 1718 1607 Similiter
1738 1572 1929 1609 sciendum
1966 1584 2021 1612 est
2051 1577 2097 1614 de
2125 1579 2193 1615 hac.

1202 1628 1410 1677 antiphona
1442 1646 1455 1660 α
1489 1629 1689 1665 Benedicta
1716 1639 1776 1675 tu,
1806 1650 1819 1664 »
1852 1640 1888 1668 et
1909 1635 2190 1682 consimilibus,

1201 1701 1285 1737 quae
1312 1689 1349 1724 in
1379 1692 1409 1724 A
1437 1697 1581 1724 tantum
1605 1690 1797 1726 terminari
1815 1701 1990 1740 possunt,
2015 1695 2117 1743 quod
2134 1709 2193 1732 se-

1201 1749 1368 1785 cundum
1382 1748 1602 1797 hujusmodi
1623 1749 1906 1798 dispositionem
1927 1754 2060 1801 procul
2077 1754 2194 1792 dubio

128 1818 288 1853 sonum,
308 1806 396 1843 loco
413 1810 441 1843 Β
467 1806 642 1856 quadrati
671 1811 699 1845 Β
722 1808 931 1845 rotundum
957 1808 1134 1858 quando·
1154 1807 1181 1843 C
1202 1809 1334 1858 primae
1367 1817 1453 1845 sunt
1482 1809 1657 1845 maneriae
1671 1838 1680 1854 ,
1699 1817 1735 1845 et
1756 1823 1832 1845 non
1863 1820 2016 1859 quarto,
2041 1814 2105 1850 sed
2140 1828 2194 1851 se—

128 1879 203 1916 que
222 1866 394 1916 ponitur,
420 1866 549 1903 furtim
577 1875 703 1904 tamen
722 1882 764 1904 ac
790 1869 927 1918 raptim
942 1897 950 1910 ,
973 1881 1021 1904 ne
1040 1882 1133 1919 pro-

127 1934 215 1976 pter
235 1927 359 1977 ipsum
388 1936 592 1976 generetur
619 1928 657 1964 in
696 1936 809 1964 cantu
840 1928 1047 1965 similitudo
1079 1929 1135 1965 al-

129 1986 248 2023 terius
277 1987 405 2034 modi3
440 1987 545 2037 quod
580 1987 760 2024 nimirum
796 1989 940 2024 nullam
973 1989 1131 2034 lineam,

129 2048 326 2084 nullumve
340 2048 504 2098 spatium
520 2061 588 2098 per
604 2048 960 2085 determinationem
977 2048 1134 2098 alicujus

128 2107 264 2145 litterae
287 2108 326 2145 in
349 2107 456 2145 libris
477 2107 644 2155 obtinet,
666 2108 738 2145 nisi
758 2109 882 2158 ipsum
904 2117 1132 2159 apponatur.

128 2171 177 2204 Et
192 2168 223 2204 si
238 2168 354 2207 semel
371 2171 399 2205 Β
417 2167 646 2218 quadratum
663 2169 949 2218 supervenerit,
969 2168 1015 2204 de
1034 2167 1134 2204 libro

128 2227 300 2265 deleatur
314 2228 438 2265 omnis
450 2227 532 2277 ejus
543 2229 727 2265 memoria
739 2256 748 2273 ,
764 2227 886 2264 donec
900 2237 1056 2278 urgente
1071 2242 1135 2265 su-

127 2288 298 2338 pradicta
319 2289 541 2325 necessitate
566 2288 705 2324 iterum
730 2296 959 2338 apponatur.
983 2289 1020 2326 Si
1044 2301 1134 2338 ergo

127 2349 167 2385 in
199 2352 233 2387 G
265 2362 336 2399 per
367 2349 493 2399 ipsum
521 2349 685 2399 aliquem
721 2357 875 2386 cantum
913 2349 1134 2386 terminares

128 2409 261 2459 primae
288 2410 488 2456 maneriae,
509 2418 641 2446 contra
661 2410 921 2446 inventionem
944 2409 1025 2458 ejus
1048 2423 1134 2446 om-

128 2468 221 2506 nino
236 2482 386 2518 ageres,
416 2477 454 2506 et
478 2469 711 2505 institutioni
732 2468 906 2506 obviares
935 2470 1104 2506 finalium
1125 2483 1132 2504 :

128 2528 218 2578 quia
237 2529 365 2565 nullus
387 2536 520 2565 cantus
549 2536 656 2564 extra
679 2528 829 2564 finalem
857 2542 934 2565 suae
955 2529 1133 2565 maneriae

128 2588 324 2625 terminari
344 2587 468 2626 debet.
491 2588 605 2637 Quod
621 2589 652 2625 si
670 2588 822 2634 dixeris,
838 2592 871 2626 G
887 2589 1037 2625 finalem
1053 2602 1132 2626 esse
1150 2590 1183 2624 D
1202 2589 1339 2625 multas
1364 2587 1452 2623 alias
1472 2584 1687 2634 hujusmodi
1709 2599 1716 2620 :

127 2647 262 2697 primae
281 2661 352 2698 per
369 2645 398 2685 B
421 2648 630 2696 rotundum
661 2663 669 2684 :
698 2648 914 2698 respondeo
931 2678 940 2694 ,
961 2648 1034 2685 hoc
1054 2662 1134 2686 esse

128 2721 207 2744 non
226 2721 351 2758 posse.
379 2707 440 2745 Ad
455 2707 532 2744 hoc
551 2708 654 2744 enim
671 2716 714 2744 ut
742 2708 864 2744 finalis
885 2716 983 2744 esset
1002 2709 1134 2758 primae

128 2768 306 2805 maneriae
323 2797 334 2814 ,
356 2767 612 2805 necessarium
634 2776 731 2805 esset
760 2776 801 2804 ut
832 2767 1041 2804 secundum
1064 2782 1135 2804 na-

128 2829 294 2879 turalemv
323 2829 536 2865 litterarum
579 2828 866 2878 dispositionem
915 2828 1134 2864 ascenderet

127 2901 198 2938 per
219 2896 352 2925 tonum
372 2896 410 2925 et
428 2888 690 2935 semitonium,
714 2888 819 2937 quod
843 2901 912 2923 nec
939 2891 966 2923 B
995 2896 1133 2923 rotun-

127 2947 244 2995 dum,
273 2961 343 2984 nec
374 2948 478 2985 aliud
503 2947 699 2998 quidpiam
733 2948 766 2984 ei
795 2955 920 2997 potest
946 2947 1131 2983 conferre.

126 3008 234 3045 Licet
261 3008 377 3057 igitur
395 3008 554 3045 concedi
579 3008 719 3058 possit,
747 3016 879 3044 cantus
899 3007 1032 3057 primae
1058 3020 1134 3043 ma-

127 3068 244 3104 neriae
269 3068 546 3118 quoquomodo
566 3081 679 3118 posse
699 3068 824 3104 notari
848 3067 908 3103 vel
931 3067 1075 3103 cantari
1095 3067 1133 3102 in

127 3130 162 3166 G
186 3141 258 3178 per
284 3131 314 3165 Β
339 3128 571 3173 rotundum,
593 3128 811 3164 nullatenus
839 3135 966 3163 tamen
997 3125 1133 3163 conce-

128 3184 298 3225 dendum
327 3197 405 3234 est,
427 3189 488 3226 vel
513 3189 589 3235 sic,
610 3188 670 3224 vel
689 3188 797 3224 aliter
821 3189 854 3224 G
884 3200 964 3223 esse
982 3187 1133 3223 finalem

98 3246 252 3293 fillius,
283 3247 517 3297 impediente
550 3261 665 3297 quam
697 3247 862 3283 diximus
900 3246 1133 3282 necessitate.

127 3306 294 3343 Proinde
321 3319 407 3356 quae
434 3307 600 3352 utilitas,
625 3320 758 3355 quaeve
779 3305 963 3342 industria
992 3313 1068 3349 est,
1095 3312 1135 3339 ut

1202 1868 1328 1905 cundo
1357 1877 1448 1904 tono
1481 1868 1713 1917 applicandae
1739 1877 1838 1904 sunt.
1870 1872 1964 1906 Ecce
1993 1872 2091 1909 enim
2116 1873 2194 1910 haec

1201 1928 1410 1977 antiphona
1437 1945 1450 1959 «
1475 1927 1675 1964 Benedicta
1708 1936 1772 1972 tu,
1804 1945 1818 1959 z>
1847 1929 1884 1964 in
1914 1930 2078 1978 quodam
2108 1931 2195 1969 1000

1202 2001 1317 2037 supra
1345 1988 1495 2024 finalem
1528 1995 1678 2031 tonum,
1703 1995 1835 2036 postea
1856 1990 2097 2027 semitonium
2127 2005 2196 2028 na—

1204 2047 1376 2084 turaliter
1406 2046 1520 2083 habet
1551 2060 1620 2096 per
1643 2050 1670 2083 B
1696 2046 1947 2095 quadratnm3
1977 2048 2064 2086 alibi
2090 2051 2195 2100 prius

1203 2108 1465 2153 semitonium,
1501 2106 1635 2143 deinde
1665 2115 1796 2142 tonum
1827 2120 1896 2156 per
1916 2112 1944 2144 B
1973 2109 2191 2147 rotundum.

1200 2171 1314 2215 Quae,
1344 2167 1526 2213 obsecro,
1561 2166 1827 2217 perspicacitas
1861 2175 1915 2203 est
1943 2167 1990 2203 ad
2018 2167 2194 2216 judican-

1202 2227 1293 2264 dum
1315 2227 1361 2264 de
1379 2235 1491 2264 cantu
1513 2227 1578 2263 illo
1599 2225 1705 2274 cujus
1732 2227 1777 2262 sit
1803 2226 2000 2272 maneriae,
2023 2228 2193 2266 accidens

1201 2288 1372 2338 praeferri
1393 2294 1536 2323 naturae
1559 2301 1566 2322 ε
1588 2294 1624 2321 et
1650 2298 1733 2321 cum
1754 2286 1797 2321 sit
1825 2285 1958 2333 primae
1985 2286 2190 2323 secundum

1201 2349 1432 2394 naturalem,
1458 2346 1621 2395 judicari
1669 2345 1843 2382 secundae
1885 2345 2091 2382 secundum
2128 2360 2191 2383 ac-

1201 2409 1425 2446 cidentalem
1469 2406 1780 2456 dispositionem?
1816 2408 1867 2442 t‘t
1910 2413 2033 2441 autem
2077 2406 2192 2454 magis

1201 2469 1349 2506 mireris
1380 2476 1416 2504 et
1444 2466 1647 2503 abhorreas
1668 2463 1886 2513 hujusmodi
1906 2464 2108 2513 ineptiam,
2134 2465 2191 2500 in-

1201 2530 1303 2578 spice
1320 2529 1416 2565 hanc
1433 2526 1677 2575 antiphonam
1692 2554 1700 2570 ,
1724 2541 1738 2555 «
1758 2527 1885 2568 Petre,
1907 2536 2006 2558 amas
2026 2536 2106 2568 me,
2127 2540 2140 2555 υ
2156 2532 2192 2559 et

1747 2596 1807 2619 eas
1833 2582 2002 2631 profecto
2023 2583 2191 2619 invenies

1200 2648 1425 2685 naturaliter
1451 2646 1589 2683 habere
1615 2656 1728 2693 supra
1755 2643 1901 2678 finalem
1924 2650 2053 2678 tonum
2081 2650 2118 2678 et
2137 2655 2192 2679 se-

1201 2709 1400 2745 mitonium
1428 2720 1497 2756 per
1528 2709 1555 2742 B
1587 2704 1723 2747 molle,
1752 2711 1788 2738 et
1822 2714 2007 2749 nusquam
2038 2701 2190 2737 semito-

1202 2769 1331 2814 nium,
1363 2776 1399 2804 et
1434 2776 1565 2803 tonum
1595 2778 1662 2813 per
1693 2767 1720 2799 B
1751 2761 1968 2798 rotundum.
1996 2764 2071 2798 Cur
2101 2774 2190 2810 ergo

1197 2828 1417 2877 judicantur
1446 2838 1524 2862 esse
1553 2823 1751 2867 secundae?
1786 2821 1960 2858 Similiter
1996 2821 2092 2856 hanc
2126 2834 2193 2856 an-

1201 2888 1416 2937 tiphonam,
1450 2903 1463 2916 <r
1497 2888 1572 2921 Nos
1608 2883 1672 2931 qui
1702 2881 1862 2916 vix-imus
1885 2908 1895 2923 ,
1930 2898 1944 2912 υ
1985 2879 2191 2916 secundum

1201 2946 1305 2996 quod
1338 2946 1414 2982 fere
1442 2943 1581 2991 ubique
1610 2949 1793 2985 cantatur,
1821 2953 1905 2976 cum
1933 2939 2191 2988 principaliter

1200 3020 1241 3042 ac
1267 3004 1422 3054 proprie
1441 3001 1631 3039 terminari
1652 2999 1785 3036 habeat
1805 2999 1841 3035 in
1858 3003 1904 3045 D,
1921 3007 1956 3035 et
1974 2998 2019 3034 sit
2038 2997 2191 3033 secundi

1200 3066 1292 3110 toni,
1312 3071 1444 3099 notant
1459 3074 1538 3098 eam
1556 3060 1676 3108 iniqui
1690 3059 1996 3108 praevaricatores
2010 3057 2047 3092 in
2069 3059 2101 3094 G
2122 3069 2191 3105 per

1199 3129 1227 3161 B
1248 3122 1451 3160 rotundum
1471 3150 1479 3165 ,
1513 3129 1548 3156 et
1567 3127 1801 3156 sacramento
1820 3124 1988 3153 asserunt
2008 3128 2087 3150 eam
2109 3127 2187 3150 esse

1201 3183 1325 3220 octavi
1346 3182 1446 3227 toni⁷
1464 3181 1550 3217 licet
1572 3179 1673 3228 apud
1700 3177 1849 3214 eosdem
1868 3178 1899 3213 G
1918 3188 1986 3224 per
2005 3178 2031 3210 B
2052 3182 2186 3209 rotun-

1203 3243 1292 3279 dum
1314 3242 1439 3290 potius
1461 3240 1592 3289 primae
1611 3251 1721 3287 quam
1743 3243 1882 3284 quartae
1911 3233 2084 3269 rnaneriae
2101 3245 2190 3268 can-

1204 3311 1262 3338 tus
1289 3300 1476 3337 terminet.
1496 3298 1607 3346 Quis,
1626 3297 1782 3333 obsecro
1796 3322 1805 3338 ‚
1827 3293 1991 3330 musicus
2006 3291 2191 3341 patienter
