2533 3920
361 191 437 228 359

1123 184 1156 218 S.
1188 182 1439 218 RERNARDI
1471 180 1670 216 ABRATIS

2370 175 2445 213 360

360 268 466 305 venis
483 266 634 313 merita,
652 265 718 302 sed
736 263 935 314 praevenis.
956 264 1096 299 Omnes
1114 257 1548 310 peccavi¹m1s‚·³'etesia
1576 254 1666 306 pati.
1698 256 1787 289 Haec
1815 252 1926 302 plane
1952 251 2071 300 gloria
2104 264 2186 288 mca
2211 259 2248 287 ct
2278 252 2445 289 exaltans

361 338 398 366 et
417 341 570 378 egemus
598 324 814 377 praeveniri.
836 327 892 360 Tu
921 335 1033 372 ergo,
1051 321 1188 366 frater,
1209 332 1370 369 agnosce
1389 320 1416 353 A
1436 324 1551 367 caput
1575 327 1723 360 meum,
1739 313 1916 350 Ecclesiae
1935 311 2163 361 triumphus.
2184 315 2277 349 Nam
2301 313 2331 348 si
2355 314 2446 351 socii

362 399 398 427 te
419 396 656 439 praeventum
674 415 684 432 ,
707 394 743 422 et
764 391 1002 435 praeventum
1023 383 1061 418 in
1087 379 1364 418 benedictioni-

361 449 432 486 bus
450 447 680 492 dulcedinis,
698 458 776 482 non
794 458 814 481 a
832 457 892 480 me
912 442 977 493 qui
994 442 1089 478 nihil
1105 453 1189 478 sum
1203 469 1212 487 ,
1236 439 1301 477 sed
1321 438 1369 475 ab

361 510 427 545 illo
445 508 510 557 qui
530 520 588 543 me
603 535 612 552 ‚
634 514 677 542 ut
695 505 742 541 de
761 513 824 540 tua
844 512 879 539 te
898 503 1016 539 salute
1034 514 1250 546 monerem,
1275 498 1371 548 aspi-

363 569 484 606 rando
506 566 703 617 praevenit.
722 569 815 602 Bam
843 572 884 600 ut
903 563 1063 599 multum
1090 560 1181 597 mihi
1207 559 1368 603 tribuas,

362 632 554 681 plantator
577 641 658 665 sum
674 656 683 673 ,
701 626 842 675 rigator
862 638 945 661 sum
965 638 971 660 :
995 623 1138 671 absque
1161 622 1227 657 illo
1246 629 1370 656 tamen

362 691 428 741 qui
467 691 744 726 incrementum
780 685 865 731 dat,
896 684 988 734 quid
1024 684 1133 720 sum?
1159 682 1232 732 ipsi
1262 689 1297 717 te
1331 680 1369 716 in

362 751 465 788 omni
483 749 696 786 humilitate
724 745 927 795 subjicias,
956 744 1028 793 ipsi
1060 751 1138 779 tota
1165 741 1370 778 devotione

363 811 557 847 inhaereas.
588 812 646 844 Me
667 820 759 843 vero
784 814 892 841 utere
921 803 1003 852 ejus
1026 816 1137 839 servo
1151 829 1160 846 ,
1182 813 1368 837 conservo

364 882 429 908 tuo
445 901 455 918 ,
474 871 611 907 comite
632 870 669 905 in
688 869 749 904 via
764 896 773 912 ,
797 865 995 903 coliaeredc
1013 865 1141 900 futuro
1159 863 1195 898 in
1216 861 1338 911 patria
1358 875 1365 897 :

362 934 390 969 si
422 942 547 968 tamen
579 928 852 967 studiosissime
878 926 1089 975 implevero
1117 922 1367 959 ministerium

362 993 409 1029 ad
428 991 531 1041 quod
552 989 617 1026 tibi
638 989 772 1024 missus
789 1000 894 1031 sum,
915 985 1029 1034 idque
1046 991 1233 1032 quantum
1250 981 1288 1016 in
1307 994 1368 1016 me

362 1060 418 1088 est
442 1051 605 1086 effecero
622 1077 632 1093 ,
652 1056 692 1084 ut
714 1045 977 1083 haereditatem
1003 1042 1130 1092 capias
1147 1040 1289 1077 salutis.
1309 1038 1368 1075 Ad
1390 1037 1417 1071 B
1439 1046 1681 1088 amputatum
1698 1044 1756 1073 est
1774 1044 2010 1073 sarmentum
2025 1035 2180 1082 inutile,
2198 1043 2310 1085 putre
2331 1047 2450 1072 mem·
2499 1058 2503 1065 ·

362 1125 405 1148 ea
432 1111 478 1147 de
508 1108 646 1159 quibus
675 1114 832 1157 questus
858 1117 897 1141 es
914 1133 923 1150 ,
956 1105 1006 1140 ita
1033 1100 1260 1151 respondeo.
1296 1102 1368 1136 Ne-

362 1171 552 1208 cessitates
582 1178 664 1206 tuas
691 1176 734 1204 ut
761 1180 862 1203 meas
888 1163 1075 1216 portabO,
1096 1175 1182 1200 cum
1212 1173 1367 1197 venero.

360 1315 1374 1335 =================================================================

511 1426 892 1487 EPISTOLA
935 1420 1244 1484 CXLVII.a

483 1595 530 1616 An
558 1592 703 1615 PETRUM
732 1589 901 1612 ABBATEM
925 1586 1206 1610 CLUNIACENSEM
1224 1572 1254 1609 *.

366 1714 474 1741 Petrus
493 1707 685 1740 Bernardum
699 1731 706 1743 ,
726 1715 855 1748 peregre
883 1704 963 1735 inter
985 1702 1087 1734 varios
1103 1707 1133 1733 et
1158 1700 1297 1732 difficiles
1317 1711 1374 1743 pro

412 1764 547 1796 Ecclesia
560 1762 682 1793 labores
702 1765 841 1801 agentem
855 1783 862 1795 ‚
881 1758 976 1788 misso
992 1756 1138 1788 Gebuino
1155 1755 1374 1786 archidiacono

1436 377 1576 413 suimus
1599 374 1761 419 laboris,
1783 373 1925 409 erimus
1950 380 1987 408 et
2011 372 2296 408 consolationis.
2323 373 2446 410 Colla-

1435 434 1652 472 horandum
1672 433 1744 470 fuit
1771 441 1809 469 et
1837 430 2149 481 compatiendum
2177 431 2307 477 matri,
2337 444 2384 468 ne
2409 441 2446 469 et

1437 496 1483 533 (lc
1518 495 1629 532 nobis
1660 501 1900 544 quereretur,
1940 491 2070 528 dicens
2099 506 2106 528 :
2141 493 2217 538 Qui
2239 497 2358 538 μαι-ια
2389 506 2447 529 me

1438 566 1565 602 erant,
1588 558 1634 592 de
1655 558 1763 604 longe
1789 562 1987 597 steterunt,
2010 562 2046 589 et
2069 553 2145 589 vim
2160 551 2360 600 faciebant
2384 558 2448 602 qui

1438 617 1661 667 (fluerebllnt
1677 620 1847 651 (llll’lllalll
1870 627 1991 650 meam
2010 620 2035 648 Ι.

1491 680 1525 716 2.
1548 682 1630 715 Deo
1648 685 1774 713 autem
1799 675 1957 725 gratias,
1976 673 2041 723 qui
2058 672 2162 710 dedit
2177 672 2211 709 ei
2225 672 2421 710 victoriam
2435 701 2445 718 ,

1437 738 1653 776 honestavit
1676 750 1757 773 eam
1786 736 1822 772 in
1855 733 2072 780 laboribus,
2101 741 2139 770 et
2163 733 2370 783 complevit
2394 734 2447 771 la—

1437 799 1550 835 bores
1569 797 1684 834 illius.
1709 795 1878 833 Tristitia
1906 802 2035 830 nostra
2054 793 2093 830 in
2118 791 2319 843 gaudium,
2337 800 2374 828 et
2390 793 2458 829 lu·-

1437 868 1519 895 ctus
1537 867 1667 894 noster
1682 857 1720 893 in
1740 856 1920 892 citharam
1939 867 2073 891 versus
2087 862 2155 891 est.
2173 853 2305 890 Hiems
2327 861 2448 890 trans-

1436 919 1500 964 iit,
1526 917 1650 954 imber
1673 916 1765 953 abiit
1790 925 1828 952 ct
1858 915 2032 961 recessit,
2050 915 2164 952 flores
2189 923 2449 964 apparuerunt
2500 938 2504 947 .

1436 980 1474 1015 in
1508 987 1609 1014 terra
1648 985 1797 1023 nostra,
1836 985 1989 1026 tempus
2023 974 2233 1026 putationis
2270 973 2447 1020 advenit,

1436 1098 1563 1135 brum.
1582 1097 1669 1143 Ille,
1686 1097 1749 1133 ille
1771 1096 1926 1146 iniquus
1942 1096 2007 1145 qui
2024 1108 2184 1146 peccare
2200 1095 2289 1132 fecit
2309 1096 2448 1143 Israel,

1437 1167 1560 1195 morte
1584 1157 1788 1208 absorptus
1810 1157 1907 1204 estss,
1931 1165 1969 1193 et
1991 1155 2189 1194 traductus
2213 1156 2252 1192 in
2276 1164 2449 1194 ventrem

1436 1219 1559 1256 inferi.
1597 1222 1754 1258 Fecerat
1793 1218 1937 1268 quippe
1975 1216 2188 1254 secundum
2219 1216 2446 1266 prophetam

1439 1288 1594 1330 pactum
1631 1293 1717 1316 cum
1759 1287 1902 1326 morte,
1941 1287 1979 1315 et
2015 1291 2102 1314 cum
2138 1277 2290 1313 inferno
2330 1277 2451 1314 foedus

1439 1340 1575 1376 inierat
1588 1345 1600 1360 ³
1626 1354 1634 1376 ε
1662 1339 1847 1390 ideoque,
1860 1338 1971 1388 juxta
1986 1337 2242 1384 Ezechielem,
2260 1337 2381 1374 factus
2397 1346 2451 1374 est

1440 1400 1628 1451 perditio,
1665 1408 1703 1437 et
1731 1413 1809 1437 non
1847 1398 2018 1436 subsistit
2050 1399 2089 1435 in
2118 1406 2318 1435 aeternum.
2347 1397 2452 1434 Alius

1440 1473 1594 1510 quoque
1617 1460 1790 1497 omnium
1807 1459 1904 1496 sicut
1919 1458 2126 1504 maximus,
2145 1458 2198 1494 ita
2214 1465 2252 1494 et
2266 1457 2453 1507 pessimus

1439 1521 1636 1565 inimicus,
1657 1520 1844 1558 abscissus
1861 1519 2111 1556 nihilominus
2126 1526 2183 1555 est
2193 1517 2223 1555 *.
2247 1521 2296 1554 Et
2315 1517 2347 1554 is
2373 1526 2452 1554 erat

1440 1595 1539 1619 unus
1564 1596 1611 1619 ex
1642 1582 1772 1619 amicis
1803 1581 1999 1627 Ecclesiae,
2028 1579 2094 1617 sed
2120 1579 2213 1626 illis,
2243 1578 2290 1615 de
2314 1577 2453 1628 quibus

1982 1643 2111 1676 Amici
2137 1643 2212 1675 mei
2231 1647 2268 1674 et
2285 1642 2452 1687 proximi
2493 1655 2502 1681 *p

1441 1643 1539 1679 solet
1566 1642 1696 1692 queri,
1725 1650 1762 1678 et
1792 1641 1919 1678 dicere
1946 1656 1953 1677 τ

1442 1708 1516 1738 mei
1542 1706 1737 1738 adversum
1766 1716 1825 1738 me
1851 1705 2251 1750 appropinquaverunt
2277 1708 2312 1734 et
2344 1707 2453 1734 stete-
2492 1689 2520 1732 *³2¹

1441 1772 1528 1798 runt
1541 1761 1567 1799 3.
1585 1763 1620 1800 Si
1636 1763 1702 1812 qui
1717 1770 1880 1807 restant,
1899 1761 1974 1797 cito
1991 1772 2189 1810 speramus
2205 1758 2252 1795 de
2269 1757 2453 1795 similibus
2492 1786 2494 1788 v

410 1818 557 1850 Trecensi
574 1816 751 1847 consolatus
765 1814 877 1844 fuerat.
900 1813 974 1854 Ejus
988 1812 1093 1852 itaque
1111 1810 1299 1841 benevolum
1313 1809 1375 1840 ani·
1393 1823 1419 1859 C
1440 1823 1539 1860 idem
1553 1822 1754 1873 judicium.
1772 1827 1896 1872 Prope
1917 1830 1973 1858 est
1996 1829 2039 1858 ut
2062 1828 2233 1857 revertar
2249 1818 2296 1856 ad
2321 1819 2455 1855 fratres

412 1884 499 1903 mum
528 1870 709 1902 suavissime
726 1867 853 1903 recolit,
878 1872 908 1898 et
934 1865 1102 1897 feliciorem
1133 1863 1284 1895 exstincto
1310 1864 1375 1906 jain

413 1927 577 1958 schismate
590 1924 734 1957 Ecclesiae
747 1929 861 1954 statum
875 1921 1032 1963 praedicat.

366 2046 532 2083 Domino
555 2053 593 2081 et
617 2044 715 2094 patri
744 2040 1062 2079 reverendissimo
1083 2043 1209 2076 szo
1226 2037 1376 2075 Clunia·

421 2106 524 2143 censi
546 2105 693 2149 abbati,
719 2116 809 2140 suus
825 2106 1049 2139 BERNARDUS
1064 2129 1074 2146 ‚
1099 2100 1204 2150 quod
1220 2112 1322 2136 suus.

428 2235 455 2271 l.
486 2233 622 2271 Visitct
643 2240 677 2268 te
695 2230 830 2268 Oriens
855 2242 900 2265 ex
919 2229 1014 2275 alto,
1031 2241 1054 2264 o
1072 2227 1172 2264 bone
1194 2227 1269 2272 vir,
1291 2226 1381 2275 quia

368 2295 528 2331 visitasti
550 2306 610 2329 me
631 2293 669 2328 in
689 2300 789 2327 terra
814 2289 959 2335 aliena,
983 2297 1021 2324 et
1046 2289 1084 2324 in
1105 2288 1191 2323 loco
1208 2287 1381 2337 peregri-

369 2355 533 2391 nationis
550 2366 642 2390 meae
663 2351 881 2389 consolatus
896 2363 935 2386 es
952 2362 1024 2385 me.
1042 2352 1143 2385 Bene
1160 2348 1299 2393 fecisti,
1318 2347 1380 2383 in—

370 2414 541 2463 telligens
569 2424 685 2461 super
715 2422 878 2459 egenum
907 2416 945 2444 et
982 2418 1204 2457 pauperem.
1235 2405 1383 2443 Absens

369 2487 491 2517 eram,
515 2480 552 2508 et
575 2470 710 2508 absens
736 2470 849 2505 etiam
878 2468 994 2517 longo
1025 2475 1220 2516 tempore;
1247 2474 1285 2502 et
1320 2478 1382 2501 re-

369 2533 548 2570 cordatus
565 2544 605 2568 es
628 2529 795 2568 nominis
819 2528 913 2574 mei,
930 2528 1047 2564 homo
1065 2539 1244 2575 magnus,
1264 2538 1382 2561 occu—

372 2602 481 2643 patus
511 2592 548 2629 in
586 2591 744 2640 magnis.
775 2588 1003 2626 Benedictus
1033 2595 1185 2623 sanctus
1229 2585 1383 2634 angelus
1402 2595 1436 2628 D

372 2662 477 2698 tuus,
496 2653 559 2702 qui
577 2652 642 2701 pio
668 2650 814 2700 pectori
838 2657 903 2685 tuo
930 2647 968 2683 id
994 2646 1177 2695 suggessit
1194 2660 1201 2682 :
1219 2645 1380 2682 benedi-

371 2723 454 2750 ctus
477 2716 576 2749 Deus
593 2719 735 2755 noster,
756 2709 821 2758 qui
840 2706 1040 2758 persuasit.
1055 2709 1113 2742 En
1135 2713 1258 2750 tenco,
1278 2704 1381 2741 unde

372 2773 512 2823 glorier
544 2770 646 2820 apud
679 2778 899 2813 extraneos,
925 2767 1069 2802 litteras
1099 2773 1200 2811 tuas,
1233 2773 1271 2800 ct
1299 2764 1381 2801 illas

373 2835 516 2870 litteras
538 2832 577 2867 in
602 2829 741 2879 quibus
768 2837 869 2864 tuam
895 2827 986 2863 milii
1009 2826 1174 2862 animam
1199 2824 1379 2861 effudisti.

373 2892 527 2932 Glorior
542 2890 647 2939 quod
663 2888 801 2925 habeas
817 2900 876 2923 mc
894 2899 973 2922 non
994 2884 1109 2921 modo
1125 2884 1163 2920 in
1180 2884 1378 2931 memoria,

373 2952 438 2988 scd
456 2960 493 2987 et
513 2951 551 2987 in
576 2949 707 2999 gratia.
734 2947 888 2986 Glorior
904 2945 1105 2996 privilegio
1130 2943 1269 2980 amoris
1298 2945 1376 2991 tui,

375 3013 538 3049 resectus
562 3023 645 3047 sum
669 3009 715 3045 de
736 3006 970 3044 abundantia
995 3004 1189 3042 suavitatis
1214 3005 1379 3053 pectoris

377 3073 441 3109 tui.
464 3075 549 3109 Non
569 3070 692 3107 solum
710 3077 855 3114 autem,
873 3066 938 3103 sed
965 3074 1003 3102 ct
1025 3065 1168 3114 glorior
1192 3065 1229 3100 in
1255 3064 1379 3101 tribu-

375 3130 598 3177 lationibus,
621 3129 652 3166 si
673 3141 767 3178 quas
787 3126 924 3177 dignus
942 3124 1092 3162 habitus
1108 3137 1190 3161 sum
1213 3138 1284 3175 pro
1306 3128 1379 3161 Ec—

1442 1896 1569 1929 meos,
1595 1883 1625 1919 si
1652 1883 1729 1919 vita
1752 1895 1879 1919 comes
1905 1881 2039 1927 fuerit,
2065 1893 2136 1930 per
2159 1892 2246 1925 vos,
2274 1879 2371 1915 sicut
2397 1878 2454 1914 in-

1443 1942 1578 1989 tendO,
1594 1943 1834 1979 transiturus.
1852 1941 2012 1979 Interim
2030 1938 2261 1977 commendo
2282 1951 2342 1975 me
2369 1951 2452 1974 san-

1443 2002 1511 2038 ctis
1529 2001 1768 2039 orationibus
1790 2002 1938 2039 vestris.
1955 2001 2170 2039 Salutamus
2198 2000 2352 2036 fratrem
2370 2002 2453 2036 Hu—

1442 2076 1580 2113 gonem
1619 2063 1896 2109 Camerarium,
1926 2070 1963 2099 et
1993 2074 2126 2098 omnes
2162 2060 2229 2111 qui
2260 2060 2360 2097 circa
2386 2070 2454 2095 vos
2486 2075 2509 2096 ε-

1445 2133 1553 2172 sunt,
1581 2138 1667 2161 cum
1698 2124 1847 2173 reliqua
1874 2131 2004 2160 sancta
2032 2120 2289 2159 multitudine.

1444 2271 1629 2281 ηννινιικεννι·
1634 2271 1674 2280 ἰιι
1678 2271 1704 2280 ιι
1708 2272 1718 2280 ι
1722 2270 1906 2280 ννιινυυωινιιι
1911 2271 1936 2279 νι
1940 2271 1966 2280 νς
1970 2270 2053 2279 §manv-n
2057 2268 2315 2279 =u=m=»v=nss====
2320 2266 2384 2276 »55⁸⁸
2389 2266 2398 2275 ι
2403 2266 2412 2275 =
2416 2265 2456 2276 ss»
2486 2268 2487 2271 =
2507 2270 2510 2275 .

1570 2377 1944 2436 EPISTOLA
2003 2363 2347 2435 CXLv111.¹'

1829 2533 1875 2556 AD
1903 2533 2077 2556 EUMDEM.

1482 2649 1592 2680 Paucis
1620 2652 1711 2681 Petro
1735 2648 1920 2692 respondet,
1940 2649 2032 2691 plura
2053 2648 2086 2680 in
2110 2647 2204 2680 aliam
2230 2647 2423 2680 occasionem

1837 2715 2018 2736 reservans.

1448 2822 1616 2859 Domino
1642 2827 1768 2860 Pmno
1791 2824 1920 2862 abbati
1937 2825 2196 2870 Cluniaoensi,
2210 2828 2450 2870 Bmzmnnus,

1636 2883 1776 2921 humile
1799 2885 2013 2922 dilectionis
2029 2883 2270 2934 obsequium.

1498 3009 1622 3046 Lectis
1639 3010 1774 3048 litteris
1789 3013 1926 3049 vestris
1946 3012 2094 3049 laetatus
2110 3023 2193 3048 sum
2210 3010 2250 3046 in
2265 3009 2338 3056 eis,
2352 3005 2452 3059 quod

1446 3069 1635 3106 tantillum
1672 3070 1850 3109 videlicet
1886 3080 2014 3109 tantus
2050 3071 2090 3108 in
2126 3066 2453 3107 benedictionibus

1446 3128 1658 3168 dulcedinis
1674 3132 1887 3182 praevenire
1904 3131 2075 3170 curastis.
2097 3133 2283 3169 Caeterum
2301 3126 2450 3167 videndi

426 3271 433 3285 ¹
454 3264 534 3296 Psal.
549 3273 684 3301 xxxvu,
705 3265 764 3298 12,
788 3264 841 3292 13.
856 3279 901 3283 -—
920 3265 932 3281 ²
951 3259 1021 3291 lsai.
1035 3270 1143 3289 xxvui
1157 3282 1164 3296 ,
1196 3262 1247 3290 15.
1264 3277 1306 3281 -
1327 3257 1340 3281 3
1357 3261 1437 3292 Psal.
1454 3273 1588 3301 xxxvii,
1609 3268 1658 3295 12.

424 3330 436 3345 Ξ·
456 3323 575 3365 Scripta
595 3331 677 3353 anno
693 3321 806 3354 Christi
831 3323 929 3351 1138.
947 3339 992 3342 ——
1009 3313 1024 3335 ¹¹
1038 3319 1157 3361 Scripta
1186 3319 1270 3349 circa
1289 3320 1431 3352 cumdem
1454 3332 1580 3353 annum.
