2517 3920
349 199 447 236 1159

1103 198 1139 232 S.
1170 195 1420 231 BERNARDI
1449 191 1651 228 ABBATIS

2316 188 2416 225 1160

346 279 471 315 sultat.
492 275 679 314 Nimirum
700 286 798 310 unus
814 286 947 309 eorum
965 281 1039 317 est,
1062 271 1201 322 quibus
1217 271 1348 309 Domi-
1362 269 1493 304 ⁴⁰²haec
1507 267 1541 313 4,
1572 280 1640 303 nec
1662 279 1734 302 nos
1767 265 1893 302 dicere
1923 268 2140 315 oporteret!
2172 264 2315 301 utinam
2347 279 2418 302 nec

345 351 416 375 nus
444 337 494 374 ait
522 350 530 372 :
563 337 630 370 Voe
651 333 753 370 vobis
773 337 837 382 qui
862 335 991 369 ridetis
1019 346 1138 378 nune,
1169 336 1343 380 quoniam
1362 331 1393 363 A
1414 326 1626 363 dicentibus
1645 325 1884 372 crederetur,
1899 326 2003 375 quod
2021 326 2228 362 humanum
2248 324 2417 374 aliquan-

335 397 479 446 flebitis
496 403 518 432 ¹.
548 394 751 433 Pecuniam
765 423 774 439 ,
792 406 870 429 non
888 392 1072 441 justitiam
1091 390 1344 440 concupiscit3

346 457 447 495 oculi
469 455 552 505 ejus
574 468 687 492 omne
718 453 878 490 sublime
906 451 1050 489 vident.
1080 449 1347 488 Insatiabiliter

345 518 463 556 esurit
478 516 695 566 dignitates,
710 514 867 563 gloriam
885 512 962 549 sitit
976 512 1192 547 humanam.
1208 508 1345 546 Procul

347 578 395 616 ab
421 591 467 614 eo
493 574 760 613 misericordiae
789 573 934 609 viscera
963 586 970 607 :
1001 571 1133 607 saevire
1159 569 1285 618 potius
1309 576 1346 604 et

347 647 552 687 tyrannum
578 633 756 671 exhibere
780 632 947 675 laetatur,
976 637 1160 679 quaestum
1186 628 1345 664 aestimat

346 698 538 749 pietatem.
556 693 656 742 Quid
677 692 722 728 de
738 690 921 727 munditia
943 689 1068 726 cordis
1085 689 1243 737 loquar?
1260 687 1345 725 Uti—

346 771 432 794 nam
460 769 536 793 non
554 753 646 790 illud
665 751 848 788 oblivioni
869 749 1032 786 dedisset
1052 757 1229 797 tanquam
1247 760 1346 783 mor-

347 827 432 855 tuus
449 830 470 853 a
486 814 619 853 corde!
638 812 781 848 utinam
796 823 872 846 non
886 817 983 845 esset
999 807 1175 844 columba
1191 807 1346 843 seducta

347 891 425 914 non
449 875 595 913 ‘habens‘
613 874 698 909 cor!
723 870 867 906 utinam
890 877 987 905 esset
1003 867 1109 917 quod
1128 868 1186 904 vel
1205 866 1346 903 deforis

346 947 402 975 est
419 934 604 974 mundum
617 962 627 978 ‚
652 945 720 968 nec
740 944 783 967 ea
807 943 892 979 quae
917 928 1125 978 corporalis
1144 936 1200 964 est
1217 941 1346 964 macu-

344 1000 419 1035 lata
439 995 567 1033 tunica
583 992 821 1030 inveniretur
838 1018 847 1035 ,
876 999 917 1026 ut
936 989 1110 1026 obediret
1136 989 1195 1024 vel
1217 989 1254 1024 in
1276 988 1346 1024 hac

345 1065 451 1109 parte
483 1053 623 1091 dicenti
654 1067 661 1088 :

344 1119 497 1154 Domini
512 1122 538 1151 ².

701 1236 877 1275 CAPUT
906 1235 998 1274 XX.

384 1364 495 1407 Arguit
514 1361 739 1394 incontinentes
750 1384 757 1398 ,
773 1358 826 1401 qui
844 1369 948 1390 sacros
965 1359 1098 1390 Ordines
1112 1359 1309 1402 impudenter

646 1421 796 1446 temerare
812 1424 875 1444 non
895 1419 1052 1444 verentur.

401 1526 463 1563 34.
493 1528 577 1562 Non
604 1534 824 1559 accusamus
852 1520 1157 1568 universitatem,
1183 1522 1248 1558 sed
1281 1535 1350 1558 nec

346 1584 630 1623 universitatem
657 1594 860 1632 possumus
877 1594 1069 1618 excusare.
1093 1582 1262 1631 Reliquit
1279 1581 1350 1619 sibi

346 1645 535 1683 Dominus
551 1644 671 1680 multa
690 1642 822 1678 millia.
838 1642 1020 1691 Alioquin
1036 1642 1106 1678 nisi
1125 1656 1259 1678 eorum
1280 1655 1349 1679 nos

348 1703 701 1753 excusaretjustitia
714 1733 723 1749 ,
741 1712 776 1739 et
792 1703 885 1739 illud
901 1702 1010 1739 nobis
1026 1715 1156 1738 semen
1176 1711 1349 1739 sanctum

350 1766 539 1804 Dominus
569 1763 725 1801 sabaoth
755 1763 990 1812 reliquisset,
1023 1762 1111 1798 olim
1140 1761 1219 1811 jam
1254 1763 1351 1799 sieut

1415 388 1465 423 do
1494 386 1739 436 occupaverit
1770 386 1938 422 animum
1963 395 2037 422 tam
2067 384 2324 422 abominanda
2345 399 2418 421 cu-

1413 447 1504 496 pido
1520 450 1527 483 l

1467 508 1528 543 35.
1551 507 1745 556 ‘Numquid
1766 520 1841 543 non
1870 507 1960 542 olim
1980 506 2150 542 civitates
2178 505 2271 551 illae,
2302 518 2417 555 spur-

1413 566 1508 602 citiae
1523 565 1636 615 hujus
1651 574 1790 602 matres
1803 595 1812 611 ,
1828 565 1959 601 divino
1974 564 2242 615 praedainnatae
2255 563 2418 612 Judicio‚

1412 634 1449 662 et
1466 626 1645 662 incendio
1664 634 1751 662 sunt
1773 625 1905 661 deletae
1919 623 1959 660 ⁵?
1978 624 2172 673 Numquid
2186 637 2265 660 non
2283 623 2420 673 gehen-

1412 686 1506 722 nalis
1518 687 1670 722 flamma
1683 699 1827 722 moram
1839 698 1916 721 non
1930 685 2133 729 sustinens,
2147 683 2420 721 exsecrabilem

1411 746 1514 782 illam
1541 747 1728 796 praevenit
1761 747 1897 782 tollere
1928 746 2123 782 nationem
2135 774 2144 791 ,
2175 744 2280 794 quod
2299 744 2420 794 ipsius

1412 807 1624 856 specialiter
1639 815 1764 843 essent
1780 815 1935 856 peccata
1952 805 2150 842 manifesta
2163 804 2421 855 praecedentia

1412 866 1459 902 ad
1485 866 1702 916 judicium?
1727 865 1922 915 Numquid
1947 879 2025 902 non
2055 874 2092 901 et
2119 866 2260 915 ipsam,
2285 872 2420 913 utpote

1413 926 1602 962 consciam
1617 934 1731 962 tantae
1748 926 2002 972 confusionis,
2021 926 2194 962 tellurem
2209 924 2420 974 absumpsit

1411 985 1524 1035 ignis,
1543 987 1683 1031 sulfur,
1701 995 1738 1022 et
1755 986 1910 1035 spiritus
1927 986 2210 1035 procellarum?
2227 985 2420 1034 Numquid

694 1053 941 1086 Blandamini
959 1078 969 1096 ,
1006 1053 1071 1097 qui
1100 1046 1213 1095 sertis
1250 1061 1346 1084 vasa
1364 1050 1392 1084 B
1412 1059 1488 1081 non
1505 1046 1544 1081 in
1559 1046 1683 1082 lacum
1702 1045 1925 1082 horribilem
1947 1046 2072 1082 solum
2091 1058 2204 1081 omne
2223 1044 2419 1081 redactum
2447 1059 2457 1067 ·

1417 1107 1497 1143 est?
1516 1110 1723 1155 Amputata
1741 1114 1827 1142 sunt
1844 1105 1976 1155 hydrae
1997 1106 2120 1156 capita
2141 1106 2311 1155 quinque
2324 1134 2334 1150 ,
2355 1104 2420 1141 sed

1417 1167 1491 1203 heu
1522 1167 1721 1204 innumera
1750 1175 2011 1204 surrexerunt.
2047 1167 2140 1215 Quis
2174 1166 2420 1203 reaedificavit

1417 1227 1532 1264 urbes
1547 1228 1677 1278 flagitii
1689 1230 1703 1264 Ρ
1717 1228 1801 1277 quis
1816 1227 2064 1277 turpitudinis
2076 1228 2215 1264 moenia
2230 1227 2424 1263 dilatavit?

1415 1287 1500 1337 quis
1520 1287 1692 1324 extendit
1712 1288 1943 1338 propagines
1966 1278 2201 1324 virulentas?
2220 1291 2305 1334 Vae,
2330 1301 2388 1324 vae
2403 1315 2414 1332 ‚

1416 1347 1591 1385 inimicus
1620 1348 1820 1384 hominum
1848 1348 2005 1384 sulfurei
2036 1347 2139 1384 illius
2162 1347 2330 1384 incendii
2356 1361 2421 1384 re-

1416 1407 1552 1457 liquias
1578 1408 1748 1445 infelices
1773 1409 2068 1457 circumquaque
2090 1407 2288 1457 dispersit,
2318 1420 2423 1444 exse-

1418 1460 1549 1505 crabili
1578 1469 1643 1506 illo
1669 1469 1794 1506 cinere
1822 1469 1998 1506 Ecclesiae
2025 1482 2165 1518 eorpus
2185 1469 2361 1518 aspersit,
2385 1477 2423 1505 et

1416 1529 1587 1578 ipsorum
1620 1544 1775 1580 quoque
1803 1530 2066 1566 ministrorum
2099 1528 2182 1578 ejus
2215 1529 2424 1565 nonnullos

1417 1589 1519 1625 sanie
1538 1589 1759 1626 fetidissima
1777 1590 2097 1640 spurcissimaque
2112 1589 2304 1639 respersit.
2316 1592 2398 1625 Heu
2413 1591 2422 1625 !

1416 1661 1535 1697 genus
1555 1649 1740 1695 electum,
1765 1650 1889 1699 regale
1919 1648 2194 1695 sacerdotium,
2217 1662 2307 1698 gens
2336 1662 2423 1684 san-

1416 1718 1492 1755 eta,
1523 1710 1691 1760 populus
1721 1711 2006 1759 acquisitionis,
2030 1711 2115 1759 quis
2141 1710 2240 1748 inter
2265 1718 2327 1746 tua
2356 1709 2420 1745 illa

1416 1770 1627 1819 primordia
1652 1779 1727 1807 tam
1749 1771 1875 1807 dix-ina
1889 1800 1898 1817 ‚
1922 1779 1959 1807 et
1978 1769 2238 1820 spiritualibus
2259 1770 2421 1806 affluen-

351 1825 516 1864 Sodoma
541 1822 713 1860 SUbVCPSi
732 1835 918 1868 CSSfflffllb'a
950 1829 987 1857 θῑ
1010 1821 1106 1857 Sicut
1131 1822 1348 1859 GOmOI'Yhss
1370 1836 1396 1870 C
1419 1838 1491 1866 tem
1512 1831 1802 1867 charismatibus
1823 1831 2037 1867 christianae
2057 1831 2250 1880 religionis
2271 1839 2418 1874 ortum,

350 1885 524 1923 similiter
539 1883 793 1933 periissemus.
815 1882 978 1919 Dilatata
995 1881 1181 1931 siquidem
1198 1881 1351 1918 videtur

350 1945 535 1990 Ecclesia3
556 1944 636 1994 ipse
663 1943 774 1980 etiam
799 1942 889 1979 cleri
916 1942 1189 1979 sacratissimus
1210 1943 1313 1980 Ordo
1339 1957 1346 1979 ε

351 2007 510 2043 fratrum
537 2016 719 2040 numerus
747 2016 861 2052 super
888 2015 1090 2039 numerum
1119 2003 1348 2051 multiplica-

351 2075 411 2103 tus
425 2065 665 2102 est*.Verum
683 2063 751 2099 etsi
765 2062 1023 2112 multiplicasti
1039 2071 1203 2111 gentem,
1219 2063 1352 2099 Domi-

349 2140 410 2172 ne,
429 2139 506 2162 non
528 2123 950 2174 magnificastilaetitiam
965 2152 974 2168 ,
998 2123 1088 2159 dum
1109 2123 1200 2159 nihil
1226 2123 1352 2160 minus

351 2193 510 2235 apparet
530 2184 730 2221 decessisse
753 2183 899 2228 meriti,
923 2196 1037 2232 quam
1064 2184 1213 2220 numeri
1230 2197 1352 2220 acces-

351 2246 453 2282 sisse.
485 2244 658 2282 Curritur
691 2243 830 2293 passim
863 2242 909 2278 ad
938 2256 1064 2279 sacros
1095 2243 1278 2288 Ordines,
1315 2252 1352 2280 et

351 2305 562 2342 reverenda
582 2304 672 2354 ipsis
690 2317 844 2353 quoque
866 2303 1062 2353 spiritibus
1084 2304 1261 2353 angelicis
1278 2304 1351 2340 mi—

350 2366 503 2402 nisteria
518 2365 690 2401 homines
710 2363 1004 2413 apprehendunt
1025 2365 1105 2401 sine
1123 2365 1349 2409 reverentia,

351 2427 431 2464 sine
454 2425 771 2462 consideratione.
796 2428 926 2474 Neque
952 2425 1052 2461 enim
1076 2425 1224 2474 signum
1246 2424 1352 2474 regni

351 2498 538 2535 occupare
575 2484 736 2521 coelestis
758 2512 768 2529 ,
805 2492 869 2520 aut
904 2484 1004 2520 illius
1038 2484 1171 2521 timent
1202 2484 1352 2535 imperii

350 2554 496 2595 gestare
522 2557 726 2589 coronam,
763 2543 802 2579 in
836 2543 975 2592 quibus
1008 2544 1165 2580 avaritia
1196 2553 1351 2594 regnat,

1418 1890 1572 1927 credere
1593 1899 1743 1941 posset,
1761 1904 1873 1941 posse
1901 1891 1988 1927 talia
2006 1890 2046 1927 in
2067 1899 2102 1927 te
2122 1891 2329 1940 aliquando
2362 1905 2421 1928 re-

1416 1950 1533 2000 periri
1549 1952 1563 1986 Ρ

1471 2011 1531 2046 36.
1558 2010 1832 2059 Ingrediuntur
1860 2024 1944 2047 cum
1971 2011 2042 2047 hac
2072 2012 2218 2048 macula
2245 2010 2423 2048 taberna·

1418 2071 1543 2107 culum
1561 2071 1631 2108 Dei
1648 2071 1832 2117 viventi53
1850 2070 2066 2108 inhabitant
2081 2086 2167 2109 cum
2183 2072 2254 2109 hac
2274 2073 2420 2109 macula

1419 2131 1602 2180 templum
1623 2160 1632 2177 ‚
1663 2139 1837 2168 sanctum
1871 2131 2025 2168 Domini
2052 2133 2288 2183 polluentes,
2313 2131 2420 2181 judi-

1419 2190 1518 2226 cium
1540 2191 1740 2241 multiplex
1760 2191 1976 2241 accepturi,
2000 2192 2105 2241 quod
2126 2200 2164 2230 et
2184 2201 2259 2229 tam
2278 2193 2420 2242 gravis-

1420 2251 1533 2287 simas
1556 2251 1806 2287 conscientias
1826 2259 1986 2300 gerunt,
2009 2260 2047 2288 et
2077 2252 2324 2289 nihilominus
2343 2265 2423 2289 sese

1418 2310 1597 2360 ingerunt
1626 2311 1663 2347 in
1686 2312 1944 2348 sanctuarium
1974 2312 2057 2349 Dei.
2089 2312 2195 2349 Tales
2214 2312 2315 2349 enim
2343 2325 2422 2349 non

1419 2370 1536 2407 modo
1553 2384 1631 2407 non
1651 2372 1804 2420 placant
1818 2375 1940 2408 Deum
1955 2402 1964 2419 ,
1981 2373 2045 2410 sed
2062 2382 2098 2409 et
2114 2373 2231 2423 magis
2250 2372 2421 2419 irritant,

1419 2430 1509 2466 dum
1533 2430 1712 2467 videntur
1732 2432 1770 2467 in
1793 2431 1973 2468 cordibus
1993 2432 2070 2469 suis
2089 2432 2215 2469 dicere
2232 2447 2240 2468 ε
2262 2435 2346 2469 Non
2367 2444 2422 2468 re-

1419 2491 1556 2540 quiret.
1578 2491 1735 2528 Irritant
1754 2492 1868 2541 plane
1885 2500 1922 2528 et
1936 2492 2127 2534 insensum
2146 2491 2312 2528 reddunt
2331 2491 2422 2538 sibi,

1418 2564 1555 2588 vereor
1574 2565 1622 2588 ne
1639 2551 1678 2588 in
1704 2552 1761 2588 his
1783 2552 1922 2601 quibus
1942 2566 2029 2589 eum
2050 2552 2260 2603 propitiare
2282 2551 2424 2589 debue-

350 2605 506 2641 ambitio
531 2605 716 2655 imperat,
746 2603 965 2640 dominatur
988 2603 1188 2654 superbia,
1217 2604 1283 2641 sed
1316 2613 1352 2641 et
1370 2611 1402 2644 D
1418 2619 1515 2646 rant.
1532 2610 1686 2647 Utinam
1707 2611 1826 2660 magis
1842 2612 1976 2648 turrim
1994 2612 2234 2657 inchoaturi,
2252 2611 2423 2649 sedentes

350 2665 548 2714 iniquitas,
568 2664 719 2701 luxuria
740 2664 851 2700 etiam
874 2664 1133 2714 principatur:
1155 2664 1194 2700 in
1212 2663 1351 2713 quibus

352 2733 386 2761 et
403 2725 565 2774 pessima
585 2725 682 2761 forte
703 2733 884 2774 appareat
904 2725 1004 2761 intra
1025 2724 1187 2774 parietes
1208 2724 1352 2760 abomi-

351 2784 455 2819 natio
469 2813 478 2829 ,
500 2784 528 2820 si
548 2784 658 2832 juxta
678 2784 882 2820 Ezechielis
904 2784 1144 2834 prophetiam
1166 2784 1350 2834 parietem

352 2843 538 2879 fodiamus
552 2841 564 2863 3
579 2872 587 2888 ,
614 2852 653 2880 ut
672 2844 709 2879 in
731 2844 846 2880 domo
866 2844 936 2880 Dei
964 2843 1161 2880 videamus
1191 2844 1353 2880 horren—

352 2902 456 2938 dum.
478 2903 670 2951 Siquidem
690 2912 778 2953 post
804 2904 1074 2940 fornicationes
1089 2932 1098 2950 ,
1122 2912 1209 2953 post
1239 2903 1351 2940 adul—

353 2961 470 3007 teria,
501 2969 589 3010 post
618 2962 804 3008 incestus,
840 2977 910 3000 nee
938 2964 1029 3014 ipsae
1067 2963 1220 3014 quidem
1250 2964 1354 3014 apud

351 3021 497 3069 aliquos
513 3020 729 3069 ignominiae
743 3023 938 3071 passiones
952 3032 989 3060 et
1002 3024 1250 3073 turpitudinis
1264 3038 1354 3075 ope-

352 3093 393 3117 ra
414 3079 563 3116 desunt.
585 3081 739 3118 Utinam
761 3095 839 3117 non
861 3084 994 3119 fierent
1011 3097 1095 3132 quae
1116 3098 1237 3134 usque
1257 3084 1353 3121 adeo

351 3154 429 3177 non
456 3140 708 3187 conveniunt,
745 3148 812 3178 ut³
846 3156 915 3179 nec
942 3145 1168 3193 Apostolum
1191 3144 1354 3181 scribere

400 3275 407 3288 ¹
426 3271 502 3299 Luc.
520 3279 573 3305 vt,
593 3272 647 3300 25.
663 3287 705 3291 —
726 3269 906 3307 ²Isai.r.11,
931 3273 981 3301 ll.
998 3290 1038 3293 e-
1060 3269 1072 3291 3
1091 3272 1189 3302 llzvvh
1221 3286 1300 3310 vm,
1326 3280 1354 3307 S,
1372 3298 1399 3299 W.

396 3331 407 3343 ³
424 3327 508 3358 Alias
522 3352 528 3364 ‚
550 3328 679 3360 utinam.

1417 2679 1703 2720 computarent,
1723 2684 1770 2707 ne
1792 2671 1890 2707 forte
1906 2680 2081 2721 sumptus
2099 2684 2177 2708 non
2196 2671 2360 2708 habeant
2376 2669 2423 2707 ad

1417 2729 1706 2779 perficiendum.
1722 2731 1876 2768 Utinam
1893 2731 1959 2780 qui
1974 2731 2171 2768 continere
2186 2744 2262 2767 non
2283 2731 2420 2776 valent,

1418 2790 1694 2839 perlectionem
1719 2792 1919 2828 temerarie
1939 2791 2134 2842 profiteri,
2154 2799 2220 2828 aut
2236 2789 2422 2828 caelibatui

1419 2850 1509 2886 dare
1531 2851 1686 2888 nomina
1715 2860 1954 2888 vererentur.
1985 2856 2217 2902 Sumptuosa
2238 2850 2422 2901 siquidem

1422 2910 1535 2947 turris
1556 2919 1630 2957 est,
1653 2919 1690 2948 et
1706 2911 1867 2948 verbum
1887 2911 2052 2962 grande,
2070 2912 2175 2962 quod
2194 2925 2272 2948 non
2293 2922 2421 2948 omnes

1421 2984 1557 3020 capere
1582 2980 1752 3021 possunt.
1774 2975 1882 3009 Esset
1902 2980 2029 3009 autem
2050 2973 2131 3009 sine
2153 2971 2271 3009 dubio
2292 2970 2423 3008 melitis

1421 3029 1566 3066 nubere
1582 3058 1592 3075 ,
1619 3044 1733 3079 quam
1757 3031 1841 3076 uri;
1872 3039 1910 3068 et
1929 3031 2067 3068 salvari
2088 3031 2128 3067 in
2151 3030 2284 3068 humili
2306 3028 2423 3079 gradu

1421 3089 1541 3127 fidelis
1561 3091 1715 3140 populi,
1745 3104 1857 3141 quam
1876 3091 1914 3128 in
1934 3091 2024 3128 cleri
2044 3091 2277 3128 sublimitate
2296 3099 2334 3127 et
2354 3089 2421 3126 de-

1421 3150 1538 3186 terius
1551 3150 1680 3187 vivere
1693 3179 1702 3196 ,
1721 3159 1758 3187 et
1772 3151 1978 3188 districtius
1988 3149 2164 3200 judicari.
2183 3150 2292 3188 Multi
2307 3149 2421 3193 enim,

1431 3277 1442 3303 4
1466 3281 1556 3309 Rom.
1580 3290 1609 3314 1,
1633 3284 1663 3309 ct
1679 3277 1793 3319 thcs.
1815 3290 1843 3308 v.
1859 3297 1894 3300 -
1919 3276 1931 3299 5
1951 3280 2031 3309 Ceu.
2047 3289 2116 3308 xxx.
