2565 3952
109 177 184 215 209

1024 174 1289 209 EPISTOLAE.

107 256 179 293 illis
208 252 468 291 liaereditatem
482 281 491 299 ,
513 251 653 302 quibus
680 250 818 287 merito
844 249 985 286 dicitur
1006 263 1013 285 :
1035 251 1121 286 Iam
1141 249 1154 266 ⁰

2129 179 2205 217 210

1159 249 1173 268 ⁴
1193 263 1308 300 quem
1325 250 1452 300 operit
1476 266 1483 288 :
1504 264 1552 287 ne
1578 265 1682 289 mors
1707 252 1821 303 longe
1844 267 1926 291 esse
1956 264 2136 305 putetur,
2168 268 2207 296 et

107 330 181 353 non
215 319 299 351 estis
332 314 498 362 hospites
529 322 564 349 et
597 314 777 355 advenoe,
807 312 878 346 secl
909 314 996 346 esus
1030 310 1436 360 civesApraeoccupet
1464 311 1749 361 improvidum,
1784 321 1822 349 et
1854 314 1933 350 vita
1967 315 2059 352 dum
2095 318 2207 367 longa

105 385 319 414 sanctorum
351 383 387 411 et
409 377 606 411 domestici
633 375 743 410 Dez'¹.
766 374 862 410 Cum
893 370 1035 422 quibus
1063 371 1123 408 in-

107 446 210 475 trans
236 445 274 473 et
294 435 448 481 exiens,
479 443 662 484 tanquam
690 446 791 470 unus
812 446 832 470 e
853 432 993 470 sanctis
1007 460 1016 478 ,
1039 432 1124 482 glo-

108 498 227 536 riatur
253 504 291 534 ct
315 495 396 546 ipse
416 509 503 532 cum
529 494 675 531 caeteris
698 494 829 531 dicens
853 509 861 530 z
886 493 1122 530 Conversate'o

106 568 231 595 nostra
252 562 290 593 ln
311 559 417 593 coelz's
437 566 491 592 esc
504 563 530 593 ².
548 559 684 594 Factus
702 563 758 592 est
781 568 873 605 ergo
894 568 973 592 non
994 554 1124 591 curio-

106 633 169 658 sus
193 626 341 656 tantum
368 625 574 668 spectator,
591 616 657 654 sed
675 624 713 653 et
729 615 895 653 devotus
915 615 1122 662 habitator,

105 689 142 717 et
160 679 252 717 civis
273 678 514 729 conscriptus
537 678 773 723 Jerusalem,
795 690 875 714 non
896 684 1023 714 autem
1048 685 1124 713 ter-

105 754 206 779 renae
222 739 338 790 huJus
353 769 362 787 ,
383 740 445 777 cui
470 738 621 776 Arabiae
646 752 758 775 mons
781 738 870 776 Sina
891 736 1124 787 conjunctus

105 811 182 849 est,
200 815 286 851 quae
301 801 419 838 servit
438 814 525 838 cum
547 800 634 837 filiis
649 800 727 837 suis
744 815 753 847 3
773 798 840 837 sed
856 798 987 836 liberae
1004 798 1120 844 illius,

104 876 188 914 quae
204 871 261 900 est
280 875 432 900 sursum
452 870 575 899 mater
590 869 723 898 nostra
735 859 762 897 3.

157 924 193 962 2.
209 927 276 970 Et,
305 924 337 961 si
361 923 476 960 vultis
504 922 620 969 scire,
653 920 902 960 Clara-Vallis
933 929 1000 958 est.
1035 923 1124 970 Ipsa

104 993 161 1022 est
174 985 386 1023 Jerusalem
402 1013 412 1030 ‚
432 984 467 1021 ei
485 997 571 1034 quae
594 983 632 1020 in
657 983 762 1020 coelis
787 991 862 1029 est,
882 990 962 1018 tota
983 981 1124 1019 mentis

104 1046 311 1083 devotione
325 1076 335 1093 ,
354 1054 392 1083 et
414 1044 719 1083 conversationis
740 1044 953 1081 imitatione
971 1072 980 1090 ‚
999 1051 1036 1080 et
1057 1056 1123 1080 co—
1144 1041 1172 1075 B

102 1107 283 1157 gnatione
307 1106 473 1157 quadam
496 1106 656 1157 spiritus
679 1106 834 1144 sociata.
860 1108 951 1142 Haec
973 1104 1124 1154 requies

103 1166 207 1217 ejuS,
225 1168 323 1205 sicut
345 1168 428 1218 ipse
449 1167 664 1218 promittit,
685 1166 724 1203 in
751 1166 932 1203 saeculuin
963 1164 1091 1216 saeculi
1114 1180 1122 1201 z

103 1229 217 1279 elegit
232 1242 315 1266 eam
334 1229 372 1265 in
394 1227 672 1266 habitationem
690 1226 782 1274 sibi3
800 1226 905 1276 quod
920 1226 1024 1276 apud
1039 1239 1124 1263 eam

102 1289 173 1335 sit,
192 1290 262 1326 etsi
285 1289 459 1326 nondum
488 1289 584 1325 visio
602 1317 612 1335 ,
631 1296 734 1325 certe
762 1287 999 1337 exspectatio
1024 1300 1125 1323 verae

103 1349 208 1399 pacis
223 1377 234 1395 ,
258 1349 361 1386 illius
387 1349 521 1399 utique
543 1349 591 1385 de
616 1362 692 1399 qua
719 1348 874 1394 dicitur,
901 1349 993 1383 Pax
1022 1351 1124 1392 Dei,

103 1423 188 1458 quoe
217 1418 424 1458 exsuperat
451 1423 598 1445 onmem
637 1422 785 1445 sensum
807 1408 834 1444 4.
869 1411 1014 1445 Verum
1053 1407 1126 1444 hoc

103 1483 214 1507 suum
233 1469 381 1507 bonum
401 1499 412 1517 ,
448 1470 519 1507 etsi
548 1469 717 1520 desuper
745 1468 915 1518 accepit,
936 1469 974 1505 in
997 1477 1127 1506 vestro

103 1540 235 1570 tamen
268 1532 514 1583 beneplacito
544 1532 618 1569 hoc
648 1532 773 1569 facere
801 1530 937 1580 cupit,
973 1530 1051 1567 imo
1088 1543 1127 1567 se

104 1594 234 1631 fecisse
256 1593 438 1642 confidit,
460 1593 583 1631 sciens
606 1606 675 1630 vos
699 1590 894 1642 Sapientis
915 1603 995 1628 non
1014 1590 1127 1640 igno-

103 1668 188 1692 rare
208 1654 438 1691 sententiam
459 1669 467 1691 :
486 1653 593 1704 quod
615 1653 715 1690 filius
734 1653 869 1703 utique
899 1652 1052 1703 sapiens
1079 1651 1127 1688 sit

103 1715 226 1765 gloria
242 1715 362 1767 patris
377 1713 391 1737 ⁵
404 1721 435 1753 ³.
454 1719 580 1765 Rogat
605 1723 733 1752 autem
755 1715 1030 1752 Paternitatem
1058 1726 1126 1750 ve-

105 1785 246 1824 stram,
266 1790 447 1827 rogamus
478 1785 516 1814 et
542 1789 613 1813 nos
645 1789 733 1813 cum
761 1776 830 1813 illo
864 1785 902 1814 et
934 1789 1006 1826 pro
1031 1775 1124 1822 illo,

1190 379 1436 421 exspectatur
1449 398 1459 416 ,
1484 370 1559 407 cito
1587 370 1737 408 deserat
1756 373 1854 409 male
1875 375 2068 411 conscium
2083 405 2092 422 ‚
2112 377 2207 413 sicut

1191 431 1377 482 scriptum
1400 439 1483 468 est:
1508 431 1597 468 Cum
1620 434 1808 477 dixerint,
1832 435 1922 469 Pax
1947 444 1981 470 et
1999 440 2181 472 seem-itas
2195 452 2209 480 ,-

1191 501 1278 529 tunc
1311 491 1525 529 subitaneus
1556 497 1791 541 superveniet
1815 498 1868 530 eis
1897 499 2087 541 interitus,
2122 506 2210 532 tcm-

1190 566 1306 601 quam
1333 556 1372 588 in
1398 562 1499 589 utero
1530 552 1696 598 habenti,
1717 561 1754 589 et
1777 568 1851 590 non
1881 552 2071 605 ejfichem
2086 555 2112 592 ⁶.
2135 560 2210 593 Va-

1191 613 1276 650 lete.

1431 745 1584 755 =s==v===s==
1591 746 2024 756 ===1211u21=======v====x=xxx===
2031 748 2155 756 ιιιιιιιιι
2162 748 2211 756 ιειι

1384 870 1762 928 EPISTOLA
1816 861 2024 928 LXV.h

1342 1026 1391 1049 AD
1420 1025 1582 1049 ALVISL‘M
1611 1027 1779 1050 ABBATEM
1809 1027 2065 1059 AQCISCINCTI.

1191 1143 1314 1176 Laudat
1335 1143 1368 1174 in
1390 1142 1500 1174 Alviso
1521 1150 1686 1186 paternam
1710 1156 1782 1188 erga
1799 1146 1985 1178 Goduinum
2002 1146 2216 1178 mansuetudi-

1240 1210 1324 1231 nem.
1343 1201 1391 1230 De
1413 1198 1603 1230 admissione
1617 1210 1649 1231 se
1665 1207 1791 1233 excusat
1804 1226 1811 1240 ‚
1827 1207 1858 1232 et
1872 1201 1996 1232 veniam
2010 1208 2166 1244 precatur.

1194 1333 1340 1366 ALv1so
1357 1326 1489 1365 abbati
1504 1328 1744 1377 Aquiscincti
1761 1330 1984 1366 monasterii
1997 1330 2027 1378 *,
2043 1333 2215 1367 Bemma-

1449 1402 1520 1425 nus
1543 1417 1552 1434 ,
1577 1389 1739 1427 salutem
1763 1403 1810 1427 ex
1827 1390 1956 1427 corde.

1255 1529 1289 1565 1.
1332 1529 1536 1568 Retribuat
1576 1528 1689 1567 vobis
1737 1532 1842 1566 Deus
1882 1527 2185 1566 misericordiam
2209 1559 2218 1575 ‚

1195 1603 1310 1639 quam
1339 1591 1479 1629 fecistis
1502 1599 1635 1629 sancto
1658 1590 1737 1627 filio
1756 1598 1886 1627 vestro
1913 1589 2109 1628 Goduino.
2137 1594 2218 1627 Au-

1193 1650 1360 1689 divimus
1375 1653 1477 1690 enim
1496 1652 1602 1703 quod
1623 1651 1755 1689 audito
1773 1650 1857 1700 ejus
1875 1649 1984 1688 obitu
1998 1679 2007 1696 ,
2028 1663 2120 1687 mox
2141 1652 2219 1687 vel-

1195 1712 1458 1751 utimmemor
1476 1714 1650 1765 pristinae
1676 1713 1897 1759 calumniae,
1928 1712 1994 1749 sed
2019 1725 2097 1748 non
2123 1712 2220 1748 ami-

1194 1773 1310 1821 citiae,
1331 1775 1615 1812 consolatorem
1636 1774 1767 1825 potius
1781 1803 1790 1820 ,
1813 1787 1928 1824 quam
1958 1773 2124 1810 ultorem
2150 1787 2220 1810 vos

105 1845 296 1887 quatenus
317 1837 365 1875 de
388 1836 599 1889 praebenda
617 1851 686 1875 sua
705 1837 812 1888 quod
832 1837 914 1888 ipse
942 1837 1019 1874 suis
1040 1849 1126 1873 cre—
1145 1834 1172 1872 C
1193 1833 1434 1873 exhibuistis.
1460 1839 1613 1873 Patrem
1639 1835 1784 1886 quippe
1806 1847 1874 1871 vos
1902 1834 2154 1884 cognovistis,
2178 1843 2220 1871 ut

103 1898 294 1937 ditoribus
314 1899 514 1937 constituit
526 1899 558 1947 *,
574 1898 829 1936 immobiliter
841 1907 942 1936 stare
960 1898 1123 1935 faciatis:

103 1972 150 1996 ne
172 1959 212 1996 in
234 1959 364 2010 aliquo
386 1959 585 1997 fraudator
602 1959 734 2012 (quod
761 1958 884 2011 absit)
909 1957 1055 2005 debiti,
1088 1967 1126 1996 et

102 2021 377 2071 praevaricator
410 2022 515 2072 pacti
547 2022 787 2068 inveniatur3
827 2030 865 2058 et
897 2021 949 2058 ita
984 2033 1127 2057 munus

100 2083 256 2120 contriti
277 2083 405 2120 cordis
433 2083 540 2134 quod
565 2084 680 2121 offert
707 2083 906 2133 quotidie,
945 2096 1025 2120 non
1063 2095 1127 2119 re-

104 2143 268 2194 cipiatur
286 2173 295 2190 ,
337 2144 429 2182 dum
458 2145 576 2182 frater
616 2145 807 2196 quispiam
838 2144 954 2182 habet
982 2144 1126 2194 aliquid

103 2204 287 2243 adversus
304 2219 405 2243 eum.
422 2209 608 2244 Precatur
621 2205 780 2252 deinde,
796 2214 839 2242 ut
855 2205 993 2242 domus
1010 2218 1124 2255 quam

102 2264 183 2316 ipse
210 2267 324 2304 matri
355 2280 432 2304 suae
467 2267 506 2304 in
542 2275 644 2304 terra
671 2266 851 2303 Ecclesiae
883 2266 1124 2313 construxit,

103 2339 189 2363 cum
223 2335 325 2364 terra
350 2340 467 2377 quam
493 2326 547 2364 ibi
577 2327 792 2377 delegavit,
825 2326 951 2364 eidem
982 2327 1122 2372 matri,

102 2387 286 2437 quamdiu
323 2388 494 2436 vixerit,
524 2388 772 2426 concedatur.
804 2391 897 2426 Haec
928 2401 1002 2439 pro
1035 2388 1125 2426 Phi-

101 2447 221 2498 lippo.

156 2509 194 2545 3.
209 2508 374 2560 Reliqua
387 2509 469 2546 haec
485 2523 609 2560 pauca
622 2523 696 2560 pro
716 2510 847 2557 vobis,
863 2510 948 2561 ipso
966 2508 1123 2559 quidem

103 2568 323 2617 intimante,
343 2569 422 2607 imo
438 2583 533 2607 vero
552 2569 767 2621 inspirante
784 2572 890 2617 Deo,
912 2569 1127 2619 adjicienda

1193 1908 1254 1932 res
1276 1895 1454 1946 exigebat
1470 1927 1480 1944 ‚
1500 1910 1579 1934 non
1596 1895 1782 1946 judicem.
1809 1895 1981 1946 Ideoque
2010 1895 2114 1945 quod
2137 1896 2221 1946 pie-

1194 1956 1300 2004 tatis,
1326 1957 1433 2007 quod
1462 1957 1658 1995 charitatis
1686 1965 1765 2005 est,
1793 1965 1836 1995 ut
1868 1970 1960 1994 vere
1992 1956 2072 1993 filio
2112 1965 2222 2007 pater

1196 2017 1422 2068 impendere
1443 2019 1654 2057 studuistis.
1672 2018 1775 2067 Quid
1791 2018 1927 2055 melius
1941 2047 1950 2064 ,
1975 2016 2068 2067 quid
2087 2017 2223 2054 lauda-

1196 2077 1331 2126 bilius,
1354 2079 1447 2129 quid
1467 2079 1578 2116 vobis
1602 2079 1755 2129 dignius
1773 2091 1886 2128 agere
1907 2077 2120 2128 poteratis?
2146 2077 2218 2115 Sed

1196 2140 1282 2190 quis
1298 2140 1371 2177 hoc
1388 2140 1586 2178 crederet?
1609 2144 1707 2178 Vere
1734 2153 1849 2177 nemo
1879 2140 1949 2176 scit
1966 2152 2051 2188 quae
2073 2146 2162 2175 sunt
2179 2138 2217 2174 in

1196 2201 1373 2247 homine,
1406 2202 1478 2239 nisi
1498 2202 1655 2253 spiritus
1681 2201 1849 2238 hominis
1885 2200 1951 2250 qui
1975 2200 2015 2235 in
2044 2212 2090 2235 eo
2120 2206 2217 2235 est7.

1192 2261 1270 2300 Ijbi
1289 2271 1347 2299 est
1375 2276 1480 2300 nunc
1498 2264 1562 2300 illa
1586 2263 1808 2309 austeritas,
1830 2262 1894 2299 illa
1925 2260 2126 2306 severitas,
2154 2260 2219 2296 illa

1193 2323 1430 2373 indignatio,
1460 2338 1546 2374 quae
1576 2324 1669 2361 olim
1692 2324 1730 2361 in
1751 2324 1859 2360 illum
1888 2323 2019 2372 lingua
2034 2350 2043 2367 ,
2063 2322 2192 2358 vultus
2207 2350 2217 2367 ,

1193 2386 1318 2432 oculi,
1346 2384 1570 2423 terribiliter
1603 2392 1798 2421 ostentare
1829 2391 1866 2420 et
1894 2383 2083 2419 intentare
2114 2381 2218 2418 sole—

1192 2445 1308 2483 bant?
1324 2445 1384 2482 Ad
1411 2458 1532 2482 unum
1561 2457 1700 2494 nempe
1722 2443 1900 2480 nuntium
1922 2443 1970 2479 de
1986 2450 2110 2479 morte
2129 2442 2216 2487 filii,

1192 2515 1353 2558 paterna
1379 2506 1528 2543 viscera
1553 2512 1747 2542 commota
1769 2511 1883 2549 sunt,
1908 2501 2113 2552 subitoque
2136 2502 2217 2538 haec

1192 2568 1347 2614 onmia,
1369 2580 1455 2618 quae
1480 2565 1737 2611 simulatoria,
1756 2564 1821 2601 sed
1844 2563 2143 2614 dispensatoria,
2176 2576 2218 2599 ac

103 2628 343 2678 putavimus,
364 2629 512 2666 hortari
531 2643 601 2667 vos
623 2631 662 2666 in
683 2630 867 2667 charitate
892 2637 1175 2681 praesumem-D
1192 2642 1262 2680 per
1289 2628 1364 2665 hoc
1403 2627 1623 2664 transitoria
1654 2633 1784 2671 erant,
1814 2624 2088 2674 disparuerunt
2114 2638 2121 2660 :
2153 2623 2217 2660 illa

105 2697 181 2735 tes,
211 2703 260 2727 ne
284 2691 409 2728 casuri
437 2690 599 2740 gloriam
643 2691 779 2728 mundi
820 2691 928 2740 quasi
962 2699 1125 2727 stantem

104 2751 318 2801 aspiciatis,
343 2761 382 2789 et
407 2765 498 2789 vere
525 2746 692 2789 stantem
717 2752 899 2789 amittatis
922 2767 930 2789 :
959 2764 1008 2788 ne
1037 2752 1124 2802 plus

103 2811 212 2848 vobis
229 2820 294 2849 aut
312 2825 385 2862 pro
414 2811 523 2849 vobis
551 2820 681 2849 vestra
703 2811 867 2862 diligatis
884 2841 893 2858 ,
920 2820 957 2848 et
987 2811 1038 2848 sic
1055 2824 1125 2848 vos

105 2880 142 2908 et
156 2881 283 2909 vestra
302 2871 474 2923 perdatis
494 2887 502 2909 ε
528 2885 575 2909 ne
604 2871 809 2909 blandiens
829 2885 999 2923 praesens
1028 2885 1125 2922 pro-

105 2932 262 2981 speritas
279 2933 336 2970 sui
350 2931 461 2970 vobis
479 2933 595 2970 finem
610 2932 838 2979 abscondat,
857 2942 895 2969 et
914 2932 1126 2970 adversitas

105 2992 184 3029 sine
206 2994 280 3030 fine
294 2993 493 3041 succedat,
514 3007 562 3030 ne
580 2994 712 3031 laetitia
734 2994 958 3044 temporalis
979 2994 1125 3031 luctum

105 3051 214 3091 vobis
227 3062 414 3091 aeternum
435 3062 474 3092 et
490 3054 641 3105 operiat
660 3067 775 3105 quem
802 3055 924 3106 parit,
946 3062 984 3091 et
1002 3055 1128 3105 pariat

1193 2701 1288 2726 x-ero
1314 2701 1400 2738 quae
1426 2701 1518 2724 vera
1550 2694 1680 2733 erant,
1708 2685 1773 2722 sed
1804 2684 1992 2730 latebant,
2030 2683 2216 2730 charitas,

1194 2750 1338 2800 pietas,
1374 2748 1591 2798 benignitas
1626 2754 1902 2798 apparuerunt.
1941 2744 2135 2795 Siquidem
2177 2745 2216 2780 in

1193 2810 1373 2860 religioso
1402 2809 1533 2846 animo
1560 2817 1689 2845 vestro
1721 2805 1985 2844 misericordia
2011 2814 2049 2842 et
2076 2804 2217 2841 veritas

1196 2870 1455 2908 obw'averunt
1481 2869 1553 2907 sibi
1575 2885 1583 2907 :
1607 2878 1644 2906 et
1674 2868 1764 2918 quia
1790 2867 1970 2904 nimirum
2000 2866 2218 2902 misericor—

1196 2931 1258 2968 dia
1271 2929 1777 2982 superabundavitjudicio,
1793 2928 1944 2978 justitia
1961 2935 1998 2964 et
2015 2940 2090 2977 pax
2106 2940 2219 2963 oscu-

1195 2993 1281 3030 latae
1311 3001 1412 3030 sunt.
1444 2996 1541 3030 Nam
1573 3000 1761 3042 quantum
1796 2989 1889 3026 mihi
1919 2988 2056 3025 videor
2089 2985 2215 3035 conji-

1196 3053 1334 3092 ciendo
1353 3053 1486 3091 videre
1500 3083 1510 3101 ,
1529 3052 1622 3104 quid
1640 3052 1758 3090 animi
1772 3060 1864 3088 tunc
1882 3048 2090 3087 habueritis
2102 3077 2111 3095 ,
2130 3060 2216 3084 cum

154 3198 164 3214 ¹
196 3193 311 3237 Ephes.
338 3205 384 3234 11,
413 3197 467 3227 19.
492 3212 539 3217 --
564 3200 578 3215 ²
604 3194 745 3238 Philipp.
777 3205 841 3231 111,
878 3197 934 3225 20.
961 3213 1006 3217 —-
1026 3192 1161 3227 3Galat.
1185 3206 1242 3233 1v‚
1266 3198 1330 3234 25,
1353 3197 1407 3226 26.
1424 3195 1499 3220 ——12
1517 3192 1656 3236 Philipp.
1686 3203 1742 3231 tv,
1775 3193 1808 3223 7.
1830 3209 1870 3214 —
1899 3187 1912 3211 ⁵
1937 3192 2030 3220 Prov.
2055 3198 2093 3224 x,
2127 3188 2213 3216 1.--

105 3243 275 3280 ⁶1Thess.
295 3260 328 3287 v,
350 3252 382 3281 3.
404 3255 485 3299 -7·
504 3250 607 3281 ICor.
627 3251 755 3287 11,11.

152 3310 166 3324 ⁸
185 3312 233 3340 Ita
247 3309 426 3340 Bernardus
442 3309 557 3352 passim
571 3309 655 3341 hunc
672 3310 776 3342 locum
793 3310 865 3341 citat
883 3320 890 3341 :
907 3310 1058 3351 Vulgata,
1076 3306 1175 3339 Filius
1189 3307 1319 3353 sapiens
1337 3304 1482 3350 laetificat
1494 3314 1632 3352 patrem.

152 3355 169 3378 ¹³
193 3363 313 3406 Scripta
330 3364 412 3396 circa
429 3375 549 3396 annum
574 3369 582 3395 1
597 3368 674 3396 129.
