2517 3920
237 215 334 251 155¹.)

229 293 284 325 lib.
311 299 320 325 1
346 293 385 325 de
401 292 514 324 Libero
535 292 679 325 Arbitrio
697 303 766 335 cap.
786 297 803 325 5
816 316 824 331 ,
841 298 872 324 et
886 293 942 324 lib.
965 296 1007 324 22
1031 295 1149 325 Contra
1166 296 1247 324 Fau·

230 355 313 381 stum
331 361 400 392 cap.
422 352 478 387 74,
501 356 567 381 tum
585 348 682 380 etiam
698 348 729 379 in
745 347 878 390 epistola
894 349 933 380 ad
951 348 1157 380 Publicolam.

284 407 368 435 125ss
389 407 425 434 B.
444 403 697 434 circumornatis.
712 421 757 425 —
770 402 808 434 Id
833 408 944 440 cavet,
971 402 1073 444 capite
1100 405 1141 434 38
1154 427 1162 440 ,
1181 406 1246 434 Re-

229 458 299 499 gula
312 458 579 499 Templariorum.
599 472 611 483 «
630 457 782 498 Tegimen
797 464 900 488 autem
915 457 945 487 in
959 456 1076 498 clypeis
1090 462 1120 487 et
1135 455 1244 495 hastis,

229 526 242 538 ιι
264 511 405 542 surrellis
430 517 463 541 et
491 511 524 542 in
551 510 669 541 lanceis
697 522 761 541 non
790 510 958 547 habeatur,
989 526 1004 536 ιι
1030 516 1091 540 010.
1122 513 1245 542 Aurum

229 576 304 596 vero
323 571 354 596 et
373 570 540 607 argentum
567 564 714 596 infrenis
739 571 771 596 et
797 564 970 595 calcaribus
988 563 1099 595 eadem
1120 563 1242 605 rejicit,

230 628 300 661 cap.
322 621 376 650 37.

283 675 368 704 1257
392 674 432 703 A.
451 672 602 703 criminis.
619 689 661 694 -—
676 672 759 703 Hinc
779 675 919 704 Joannes
937 670 1188 703 Saresberiensis
1213 671 1245 702 in

230 725 415 767 Polycratici
435 725 490 756 lib.
513 729 544 763 7,
563 736 633 768 cap.
658 729 713 764 21,
733 725 772 757 de
796 725 950 756 fratribus
971 725 1096 767 Templi
1120 735 1214 766 agens
1235 734 1242 755 :

232 793 246 805 ιι
266 782 353 810 Pene
376 779 450 817 soli,
472 794 485 806 ιι
512 778 634 821 inquit,
652 794 666 806 ιι
688 780 771 811 inter
796 778 941 810 homines
966 777 1106 820 legitima
1132 785 1245 820 gerunt

235 847 248 859 ιι
269 832 365 864 110113.
386 847 399 859 n

281 888 368 918 1259
394 888 434 916 D.
461 888 584 917 scacos.
598 884 788 927 ——Scriptis
807 884 986 923 nonnullis,
1015 896 1126 921 cacos,
1154 884 1245 926 vulgo

230 939 355 976 e'cl1ets,
380 940 435 981 qui
450 939 543 970 ludus
560 939 604 970 ita
627 938 728 969 dictus
750 944 798 969 est
823 938 888 969 sive
911 948 929 969 a
950 948 1027 969 voce
1043 938 1180 970 Arabica
1195 938 1245 968 vel

230 995 354 1025 Persica
374 993 488 1030 scach,
507 1005 576 1035 quae
599 996 720 1035 Regem
739 999 848 1030 sonat,
869 1004 938 1035 quae
961 993 1121 1035 praecipua
1145 999 1191 1024 est
1209 1003 1246 1023 eo

229 1048 261 1078 111
275 1047 350 1078 ludo
364 1058 498 1089 persona
517 1058 524 1078 :
544 1047 609 1078 sive
623 1058 639 1078 3
657 1047 848 1078 Germanico
862 1046 993 1083 sclzaclz,
1009 1046 1043 1078 id
1056 1052 1103 1078 est
1121 1046 1247 1078 latrone

229 1111 284 1132 seu
309 1101 505 1139 latrunculo,
529 1101 614 1133 unde
642 1101 895 1133 latrunculorum
925 1101 1039 1139 ludus;
1065 1112 1126 1143 qua
1150 1100 1190 1132 de
1212 1112 1247 1133 re

229 1153 300 1184 vide
315 1154 510 1185 Glossarium
529 1155 726 1196 Cangianum
746 1161 776 1186 et
798 1155 1027 1197 Polycraticum
1044 1154 1176 1186 Joannis
1190 1156 1245 1185 Sa-

230 1206 452 1245 resberiensis,
473 1207 528 1239 lib.
552 1210 579 1244 1,
597 1218 666 1250 cap.
690 1212 720 1239 5.

283 1263 368 1291 1259
389 1263 427 1291 D.
447 1260 655 1293 delectantur.
670 1281 714 1285 —-
729 1261 765 1293 Id
783 1267 871 1304 patet
889 1273 927 1293 ex
940 1261 1071 1303 Regulae
1085 1261 1246 1304 capitibus

232 1316 273 1343 46
292 1318 321 1343 01
342 1315 396 1345 47.
417 1317 453 1345 In
476 1314 575 1356 priori
596 1315 679 1346 enim
705 1315 828 1346 xenatio
842 1325 914 1346 cum
932 1326 1007 1353 ave,
1025 1314 1056 1346 in
1077 1314 1246 1357 posteriori

229 1366 392 1407 percussio
408 1366 482 1397 ferae
495 1377 570 1398 arcu
592 1368 640 1399 vel
658 1368 769 1399 balista
791 1368 998 1399 interdicitur.

283 1423 366 1451 1261
400 1423 435 1452 Β.
465 1422 611 1463 parietes.
637 1440 680 1444 —
704 1426 750 1453 Ita
779 1422 877 1453 codex
905 1421 1106 1455 Colbertinus

229 1484 330 1517 puras
348 1474 448 1515 magis
464 1473 571 1517 diligit
586 1482 720 1512 mentes,
742 1487 836 1518 quam
854 1483 1077 1520 superauratas
1090 1476 1244 1519 parietes.

285 1529 370 1557 1313
401 1529 436 1558 B.
474 1528 717 1569 quiescentibus.
745 1547 790 1551 —
821 1530 904 1560 Hinc
922 1534 1011 1571 patet
1045 1529 1140 1559 moris
1172 1535 1248 1559 tunc

231 1577 344 1616 fuisse,
371 1586 405 1610 ut
433 1587 505 1622 post
530 1582 659 1624 Vigilias
683 1589 854 1614 nocturnas
878 1583 911 1614 in
941 1582 1077 1614 claustro
1103 1582 1249 1613 sederent

233 1631 437 1672 quiescentes,
453 1636 535 1666 [sus
555 1636 785 1673 Cistercieusis,
810 1647 880 1678 cap.
900 1639 939 1668 84
960 1647 967 1668 ε
987 1652 1000 1663 ιι
1021 1640 1057 1668 111
1080 1635 1248 1667 intervallo

235 1702 248 1714 »
269 1694 340 1730 post
367 1692 565 1729 Nocturnos,
595 1691 723 1722 sedeant
749 1691 780 1721 in
801 1691 936 1722 claustro
956 1691 1010 1733 qui
1038 1691 1215 1729 voluerin13
1235 1706 1247 1718 ιι

235 1750 349 1783 nempe
366 1741 397 1773 in
419 1749 525 1775 :estate
543 1754 549 1775 :
567 1743 670 1775 hicme
686 1755 760 1776 vero
774 1744 804 1775 in
823 1744 959 1786 capitulo
974 1769 981 1782 ,
998 1755 1036 1775 ex
1051 1755 1119 1786 cap.
1144 1746 1198 1776 74.

286 1799 374 1827 1330
393 1800 433 1828 A.
452 1797 591 1839 diligere.
613 1816 659 1820 —
673 1797 791 1829 Eadem
812 1798 909 1829 verba
922 1797 1018 1829 habet
1033 1798 1138 1829 Severi
1157 1797 1249 1829 Mile-

235 1848 330 1880 vitani
350 1850 496 1881 antistitis
521 1851 653 1893 epistola
675 1851 714 1882 ad
737 1852 966 1894 Augustinum,
994 1851 1076 1882 inter
1100 1850 1253 1893 Augusti-

234 1903 342 1934 nianas
364 1907 426 1935 109
442 1915 451 1935 :
470 1919 482 1931 ιι
509 1905 623 1936 Nullus
646 1905 738 1936 nobis
767 1906 892 1937 amandi
920 1905 1030 1936 modus
1048 1905 1222 1947 imponitur
1237 1928 1245 1943 ,

235 1970 251 1981 n
265 1956 392 1997 quando
407 1956 471 1998 ipse
490 1957 533 1988 ibi
551 1957 663 1989 modus
677 1965 725 1989 051
743 1959 809 1989 sine
831 1959 926 1990 modo
946 1969 1064 1990 amare.
1089 1973 1101 1985 ιι
1115 1961 1249 1989 Bernar-

1135 1432 1142 1453 :
1170 1421 1222 1452 a¹ii
1236 1446 1243 1459 ,

237 2009 311 2039 dum
326 2009 377 2041 hic
402 2010 540 2042 imitatur
562 2015 701 2043 Joannes
728 2012 971 2043 Saresberiensis
985 2037 992 2049 ,
1011 2012 1043 2042 in
1064 2011 1249 2053 Polycratici

234 2061 316 2093 libro
333 2066 365 2096 7.
381 2074 449 2106 cap.
470 2067 478 2095 1
493 2068 520 2096 1.
538 2069 647 2106 Apage
663 2064 969 2107 impudentissimum
989 2064 1160 2096 Abaelardi
1175 2074 1248 2106 apo—

235 2115 378 2156 logistam
393 2117 635 2159 Berengarium,
653 2119 707 2160 qui
727 2118 786 2149 hoc
807 2129 935 2149 aureum
952 2118 1070 2149 dictum
1090 2119 1185 2150 audet
1204 2119 1249 2150 la-

237 2179 368 2201 cessere.

288 2226 370 2255 1331
390 2227 429 2255 A.
444 2225 574 2267 puritas.
590 2244 634 2248 ——
648 2225 683 2257 Id
698 2232 744 2257 est
764 2225 883 2268 puritas
902 2224 1061 2256 charitatis
1081 2236 1145 2256 non
1166 2236 1250 2267 (1033-

236 2278 332 2309 rentis
346 2289 414 2320 quae
432 2290 487 2310 5113
502 2285 591 2318 51101,
610 2286 641 2311 01
656 2291 761 2322 supra.
778 2280 862 2312 Editi
877 2280 1020 2322 plerique
1035 2279 1154 2311 habent
1174 2279 1249 2310 cha·

236 2331 332 2366 ritas,
355 2331 408 2362 sed
422 2332 548 2376 pur-ilas
566 2332 685 2374 scripti.

289 2388 298 2414 1
312 2387 374 2416 '347
398 2387 433 2415 B.
449 2391 592 2426 quatuor.
607 2404 652 2408 —
674 2384 852 2416 Bernardus
872 2385 992 2426 passim
1006 2395 1077 2415 cum
1093 2383 1246 2425 antiquis,

237 2437 332 2468 etiam
361 2437 500 2479 profanis
515 2463 522 2475 ,
560 2444 697 2480 quatuor
729 2444 850 2469 1311111111
879 2437 1040 2479 principes
1069 2436 1250 2468 affectiones

235 2491 390 2532 agnoscit:
407 2503 557 2530 amorem,
574 2493 732 2530 timorem,
749 2492 897 2533 gaudium
915 2497 946 2522 et
957 2491 1125 2528 tristitiam,
1140 2497 1173 2522 ut
1188 2502 1250 2522 ser-

237 2555 329 2575 mone
348 2548 365 2575 2
382 2545 414 2575 in
429 2545 678 2587 Capitejejunii,
696 2556 783 2576 num.
802 2549 834 2582 3,
851 2551 881 2576 et
897 2544 971 2576 alibi
984 2544 1112 2586 passim.

290 2601 375 2629 1352
391 2601 426 2629 B.
441 2598 630 2630 subservire.
649 2618 696 2622 —
714 2602 787 2631 Non
807 2605 912 2630 tamen
932 2598 1083 2630 continuo
1106 2597 1250 2639 impossi-

238 2649 299 2681 bile
312 2658 523 2694 praeceptum,
547 2651 632 2693 quod
657 2652 830 2695 praescribit
851 2652 944 2683 finem
970 2657 1000 2683 et
1026 2650 1251 2694 perfectionem

238 2704 352 2734 amoris
363 2729 370 2741 ,
385 2715 450 2746 (100
467 2716 590 2747 semper
609 2712 639 2737 et
662 2706 819 2737 irremisse
844 2705 1072 2737 contendamus
1086 2730 1093 2742 ,
1111 2715 1175 2735 11011
1189 2715 1252 2745 quo

237 2756 338 2787 statim
354 2758 519 2799 pervenire
539 2764 714 2790 teneamur.
738 2762 812 2791 Non
840 2770 914 2801 ergo
935 2758 1117 2801 praecipitur
1137 2758 1169 2788 111
1195 2757 1253 2789 1130

238 2810 300 2841 vita
314 2811 464 2853 perfectio
487 2812 646 2844 charitatis
672 2813 816 2844 absoluta
830 2838 837 2851 ,
861 2813 915 2844 sed
933 2813 1071 2844 studium
1083 2812 1161 2855 *ejus
1181 2823 1252 2854 per-

237 2862 378 2895 fectionis
390 2889 397 2901 ,
415 2872 449 2896 01
463 2873 614 2907 quantum
627 2866 773 2898 humanze
786 2878 835 2897 res
846 2867 964 2904 sinunt,
978 2865 1035 2896 Dei
1051 2856 1249 2907 cogitatione,

235 2925 342 2946 amore
359 2940 366 2953 ‚
383 2917 498 2948 unione
511 2924 542 2948 et
555 2919 717 2949 voluntate
731 2929 935 2960 occupemur.

289 2971 375 2999 1368
392 2971 427 3001 C.
445 2977 585 3011 possent.
603 2990 648 2993 -
665 2975 713 3002 Ita
727 2972 834 3014 scripti
848 2971 947 3002 nostri
969 2977 1032 3002 tres
1055 2982 1062 3002 :
1082 2969 1178 3007 editi,
1200 2982 1253 3000 ro-

243 3018 392 3057 luntaHs,
414 3020 515 3056 mala,
533 3020 651 3053 bonave
661 3022 738 3066 ficri
750 3031 887 3060 possent.

289 3076 371 3104 1371
391 3076 427 3105 B.
450 3075 604 3107 voluntas.
624 3094 664 3098 ——
680 3080 717 3106 In
734 3076 826 3107 editis
840 3101 847 3114 ,
865 3083 895 3108 et
908 3076 1097 3118 quibusdam
1113 3076 1250 3118 scriptis,

240 3125 429 3163 voluntatis,
447 3128 508 3160 Sed
524 3128 678 3160 voluntas
697 3130 812 3161 rectius
827 3131 865 3162 ad
882 3142 1018 3163 50050111.

287 3183 374 3213 1372
393 3185 431 3213 Β.
451 3182 484 3213 10
500 3182 639 3215 homine.
658 3203 699 3207 ——-
713 3186 838 3226 Nempe
853 3201 867 3211 u
888 3192 1039 3225 quantum
1056 3186 1089 3216 in
1105 3196 1137 3216 se
1155 3191 1220 3222 est,
1242 3200 1256 3211 ιι

236 3233 329 3264 infra.
348 3237 386 3265 Et
403 3245 490 3266 num.
513 3238 553 3267 24
574 3246 582 3267 :
603 3252 618 3262 α
636 3239 747 3268 Manet
764 3248 837 3279 ergo
849 3261 856 3274 ,
878 3238 970 3268 etiam
988 3244 1059 3279 post
1076 3244 1251 3280 peccatum,

239 3300 252 3312 ιι
273 3286 407 3317 liberum
421 3287 605 3326 arbitrium;
626 3289 682 3320 etsi
695 3289 844 3320 miserum
856 3314 863 3325 ,
883 3296 986 3321 tamen
1001 3290 1155 3332 integrum
1168 3314 1175 3327 ,
1192 3295 1252 3320 etc.

240 3354 252 3364 ιι
272 3341 383 3380 Neque
401 3341 483 3372 0111111
504 3341 545 3372 ad
563 3342 697 3373 liberum
717 3342 898 3379 arbitrium,
917 3349 1069 3385 quantum
1086 3343 1118 3374 in
1138 3353 1170 3374 50
1187 3348 1232 3373 051
1247 3366 1254 3379 ,

240 3406 252 3418 ιι
274 3393 407 3433 pertinet
420 3418 427 3432 ,
444 3400 496 3426 aut
512 3395 682 3437 aliquando
697 3395 847 3439 pertinuit
861 3407 951 3440 posse
969 3396 1018 3427 vel
1036 3406 1145 3439 sapere
1159 3394 1257 3438 (quod

711 215 762 249 IN
791 215 972 251 TOMUM
1001 214 1272 251 SECLNDLM
1299 213 1505 250 OPERUM
1536 217 1571 251 S.
1602 214 1859 251 BERNARDI

2229 215 2329 253 1560

1316 307 1328 319 ιι
1349 299 1395 324 051
1412 293 1582 324 voluntatis
1601 293 1640 323 ad
1660 291 1778 323 bonum
1800 292 1976 330 conversio,
2001 306 2014 319 ιι
2034 303 2121 324 num.
2145 294 2223 334 19),
2244 309 2257 321 ιι
2275 294 2330 325 5οᾰ

1316 361 1330 371 ιι
1349 352 1471 377 13010111
1487 347 1579 378 velle.
1605 362 1617 373 »
1642 349 1679 378 Et
1697 357 1784 378 num.
1807 349 1848 377 28
1871 346 2025 377 rationem
2048 346 2170 384 reddit,
2190 357 2275 377 cur«
2292 347 2330 378 li-

1315 414 1327 426 ιι
1347 399 1458 430 berum
1477 400 1641 431 arbitrium
1667 401 1714 431 sui
1741 400 1869 431 omnino
1893 399 2049 431 defectum
2074 411 2129 431 seu
2149 400 2331 432 diminutio-

1315 468 1327 479 ιι
1349 464 1420 483 nem
1446 464 1510 484 11011
1535 454 1666 495 patitur,
1691 469 1704 481 ιι
1722 464 1836 495 nempe
1854 468 1867 479 α
1886 453 1971 494 quod
1991 453 2024 484 in
2048 453 2116 495 ipso
2134 453 2332 495 potissimum

1315 521 1327 534 ιι
1345 513 1468 538 {eterna}
1494 514 1523 538 et
1550 507 1814 539 incommutabilis
1839 507 2010 538 divinitatis
2033 507 2228 538 substantiva
2245 518 2332 548 (1031-

1315 577 1329 587 ιι
1348 561 1420 592 dam
1437 561 1538 603 imago
1555 562 1704 604 impressa
1724 561 1869 593 videatur
1886 571 1893 592 :
1913 567 1945 592 at
1961 561 1992 592 in
2013 560 2137 592 duabus
2153 560 2220 592 aliis
2234 560 2331 592 liber-

1314 615 1464 646 »tatibus
1490 616 1528 646 sit
1554 615 1755 647 accidentalis
1783 615 1928 657 qtlaedam
1955 614 2052 656 magis
2081 614 2255 646 similitudo
2282 624 2332 645 sa-

1314 683 1328 694 n
1348 670 1474 711 pientiae
1493 676 1586 712 atque
1605 669 1755 712 potentiae
1775 669 1908 707 divinae,
1937 668 2065 710 imagini
2091 668 2291 710 superducta.
2317 682 2330 695 ιι

1312 722 1427 754 Confer
1444 734 1620 754 sermonem
1645 726 1682 755 81
1707 724 1741 755 in
1756 723 1883 756 Cantica
1895 748 1902 761 ,
1923 734 1940 754 3
1959 734 2046 754 num.
2070 727 2102 754 6.

1364 779 1451 807 1376
1470 779 1510 808 A.
1526 777 1710 809 consolatio.
1727 797 1770 800 —
1783 780 1859 808 Haec
1881 776 1982 819 proba
1999 782 2045 808 est
2059 775 2153 818 hujus
2165 775 2227 807 loci
2240 775 2333 807 lectio

1311 828 1344 860 in
1359 829 1484 860 duobus
1500 830 1661 862 codicibus
1679 830 1870 862 Colbertinis
1887 841 1895 862 ε
1916 830 1948 862 in
1963 830 2072 869 editis,
2090 827 2335 874 qualescumque

1312 881 1558 914 consolationes.
1575 887 1616 915 At
1632 883 1759 914 leviores
1775 884 1923 923 refertur,
1938 895 2003 915 non
2021 883 2059 915 ad
2078 881 2330 920 consolationes,

1312 936 1366 968 sed
1395 935 1435 967 ad
1462 935 1700 973 trib11lati0nes‚·
1726 948 1797 980 quae
1825 936 1969 974 leviores,
2000 943 2072 968 sunt
2097 935 2335 982 qualiscumque

1313 988 1490 1020 consolatio
1507 990 1538 1021 in
1553 989 1613 1022 hac
1630 990 1703 1022 vita.

1365 1046 1452 1075 1379
1471 1046 1506 1075 Β.
1528 1043 1737 1076 ordinatione.
1751 1064 1797 1068 --
1815 1048 1852 1076 In
1869 1044 1979 1082 editis,
2003 1056 2043 1075 ea:
2058 1043 2107 1074 sui
2127 1041 2335 1074 ordinatione

1315 1094 1361 1126 ad
1378 1099 1488 1128 Deum.
1509 1097 1570 1129 Sed
1589 1096 1636 1128 ad
1649 1101 1750 1129 Deum
1768 1099 1942 1137 redundat,
1962 1105 1995 1130 01
2014 1109 2053 1131 ex
2075 1098 2219 1140 sequenti
2235 1108 2334 1129 mem-

1314 1149 1372 1181 bro
1389 1150 1585 1193 intelligitur.

1366 1207 1453 1236 1382
1474 1208 1509 1236 B.
1536 1205 1585 1236 vel
1612 1216 1732 1248 sapere.
1747 1224 1792 1229 —-
1807 1208 1884 1238 Ha’c
1907 1205 2095 1249 disjunctive
2119 1204 2270 1248 legenda,
2300 1211 2335 1236 ut

1314 1256 1471 1300 disparata
1494 1259 1555 1289 sint
1575 1271 1687 1303 posse,
1705 1267 1736 1292 et
1760 1258 1888 1305 sapere,
1910 1261 1949 1293 de
1965 1260 2079 1303 quibus
2097 1270 2210 1303 supra,
2226 1270 2259 1291 n.
2281 1262 2333 1291 19.

1367 1314 1452 1344 1384
1470 1315 1509 1344 D.
1526 1318 1618 1345 stare.
1628 1333 1674 1337 ——
1686 1314 1764 1346 Aliis
1776 1340 1783 1353 ,
1795 1314 1866 1358 jam
1882 1321 2014 1345 sanctos
2027 1321 2057 1345 el
2070 1312 2206 1356 angelos
2220 1319 2305 1343 stare
2322 1324 2334 1343 .·

1315 1371 1345 1396 at
1362 1366 1542 1407 conjunctio
1563 1374 1595 1397 et
1613 1367 1699 1399 deest
1718 1368 1749 1399 in
1769 1368 1871 1400 tribus
1889 1369 2003 1400 nostris
2020 1367 2252 1409 manuscriptis.

1367 1422 1453 1451 1385
1476 1422 1514 1450 A.
1535 1419 1750 1453 absconditur.
1765 1440 1811 1444 —
1826 1422 2040 1454 Amissibilem
2065 1432 2132 1452 esse
2149 1420 2336 1452 charitatem

1313 1472 1427 1514 probat
1443 1473 1622 1505 Bernardus
1642 1474 1675 1506 in
1697 1476 1858 1518 Opusculo
1885 1480 1924 1509 2.
1951 1487 2039 1507 num.
2069 1477 2121 1506 14.
2145 1474 2206 1507 Sed
2229 1479 2336 1505 tamen

1314 1533 1478 1568 peccatum
1498 1526 1636 1559 hominis
1648 1528 1863 1571 przedestinati
1882 1529 1998 1561 dicitur
2014 1544 2029 1556 u
2045 1529 2077 1560 in
2095 1528 2249 1560 charitate
2265 1526 2339 1558 abs-

1317 1595 1330 1607 ιι
1348 1580 1441 1611 condi
1455 1605 1462 1618 ‚
1482 1596 1494 1607 ιι
1509 1581 1627 1613 scilicet
1641 1582 1673 1613 in
1693 1582 1845 1615 charitate
1858 1583 2068 1625 subsequente
2079 1581 2217 1614 hominis
2229 1586 2337 1623 postea

1316 1632 1420 1664 denuo
1442 1634 1652 1675 justificandi,
1676 1635 1755 1667 sicut
1774 1647 1831 1678 per
1855 1636 2070 1679 poenitentiam
2095 1635 2338 1676 subsequentem

1316 1685 1454 1718 diluitur.
1482 1692 1550 1719 Imo
1576 1689 1670 1720 etiam
1690 1688 1893 1722 absconditur
1912 1690 1944 1720 in
1961 1689 2114 1721 charitate
2130 1687 2192 1719 Dei
2212 1686 2336 1729 11110110-

1316 1741 1461 1773 stinantis
1473 1766 1480 1779 ,
1499 1757 1511 1768 ‹-
1531 1742 1602 1784 quia
1619 1742 1754 1774 charitas
1771 1743 1871 1774 Patris
1896 1743 2037 1785 ipsorum
2063 1740 2206 1784 cooperit
2231 1739 2337 1771 multi-

1318 1810 1330 1822 »
1350 1795 1491 1827 tudinem
1512 1801 1734 1838 peccatorum,
1754 1812 1767 1823 ιι
1785 1807 1930 1828 sermone
1955 1799 1996 1828 23
2020 1795 2054 1826 in
2076 1795 2225 1832 Cantica,
2242 1803 2333 1824 num.

1322 1852 1374 1880 15.
1398 1850 1470 1880 Alia
1492 1849 1584 1891 liujus
1605 1850 1665 1881 loci
1691 1850 1858 1892 explicatio
1881 1849 2013 1881 affertur
2034 1848 2068 1880 111
2089 1858 2233 1879 sermone
2257 1849 2273 1878 4
2295 1846 2336 1878 de

1315 1902 1471 1939 Diversis,
1494 1903 1547 1934 ubi
1565 1904 1618 1945 qui
1636 1910 1728 1934 natus
1753 1909 1799 1934 est
1822 1914 1859 1935 ex
1878 1907 1948 1935 Deo
1964 1902 2078 1934 dicitur
2093 1912 2159 1933 non
2178 1911 2311 1944 peccare
2325 1925 2333 1938 ,

1315 1956 1368 1997 qui
1392 1957 1422 1986 in
1446 1971 1459 1983 «
1483 1963 1613 1998 peccato
1629 1968 1695 1988 non
1716 1963 1908 1999 perseverat.
1930 1972 1945 1983 ιι
1963 1955 2081 1988 Confer
2099 1961 2191 1987 notas
2214 1954 2249 1986 in
2270 1964 2335 1985 ser-

1315 2021 1440 2041 monem
1464 2014 1473 2041 1
1499 2011 1538 2041 de
1558 2011 1804 2053 Septuagesima.

1369 2067 1454 2096 1389
1476 2067 1516 2095 A.
1544 2064 1683 2096 libertas.
1703 2085 1745 2088 —
1761 2068 1838 2096 Haec
1860 2070 1906 2096 est
1928 2064 2062 2095 libertas
2086 2061 2254 2106 potentiae,
2280 2071 2336 2092 seu

1314 2116 1443 2149 facultas
1472 2118 1618 2155 electiva,
1648 2118 1686 2149 ad
1713 2118 1834 2150 bonum
1862 2124 1893 2150 et
1918 2118 2035 2149 malum
2060 2115 2216 2148 versatilis
2245 2125 2252 2146 :
2281 2114 2336 2146 sed

1315 2171 1401 2212 cujus
1415 2171 1597 2202 exercitium
1614 2178 1643 2203 et
1658 2171 1825 2214 applicatio
1839 2171 1879 2203 ad
1898 2171 2020 2202 bonum
2037 2169 2154 2212 pendet
2167 2179 2206 2200 ex
2221 2168 2334 2210 gratia.

1316 2241 1329 2253 α
1352 2226 1448 2267 Cujus
1477 2226 1594 2268 quippe
1620 2232 1751 2258 conatus
1774 2226 1815 2258 ad
1839 2226 1979 2264 bonum,
2004 2231 2035 2256 et
2057 2224 2136 2256 cassi
2158 2229 2251 2261 sunt,
2276 2223 2302 2254 si
2318 2233 2337 2254 a

1318 2295 1330 2306 »
1352 2279 1450 2321 gratia
1472 2290 1537 2310 non
1561 2279 1768 2322 adjuventur3
1795 2285 1823 2311 et
1848 2279 1944 2317 nulli,
1971 2279 1996 2310 si
2018 2288 2083 2309 non
2106 2276 2295 2314 excitentur,
2323 2290 2337 2303 ιι

1317 2332 1396 2363 infra
1416 2343 1504 2364 num.
1526 2335 1582 2364 42.

1369 2389 1456 2417 1389
1476 2390 1516 2418 A.
1533 2388 1751 2429 praerogaiiva.
1767 2406 1813 2410 —-—
1826 2389 1900 2418 Duo
1915 2385 2056 2422 codices,
2073 2382 2244 2427 dignitatis
2259 2379 2338 2412 divi-

1316 2450 1388 2475 me;
1404 2451 1485 2471 unus
1502 2440 1729 2483 Dionysianus,
1747 2439 1923 2471 divinitatis
1939 2440 1972 2470 in
1994 2449 2091 2470 car-ne
2103 2435 2336 2482 proerogativa.

1368 2496 1452 2525 1391
1474 2497 1514 2525 D.
1532 2494 1573 2525 ab
1589 2505 1697 2526 amore
1713 2494 1782 2526 Dei.
1799 2512 1844 2517 -—
1857 2496 1980 2536 Nempe
2000 2498 2072 2524 actu
2091 2489 2192 2522 amori
2209 2494 2338 2520 contra-

1317 2546 1375 2578 rio.
1391 2547 1518 2589 Quippe
1539 2548 1592 2589 qui
1616 2563 1629 2574 «
1650 2547 1812 2590 peccavit,
1837 2557 1903 2578 non
1924 2544 2104 2589 spernendo
2125 2548 2180 2575 aut
2202 2541 2339 2574 odiendo

1319 2616 1333 2627 ιι
1351 2599 1510 2632 Christum
1521 2625 1528 2639 ,
1548 2600 1602 2632 sed
1616 2612 1648 2632 50
1662 2601 1756 2632 nimis
1772 2599 1921 2637 amando,
1938 2608 2045 2641 supra.

1371 2656 1456 2684 1393
1482 2658 1521 2685 A.
1543 2653 1669 2685 faciant.
1686 2673 1730 2677 ——
1743 2653 1792 2685 Sic
1813 2652 1933 2684 habent
1955 2650 2079 2683 codices
2101 2648 2313 2692 Dionysianus
2329 2672 2338 2686 ,

1319 2706 1553 2744 Cisterciensis,
1575 2712 1605 2737 et
1627 2706 1680 2738 alii
1698 2706 1771 2737 duo.
1794 2705 1941 2737 Horstius
1963 2704 2075 2736 aliter:
2094 2705 2166 2734 Hoc
2189 2708 2236 2733 est
2253 2699 2343 2745 quod

1319 2757 1436 2789 dictum
1451 2767 1496 2790 est
1509 2759 1549 2790 de
1562 2763 1690 2790 Joanne
1705 2773 1715 2791 .·
1728 2763 1882 2791 Fecerunt
1897 2758 1926 2790 ei
1939 2766 2146 2800 quaecumque
2158 2756 2339 2787 voluerunt.

1320 2811 1582 2857 Nmnqnidquod
1606 2811 1708 2843 voluit
1730 2811 1809 2843 ille?
1828 2815 1881 2843 Ila
1906 2818 1936 2842 el
1958 2811 1991 2841 in
2019 2809 2159 2851 reliquos
2184 2814 2340 2851 martyres

1310 2864 1486 2906 siverunt,-
1507 2878 1571 2896 non
1585 2864 1675 2911 quod
1688 2873 1844 2909 martyres
1868 2864 2060 2899 mollierunt,
2078 2861 2138 2894 sed
2157 2860 2248 2906 quod
2267 2861 2338 2904 ipsi.

1320 2922 1495 2955 Fecerunt,
1522 2920 1651 2964 inquam
1664 2944 1672 2956 ,
1696 2920 1728 2950 in
1749 2931 1802 2950 eos
1823 2930 1893 2963 qnoe
1908 2915 2099 2952 molucrum,
2116 2914 2174 2946 sed
2191 2914 2226 2945 ἱιι
2245 2925 2338 2944 mem-

1320 2970 1394 3008 bra,
1416 2984 1479 3003 non
1506 2971 1614 3003 corda.
1641 2971 1785 3003 ItIembra
1805 2971 2044 3006 cruciaverunt,
2065 2966 2124 2999 scd
2144 2965 2340 2998 volunlatem

1322 3036 1385 3055 nou
1413 3033 1621 3056 mutaverunt.
1647 3025 1822 3055 Soevierunt
1847 3025 1879 3055 in
1908 3033 2058 3058 carnem‚·
2087 3021 2205 3051 animoe
2230 3027 2336 3050 autem

1320 3089 1384 3108 non
1399 3077 1575 3109 habuerunt
1594 3077 1839 3122 qiiidfacerent.
1857 3079 1896 3108 Et
1910 3077 1953 3106 ita
1966 3075 1999 3106 in
2019 3074 2129 3106 codice
2144 3072 2339 3106 Colbertino.

1375 3133 1461 3163 1394
1482 3135 1522 3163 A.
1543 3143 1610 3162 sua.
1626 3151 1670 3154 —
1686 3131 1823 3172 Quidam
1847 3129 1988 3165 codices,
2010 3126 2102 3158 nulla
2126 3126 2196 3163 ὐἷες
2219 3126 2342 3169 Diony-

1320 3184 1426 3215 sianus
1438 3209 1445 3221 ,
1466 3182 1675 3228 adjustitiam
1695 3182 1783 3214 nullo
1798 3181 1893 3224 modo
1908 3179 2029 3223 sufficit
2041 3191 2110 3211 sna.

1374 3240 1461 3269 1396
1491 3240 1530 3268 D.
1558 3236 1750 3268 facultatem.
1767 3255 1813 3259 —
1828 3235 1958 3267 Codices
1981 3233 2110 3275 quidam
2127 3232 2266 3267 addunt.
2290 3231 2346 3263 vel

1315 3288 1512 3330 facilitatem
1524 3314 1532 3325 ‚
1553 3289 1637 3331 quod
1652 3289 1763 3320 scribis
1778 3299 1892 3330 anceps
1907 3293 1987 3318 esset
2000 3287 2094 3318 lectio
2106 3286 2199 3328 hujus
2212 3285 2302 3317 loci..

1379 3345 1463 3374 1398
1484 3346 1522 3373 D.
1537 3342 1722 3374 deformem.
1738 3360 1785 3365 -
1799 3345 1846 3372 113
1866 3340 1975 3382 scripti
1992 3340 2093 3372 nostri
2109 3345 2172 3370 tres
2189 3349 2197 3370 ε
2213 3338 2342 3370 Horstio

1325 3395 1384 3433 sic,
1401 3395 1432 3426 in
1448 3394 1504 3426 illo
1525 3395 1625 3426 creari
1646 3393 1786 3439 oportuit
1803 3406 1813 3424 .·
1828 3391 1918 3438 quod
1930 3399 2002 3424 erat
2011 3404 2073 3439 per
2078 3392 2221 3436 formam
2240 3389 2341 3432 resor-
