2533 3920
394 199 465 227 fm-

393 220 460 238 --J

390 278 544 317 dolente
570 293 723 331 possum
747 294 823 318 non
851 278 1000 326 dolere,
1021 292 1090 317 nec
1110 280 1181 317 nisi
1211 281 1392 317 molestus
1410 276 1423 294 ⁷

1142 205 1177 240 S.
1208 202 1463 239 BERNARDI
1492 202 1691 237 ABBATIS

1427 276 1441 294 ³
1461 292 1541 315 rum
1563 279 1742 315 existunt.
1763 280 1856 314 Nam
1871 276 1936 326 qui
1954 276 2045 313 socii
2061 276 2222 323 laboris,
2239 279 2373 328 procul
2394 280 2460 318 du-

2383 201 2458 240 223

390 346 427 374 et
450 340 582 377 anxins
610 349 693 377 tuas
730 341 921 378 molestias
947 348 985 377 et
1014 340 1222 377 anxietates
1248 340 1438 377 audire.A
1458 337 1522 375 bio
1553 347 1591 375 et
1613 336 1798 374 mercedis
1828 336 2032 386 participes
2059 346 2184 374 erunt.
2211 338 2339 376 Sciens
2370 352 2460 390 ergo

390 401 530 435 Verum
565 400 653 450 quia
684 400 764 437 baec
790 401 871 451 ipsa
901 400 998 436 mala
1024 413 1108 450 quae
1142 408 1177 437 te
1203 401 1392 438 invenisse

389 461 575 506 causaris,
596 469 632 497 et
651 473 721 509 ego
746 459 994 510 praevideram
1008 489 1017 507 ,
1041 469 1078 497 et
1101 459 1191 507 tibi,
1210 460 1240 497 si
1261 474 1392 497 recor-

390 517 490 555 daris
514 548 524 565 ,
556 521 838 570 praedixeram3
871 529 965 570 puto
1002 529 1037 556 te
1071 520 1191 556 levius
1220 520 1392 570 praescita

387 588 541 627 portare
575 580 735 627 debere,
771 590 806 618 et
838 581 929 617 mihi
948 580 1050 617 unde
1074 593 1231 630 parcere
1258 589 1389 630 potes,

386 639 588 676 molestum
616 652 694 676 n‘on
718 654 810 677 esse.
831 641 926 678 Satis
947 654 1112 690 namque
1129 648 1166 676 et
1186 640 1388 690 plusquam

385 698 474 734 satis
505 700 655 736 crucior
678 709 712 736 te
747 700 933 745 carendo,
959 709 994 736 te
1025 713 1100 736 non
1129 699 1322 745 videndo,
1354 708 1388 736 te

385 756 602 795 dulcissimo
624 761 715 796 milii
733 761 867 797 solatio
890 773 965 796 non
987 759 1148 796 fruendo
1168 774 1175 796 :
1195 760 1245 796 ita
1265 768 1307 796 ut
1324 773 1388 809 pe-

382 830 432 854 ne
452 819 635 867 poeniteat
665 834 747 868 me,
783 820 887 871 quod
917 829 952 856 te
989 820 1244 869 elongaverim
1271 833 1291 856 a
1315 833 1386 857 me.

384 880 430 914 Et
451 879 537 915 licet
552 879 714 916 charitas
734 880 806 916 hoc
821 888 992 929 cogeret,
1008 893 1247 929 quacumque
1263 888 1386 916 tamen

381 940 622 985 necessitate,
645 952 722 989 qno
744 949 780 976 te
796 953 872 976 non
895 940 1040 976 videam
1058 968 1067 985 ,
1088 939 1243 975 missum
1258 968 1267 984 ,
1282 940 1388 988 plan-

380 1010 428 1046 go
455 1006 490 1034 te
512 1006 690 1048 tanquam
722 1000 914 1036 amissum.
949 1002 1043 1037 Cum
1071 1012 1160 1048 ergo
1181 1012 1297 1048 super
1315 999 1388 1035 hoc

1459 407 1494 435 te
1511 399 1664 435 missum
1683 397 1836 447 juvare,
1866 410 1942 433 non
1965 396 2112 445 juvari,
2130 398 2231 435 illius
2248 407 2284 435 te
2301 412 2461 448 agnosce

1456 459 1640 495 vicarium
1664 458 1729 507 qui
1748 456 1854 493 venit
1872 457 2104 503 ministrare,
2134 470 2211 494 non
2242 458 2458 498 ministrari.

1458 520 1571 555 Plura
1593 518 1660 555 tibi
1691 517 1738 554 ad
1760 518 1813 554 tui
1834 517 2134 554 consolationem
2167 517 2333 555 scribere
2354 520 2460 557 vole-

1456 578 1543 615 bam
1567 594 1574 615 :
1597 579 1660 615 sed
1681 591 1758 614 nou
1780 578 1848 614 fuit
1862 577 2129 614 necessarium.
2148 581 2242 615 Nam
2260 578 2353 628 quid
2364 592 2460 629 opus

1457 647 1513 675 est
1532 638 1658 675 verbis
1671 637 1874 688 superfluis
1891 646 2081 673 mortuam
2100 637 2267 675 chartam
2284 639 2458 688 implere,

1455 698 1521 735 ubi
1571 700 1657 736 viva
1701 712 1868 749 praesens
1908 698 2078 748 loquitur
2095 700 2110 735 Ξ)
2142 699 2233 736 Viso
2272 698 2458 749 siquidem

1454 760 1587 796 Priore
1599 788 1608 804 ,
1625 768 1719 809 puto
1737 758 1840 809 quod
1856 759 1925 795 ista
1942 759 2008 795 tibi
2029 756 2219 796 sufficiant
2234 788 2244 806 ,
2262 767 2300 796 et
2319 759 2365 796 ad
2379 758 2461 808 ejus

1454 821 1695 870 praesentiam
1723 820 1876 870 spiritus
1906 828 1992 857 tuus
2019 820 2219 864 revixerit,
2254 819 2304 856 ita
2325 819 2459 869 utjam

1455 881 1754 917 consolationem
1772 881 1999 930 scriptorum
2018 893 2096 916 non
2117 880 2307 930 requiras,
2325 880 2385 916 cui
2402 881 2460 917 in·

1455 940 1563 976 terim
1584 941 1669 977 licet
1694 939 1901 977 xerborum
1922 941 2023 977 illius
2049 940 2183 977 solatio
2207 940 2367 977 relevari
2392 955 2400 977 :
2422 941 2459 977 in

1453 1014 1531 1050 quo
1552 1008 1589 1037 et
1606 1013 1676 1050 per
1690 1014 1801 1050 quem
1818 1014 1944 1037 meum
1963 1013 2117 1050 quoque
2131 1001 2326 1051 spiritum,
2347 1013 2460 1050 quem

378 1058 489 1093 etiam
509 1059 611 1094 velut
631 1059 798 1108 quodam
819 1068 890 1096 tuae
909 1059 1230 1109 pusillanimitatis
1250 1058 1386 1095 baculo
1406 1056 1434 1090 Β
1455 1061 1521 1098 tibi
1538 1063 1576 1098 in
1596 1062 1670 1098 tuis
1690 1062 1824 1098 litteris
1846 1061 1943 1097 mitti
1963 1058 2183 1110 postulasti,
2204 1061 2328 1111 siquo
2346 1061 2459 1098 modo

377 1129 439 1152 nie
472 1118 670 1166 percellis,
701 1119 767 1168 qui
801 1119 889 1155 mihi
912 1118 1098 1155 debueras
1118 1131 1198 1155 esse
1227 1118 1386 1156 baculus

377 1178 683 1224 sustentationis,
718 1179 907 1216 tristitiam
929 1192 1045 1229 super
1065 1179 1254 1216 tristitiam
1278 1180 1386 1229 inge-

375 1237 426 1272 ris
440 1265 449 1282 ,
483 1246 520 1274 et
538 1239 747 1275 cruciatum
766 1238 995 1276 cruciatibus
1015 1239 1122 1276 addis
1146 1254 1153 1276 ε
1186 1248 1224 1276 et
1243 1239 1272 1276 si
1293 1239 1385 1276 milii

376 1296 483 1346 pium
506 1305 562 1335 est
587 1299 710 1336 nullas
727 1307 809 1336 tuas
829 1301 1020 1350 angustias
1037 1300 1295 1346 dissimulare,
1316 1299 1385 1336 tibi

377 1365 502 1394 tamen
533 1357 672 1395 (lurum
693 1368 749 1396 est
769 1360 820 1397 sic
851 1361 987 1397 affecto
1017 1370 1172 1398 cunetas
1199 1361 1378 1398 indicare.

373 1417 475 1465 Quid
494 1419 596 1456 enim
616 1433 769 1457 necesse
790 1429 846 1458 est
865 1421 954 1458 satis
982 1422 1185 1458 sollicitum
1217 1423 1380 1472 amplius

373 1478 598 1526 sollicitare,
620 1488 658 1516 et
677 1479 847 1518 absentia
868 1481 935 1518 filii
953 1482 1080 1519 saucia
1101 1483 1220 1532 patris
1236 1483 1382 1520 viscera

369 1538 609 1586 gravioribus
645 1549 825 1591 torquere
856 1542 1079 1580 doloribus?
1117 1546 1223 1581 Onus
1254 1557 1380 1580 meum

372 1599 436 1634 tibi
450 1600 614 1648 partitus
630 1614 712 1637 sum
736 1611 775 1639 ut
796 1603 893 1649 filio,
915 1612 958 1640 ut
974 1605 1198 1650 necessario,
1219 1612 1260 1641 ut
1279 1604 1380 1641 fideli

369 1659 581 1708 coadjutori
617 1675 717 1698 meo.
760 1663 854 1700 vide
882 1664 1079 1714 quomodo
1119 1673 1155 1701 te
1203 1673 1380 1715 oporteat

365 1727 563 1769 paternam
595 1731 750 1771 portare
790 1725 988 1761 sarcinam.
1012 1725 1049 1763 Si
1080 1726 1182 1762 enim
1211 1726 1264 1762 sic
1285 1739 1379 1776 por—

368 1787 424 1815 tas
439 1809 448 1825 ,
470 1788 511 1816 ut
530 1794 589 1817 me
618 1795 695 1817 non
727 1780 886 1828 alleves,
910 1784 975 1821 sed
996 1786 1114 1834 magis
1140 1795 1310 1835 prema53
1338 1794 1377 1822 tu

1454 1129 1579 1158 tamen
1597 1121 1746 1158 mittere
1766 1122 1898 1171 potui,
1920 1121 2074 1157 missum
2096 1134 2176 1158 esse
2191 1134 2269 1158 non
2291 1120 2458 1167 dubites;

1453 1182 1511 1218 cui
1533 1182 1695 1232 quippe,
1717 1190 1761 1218 ut
1780 1180 1878 1218 bene
1901 1181 2022 1226 nosti,
2056 1181 2157 1218 idem
2187 1195 2336 1219 mecum
2363 1195 2459 1218 con-

1453 1241 1599 1287 silium,
1623 1241 1754 1278 eadem
1772 1242 1870 1278 solet
1888 1254 1969 1278 esse
1990 1242 2180 1279 voluntas.
2267 1263 2280 1268 -

1448 1387 2460 1398 ==================================================================

1601 1516 1982 1572 EPISTOLA
2029 1517 2294 1572 LXXIV.

1832 1679 1878 1700 AD
1898 1679 1976 1701 EUM
1982 1679 2060 1701 DEM
2067 1694 2074 1701 .

1444 1795 1615 1835 Optaverat
1634 1794 1812 1826 Bernardus
1832 1794 2023 1826 Rainaldum
2045 1795 2183 1827 molestis
2200 1794 2356 1827 abstinere
2378 1805 2453 1837 que-

369 1839 524 1888 quidem
546 1854 585 1877 es
608 1851 807 1890 oneratus,
839 1843 904 1880 sed
924 1857 994 1894 ego
1021 1858 1099 1881 non
1126 1859 1210 1882 sum
1239 1859 1379 1883 exone·
1395 1842 1422 1878 C
1467 1847 1608 1879 rinioniis
1624 1859 1631 1879 :
1650 1859 1734 1879 nunc
1747 1848 1837 1891 jubet
1855 1848 1894 1879 (le.
1907 1848 2001 1880 rebus
2019 1849 2085 1891 ejus
2101 1860 2134 1881 se
2148 1848 2239 1880 reddi
2255 1849 2432 1881 certiorem.

368 1908 484 1937 ratus.

423 1960 457 1997 2.
482 1964 565 1998 Hoc
596 1970 721 1999 autem
754 1976 851 2000 onus
880 1964 1093 2001 animarum
1123 1974 1196 2012 est,
1219 1974 1256 2002 et
1274 1965 1378 2003 infir-

372 2033 533 2057 marum.
551 2025 645 2058 Nam
667 2036 752 2072 quae
773 2037 872 2060 sanae
894 2033 1003 2070 sunt,
1020 2026 1165 2075 portari
1184 2039 1260 2062 non
1278 2026 1378 2062 indi-

367 2088 479 2128 gent,
502 2093 544 2117 ac
570 2094 640 2131 per
670 2083 764 2129 hoc,
782 2097 852 2120 nec
870 2097 966 2120 onus
990 2093 1090 2121 sunt.
1108 2088 1379 2135 Quoscumque

363 2138 479 2188 igitur
510 2140 556 2177 (le
594 2142 667 2179 tuis
696 2143 887 2180 inveneris
920 2144 1066 2191 tristes,
1092 2146 1374 2195 pusillanimes,

364 2211 650 2247 murmurosos,
682 2202 852 2252 ipsorum
890 2213 925 2240 te
952 2213 1118 2255 patrem,
1140 2206 1312 2256 ipsorum
1342 2215 1376 2243 te

364 2260 518 2296 nox-cris
547 2274 626 2297 esse
657 2261 844 2300 abbatem.
874 2265 1136 2310 Consolando,
1174 2265 1378 2302 exhortan-

363 2317 413 2353 ‹lo
430 2347 438 2363 ,
472 2320 706 2371 increpando
739 2324 816 2373 agis
843 2338 940 2374 opus
967 2333 1095 2372 tuum,
1126 2335 1256 2376 portas
1282 2340 1380 2364 onus

363 2385 493 2424 tuum,
527 2389 563 2416 et
583 2382 774 2430 portando
799 2396 906 2420 sanas
922 2413 931 2431 ,
957 2398 1054 2435 quos
1087 2386 1256 2422 sanando
1286 2400 1379 2436 por—

364 2447 431 2476 tas.
459 2441 495 2476 Si
517 2442 600 2490 quis
622 2456 714 2479 vero
741 2444 791 2481 ita
819 2458 932 2482 sanus
953 2455 1030 2493 est,
1057 2455 1100 2483 ut
1126 2447 1243 2495 magis
1271 2447 1379 2497 juvet

365 2507 422 2542 te,
443 2500 727 2549 quamjuvetur
751 2518 771 2540 a
794 2512 828 2541 te
852 2520 859 2541 :
884 2505 997 2554 liujus
1023 2514 1057 2542 te
1092 2519 1169 2542 non
1202 2516 1378 2556 patrem,

362 2557 426 2594 sed
461 2573 613 2609 parem3
642 2563 844 2610 comitem,
867 2578 945 2601 non
978 2564 1155 2602 abbatem
1180 2580 1375 2615 agnoscas.

1498 1969 1705 2021 Sperabam
1720 1999 1729 2016 ,
1748 1969 1966 2007 charissime
1979 1997 1988 2014 ,
2005 1969 2161 2019 aliquod
2179 1982 2239 2006 me
2257 1977 2459 2019 pereeptu-

1446 2045 1528 2068 rum
1549 2044 1642 2067 meae
1662 2043 1734 2080 pro
1755 2039 1790 2066 te
1811 2029 2078 2067 sollicitudinis
2095 2028 2326 2076 remedium,
2348 2029 2378 2066 si
2396 2037 2457 2065 tua

1447 2100 1483 2128 te
1509 2104 1588 2127 non
1617 2090 1809 2127 indicante
1838 2089 2023 2126 nescirem
2057 2088 2316 2127 incommoda.
2345 2088 2457 2127 Unde

1445 2159 1482 2188 et
1514 2151 1551 2187 in
1579 2150 1651 2187 alia
1676 2150 1838 2200 epistola
1863 2150 2020 2186 memini
2042 2163 2102 2187 me
2132 2149 2179 2186 ad
2213 2157 2248 2186 te
2274 2149 2327 2187 sic
2356 2149 2456 2186 inter

1443 2220 1583 2248 caetera
1615 2211 1809 2261 scripsisse
1841 2225 1849 2247 :
1889 2227 1904 2242 (ι
1923 2213 1972 2247 Et
2003 2210 2058 2254 si,
2082 2226 2097 2242 υ
2121 2210 2300 2260 inquam,
2328 2226 2342 2242 α
2365 2208 2455 2246 mihi

1446 2273 1586 2324 »pium
1619 2281 1674 2309 est
1708 2273 1836 2310 nullas
1857 2280 1938 2308 tuas
1973 2271 2165 2321 angustias
2194 2270 2455 2317 dissimulare3

1445 2351 1460 2366 »
1481 2332 1548 2369 tibi
1567 2341 1693 2369 tamen
1720 2332 1859 2369 durum
1881 2339 1937 2368 est
1956 2331 2008 2367 sic
2029 2331 2167 2367 affecto
2184 2338 2339 2367 cunctas
2358 2329 2456 2367 indi-

1447 2411 1462 2427 »
1482 2407 1568 2430 care
1583 2400 1608 2430 ¹.
1627 2410 1640 2425 n
1660 2392 1733 2430 Sed
1749 2405 1836 2428 ecce
1852 2390 1955 2428 unde
1971 2404 2073 2428 meas
2086 2390 2178 2427 mihi
2191 2403 2300 2427 curas
2313 2389 2455 2428 credidi

1446 2454 1622 2503 levigari,
1651 2452 1738 2489 inde
1756 2452 1877 2488 fateor
1893 2451 2055 2502 amplius
2077 2451 2226 2500 gravari
2243 2464 2303 2488 me
2317 2451 2452 2488 sentio.

1444 2517 1538 2551 Nam
1572 2521 1659 2549 ante
1691 2511 1845 2562 quidem
1871 2512 1974 2558 sola,
2005 2524 2091 2561 quae
2123 2520 2159 2548 te
2190 2512 2453 2549 innotescente

1444 2585 1691 2623 perceperam
1709 2601 1719 2619 ,
1757 2580 1823 2608 aut
1857 2570 2034 2608 dolebam
2060 2600 2069 2617 ,
2106 2579 2172 2608 aut
2203 2570 2451 2608 metuebam:

361 2619 460 2665 Quid
481 2620 596 2669 igitur
626 2624 814 2671 causaris,
840 2633 874 2661 te
904 2625 1120 2675 aliquorum
1149 2627 1215 2675 qui
1247 2635 1368 2664 tecum
1388 2627 1421 2660 D
1441 2645 1544 2669 nunc
1561 2641 1686 2668 autem
1711 2631 1803 2681 quid
1820 2644 1991 2681 unquam
2014 2631 2103 2668 mali
2123 2631 2278 2668 evenire
2307 2638 2451 2682 potest,

360 2688 471 2725 sunt,
500 2681 618 2729 magis
648 2684 795 2731 gravari
829 2686 1045 2732 consortio,
1078 2699 1191 2735 quam
1215 2687 1289 2723 frui
1310 2700 1371 2723 so-

358 2737 471 2782 latim
506 2753 592 2776 cum
626 2742 728 2777 solus
766 2743 936 2779 omnium
971 2744 1150 2781 omnibus
1184 2745 1292 2782 datus
1325 2746 1373 2782 sis

357 2799 556 2845 sis-latium,
580 2809 758 2850 tanquam
790 2802 969 2839 omnibus
997 2804 1150 2850 sanior,
1187 2804 1367 2842 omnibus

356 2857 510 2904 sni-tior,
531 2859 594 2908 qui
627 2860 806 2897 omnibus
834 2862 1000 2900 sufficias
1020 2877 1089 2913 per
1111 2865 1179 2901 Dei
1205 2865 1368 2914 gratiam

404 2921 408 2934 ⁶
428 2918 522 2953 »uviri
536 2948 544 2964 ‚
562 2928 599 2955 et
617 2933 637 2956 a
659 2921 809 2957 nemine
824 2922 996 2959 omnium
1018 2923 1186 2973 indigeas
1219 2925 1368 2961 consor-

357 2977 452 3012 tari?
470 2978 644 3028 Denique
678 2980 714 3015 in
737 2989 921 3029 quantum
942 2985 1131 3031 gravaris,
1160 2984 1197 3020 in
1220 2992 1366 3021 tantum

356 2930 396 2951 5¹st

357 3035 535 3084 lucrari53
564 3039 655 3075 etin
680 3041 1050 3091 quantum-juvaris,
1069 3043 1106 3079 in
1126 3052 1273 3081 tantum
1306 3054 1368 3082 tua

358 3096 422 3131 tibi
444 3097 596 3146 praemia
615 3099 764 3136 minuis.
788 3101 892 3151 Elige
917 3115 1007 3152 ergo
1033 3116 1129 3152 quos
1152 3104 1286 3154 eligas,
1317 3118 1364 3142 an

349 3156 414 3204 qui
437 3158 632 3205 gravando
652 3158 809 3209 juvant,
843 3175 889 3198 an
913 3162 1164 3212 quijuvando
1182 3174 1341 3214 gravant
1361 3201 1368 3208 ,

348 3217 392 3252 lli
417 3217 483 3253 tibi
521 3221 811 3269 promeritores,
838 3222 891 3259 illi
924 3223 1160 3261 fraudatores
1193 3227 1351 3264 merito—

1441 2692 1544 2742 quod
1594 2705 1664 2742 ego
1702 2705 1781 2728 non
1821 2693 2023 2729 metuam?
2065 2695 2149 2729 Iino
2183 2690 2296 2742 Juxta
2343 2699 2450 2728 tuum

1440 2752 1643 2799 Ovidium,

1511 2873 1647 2916 Quando
1666 2884 1722 2916 ego
1737 2884 1801 2905 nou
1819 2873 1907 2906 timui
1925 2873 2068 2917 graviora
2088 2873 2226 2917 pericula
2243 2872 2323 2905 veris
2338 2878 2351 2894 ²
2371 2873 2385 2903 ?

1437 3000 1482 3024 eo
1521 2987 1666 3038 quippe
1691 2997 1890 3039 suspectus
1922 2988 2072 3035 omnia,
2103 3001 2180 3038 quo
2208 2987 2374 3024 incertus
2402 2985 2448 3022 de

1435 3048 1636 3094 omnibus,
1658 3063 1787 3086 veram
1817 3062 1917 3099 saepe
1943 3048 1990 3085 de
2017 3049 2116 3086 salsis
2149 3048 2337 3085 tristitiam
2361 3058 2449 3084 con·
2498 3060 2522 3085 ,ι

1441 3108 1592 3145 trahere
1635 3123 1763 3158 cogor.
1808 3113 1915 3147 Mens
1954 3108 2140 3158 siquidem
2185 3121 2300 3158 quam
2333 3104 2447 3144 semel

1443 3169 1610 3206 affecerit
1627 3169 1803 3216 charitas,
1819 3170 1876 3206 sui
1894 3168 1993 3218 juris
2009 3181 2089 3205 esse
2110 3181 2188 3206 non
2205 3168 2354 3206 sinitur.
2370 3170 2447 3204 Me-

1441 3229 1510 3266 tuit
1544 3229 1646 3278 quod
1688 3229 1840 3276 nescit3
1877 3228 1980 3266 dolet
2013 3228 2118 3278 quod
2153 3241 2230 3266 non
2261 3233 2441 3278 oportet;

391 3348 397 3363 ¹
417 3343 512 3385 lipist.
530 3348 594 3383 73,
618 3358 649 3377 n.
679 3351 705 3378 1.
732 3367 775 3370 --
796 3355 806 3370 ⁷
828 3348 958 3379 osidius
971 3374 978 3387 ,
996 3350 1125 3381 llernid.
1144 3350 1234 3393 epist.
1253 3364 1281 3388 i,
1303 3364 1381 3384 xers.
1417 3358 1423 3384 l
1441 3359 1467 3385 Ι.
