2533 3920
474 178 487 185 n

413 178 491 214 570

417 254 576 291 meliora
601 268 608 290 :
632 252 737 303 quod
757 252 897 289 scilicet
918 251 1074 301 pacifice
1102 260 1139 287 et
1162 260 1356 288 mansuete
1380 260 1415 288 te

1186 177 1220 209 S.
1251 174 1504 210 BERNARDI
1534 174 1734 209 ABBATIS

1426 250 1474 269 278

2416 177 2490 214 576

1485 250 1796 291 subministravit,
1823 251 1855 283 si
1881 261 1991 283 omne
2018 263 2110 297 opus
2141 249 2273 286 bonum
2303 252 2490 292 subsecuta

417 314 573 358 habeas,
592 314 828 364 sapienteret
842 313 1000 350 consilio
1015 312 1240 362 sapientium
1259 321 1292 349 te
1306 321 1343 349 et
1356 321 1418 349 tua
1437 320 1464 353 A
1485 310 1576 348 σεῖό.
1604 311 1640 349 Si
1671 310 1749 346 haec
1776 308 1864 344 facis
1878 336 1887 353 ,
1911 307 2022 345 beata
2049 323 2107 356 es,
2135 318 2174 347 et
2195 309 2292 347 bene
2316 311 2382 349 tibi
2407 315 2488 352 erit.

415 389 544 425 regas;
570 376 703 411 fratres
727 373 774 410 de
802 374 961 424 Templo
983 373 1135 422 diligas,
1159 382 1196 409 et
1219 373 1420 409 familiares

413 436 572 483 habeas;
594 435 772 486 periculis
802 434 1091 471 imminentibus
1124 443 1251 479 terrie,
1283 446 1419 469 secun-

412 497 502 534 dum
525 496 746 547 sapientiam
781 495 846 532 tibi
872 510 891 531 a
915 499 997 532 Deo
1019 494 1164 539 datam,
1192 492 1420 530 salutaribus

410 558 576 595 consiliis
590 565 627 593 et
644 556 791 593 auxiliis
809 554 970 605 provide
989 562 1025 591 et
1047 556 1263 604 sapienter²
1288 567 1419 590 occur-

410 632 481 655 ras.
502 618 604 655 Talia
626 628 781 667 prorsus
795 645 803 661 ‚
823 615 909 651 talia
931 614 1067 651 decent
1085 628 1204 664 opera
1219 614 1415 650 mulierem

411 678 567 723 fortem,
590 677 770 713 humilem
800 675 972 721 viduam,
1001 674 1202 711 sublimem
1233 675 1414 724 reginam.

410 742 541 786 Neque
581 736 682 772 enim
723 734 811 784 quia
848 734 976 783 regina
1010 747 1070 779 es,
1112 734 1311 783 indignum
1349 733 1414 770 tibi

408 798 560 834 viduam
600 809 697 840 esse,
732 794 855 843 quod,
885 795 914 831 si
950 796 1154 841 voluisses,
1186 808 1264 831 non
1302 808 1413 832 esses.

410 863 507 896 Puto
539 856 642 907 quod
674 865 711 892 et
746 856 867 905 gloria
898 854 965 892 tibi
995 864 1072 902 cst,
1095 856 1288 905 praecipue
1318 856 1416 892 inter

409 919 640 955 Christianos
656 945 665 959 ,
689 930 764 952 non
795 916 919 952 minus
945 916 1077 952 vivere
1103 915 1276 960 viduam,
1299 929 1413 965 quam

408 978 588 1027 reginam.
618 976 717 1013 Illud
747 975 996 1012 successionis
1025 984 1101 1021 est,
1128 976 1201 1012 hoc
1233 976 1412 1012 virtutis:

405 1036 497 1074 illud
520 1036 584 1073 tibi
601 1050 646 1073 ex
665 1049 821 1085 genere,
840 1035 939 1072 istud
960 1049 1006 1072 ex
1027 1049 1186 1072 munere
1203 1036 1273 1072 Dei
1293 1049 1299 1070 :
1318 1035 1412 1071 illud
1434 1040 1460 1073 B

407 1097 566 1134 feliciter
604 1105 689 1133 nata
721 1109 781 1139 es,
815 1095 886 1132 hoc
918 1095 1079 1132 viriliter
1108 1103 1230 1132 nacta.
1264 1095 1415 1144 Duplex

404 1158 548 1203 lionor3
570 1158 665 1194 alter
691 1156 902 1193 secundum
935 1156 1134 1202 saeculum,
1158 1156 1254 1193 alter
1278 1169 1414 1193 secun—

405 1218 496 1254 dum
530 1221 652 1254 Deum
676 1233 683 1254 :
706 1226 867 1267 uterque
893 1230 913 1254 a
933 1221 1026 1254 Deo.
1063 1221 1139 1255 Nec
1169 1230 1311 1266 parvus
1346 1215 1413 1253 tibi

402 1278 579 1315 videatur
601 1278 727 1315 honor
754 1278 969 1323 viduitatis,
994 1277 1040 1315 de
1066 1292 1144 1328 quo
1173 1278 1411 1327 Apostolus:

405 1341 580 1384 Honora,
601 1338 741 1388 inquit,
757 1341 917 1382 viduas,
934 1352 1022 1387 quoe
1038 1353 1127 1375 vere
1146 1341 1276 1375 vidua?
1293 1346 1412 1374 suut&

470 1400 505 1436 2.
539 1399 665 1437 Habes
703 1408 804 1436 certe
842 1413 959 1445 penes
994 1408 1030 1436 te
1066 1400 1185 1450 ipsam
1230 1399 1413 1436 familiare

404 1459 739 1496 commonitorium
756 1459 973 1509 apostolicae
988 1460 1125 1496 iterum
1145 1460 1317 1496 salutaris
1331 1473 1413 1496 sen-

404 1520 550 1567 tentiae,
567 1534 642 1570 qua
667 1520 814 1557 doceris
831 1519 877 1557 ab
901 1533 946 1556 eo
967 1520 1172 1570 providere
1195 1519 1314 1565 bona,
1337 1534 1411 1555 mm

404 1589 546 1616 tantum
578 1595 702 1616 coram
734 1583 835 1624 Deo,
857 1583 925 1615 sed
950 1584 1063 1615 etiam
1096 1594 1219 1615 coram
1251 1581 1412 1615 Immitti-

403 1640 469 1676 [ηις
483 1647 494 1661 ²
514 1655 521 1676 :
542 1654 669 1677 coram
683 1644 787 1687 Deo,
803 1649 843 1677 ut
860 1640 997 1686 vidua,
1019 1654 1146 1677 coram
1166 1640 1388 1677 hominibus
1400 1670 1409 1686 ,

400 1709 442 1737 ut
462 1701 603 1751 regina.
631 1701 794 1739 Attende
816 1702 982 1751 reginam
997 1731 1006 1747 ,
1029 1701 1137 1750 cujus
1161 1701 1295 1751 digna,
1316 1702 1411 1738 indi-

399 1775 520 1811 gnave
549 1775 627 1799 non
665 1772 826 1812 possunt
853 1763 969 1799 latere
997 1762 1218 1799 submodio
1256 1778 1263 1799 :
1298 1776 1412 1813 super

397 1822 669 1859 candelabrum
692 1831 797 1869 sunt,
819 1832 860 1859 ut
883 1832 1091 1873 appareant
1112 1823 1304 1860 omnibus.
1329 1827 1410 1861 Me-

399 1891 528 1919 mento
563 1882 735 1929 viduam,
766 1883 824 1919 cui
857 1883 935 1932 jam
973 1897 1050 1919 non
1089 1892 1144 1920 est
1180 1883 1285 1932 quod
1317 1884 1407 1919 velit

396 1942 547 1991 placere
570 1942 675 1989 viro,
698 1951 739 1979 ut
765 1942 835 1978 soli
856 1943 976 1992 possit
999 1943 1149 1993 placere
1177 1946 1269 1979 Deo.
1295 1946 1406 1979 Beata

395 2016 451 2048 es,
476 2003 505 2039 si
532 2003 766 2040 Salvatorem
789 2016 910 2053 ponas
931 2002 995 2039 tibi
1019 2017 1169 2039 murum
1199 2003 1246 2039 ad
1275 2012 1406 2053 prote-

397 2063 562 2099 ctionem
576 2063 838 2107 conscientiae3
860 2071 896 2098 et
907 2063 1143 2099 antemurale
1158 2062 1204 2098 ad
1217 2063 1406 2113 repulsio-

394 2136 481 2159 nem
497 2123 673 2159 infamiae.
688 2127 820 2169 Beata,
834 2123 989 2172 inquam
1000 2123 1048 2169 ,si
1063 2123 1182 2159 veluti
1198 2122 1404 2160 desolatam

394 2191 432 2219 et
451 2182 605 2219 viduam
628 2191 745 2219 totam
770 2191 804 2218 te
824 2186 906 2219 Deo
928 2182 1131 2232 regendam
1158 2183 1403 2220 commiseris.

391 2243 573 2293 Alioquin
604 2242 702 2279 bene
727 2256 804 2279 non
824 2242 944 2292 regis,
968 2242 1114 2280 sibene
1142 2256 1220 2280 non
1249 2244 1402 2293 regeris.

391 2305 537 2354 Regina
563 2304 693 2341 Austri
720 2304 825 2340 venit
846 2303 978 2340 audire
997 2303 1220 2354 sapientiam
1235 2304 1406 2341 Salomo-

393 2364 452 2401 nis
467 2393 476 2410 ,
495 2372 536 2400 ut
556 2363 635 2412 regi
650 2363 826 2407 disceret,
852 2372 889 2400 et
904 2363 956 2399 sic
974 2372 1131 2412 regeret.
1150 2366 1196 2400 Et
1213 2376 1300 2400 ecce
1322 2364 1406 2413 plus

395 2438 509 2475 quam
545 2424 726 2461 Salomon
764 2423 846 2460 11163
875 2439 882 2460 :
911 2428 1041 2462 Jesum
1071 2424 1210 2473 loquor
1235 2432 1272 2460 et
1305 2424 1407 2460 hunc

392 2484 630 2522 crucifixum.
654 2484 751 2520 Huic
780 2492 815 2520 te
847 2484 1042 2520 committe
1067 2483 1292 2533 regendam,
1319 2484 1407 2520 huic

390 2544 601 2582 docendam
616 2574 625 2591 ‚
643 2544 838 2594 quomodo
861 2558 989 2594 regere
1011 2544 1161 2582 debeas.
1185 2545 1294 2582 Disce
1328 2554 1407 2582 tan-

391 2618 504 2655 quam
527 2604 661 2651 vidua,
685 2605 789 2654 quod
812 2605 859 2642 sit
880 2605 979 2642 mitis
999 2614 1037 2642 et
1057 2605 1209 2641 humilis
1235 2604 1376 2641 σοι-(164
1394 2619 1401 2641 :
1423 2613 1455 2647 D

394 2666 496 2702 disce
525 2673 703 2714 tanquam
732 2665 880 2714 regina,
902 2664 1008 2714 quod
1025 2664 1172 2713 judicet
1199 2663 1404 2713 injustitia

394 2739 601 2775 pauperes,
625 2734 662 2762 et
683 2733 815 2775 arguat
836 2726 873 2762 in
897 2726 1072 2775 aequitate
1099 2739 1170 2775 pro
1200 2726 1405 2762 mansuetis

408 2784 552 2822 terrae5.
580 2788 680 2834 Ergo
707 2798 794 2822 cum
817 2786 960 2834 cogitas
980 2784 1222 2834 dignitatem,
1245 2786 1397 2822 attende

396 2855 434 2883 et
456 2845 700 2883 viduitatem:
719 2846 807 2895 quia
830 2854 871 2882 ut
893 2859 988 2895 pure
1010 2845 1111 2896 apud
1136 2854 1169 2882 te
1191 2846 1295 2895 quod
1316 2860 1405 2883 sen-

398 2906 450 2943 tio
482 2906 695 2957 proferam,
717 2919 795 2942 non
822 2914 932 2956 potes
961 2919 1040 2942 esse
1073 2907 1201 2955 regina
1232 2905 1354 2953 bona,
1376 2908 1405 2944 si

398 2966 501 3005 bona
518 2979 593 3002 non
615 2966 729 3002 fueris
747 2965 873 3002 vidua.
890 2967 1036 3015 Quaeris
1054 2966 1156 3003 unde
1171 2966 1272 3004 bona
1291 2968 1405 3005 vidua

400 3026 634 3064 aestimetur?
665 3029 721 3063 Ex
744 3025 801 3063 liis
821 3027 994 3077 profecto
1016 3040 1100 3076 quae
1120 3028 1327 3078 Apostolus
1349 3028 1405 3064 di-

398 3086 468 3123 cit:
487 3086 640 3133 Sifilins
657 3088 846 3131 educavit,
862 3092 895 3122 si
911 3088 1070 3135 hospitio
1091 3093 1250 3138 recepit,
1269 3093 1301 3124 si
1317 3103 1405 3124 Still-

399 3155 538 3184 ctorum
558 3148 676 3195 pedes
703 3149 813 3192 lavit,
838 3151 871 3182 si
891 3146 1162 3184 tribulationem
1179 3149 1409 3197 patieutI'lms

1432 1831 1458 1866 C

1486 371 1692 408 Benedicat
1714 378 1748 405 te
1768 369 1958 406 Dominus
1981 382 2026 405 ex
2049 370 2161 415 Sion,
2189 370 2328 408 eximia
2354 372 2391 408 in
2414 377 2490 412 Do-

1488 432 1592 468 mino
1614 431 1712 474 filia,
1733 438 1769 466 et
1790 429 1895 465 omni
1915 430 2162 467 veneratione
2192 429 2319 479 digna.
2349 432 2492 471 Admo-

1487 493 1582 528 nitio
1620 491 1814 541 praemissa
1848 498 1922 535 est3
1959 491 2174 539 prosecutio
2201 489 2279 540 jam
2311 504 2333 527 a
2368 502 2490 532 vestra

1487 551 1706 600 dignatione
1737 558 1991 599 exspectatur.
2025 551 2182 588 Occasio
2216 551 2303 588 data
2331 561 2491 592 estzex-

1485 611 1629 647 cusatio
1646 610 1724 659 jam
1747 623 1825 646 non
1848 609 2075 656 admittitur,
2101 611 2130 647 si
2162 624 2239 648 non
2269 622 2452 651 renovata
2467 628 2490 653 a

1483 680 1614 708 nostra
1639 679 1747 721 parte
1768 670 2019 716 familiaritas,
2042 671 2288 709 familiaribus
2313 672 2489 725 deinceps

1483 744 1504 768 a
1520 730 1631 767 vobis
1655 729 1783 766 verbis
1805 737 1842 765 et
1861 730 1995 766 litteris
2016 730 2292 779 frequentetur.

1481 872 1551 880 «ις-ι.
1570 872 1624 880 ἰιι
1642 872 1651 880 ι
1671 872 1709 880 ιιι
1745 870 2490 886 ιιιιηιννικικιπκι5ιυ-ιιςιςιυιιιικςιωιιωνιῃψικ“ικη

1643 989 2017 1046 EPISTOLA
2078 979 2335 1047 CCXC.¹’

1523 1156 1674 1179 DOMINO
1706 1155 1902 1187 OSTIENSI,
1935 1156 1982 1178 DE
2011 1155 2183 1179 JORDANO
2208 1144 2460 1182 CARDINA1„E*.

1481 1278 1629 1317 Legatum
1645 1274 1850 1317 apostolicum
1869 1273 2038 1313 describit,
2057 1284 2151 1315 quam
2164 1273 2247 1306 foeda
2262 1274 2379 1316 ubique
2398 1275 2487 1308 vesti·
2524 1279 2533 1313 ἰ

1860 1329 1907 1371 gia
1934 1328 2107 1371 reliquerit.
2522 1327 2524 1329 ’

1533 1460 1754 1498 Pertransiit
1774 1460 1917 1509 legatus
1936 1467 2062 1495 vester
2075 1458 2122 1494 de
2138 1466 2249 1508 gente
2266 1458 2306 1494 in
2323 1466 2485 1507 gentem,
2519 1459 2533 1498 ἰ

1479 1529 1516 1557 et
1540 1520 1587 1557 de
1608 1534 1725 1570 regno
1745 1520 1791 1556 ad
1810 1520 1996 1570 populum
2017 1519 2201 1566 alterum,
2223 1518 2324 1555 foeda
2343 1527 2381 1555 et
2399 1518 2486 1556 hor-
2517 1535 2533 1559 ιι

1479 1581 1598 1617 reuda
1623 1580 1779 1629 vestigia
1805 1579 1907 1630 apud
1937 1592 2007 1616 nos
2034 1577 2177 1629 ubique
2207 1578 2486 1629 relinquenS.A
2522 1574 2533 1641 d

1478 1641 1603 1678 radice
1643 1642 1797 1691 Alpium
1835 1649 1872 1677 et
1909 1653 2026 1690 regno
2061 1640 2378 1686 Teutonicorum,
2419 1650 2486 1690 per
2513 1635 2533 1687 ‘ff‘

1478 1716 1611 1739 omnes
1627 1716 1725 1752 pene
1744 1702 1930 1739 Ecclesias
1950 1701 2141 1748 Franciae,
2168 1709 2206 1738 et
2225 1701 2483 1748 Normanniae,
2511 1692 2533 1745 θ’

1478 1771 1515 1799 et
1544 1763 1842 1812 circumquaque
1871 1761 2099 1798 circumiens
2129 1775 2250 1811 usque
2275 1761 2484 1798 Rothoma-
2510 1711 2533 1827 ἓ

1479 1837 1588 1872 grim,
1607 1823 1667 1860 vir
1693 1823 1926 1873 apostolicus
1952 1821 2137 1873 replevit,
2155 1834 2234 1858 non
2254 1821 2481 1871 Evangelio,
2508 1864 2511 1876 Ι

1475 1884 1541 1920 sed
1557 1884 1766 1933 sacrilegio.
1784 1883 1923 1934 Turpia
1941 1883 2062 1920 fertur
2076 1881 2219 1932 ubique
2233 1883 2482 1930 commisisseg
2507 1912 2517 1934 ..Ἴ

1473 1944 1594 1993 spolia
1614 1944 1859 1980 ecclesiarum
1881 1951 2094 1993 asportasse
2114 1957 2121 1979 :
2142 1943 2372 1979 formosulos
2393 1955 2480 1993 pue—
2509 1975 2512 1979 .

1473 2016 1536 2039 ros
1574 2003 1610 2039 in
1652 2002 1914 2039 ecclesiasticis
1952 1999 2186 2046 honoribus,
2226 2000 2294 2038 ubi
2336 2001 2484 2052 potuin-

1473 2063 1730 2113 promovisse,
1753 2062 1817 2099 ubi
1841 2075 1917 2098 non
1938 2061 2086 2112 potuit,
2105 2061 2283 2098 voluisse.
2312 2061 2422 2098 Multi
2443 2050 2490 2107 εἰ*

1473 2123 1721 2160 redemerunt
1743 2153 1753 2170 ,
1771 2136 1818 2159 ne
1842 2122 1992 2159 veniret
2021 2120 2069 2158 ad
2088 2134 2176 2158 eos:
2201 2121 2247 2158 ad
2268 2134 2366 2171 quos
2393 2134 2481 2172 per-

1471 2185 1604 2221 venire
1631 2198 1709 2221 non
1736 2183 1882 2233 potuit,
1903 2182 2029 2232 exegit
2056 2191 2094 2218 et
2117 2182 2277 2219 extorsit
2296 2195 2365 2232 per
2384 2194 2479 2219 nunf-

1473 2245 1556 2281 tios.
1586 2248 1630 2281 In
1659 2244 1818 2290 scholis,
1845 2244 1884 2280 in
1913 2243 2047 2289 curiis,
2075 2243 2114 2279 in
2147 2242 2285 2284 triviis.
2317 2241 2479 2280 fabulam

1473 2319 1512 2342 se
1527 2306 1651 2356 ipsum
1673 2306 1771 2342 fecit.
1790 2305 2014 2351 Saeculares,
2034 2304 2218 2353 religiosi,
2233 2317 2366 2341 omnes
2387 2303 2480 2341 mal&
2531 2327 2533 2338 1

1472 2366 1688 2415 loquuntur
1718 2365 1764 2402 de
1797 2378 1843 2401 eo
1876 2380 1883 2401 :
1908 2377 2117 2415 pauperes,
2147 2372 2185 2400 et
2218 2364 2416 2410 monachi,
2443 2371 2480 2403 et

1473 2425 1599 2461 clerici
1632 2433 1925 2474 conqueruntur
1946 2424 1992 2461 de
2017 2437 2077 2461 eo.
2115 2423 2299 2461 Homines
2328 2435 2479 2474 quoque

1473 2499 1550 2522 suae
1570 2485 1840 2535 professionis,
1856 2485 1928 2535 ipsi
1944 2493 2034 2522 sunt
2053 2485 2118 2535 qui
2136 2484 2255 2534 magis
2275 2484 2479 2522 exhorrent
2497 2531 2499 2533 ‚

1473 2555 1510 2582 et
1535 2545 1669 2582 famam
1692 2545 1792 2594 ejus,
1814 2554 1850 2582 ct
1874 2546 2005 2582 vitam.
2030 2549 2113 2583 Hoc
2139 2545 2398 2582 testimonium
2416 2545 2496 2589 has
2528 2573 2531 2577 -

1473 2606 1537 2643 bet
1560 2615 1597 2643 et
1614 2605 1661 2643 ab
1682 2606 1738 2643 liis
1759 2607 1822 2656 qui
1840 2608 1964 2654 intus,
1983 2615 2020 2643 et
2041 2605 2088 2643 ab
2112 2606 2169 2644 his
2185 2606 2250 2656 qui
2267 2606 2360 2643 foris
2379 2606 2498 2664 sunt?¹

1472 2671 1555 2705 Non
1580 2668 1633 2704 sic
1656 2667 1834 2704 dominus
1851 2672 2019 2705 Joannes
2040 2671 2236 2718 Paperons
2249 2668 2281 2714 *,
2303 2680 2380 2703 non
2401 2665 2495 2704 sicss'

1473 2727 1582 2777 cujus
1601 2728 1681 2765 laus
1693 2737 1749 2765 est
1766 2729 1803 2764 in
1825 2728 1987 2765 Ecclesia
2002 2757 2011 2773 ,
2032 2728 2176 2778 quippe
2194 2725 2477 2764 lionorificanss

1473 2787 1617 2837 ubique
1649 2788 1899 2825 ministerium
1927 2801 2053 2825 suum.
2081 2787 2211 2837 Legite
2238 2787 2384 2824 litteras
2415 2785 2490 2825 lm-
2528 2810 2531 2821 .

1473 2848 1630 2884 domino
1658 2861 1756 2885 meo.
1780 2852 1866 2898 Ipse
1883 2847 2040 2894 viderit,
2063 2847 2154 2898 quid
2176 2847 2223 2884 de
2245 2847 2308 2884 tali
2326 2846 2475 2884 homine
2523 2863 2527 2879 ι

1473 2908 1688 2945 faciendum
1720 2908 1767 2945 sit
1802 2925 1809 2946 :
1847 2922 1917 2958 ego
1948 2908 2107 2945 liberavi
2142 2908 2309 2945 animam
2344 2904 2492 2959 mean-⁹v
2526 2928 2529 2934 ·

1472 2969 1568 3005 Dico
1591 2977 1713 3005 tamen
1742 2969 2046 3018 praecipitatione
2073 2981 2150 3018 qua
2175 2968 2282 3005 soleo
2303 2982 2310 3004 :
2332 2970 2472 3005 Bonum
2521 2982 2525 3000 ‹

1472 3037 1528 3065 cst
1553 3029 1586 3065 ei
1604 3030 1633 3065 si
1651 3037 1789 3078 purget
1805 3029 1886 3079 ipse
1909 3029 2053 3066 curiam
2075 3041 2202 3075 suam,
2219 3036 2257 3065 et
2276 3027 2329 3065 sic
2346 3020 2493 3064 libemz'
2520 3045 2522 3050 v

1473 3089 1743 3127 conscientiam
1778 3103 1896 3126 suam.
1935 3093 2188 3127 Decreveram
2223 3090 2295 3126 ista
2324 3096 2472 3125 tacere-2

1474 3149 1539 3187 sed
1568 3149 1796 3187 venerabilis
1827 3150 1937 3188 Prior
1963 3150 2221 3188 Montis-Dei*
2241 3149 2289 3186 ad
2317 3149 2390 3186 hoc
2417 3158 2495 3192 ne,

453 3277 458 3289 ¹
482 3269 638 3307 1Tim.v,
660 3271 691 3300 3.
709 3286 750 3291 -
769 3274 781 3289 ²
803 3271 832 3301 11
847 3271 919 3302 Cor.
951 3281 1011 3300 vm
1028 3293 1035 3305 ,
1057 3272 1112 3299 21.
1133 3287 1171 3291 —
1191 3266 1414 3310 3Matlh.x11‚
1440 3275 1495 3305 42.
1514 3293 1555 3296 μ
1571 3273 1648 3305 ild.
1672 3276 1800 3310 x1‚29.
1822 3293 1864 3297 --
1888 3271 1901 3295 5
1923 3273 2065 3312 Isai.x1‚
2083 3275 2115 3305 4.
2134 3291 2179 3296 ——
2198 3270 2214 3295 ⁶
2234 3275 2247 3304 1
2267 3272 2349 3304 Tim.
2367 3283 2398 3311 v,
2423 3271 2470 3303 10.

445 3331 457 3345 ²¹
473 3328 558 3359 Alias
571 3352 578 3363 ,
598 3326 784 3371 vigilanter.
803 3349 844 3352 »-
863 3318 878 3338 ¹³
896 3329 1015 3372 Scripta
1036 3340 1117 3360 auno
1139 3328 1252 3360 Clu-isti
1276 3334 1373 3361 1152.
