2517 3920
346 200 445 237 1099
1001 201 1278 238 ADMONITIO
1307 201 1356 236 IN
1386 198 1685 235 OPUSCULUM
1714 197 1762 232 ΙΙ.
2318 198 2414 235 1100

342 276 425 315 liaec
444 277 528 326 ejus
547 276 668 315 verba
688 292 728 316 n.
748 279 772 315 2
796 291 804 313 t
827 295 844 310 «
864 276 1003 329 Nuper
1027 286 1164 315 autem
1183 277 1294 315 nobis
1312 291 1335 314 a
1362 275 1499 313 vestris
1517 272 1699 324 partibus
1721 271 1815 309 flare
1834 270 1948 321 coepit
1972 283 2070 308 aura
2089 270 2308 310 secundior.
2333 272 2415 310 Ru-

347 359 364 373 »
397 341 576 379 moribus
605 341 802 393 siquidem
832 341 1116 380 recentioribus
1146 343 1329 380 nuntiata
1352 349 1444 378 sunt
1469 339 1517 376 de
1537 337 1647 376 vobis
1679 335 1792 374 solito
1815 335 1985 382 laetiora,
2007 344 2046 374 et
2078 349 2156 373 non
2190 349 2237 373 ex
2270 337 2415 376 incerto

347 422 364 437 n
397 405 533 453 famae,
553 406 619 444 sed
639 420 705 444 ore
724 406 893 445 veridico
915 405 1147 444 venerabilis
1168 406 1384 443 Meldensis
1405 404 1573 454 episcopi
1593 419 1602 439 :
1629 420 1645 435 ν
1669 400 1778 453 quod
1805 400 1948 438 scilicet
1966 401 2091 438 vitam
2112 401 2153 437 111
2184 399 2326 439 melius
2355 403 2417 440 in-

346 471 534 509 stituisset
553 472 745 509 Henricus
764 470 948 510 Gausridi
977 471 1225 508 carnotensis
1250 469 1421 520 episcopi
1449 467 1635 514 consiliis,
1655 476 1700 504 ut
1727 480 1819 504 mox
1839 465 2011 504 declarat
2039 464 2275 503 Bernardus.
2298 466 2415 518 Atqui

347 535 449 574 hanc
472 537 628 575 Hem-ici
646 538 909 575 mutationem
930 537 1092 573 Honorii
1114 534 1271 573 secundi
1293 535 1547 584 pontificatu,
1569 547 1613 571 ac
1627 531 1795 584 proinde
1816 541 1906 570 ante
1926 544 2078 568 annum
2101 531 2203 568 1130
2218 532 2417 583 contigisse

348 610 518 649 constat,
543 610 629 639 tum
658 616 703 640 ex
734 600 923 639 Bernardi
949 600 1111 651 epistola
1141 598 1443 649 quadragesima
1470 612 1596 645 nona,
1629 596 1679 634 ad
1713 595 1903 635 eumdem
1935 596 2177 643 Honorium,
2208 595 2270 632 cuj
2289 595 2419 646 ipsum

353 667 568 704 Henricum
590 665 861 712 coinmendat3
892 674 979 703 tum
1006 679 1051 702 ex
1072 665 1155 715 ipsa
1178 663 1476 701 infestationum
1495 677 1633 711 causa,
1665 677 1752 715 quae
1777 677 1856 700 non
1887 661 1964 700 alia
1987 661 2088 708 suit,
2116 675 2240 713 quam
2264 662 2418 701 Hemici

350 730 527 770 discessio
556 731 606 769 ab
627 730 719 768 aula
745 739 783 768 et
810 729 937 767 aulico
968 728 1123 767 vivendi
1146 742 1305 780 genere,
1333 738 1455 779 atque
1483 728 1583 767 adeo
1606 729 1694 768 vitae
1725 729 1898 767 rectioris
1932 728 2150 776 institutio,
2183 736 2230 766 ut
2247 736 2357 779 patet
2373 742 2420 767 ex

350 797 572 847 praemissis.

403 862 441 899 5.
475 862 613 911 Itaque
643 860 717 897 sub
751 873 902 897 annum
932 860 1031 897 1126
1062 858 1206 909 scripta
1233 858 1311 896 suit
1336 858 1417 897 liaec
1442 859 1630 910 epistola:
1653 874 1734 911 quo
1757 869 1936 911 tempore
1966 858 2162 898 Meldensi
2190 857 2422 910 praesidebat

350 925 523 965 Ecclesiae
543 923 816 969 Burchardus,
838 924 952 973 cujus
968 922 1127 960 relatu«
1150 922 1264 960 solito
1280 923 1427 962 laetiora
1446 942 1462 957 »
1480 924 1529 962 de
1550 926 1707 963 Hemici
1723 925 2015 964 conversatione
2034 925 2177 962 nuntia
2195 924 2418 963 Bernardus

349 992 403 1027 ait
431 1004 470 1028 se
498 990 696 1040 accepisse.
731 987 946 1034 Meldensi,
979 988 1165 1039 inquam,
1190 988 1364 1027 Ecclesia}
1397 998 1489 1027 tunc
1520 999 1685 1041 praeerat
1715 989 1990 1038 Burclmrdus,
2012 1004 2112 1037 non,
2144 990 2203 1028 uti
2233 989 2422 1029 haetenus

349 1054 467 1106 vulgo
488 1067 721 1104 persuasum
751 1052 848 1099 fuit,
871 1052 1074 1090 Manasses
1089 1053 1151 1100 II,
1173 1069 1294 1105 quein
1314 1069 1393 1093 non
1421 1064 1511 1093 ante,
1531 1070 1683 1093 annum
1705 1057 1806 1094 1133
1828 1054 2059 1093 Burchardo
2077 1055 2300 1093 successisse
2326 1069 2423 1106 pro—

347 1120 445 1157 bant
463 1118 697 1157 autlienticae
718 1119 801 1168 ejus
819 1118 957 1156 litterae
971 1117 1018 1156 de
1038 1117 1240 1158 Choisiaco
1268 1135 1341 1171 pro
1370 1122 1608 1159 monasterio
1629 1120 1949 1159 Sancti-Martini
1971 1120 2021 1159 de
2049 1120 2228 1172 Campis,
2250 1119 2322 1158 ubi
2342 1119 2422 1160 haec

348 1184 523 1223 clausula
541 1184 738 1223 habetur:
759 1202 775 1217 «
798 1184 892 1222 Acta
917 1192 1010 1221 sunt
1029 1183 1110 1222 haec
1130 1198 1234 1222 anno
1255 1185 1532 1223 incarnationis
1559 1185 1720 1224 Domini
1742 1186 1842 1224 1135
1855 1215 1864 1232 ‚
1885 1184 2021 1223 indict.
2046 1200 2143 1233 XIII,
2169 1198 2273 1222 anno
2289 1193 2422 1224 autem

350 1269 366 1282 n
400 1249 657 1288 ordinationis
684 1248 835 1287 domini
867 1249 1084 1287 Innocentii
1102 1250 1141 1286 II
1161 1263 1271 1300 papae
1301 1258 1428 1298 sexto,
1451 1249 1708 1288 ordinationis
1731 1258 1871 1288 nostrae
1903 1248 2088 1298 secundo,
2111 1267 2128 1284 n
2151 1258 2191 1288 et
2219 1248 2296 1287 alia
2320 1250 2423 1300 ejus-

347 1315 438 1353 dem
464 1314 601 1352 charta
635 1313 683 1352 de
703 1314 972 1366 Mauregart0‚
1008 1313 1100 1352 data
1122 1333 1138 1348 α
1162 1328 1267 1353 anno
1287 1316 1564 1354 incarnationis
1595 1315 1757 1354 Domini
1780 1315 1895 1363 1140,
1912 1329 2017 1353 anno
2042 1323 2179 1354 autem
2207 1314 2424 1355 ordinatio-

350 1399 367 1413 »
392 1381 451 1419 nis
470 1389 610 1419 nostrae
630 1380 809 1431 septimo.
836 1397 852 1412 ι»
873 1380 974 1417 Huic
987 1378 1135 1418 calculo
1158 1381 1266 1419 favet
1286 1380 1496 1420 Ordericus
1515 1383 1555 1420 in
1572 1381 1674 1420 libro
1694 1390 1821 1429 sext0‚
1841 1395 1930 1434 pag.
1953 1382 2046 1429 627,
2067 1380 2140 1419 ubi
2163 1399 2179 1415 «
2199 1380 2423 1433 Stephanus

354 1465 370 1479 ιο
402 1446 633 1484 Parisiensis
662 1447 886 1497 episcopus,
908 1454 947 1483 et
974 1445 1227 1484 Burcliardus
1246 1446 1461 1485 Meldensis
1485 1466 1500 1481 »
1522 1447 1784 1486 Resbacenses
1813 1445 2028 1485 monachos
2059 1445 2310 1485 admonuisse
2339 1462 2423 1486 me-

346 1521 554 1551 morantur
573 1511 622 1550 de
644 1511 897 1550 concedendis
917 1511 1167 1550 Uticensibus
1184 1512 1359 1564 reliquiis
1389 1515 1510 1552 sancti
1539 1512 1716 1560 Ebrulfi‚
1738 1526 1821 1564 qua
1841 1511 1891 1551 de
1908 1526 1950 1550 re
1976 1511 2200 1551 Bernardus
2217 1512 2423 1564 epistolam

346 1577 398 1615 ad
424 1577 683 1616 Resbacenses
711 1578 927 1629 scripserat.
959 1577 1006 1615 Id
1035 1578 1187 1616 factum
1208 1579 1328 1618 refert
1347 1579 1558 1619 Ordericus
1581 1593 1684 1617 anno
1708 1580 1830 1626 1130,
1853 1578 1903 1616 ad
1933 1592 2055 1630 quem
2085 1577 2251 1630 proinde
2272 1592 2423 1617 annum

346 1643 599 1682 Burchardus
630 1642 877 1682 Meldenseni
911 1643 1144 1688 Ecclesiam,
1179 1659 1258 1683 non
1292 1645 1514 1693 Manasses,
1536 1645 1853 1683 administrabat.
1889 1646 1989 1683 Hinc
2020 1644 2240 1697 corrigendi
2266 1647 2423 1684 numeri

345 1709 454 1761 apud
483 1709 700 1748 Chesnium
726 1711 766 1747 in
788 1711 890 1748 notis
908 1710 959 1748 ad
979 1709 1269 1757 Abaelarduin,
1295 1710 1364 1748 ubi
1396 1711 1596 1749 Manasses
1623 1710 1767 1749 dicitur
1784 1710 2031 1749 Meldensem
2062 1709 2274 1749 Ecclesiam
2293 1725 2423 1763 regere

345 1776 500 1827 coepisse
520 1789 625 1813 anno
646 1777 746 1814 1125
766 1793 774 1813 :
793 1775 913 1827 idque
931 1776 1127 1828 probatur
1146 1791 1191 1814 ex
1211 1776 1294 1825 ejus
1314 1776 1453 1815 litteris
1480 1776 1527 1815 de
1542 1776 1759 1824 Choisiaco,
1781 1790 1881 1828 quas
1910 1776 2099 1816 decennio
2116 1776 2239 1814 serius
2251 1806 2261 1824 ‚
2279 1785 2319 1815 et
2337 1777 2423 1828 qui-

349 1839 440 1878 dem
473 1855 577 1879 anno
596 1840 788 1879 Manassae
808 1842 977 1893 episcopi
1008 1841 1192 1889 secundo,
1212 1841 1324 1879 datas
1343 1842 1462 1880 fuisse
1492 1843 1673 1892 superius
1697 1841 2008 1880 observavimus.
2031 1839 2192 1890 Quanta
2221 1855 2314 1879 vero
2336 1856 2424 1880 mo-

345 1919 436 1943 rum
455 1914 494 1944 et
517 1906 773 1944 consiliorum
792 1908 983 1959 gravitate
1001 1906 1190 1958 praeditus
1216 1907 1339 1945 suerit
1362 1906 1635 1955 Bul-ebaldus,
1665 1906 1767 1945 illud
1785 1915 2020 1959 argumento
2047 1914 2106 1945 est
2120 1936 2129 1954 ‚
2149 1905 2258 1958 quod
2288 1907 2422 1958 ipsum

345 1984 438 2008 cum
457 1971 653 2010 Gaufrido
676 1971 942 2010 consiliarium
958 1972 1182 2011 Bernardus
1203 1973 1371 2010 Heni·ico
1391 1972 1614 2025 gratulatur
1632 1971 1707 2010 hac
1726 1973 1766 2011 in
1787 1970 1971 2023 epistola,
1993 1985 2080 2023 quae
2101 1971 2141 2009 in
2164 1970 2294 2010 codice
2314 1971 2423 2010 Vati-

346 2049 443 2073 cano
471 2045 606 2075 notato
634 2037 712 2075 663
729 2036 920 2075 dividitur
938 2038 979 2075 in
999 2046 1147 2089 septem
1168 2038 1309 2088 capita.
1329 2037 1481 2077 Verum
1505 2038 1626 2076 satius
1643 2039 1774 2078 visum
1799 2046 1858 2078 est
1882 2038 2111 2077 Horstianas
2130 2038 2315 2077 sectiones
2341 2038 2421 2089 jain

347 2110 519 2152 receptas
537 2103 713 2140 retinere.
