2565 3952
57 3723 64 3952 —ffluaess-V
58 3687 59 3710 ⁴„
57 3662 59 3666 .
56 3645 58 3650 .

60 167 133 206 393

975 156 1243 192 EPISTOLAE.

59 244 124 285 sed
145 240 283 281 honori
301 237 514 277 detrahere.
537 236 575 275 Si
593 236 710 286 igitur
730 243 818 272 ante
836 243 1068 286 conceptum
1083 234 1111 251 ¹⁷

2084 156 2156 193 301

59 305 116 345 sui
147 300 371 341 sanctificari
403 298 562 336 minime
591 297 738 347 potuit,
770 297 955 347 quoniam
989 310 1071 334 non
1091 295 1122 329 A
1141 304 2073 316 ..um..uu-...mutuummmmm......m-mmm...
2080 305 2163 314 ......

59 373 158 412 erat3
180 362 246 401 sed
262 361 384 399 necin
400 361 485 411 ipso
503 358 658 409 quidem
675 366 866 408 conceptu
881 386 890 403 ,
910 365 1076 408 propter

58 433 253 479 peccatum
275 421 381 473 quod
417 421 541 457 inerat
572 435 580 456 :
611 426 727 456 restat
763 426 805 455 ut
826 426 913 468 post
933 431 1076 455 conce-

58 495 165 539 ptum
196 485 234 521 in
271 492 382 521 utero
401 481 480 532 jam
511 481 677 518 existens
694 509 703 527 ,
729 479 1075 517 sanctificationem

59 546 246 598 accepisse
268 543 469 589 credatur,
491 555 576 592 quae
602 541 758 578 excluso
793 548 953 590 peccato
984 553 1074 576 san-

59 617 155 648 ctam
177 606 308 644 fecerit
330 604 569 642 nativitatem
585 633 594 650 ‚
618 616 696 640 non
725 611 852 639 tamen
873 610 911 639 et
931 615 1074 639 conce-

58 668 240 722 ptionem.

111 730 145 767 8.
166 725 425 777 Quamobrem
439 725 511 763 etsi
527 723 668 775 quibus
680 724 741 761 vel
758 723 891 774 paucis
906 723 1074 760 filiorum

59 789 254 829 hominum
273 788 403 825 datum
425 795 481 824 est
501 800 587 824 cum
607 786 806 823 sanctitate
836 785 963 830 nasci3
994 798 1074 822 non

60 860 183 889 tamen
202 857 239 886 et
258 848 413 898 concipi
434 863 441 885 :
462 856 506 884 ut
525 847 593 884 uni
608 860 697 883 sane
718 854 938 883 servaretur
954 845 1075 883 sancti

58 910 309 964 praerogativa
332 917 567 959 conceptus,
601 908 666 957 qui
698 920 832 944 omncs
857 906 1075 944 sanctifica-

59 980 135 1018 ret,
171 971 352 1020 solusque
379 969 524 1020 absque
546 977 704 1020 peccato
730 967 909 1014 veniens,
932 980 1078 1017 purga-

1270 406 1653 464 EPISTOLA
1699 402 2012 463 CLXXV?

1281 563 1330 585 AD
1364 562 1623 585 PATRIARCHAM
1653 560 1983 585 JEROSOLYMORUM
2001 546 2030 582 *-

1142 678 1325 708 Praerentns
1351 676 1418 718 ejus
1442 674 1554 706 litteris
1579 673 1773 705 familiariter
1795 671 1984 717 respondet,
2006 676 2037 702 et
2053 669 2169 702 milites

1467 729 1593 772 Templi
1625 728 1838 760 commendat.

1197 847 1522 886 patriarchalibus
1554 847 1707 898 scriptis
1733 846 1872 896 saepius
1893 845 2085 890 visitatus,
2108 841 2170 878 in-

1143 918 1274 960 gratus
1291 909 1373 959 jam
1404 907 1594 955 videbor,
1629 907 1660 944 si
1692 920 1771 944 non
1799 905 2045 956 rescripsero.
2068 908 2118 941 At
2138 901 2169 939 si

1146 971 1269 1008 saluto
1302 983 1390 1007 eum
1431 969 1498 1020 qui
1533 982 1594 1006 me
1630 968 1834 1013 salutavit,
1874 966 1970 1017 quid
2004 964 2168 1014 amplius

61 1033 199 1071 tionem
227 1031 369 1068 faceret
399 1038 660 1081 peccatorum.
692 1029 803 1067 Solus
832 1029 962 1078 itaque
993 1032 1078 1066 Do-
1099 1031 1127 1065 B
1148 1032 1244 1069 feci?
1268 1036 1324 1069 Tu
1346 1032 1448 1068 enim
1479 1044 1539 1067 me
1562 1029 1784 1081 praevenisti
1816 1030 1855 1065 in
1888 1024 2171 1064 benedictioni-

60 1093 182 1132 minus
205 1096 317 1131 Jesus
340 1091 388 1129 de
409 1091 554 1142 Spiritu
577 1098 709 1128 sancto
733 1097 945 1139 conceptus
960 1118 970 1135 ‚
989 1088 1078 1139 quia

59 1155 158 1194 solus
177 1163 215 1191 et
240 1162 328 1191 ante
349 1161 581 1204 conceptum
605 1160 770 1189 sanctus.
790 1153 876 1199 Quo
896 1158 1075 1199 excepto,

60 1216 106 1254 de
125 1224 266 1253 caetero
301 1215 504 1252 universos
536 1213 692 1263 respicit
723 1225 771 1249 ex
790 1210 914 1248 Adam
945 1219 1076 1255 natos,

59 1275 161 1327 quod
180 1288 280 1312 unus
299 1274 498 1311 humiliter
526 1273 572 1310 de
601 1272 808 1322 semetipso
826 1284 869 1307 ac
890 1271 1080 1307 veraciter

60 1337 261 1374 confitetur
286 1351 295 1373 ε
316 1338 362 1371 In
395 1333 684 1382 iniquitatibus,
706 1331 888 1382 inquiens
902 1360 911 1377 ,
944 1344 1079 1367 conce-

54 1406 141 1448 ptus
169 1411 249 1434 sum
267 1425 280 1442 ‚
318 1405 355 1433 et
387 1400 427 1431 iu
453 1399 627 1445 pecccm's
660 1398 830 1443 concepit
862 1406 922 1428 me
960 1401 1083 1429 mater

62 1472 140 1496 mea
156 1465 181 1496 ¹.

110 1521 148 1558 9.
169 1521 262 1558 Cum
279 1519 361 1557 haec
376 1519 428 1556 ita
445 1532 484 1556 se
503 1518 692 1564 habeant,
712 1530 890 1568 quaenam
903 1515 982 1566 jam
1004 1516 1078 1554 erit

62 1581 199 1620 festivae
212 1581 308 1619 ratio
324 1581 600 1632 Conceptionis
612 1582 627 1617 Ρ
641 1583 728 1629 Quo
742 1587 857 1630 pacto
870 1608 879 1625 ‚
900 1578 1076 1628 inquam,

60 1651 124 1681 aut
141 1650 294 1680 sanctus
326 1650 518 1680 asseretur
540 1649 774 1691 conceptus,
805 1640 872 1690 qui
905 1639 953 1676 de
986 1639 1076 1690 Spi-

61 1704 134 1742 ritu
148 1712 278 1742 sancto
295 1716 376 1741 non
397 1711 474 1750 est,
509 1716 557 1740 ne
580 1702 705 1740 dicam
728 1701 775 1739 de
798 1709 960 1752 peccato
989 1709 1046 1738 est
1068 1716 1075 1738 :

63 1772 126 1802 aut
148 1765 262 1802 festus
278 1763 486 1802 habebitur
500 1794 510 1812 ‚
542 1765 608 1815 qui
629 1764 790 1801 minime
811 1771 965 1800 sanetus
990 1764 1078 1799 est?

1145 1093 1218 1130 bus
1245 1092 1482 1138 dulcedinis3
1519 1100 1560 1128 tu
1588 1105 1649 1128 me
1678 1091 1786 1141 prior
1817 1090 1994 1139 dignatus
2031 1100 2070 1124 es
2095 1086 2170 1122 tuis

1147 1154 1413 1192 transmarinis
1435 1153 1606 1203 epistolis
1642 1152 1817 1197 visitare3
1852 1158 1893 1186 tu
1914 1148 2006 1185 mihi
2026 1147 2170 1198 primas

1146 1215 1374 1253 humilitatis
1424 1214 1697 1264 charitatisque
1743 1210 1980 1263 praeripuisti
2030 1216 2171 1259 partes.

1147 1276 1249 1324 Quid
1279 1275 1515 1324 condignum
1532 1273 1612 1324 jam
1635 1274 1827 1310 referam?
1860 1271 1960 1309 Nihil
1989 1270 2083 1307 mihi
2104 1269 2171 1305 de-

1148 1337 1266 1387 nique
1298 1336 1512 1386 reliquisti,
1547 1335 1652 1385 quod
1678 1334 1763 1384 pari
1798 1345 1937 1383 queam
1958 1329 2172 1381 rependere

1149 1399 1232 1435 vice
1254 1412 1262 1434 :
1284 1397 1350 1448 qui
1371 1397 1485 1434 etiam
1516 1396 1564 1434 de
1598 1396 1780 1434 thesauro
1811 1393 2042 1431 saeculorum
2079 1390 2174 1427 mihi

1148 1459 1349 1510 impertire
1385 1458 1546 1504 curasti,
1594 1456 1635 1493 id
1669 1464 1747 1502 est,
1782 1454 1828 1492 de
1866 1454 1970 1503 ligno
2000 1452 2170 1490 Domini.

1145 1521 1246 1570 Quid
1277 1521 1429 1557 tamen?
1450 1519 1626 1556 debeone
1647 1517 1825 1555 omittere
1856 1514 1962 1566 quod
1987 1527 2170 1564 possum,

1146 1581 1329 1632 quoniam
1366 1580 1472 1631 quod
1512 1579 1635 1626 debeo
1666 1578 1823 1616 minime
1864 1575 2174 1627 possumPAffe-

1147 1651 1251 1679 ctum
1273 1643 1407 1680 saltem
1431 1642 1751 1690 voluntatemque
1772 1638 1926 1689 aperio,
1960 1636 2174 1674 rescriben-

1148 1703 1197 1741 do
1228 1703 1417 1741 duntaxat
1450 1711 1566 1753 atque
1601 1699 1874 1746 resalutando,
1907 1697 2013 1748 quod
2046 1698 2172 1734 solum

1146 1765 1301 1802 interim
1338 1778 1408 1815 per
1433 1772 1490 1801 tot
1524 1763 1657 1813 utique
1691 1761 1813 1813 spatia
1841 1769 1953 1797 terrae
1990 1767 2028 1796 et
2059 1759 2175 1796 maris

62 1825 242 1864 Libenter
259 1825 428 1876 gloriosa
446 1826 520 1864 hOC
553 1826 702 1863 hOssOl‘e
726 1823 890 1869 carebit,
915 1837 993 1874 (IUO
1015 1824 1076 1861 vel
1095 1830 1122 1867 C
1146 1828 1245 1864 licet.
1281 1825 1489 1864 Ostendam
1532 1833 1682 1870 autem,
1717 1824 1747 1860 si
1778 1834 1951 1871 unquam
1986 1833 2173 1870 accepero

62 1894 254 1937 peccatum
287 1885 496 1933 honorari,
529 1886 591 1923 vel
632 1886 725 1923 falsa
756 1884 889 1922 induci
923 1883 1079 1921 videtur

64 1947 246 1985 sanctitas.
278 1947 462 1998 Alioquin
509 1947 615 1984 nulla
654 1947 687 1984 ei
729 1947 879 1984 ratione
910 1944 1079 1996 placebit

63 2015 190 2045 contra
209 2007 386 2045 Ecclesiae
403 2008 522 2045 ritum
539 2015 777 2058 praesumpta
804 2006 975 2052 novitas,
994 2019 1079 2042 ma—

65 2075 119 2105 ter
139 2069 383 2116 temeritatis,
416 2082 528 2106 soror
548 2067 835 2119 superstitionis
852 2096 861 2113 ‚
886 2067 962 2103 filia
983 2066 1079 2103 levi-

66 2129 158 2167 tatis.
188 2132 283 2167 Nam
309 2130 341 2167 si
374 2130 427 2167 sic
461 2128 690 2175 videbatur,
730 2127 970 2165 consulenda
998 2136 1080 2165 erat

65 2189 168 2240 prius
195 2190 416 2240 apostolicae
447 2189 553 2228 Sedis
583 2189 818 2234 auctoritas,
848 2196 886 2224 et
912 2201 991 2225 non
1028 2188 1082 2224 ita

67 2251 344 2302 praecipitanter
372 2260 488 2302 atque
522 2251 740 2288 inconsulte
770 2263 986 2301 paucorum
1019 2263 1081 2287 se—

67 2310 211 2361 quenda
243 2312 466 2362 simplicitas
497 2312 782 2362 imperitorum.
806 2314 854 2347 Et
883 2318 971 2347 ante
994 2310 1082 2360 qui—

68 2371 148 2410 dem
168 2373 270 2424 apud
301 2373 451 2424 aliquos
479 2386 652 2411 errorem
682 2385 948 2422 compereram
982 2387 990 2409 :
1014 2371 1082 2409 sed

68 2431 344 2471 dissimulabam
358 2464 367 2482 ‚
389 2448 551 2486 parcens
576 2433 796 2480 devotioni,
816 2446 902 2483 quae
920 2432 967 2469 de
985 2433 1081 2470 sim-

68 2492 153 2542 plici
172 2494 286 2532 corde
305 2504 344 2532 et
365 2508 498 2532 amore
520 2495 687 2545 Virginis
705 2493 898 2531 veniebat.
931 2497 1077 2531 Verum

69 2552 165 2603 a'pud
206 2555 421 2606 sapientes,
461 2564 576 2606 atque
611 2555 651 2592 in
693 2555 839 2592 famosa
876 2554 1078 2605 nobilique

69 2613 246 2663 Ecclesia,
258 2624 296 2653 et
306 2615 418 2666 cnjus
437 2617 655 2668 specialiter
671 2617 770 2654 filius
788 2630 873 2654 sum
891 2616 922 2662 *‚
946 2630 1078 2667 super·
1097 2624 1130 2658 D

69 2671 214 2711 stitione
233 2674 473 2726 deprehensa
484 2692 494 2724 ;
506 2676 637 2714 nescio
652 2690 699 2713 an
713 2676 794 2714 sine
811 2676 918 2727 gravi
934 2675 1082 2713 offensa

70 2733 178 2771 etiam
218 2737 335 2774 vestri
372 2738 546 2775 omnium
589 2737 830 2775 dissimulare
871 2737 1079 2789 potuerim.

70 2795 159 2841 Quae
174 2804 300 2834 autem
321 2797 419 2844 dixi,
441 2797 587 2848 absque
614 2798 841 2849 praejudicio
868 2812 959 2836 sane
980 2798 1081 2836 dicta

71 2851 143 2891 sint
157 2856 284 2894 sanius
301 2859 495 2909 sapientis.
512 2863 700 2897 Romanae
720 2859 933 2910 praesertim
951 2859 1084 2896 Eccle-

72 2912 132 2951 siae
150 2918 364 2956 auctoritati
382 2927 498 2970 atque
519 2920 687 2957 examini
717 2928 841 2956 totum
870 2920 962 2966 hoc,
985 2920 1084 2957 sicut

73 2980 109 3039 et
121 2983 253 3014 caetera
267 2991 353 3028 quae
367 2978 558 3029 ejusmodi
577 2988 686 3027 sunt,
702 2980 885 3018 universa
897 2994 1053 3018 reservo
1072 2996 1081 3018 :

74 3033 209 3134 ipsiusd,
244 3038 275 3076 si
305 3040 398 3090 quid
436 3042 546 3080 aliter
579 3042 711 3093 sapio,
745 3050 904 3094 paratus
935 3041 1082 3092 judicio

75 3105 180 3134 emen
210 3111 285 3137 are.

122 3288 133 3304 ¹
150 3286 230 3318 Psal.
244 3298 283 3327 L,
300 3291 334 3321 7.

1143 2504 1376 2515 κιἋ-ικνιςηνυιιιι
1381 2503 1406 2512 ιι

1147 1897 1318 1939 tempus,
1355 1900 1415 1924 me
1451 1899 1696 1936 nequaquam
1737 1884 1895 1933 diligere
1927 1881 2050 1919 verbo
2093 1881 2172 1918 sive

1145 1951 1297 2001 lingua,
1338 1949 1404 1987 sed
1440 1961 1558 1999 opere
1594 1956 1632 1984 et
1667 1946 1841 1983 veritate.
1876 1946 2002 1994 Super
2033 1942 2172 1979 milites

1146 2011 1295 2062 Templi
1312 2010 1462 2062 ponite,
1485 2022 1630 2059 quaeso,
1653 2007 1787 2044 oculos
1810 2013 1985 2050 vestros,
2004 2012 2041 2041 et
2056 2012 2172 2041 tantae

1146 2073 1300 2125 pietatis
1328 2072 1476 2109 viscera
1505 2079 1582 2107 tam
1611 2068 1778 2106 strenuis
1809 2065 1989 2103 Ecclesiae
2020 2078 2172 2116 propu-

1148 2132 1374 2184 gnatoribus
1391 2130 1549 2182 aperite.
1570 2133 1654 2167 Hoc
1672 2127 1860 2178 siquidem
1881 2134 2082 2176 acceptum
2099 2126 2173 2162 erit

1150 2196 1233 2229 Deo
1253 2201 1290 2230 et
1318 2200 1469 2242 gratum
1490 2188 1736 2234 hominibus,
1768 2187 1798 2224 si
1826 2186 1965 2223 fovetis
1995 2198 2079 2232 eos,
2107 2185 2174 2235 qui

1149 2268 1235 2292 suas
1268 2254 1414 2290 animas
1445 2266 1518 2303 pro
1548 2250 1728 2288 fratribus
1757 2256 1984 2299 posuerunt.
2010 2251 2066 2284 De
2088 2247 2174 2284 loco

1149 2324 1277 2353 autem
1309 2314 1355 2352 ad
1377 2327 1492 2364 quem
1512 2326 1583 2350 nos
1611 2311 1802 2356 invitatis,
1828 2309 1945 2346 frater
1969 2307 2143 2346 Andreas
2158 2308 2174 2324 *

1150 2378 1251 2416 dicet
1270 2376 1381 2414 vobis
1396 2375 1639 2412 voluntatem
1660 2380 1843 2410 nostram.

1412 2501 1613 2512 x=v=2=v=w===xs
1618 2496 2173 2510 νει-ιιἰςνιιικιςνυιινιἋιινιιιιιιιιιιιιι

1269 2602 1656 2664 EPISTOLA
1699 2589 2047 2658 CLXXVI.b

1149 2759 1198 2782 AD
1233 2756 1420 2780 DOMINL'M
1450 2753 1572 2777 PAPAM
1605 2750 1893 2781 INNOCENTIL‘M,
1928 2748 1977 2771 Ex
2009 2748 2175 2772 PERSONA

1239 2816 1448 2842 ALBERONIS
1467 2812 1727 2839 TREVERENSIS
1753 2810 2043 2834 ARCHIEPISCOPI
2056 2797 2085 2834 *.

1151 2939 1252 2970 Suum
1270 2945 1343 2978 erga
1367 2930 1589 2967 Innocentium
1603 2955 1610 2969 ,
1630 2929 1930 2970 citramontanaeque
1951 2925 2098 2959 Ecclesiae
2114 2931 2177 2958 stu·

1391 2988 1479 3020 dium
1500 2992 1532 3018 et
1555 2985 1768 3018 obedientiam
1784 2983 1932 3015 declarat.

1211 3105 1244 3140 1.
1275 3100 1465 3139 Voluntas
1498 3095 1624 3135 cordis
1655 3094 1731 3132 mei
1762 3102 1800 3131 et
1831 3090 2063 3129 desiderium
2085 3089 2174 3127 satis

1154 3162 1373 3215 inquietum
1394 3158 1564 3198 adeundi
1581 3166 1618 3195 et
1637 3154 1795 3194 videndi
1813 3153 2068 3192 desideratam
2083 3155 2175 3189 Bea-

119 3345 133 3360 ³
145 3345 264 3390 Scripta
276 3348 359 3381 circa
374 3359 494 3383 annum
516 3354 526 3383 l
540 3355 614 3386 135.
626 3372 669 3378 ——
685 3347 702 3372 ¹²
718 3355 841 3399 Scripta
857 3354 969 3388 eodem
987 3365 1082 3387 anno.
1104 3353 1187 3386 vide
1200 3353 1240 3385 ad
1256 3351 1421 3396 epistolam
1437 3353 1492 3384 30.
