2565 3952
84 132 156 170 317
998 127 1262 163 ErisTolffi.
2100 138 2175 175 318

1106 204 1153 222 ¹¹17

277 400 664 459 EPISTOLA
709 400 898 457 CXX.
1348 405 1736 462 EPISTOLA
1780 405 1998 462 CXXI.

304 565 349 586 AD
379 564 560 587 Dt‘CiSSAM
590 563 867 587 LOTHARINGIAE.
1391 568 1436 589 AD
1468 566 1648 590 ncclssn1
1679 566 1907 589 Bcaotxnlffi
1925 552 1954 590 ¹¹.

83 692 142 721 Pro
161 683 321 717 beneficiis
338 683 451 715 oblatis
468 684 582 726 gratias
601 684 681 725 agit,
702 689 732 714 et
746 682 787 715 ab
809 682 917 725 iniquo
932 683 1014 715 bello
1029 695 1098 715 eam
1238 686 1401 718 offensam
1417 686 1545 728 Hugoni
1564 686 1689 728 placare
1708 686 1830 723 nititur,
1851 692 1880 717 et
1906 697 2064 717 assensum
2082 688 2113 718 in

516 739 664 771 deterret.
1357 741 1536 783 conjugium
1552 740 1712 782 quoddam
1726 740 1766 772 ab
1786 751 1822 771 ea
1839 741 1991 783 exposcit.

134 860 284 899 Gratias
311 858 457 908 agimus
480 861 564 895 Deo
585 871 656 908 pro
682 866 757 894 tam
784 858 924 895 devota
955 858 1099 895 volun-
1219 862 1364 896 Vestrae
1377 856 1610 907 dignationis
1622 856 1795 907 specialis
1810 856 2184 907 familiaritas,quam

83 929 175 967 tate,
192 933 307 971 quam
325 932 415 968 erga
430 918 557 969 ipsum
575 927 612 955 et
629 932 759 955 servos
777 919 857 969 ejus
871 933 941 956 vos
957 918 1100 955 habere
1167 932 1255 969 erga
1277 932 1347 955 nos
1368 931 1560 968 pauperes
1579 917 1754 954 homines
1775 916 1916 953 habere
1946 917 2130 954 videmini
2146 926 2158 941 ς
2173 948 2182 965 ,

81 981 341 1032 cognovimus.
374 979 534 1027 Quoties
565 979 666 1015 enim
701 980 738 1015 in
771 979 887 1016 corde
920 980 1062 1016 carnali
1082 1007 1091 1024 ‚
1115 985 1143 1018 B
1164 993 1209 1017 eo
1229 992 1348 1029 usque
1372 991 1577 1029 progressa
1595 986 1674 1023 est,
1693 986 1736 1014 ut
1759 977 1934 1027 quisquis
1950 978 2185 1028 Dignitatem

82 1042 241 1079 terrenis
259 1038 508 1090 dignitatibus
529 1039 605 1075 alto
621 1068 630 1085 ‚
653 1039 726 1076 ulla
747 1040 805 1076 vel
824 1040 981 1076 minima
1001 1040 1098 1075 scin-
1165 1050 1330 1079 vestram
1355 1054 1394 1078 se
1414 1039 1556 1077 habere
1577 1039 1691 1076 sentit
1712 1039 1899 1076 infensam
1913 1069 1922 1086 ‚
1944 1053 2014 1089 per
2035 1041 2185 1077 nullum

81 1102 199 1140 tillula
215 1101 378 1139 coelestis
393 1100 534 1136 amoris
551 1114 710 1137 accensa
727 1100 899 1146 videtur,
924 1100 1098 1137 (livinum
1168 1103 1315 1140 facilius
1329 1115 1443 1152 quam
1460 1115 1530 1152 per
1546 1114 1617 1138 nos
1632 1100 1800 1137 confidat
1817 1100 1943 1137 redire
1955 1101 1992 1137 in
2009 1101 2181 1150 gratiam.

79 1164 160 1201 sine
181 1162 300 1199 dubio
325 1170 380 1198 est
410 1175 549 1198 munus
563 1191 572 1208 ‚
597 1175 675 1198 non
697 1162 863 1198 hominis
892 1162 1027 1198 virtus.
1050 1165 1098 1199 Et
1165 1166 1265 1202 Hinc
1279 1162 1454 1212 estquod
1471 1162 1616 1199 dudum
1631 1162 1795 1199 Divione
1812 1175 1899 1198 cum
1915 1175 2054 1208 essem,
2071 1165 2184 1211 Hugo

79 1237 150 1261 nos
178 1223 334 1273 quidem
365 1222 550 1271 largitatis
571 1231 707 1258 vestrae
729 1222 864 1258 vestris
895 1222 933 1258 in
962 1222 1096 1259 litteris
1165 1225 1212 1261 de
1232 1228 1355 1261 Besua
1376 1224 1504 1260 multis
1521 1237 1580 1260 me
1599 1222 1778 1273 precibus
1797 1222 1847 1259 ad
1867 1223 2093 1272 placandam
2113 1223 2183 1260 sibi

80 1283 191 1322 nobis
221 1283 348 1320 oblata
367 1281 553 1318 beneficia
573 1290 768 1330 gratanter
791 1282 1061 1330 amplectimur
1088 1297 1094 1318 :
1164 1293 1330 1321 vestram
1344 1313 1353 1330 ‚
1372 1296 1487 1332 quam
1507 1292 1720 1328 meruerat,
1739 1283 2045 1333 indignationem
2065 1284 2186 1333 appli-

80 1343 145 1381 sed
167 1343 320 1392 cognita
345 1342 410 1378 illa
437 1340 564 1378 subita
594 1350 632 1378 et
660 1341 796 1391 grandi
816 1342 904 1378 satis
931 1355 1097 1391 OCCUpss-
1165 1345 1288 1391 cavit3
1325 1353 1362 1381 et
1382 1353 1424 1381 ut
1446 1344 1628 1394 conjugio
1651 1345 1696 1381 de
1725 1345 1803 1381 filio
1825 1358 1917 1391 suo,
1942 1344 2048 1394 quod
2074 1344 2184 1381 vobis

81 1405 203 1451 tione,
230 1416 305 1454 qua
326 1415 394 1439 vos
415 1415 518 1438 nunc
541 1401 705 1438 detineri
724 1415 879 1439 necesse
896 1410 972 1448 est3
999 1415 1096 1438 con-
1165 1405 1320 1455 quidem
1340 1418 1419 1441 non
1441 1405 1646 1454 placitum,
1669 1404 1734 1441 sed
1758 1403 1847 1450 sibi,
1868 1413 1909 1440 ut
1929 1413 2058 1454 putat,
2083 1418 2185 1442 com-

78 1465 234 1503 veniens
278 1463 456 1500 ducimus
496 1471 662 1499 vestram
691 1491 700 1507 ‚
749 1471 937 1512 quantum
987 1461 1097 1499 vobis
1166 1465 1324 1502 modum
1342 1464 1671 1502 irretractabiliter
1689 1465 1811 1501 facere
1833 1473 2033 1510 statuerat,
2053 1478 2184 1501 amore

80 1525 284 1577 placuerit,
313 1531 537 1574 exspectare
563 1524 911 1573 opportunitatem.
944 1524 1096 1560 Nemini
1166 1527 1235 1563 Dei
1256 1535 1293 1562 et
1323 1534 1457 1562 nostro
1478 1539 1673 1562 assensum
1697 1525 1920 1575 praeberetis
1950 1541 1957 1562 :
1989 1525 2097 1575 cujus
2128 1526 2185 1562 rei

80 1586 238 1632 etenim,
270 1593 456 1635 quantum
488 1584 528 1620 in
548 1583 661 1621 nobis
683 1592 759 1630 est,
794 1585 981 1621 vellemus
1015 1598 1096 1622 esse
1164 1601 1277 1624 causa
1292 1601 1379 1624 ecce
1396 1600 1500 1624 nunc
1515 1600 1648 1624 rursus
1668 1595 1741 1623 tam
1766 1587 1863 1631 suis,
1887 1600 2003 1636 quam
2024 1600 2182 1623 suorum

81 1647 205 1692 oneri,
222 1646 435 1696 praesertim
450 1645 490 1681 in
507 1645 553 1681 iis
567 1658 653 1694 quae
668 1644 716 1681 ad
734 1649 858 1682 Deum
874 1646 1093 1696 pertinent:
1165 1647 1344 1698 precibus
1365 1661 1476 1684 aures
1499 1657 1648 1684 nostras
1676 1648 1827 1697 pulsare
1849 1648 2011 1684 curavit.
2038 1651 2083 1684 Et
2112 1661 2182 1684 nos

81 1707 147 1746 ubi
163 1721 242 1745 non
263 1707 339 1744 dati
361 1707 532 1752 lucrum,
560 1706 627 1743 sed
644 1706 770 1743 dantis
788 1707 955 1744 fructum
975 1708 1094 1757 magis
1163 1710 1319 1760 quidem
1339 1710 1520 1748 utilitates
1540 1710 1640 1746 illius
1660 1718 1830 1746 terrenas
1848 1722 1927 1745 non
1944 1708 2054 1745 valde
2073 1722 2183 1745 cura-

83 1769 276 1820 requirere
293 1767 492 1805 debemus.
511 1767 623 1804 Diem
644 1767 773 1817 itaque
794 1766 929 1813 nobis,
959 1768 989 1804 si
1006 1768 1093 1818 pla-
1115 1772 1141 1808 C
1162 1783 1246 1807 mus
1267 1785 1274 1807 :
1296 1779 1565 1807 verumtamen
1579 1799 1588 1815 ,
1614 1770 1703 1820 quia
1724 1783 1783 1807 res
1797 1798 1806 1814 ‚
1830 1779 1872 1806 ut
1892 1770 1972 1820 ipse
1992 1770 2083 1807 dicit
2098 1799 2107 1816 ‚
2133 1771 2184 1807 ita

81 1839 157 1878 cet,
171 1838 283 1880 atque
303 1830 431 1866 locum
447 1827 696 1865 rescribendo
711 1841 781 1878 per
796 1828 900 1865 hunc
916 1829 1095 1866 nuntium
1164 1832 1203 1868 in
1221 1840 1326 1868 arcto
1348 1832 1473 1882 posita
1494 1845 1575 1868 esse
1596 1831 1750 1868 videtur
1763 1861 1772 1878 ,
1795 1839 1984 1881 quatenus
2005 1831 2075 1868 nisi
2098 1845 2185 1868 cum

82 1892 274 1929 nominate
287 1905 294 1927 :
308 1903 406 1940 quo,
419 1888 583 1938 juvante
600 1892 701 1935 Deo,
719 1890 900 1939 praesenti
917 1890 1097 1940 expedita
1164 1893 1284 1943 ipsius
1305 1892 1482 1943 perjurio
1510 1906 1755 1942 nequaquam
1777 1893 1898 1942 possit
1919 1891 2068 1928 obviari
2088 1905 2185 1929 con—

81 1951 277 1998 instantia,
310 1950 452 1987 nostris
473 1949 650 2000 partibus
681 1950 997 2001 appropinquare
1030 1950 1097 1988 de-
1159 1953 1270 2004 jugio
1289 1970 1296 1992 :
1316 1954 1388 1991 hoc
1408 1952 1516 1990 vobis
1533 1954 1711 1990 intimare
1729 1952 1964 1989 conveniens
1981 1952 2160 1990 duximus
2173 1982 2183 1999 ‚

82 2011 218 2059 beatis,
239 2020 277 2049 et
300 2012 417 2049 fratre
434 2010 602 2049 Widone
616 2017 631 2033 ³
661 2011 770 2048 vobis
792 2011 947 2049 obviam
971 2012 1070 2049 facto
1084 2042 1094 2059 ‚
1164 2015 1253 2064 quia
1269 2014 1424 2065 grandis
1439 2013 1553 2051 debet
1567 2027 1650 2052 esse
1667 2014 1809 2051 utilitas
1824 2042 1833 2059 ,
1854 2027 1969 2063 quam
1989 2013 2185 2050 christiani

82 2074 113 2112 si
139 2074 232 2125 quid
261 2074 301 2110 in
331 2082 434 2110 terra
453 2081 581 2110 vestra
609 2073 801 2110 invenerit
829 2074 934 2124 quod
962 2083 1095 2124 aptum
1164 2083 1201 2111 et
1222 2076 1339 2112 vestri
1357 2076 1525 2112 hominis
1546 2073 1759 2125 legalitatid
1788 2088 2017 2125 praeponere
2042 2074 2184 2112 debea-

74 2132 130 2173 ‘sit
155 2135 290 2174 Ordini
316 2142 450 2171 nostro
466 2164 475 2181 ‚
503 2135 694 2185 promissa
719 2144 846 2172 vestra
876 2135 1095 2185 expeditius
1164 2135 1222 2172 tis.
1238 2139 1372 2185 Neque
1387 2136 1488 2172 enim
1504 2145 1540 2173 et
1554 2135 1736 2186 perjurus
1751 2149 1831 2172 esse
1843 2165 1852 2181 ‚
1874 2143 1910 2172 et
1927 2135 2055 2185 legalis
2072 2135 2183 2172 simul

83 2204 192 2247 atque
216 2196 378 2234 alacrius
401 2196 640 2246 compleatis.
660 2196 829 2233 Hilarem
860 2196 960 2232 enim
989 2195 1096 2233 dato·
1166 2209 1322 2232 manere
1355 2197 1511 2247 poterit.
1547 2200 1776 2246 Quanquam
1811 2196 1926 2232 etiam
1962 2195 2072 2232 vobis
2106 2208 2183 2231 non

83 2271 159 2296 rem
176 2257 296 2307 diligit
315 2261 419 2295 Deus
433 2264 458 2293 ¹.
477 2262 555 2294 Aut
573 2256 603 2293 si
621 2257 720 2294 forte
742 2270 821 2293 non
842 2257 969 2306 placet
986 2255 1096 2293 vohis
1164 2257 1288 2293 solum
1309 2257 1459 2294 nullum
1478 2257 1627 2294 lucrum
1639 2287 1648 2304 ‚
1666 2257 1732 2294 sed
1749 2265 1785 2293 et
1806 2257 1969 2293 multum
1985 2256 2183 2293 videamus

83 2318 232 2364 dilatio,
252 2327 290 2355 et
310 2317 384 2354 hoc
404 2317 600 2355 notificate
619 2332 628 2354 ε
648 2317 738 2367 quia
761 2318 885 2368 parati
903 2330 1035 2354 sumus
1055 2317 1095 2354 in
1162 2316 1344 2366 ingruere
1360 2317 1576 2367 periculum
1592 2347 1601 2363 ‚
1618 2317 1647 2353 si
1665 2330 1762 2367 quos
1781 2316 1951 2353 fortassis
1972 2320 2075 2353 Deus
2093 2329 2185 2353 con-

81 2378 149 2416 hac
167 2392 229 2426 re,
249 2387 437 2429 quantum
463 2378 561 2416 ratio
585 2379 731 2429 patitur
743 2408 753 2425 ‚
782 2386 917 2415 vestrae
948 2377 1096 2415 obtem-
1159 2376 1324 2427 jungere
1341 2377 1549 2427 disposuit,
1568 2391 1638 2428 per
1656 2391 1725 2414 vos
1740 2376 1947 2414 disturbari
1965 2378 2179 2427 contigerit.

82 2452 213 2490 perare
229 2439 432 2477 voluntati.
452 2442 528 2478 Ore
545 2448 675 2476 vestro
692 2443 838 2477 Ducem
858 2440 1067 2476 salutamus
1085 2454 1092 2476 :
1164 2441 1277 2475 Suam
1307 2439 1468 2488 gratiam
1503 2438 1657 2488 adjiciat
1691 2438 1882 2475 Dominus
1909 2451 2026 2487 super
2045 2452 2114 2475 vos
2146 2446 2183 2474 et

83 2509 120 2538 et
140 2509 214 2538 tam
238 2501 367 2552 ipsum
393 2514 510 2551 quam
527 2514 598 2538 vos
619 2501 891 2548 admonemus,
916 2509 959 2538 ut
980 2501 1009 2538 si
1033 2515 1095 2538 ca-
1165 2513 1282 2550 super
1310 2500 1410 2536 filios
1437 2508 1607 2545 restros,
1640 2498 1878 2536 nobilissima
1898 2528 1907 2545 ‚
1940 2499 2111 2548 mihique
2143 2498 2182 2534 in

82 2569 221 2607 strum,
249 2576 323 2613 pro
354 2576 432 2612 quo
458 2576 637 2613 guerram
668 2562 806 2599 facturi
833 2562 945 2608 estis,
977 2562 1093 2598 vestri
1114 2569 1147 2603 D
1166 2561 1316 2598 Christo
1345 2560 1587 2597 dilectissima
1605 2560 1772 2597 domina.
1790 2562 1888 2596 Ecce
1907 2572 2010 2595 nunc
2033 2567 2183 2608 tempus

79 2619 172 2670 juris
196 2636 275 2660 non
296 2636 378 2660 esse
399 2623 608 2671 noveritis,
637 2637 710 2674 pro
737 2623 809 2661 Dei
831 2637 962 2660 amore
980 2624 1095 2660 relin-
1163 2620 1423 2671 acceptabile,
1463 2634 1550 2657 ecce
1581 2634 1684 2657 nunc
1715 2620 1794 2656 dies
1828 2618 1958 2656 salutis
1989 2633 1995 2655 :
2029 2627 2183 2668 erogate

83 2682 213 2732 quatis.
234 2683 427 2734 Scriptum
447 2683 593 2734 quippe
614 2692 671 2720 est
692 2698 700 2720 ι
728 2685 835 2730 Quid
845 2685 1004 2732 prodest
1027 2684 1094 2719 lzo-
1163 2691 1333 2720 vestrum
1364 2682 1599 2719 frumentum
1629 2680 1864 2732 pauperibus
1887 2680 2050 2725 Christi,
2074 2689 2115 2717 ut
2143 2680 2181 2716 in

84 2746 175 2779 mini
197 2745 232 2779 .ςὶ
257 2746 436 2780 mundum
466 2749 676 2780 universum
703 2746 890 2790 lucretur,
913 2758 952 2781 se
969 2754 1094 2781 autem
1164 2752 1350 2780 aeternum
1369 2756 1456 2780 cum
1475 2757 1590 2780 usura
1609 2743 1812 2793 recipiatis.

78 2806 237 2851 perdat,
259 2813 294 2841 et
318 2807 581 2842 detrimentum
610 2810 666 2841 sui
687 2803 819 2853 faciat
836 2811 847 2826 ²
866 2806 880 2841 Ρ

133 2944 142 2961 ¹
159 2943 189 2972 Π
206 2942 279 2974 Cor.
298 2953 353 2981 11,
372 2944 406 2974 7.
422 2961 469 2965 —
484 2947 498 2963 ²
515 2941 633 2974 Matth.
650 2953 724 2981 Χνῐ,
746 2946 804 2974 26.

127 3000 143 3017 ⁸
164 3001 383 3034 Existimamus
406 3002 493 3034 hunc
508 3014 576 3034 esse
598 3003 773 3035 WVidonem
790 3003 1068 3035 Trium-Fontjum
1087 3003 1235 3035 abbatem
1248 3028 1255 3042 ‚
1279 3003 1381 3046 quiin
1397 3002 1631 3045 Lotharingiam
1651 3002 1810 3046 profectus
1833 3012 1897 3032 non
1921 3000 2013 3031 semel
2027 3024 2034 3037 ‚
2061 2998 2099 3030 de
2119 3009 2181 3040 quo

84 3051 123 3084 ad
139 3054 282 3097 epistolas
301 3059 342 3088 63
355 3081 364 3096 ,
387 3060 442 3089 69.

129 3098 146 3123 b
168 3108 372 3150 Mathildem,
394 3111 538 3154 Hugonis
557 3115 573 3143 I
592 3111 781 3154 Burgundiae
807 3110 895 3142 ducis
922 3122 1072 3150 uxorem,
1103 3111 1164 3142 iras
1190 3117 1378 3153 coquentem
1396 3110 1430 3141 in
1451 3113 1619 3152 Hugonem
1641 3110 1680 3140 de
1706 3111 1824 3147 Besua,
1849 3107 1902 3150 qui
1924 3108 2010 3138 locus
2034 3106 2109 3136 situs
2135 3110 2180 3134 est

86 3166 216 3201 quatuor
239 3163 334 3195 leucis
362 3176 381 3196 a
407 3166 560 3205 Divione,
588 3166 779 3197 monasterio
801 3166 952 3197 Besuensi
977 3165 1106 3196 Ordinis
1140 3168 1171 3196 S.
1199 3164 1360 3196 Benedicti
1392 3163 1531 3206 insignis.
1567 3167 1613 3194 De
1639 3166 1774 3204 Hugonc
1806 3163 1863 3192 isto
1891 3160 1960 3191 vide
1984 3158 2175 3194 Perardum‚

84 3221 170 3257 pagg.
189 3218 267 3259 221,
291 3221 370 3250 222.
394 3237 437 3242 —-
454 3225 468 3241 ‘³
494 3220 598 3259 Alias,
618 3218 808 3264 dignamini.
823 3239 869 3243 -—
886 3220 902 3240 ‘¹
929 3220 1090 3262 Legalitati
1102 3244 1109 3257 ‚
1130 3220 1163 3251 id
1179 3225 1224 3251 est
1240 3219 1332 3250 bonae
1353 3217 1425 3248 fidei
1437 3241 1444 3255 ‚
1465 3228 1534 3259 quat²
1551 3217 1691 3248 consistit
1710 3216 1740 3247 in
1757 3213 1962 3256 exsequendis
1978 3210 2149 3255 promissis.
