2517 3936
121 183 214 221 1420
764 185 1038 220 ADMOMTIO
1068 187 1116 220 lx
1147 188 1443 224 orrscissufn
1475 192 1541 225 xi.
2090 200 2186 235 1130

117 279 132 294 11
159 258 306 312 sopliiae
324 260 515 297 rationem
531 266 570 296 et
596 257 860 305 intellectum,
879 269 1032 298 mutata
1046 262 1160 312 panis
1178 262 1395 301 substantia
1423 266 1462 302 in
1484 265 1601 304 aliam
1623 269 1897 319 substantimn,
1923 274 1971 310 ad
1985 275 2185 325 quoddam

117 344 132 357 n
157 325 333 377 mysterii
354 324 590 375 obsequium
623 322 805 374 quaedam
826 323 1059 372 accidentia,
1083 340 1171 377 qua=
1202 326 1257 364 illi
1287 327 1544 373 inhaereliant,
1564 332 1614 368 sic
1641 335 1836 373 transtulit
1857 352 1933 375 11011
1955 348 2120 387 mutata,
2144 350 2187 378 ut

116 410 132 424 11
155 405 296 442 corpus
330 390 516 438 Domini,
548 389 636 428 licet
666 389 765 427 adsit
793 389 949 437 albedo,
981 405 1060 428 non
1089 392 1156 430 siat
1181 392 1346 438 album3
1384 408 1455 432 nec
1480 396 1702 433 rotunditas
1728 402 1940 439 rotundum
1967 421 1975 441 ς
2010 405 2075 442 sed
2102 405 2186 442 1111-

116 475 131 490 11
152 456 324 507 Jusmodi
351 455 561 494 accidentia
589 456 722 494 omnia
747 456 798 493 sic
822 457 1054 504 reservavit,
1089 467 1134 495 ut
1154 457 1245 496 licet
1267 473 1355 496 vere
1372 459 1632 499 humanitatis
1656 463 1738 512 ejus
1767 468 1916 516 corpori
1942 468 2081 515 adsint,
2107 485 2183 507 non

115 539 130 555 »
155 531 289 561 tamen
306 523 440 569 insint,
463 536 541 560 non
558 530 691 560 tamen
710 521 810 559 illud
825 515 1001 560 inficiant
1021 522 1083 560 vel
1097 523 1286 571 afficiant,
1310 542 1324 556 11
1344 533 1415 562 616.

162 589 203 626 7.
236 587 431 626 Caeterum
462 588 561 625 sicut
595 586 643 625 de
674 587 948 625 Incarnatione
983 603 1063 626 non
1091 597 1191 626 recte
1222 589 1433 637 sentiebat,
1466 600 1535 629 aut
1572 601 1672 630 certe
1706 607 1783 630 non
1818 604 1917 632 recte
1954 596 2187 646 loquebatur

115 653 378 702 Abaelardus,
398 655 452 692 ita
470 668 540 691 nec
559 654 678 692 etiam
703 653 753 691 de
773 654 898 705 gratia
915 653 1082 702 Christi,
1104 669 1227 705 quam
1248 655 1299 693 ad
1324 655 1446 693 solam
1470 658 1661 695 rationem
1686 672 1707 695 a
1733 658 1815 697 Deo
1841 673 2057 699 concessam
2083 672 2121 700 et
2140 664 2187 700 ad

111 719 409 771 scripturarum
426 719 736 757 admonitionem
752 728 790 757 et
809 718 858 757 ad
872 719 1052 771 exempla
1078 719 1277 772 redigebat
1292 738 1300 766 ;
1323 720 1499 771 adeoque
1521 722 1707 761 omnibus
1722 738 1973 762 communem
1994 740 2072 765 esse
2089 727 2189 765 dice-

110 785 191 824 bat.
219 804 236 820 «
255 784 478 824 Dicendum
510 794 567 824 est
587 786 724 837 igitur,
745 784 853 836 quod
874 784 997 823 1101110
1015 791 1085 836 per
1104 786 1297 824 rationem
1310 816 1319 834 ,
1343 799 1366 823 a
1389 785 1472 824 Deo
1494 787 1654 837 quidem
1673 787 1828 836 datam,
1855 791 1985 841 gratiae
2005 795 2187 842 appositrr

113 869 129 884 11
150 850 344 890 cohaerere
368 859 518 903 potest3
548 866 617 889 nec
646 851 753 889 Deus
771 851 862 902 plus
879 852 970 889 facit
988 852 1048 889 isti
1067 852 1136 903 qui
1157 851 1332 890 salvatur
1346 881 1355 898 ,
1377 861 1590 903 antequam
1609 853 1800 892 cohaereat
1818 857 1948 906 gratiae
1965 887 1973 903 ,
1992 870 2112 907 quam
2131 857 2184 895 illi

114 935 128 950 11
153 917 222 968 qui
243 931 323 955 non
355 917 543 955 salvatur.
568 916 645 955 Sed
660 918 759 956 sicut
785 918 854 968 qui
879 917 1029 969 lapides
1054 918 1245 969 pretiosos
1275 918 1433 968 exponit
1453 918 1627 965 venales,
1647 928 1684 957 et
1703 918 1939 958 desiderium
1967 921 2186 960 videntium

111 1001 128 1016 ν»
150 984 294 1022 excitat
307 983 358 1022 ad
373 983 591 1022 emendum
615 1000 624 1022 z
647 984 828 1022 similiter
841 985 1006 1037 gratiam
1024 998 1138 1022 suam
1158 985 1323 1036 apponit
1341 984 1539 1031 omnibus,
1557 985 1725 1036 consulit
1742 985 1966 1037 scripturis,
1997 997 2034 1025 et
2059 1001 2188 1025 exem-

111 1067 127 1081 11
146 1047 223 1100 plis
247 1058 421 1097 revocat3
441 1058 487 1088 ut
501 1048 685 1088 homines
699 1064 769 1101 per
785 1049 1008 1088 libertatem
1032 1049 1185 1088 arbitrii
1205 1064 1328 1101 quam
1348 1050 1510 1097 habent,
1530 1052 1660 1103 gratim
1680 1051 1910 1090 cohaereant.
1937 1071 1953 1086 11
1978 1053 2027 1091 Et
2046 1054 2148 1092 infra
2173 1071 2181 1091 :

111 1133 127 1148 u
146 1114 370 1154 Vivificatio
391 1116 465 1154 ista
485 1115 678 1154 tribuitur
700 1116 832 1168 gratiae
868 1133 876 1154 ε
907 1116 1002 1166 quia
1024 1116 1138 1163 ratio,
1164 1129 1244 1167 qua
1268 1115 1392 1154 homo
1412 1116 1607 1163 discernit,
1629 1126 1667 1154 61
1692 1116 1871 1169 intelligit
1888 1131 1909 1155 a
1938 1117 2042 1156 malo
2058 1118 2184 1156 absti—

110 1198 126 1213 »
149 1180 326 1219 nendum
358 1190 397 1220 et
415 1180 516 1219 bene
536 1180 749 1234 agendum,
771 1190 829 1220 est
850 1196 873 1219 a
893 1181 990 1220 Deo.
1014 1182 1064 1220 Et
1083 1181 1171 1220 ideo
1191 1181 1266 1220 1106
1282 1182 1497 1233 inspirante
1517 1182 1599 1220 Deo
1622 1197 1732 1234 agere
1754 1182 1897 1221 dicitur
1927 1200 1935 1221 :
1962 1185 2056 1234 quia
2076 1184 2183 1224 Deus

109 1263 125 1279 »
146 1259 217 1297 per
241 1247 434 1286 rationem
449 1277 458 1295 ,
480 1261 604 1299 quam
623 1246 732 1286 dedit
751 1246 921 1295 homini,
944 1247 1036 1286 facit
1062 1262 1156 1286 eum
1182 1257 1388 1299 peccatum
1420 1249 1553 1299 ipsum
1590 1263 1806 1300 agnoscere.
1843 1267 1858 1282 11
1893 1250 1979 1287 Haec
1995 1279 2004 1296 ,
2027 1249 2182 1301 aliaque

105 1310 347 1351 Guillehnus
377 1326 423 1351 ex
453 1312 665 1351 Abaelardi
687 1314 837 1365 scriptis
857 1313 992 1361 refert,
1016 1313 1127 1352 haud
1146 1313 1267 1353 dubie
1297 1328 1343 1352 ex
1362 1315 1446 1364 ejus
1465 1314 1695 1367 Theologia,
1722 1330 1808 1366 quae
1830 1315 1880 1353 oh
1904 1315 1977 1353 1106
1995 1316 2156 1355 fortasse
2170 1346 2179 1363 ,

103 1376 260 1429 aliaque
277 1378 502 1430 permulta,
534 1393 558 1417 a
578 1380 741 1431 posteris
764 1379 948 1418 mutilata
973 1389 1044 1419 est.
1072 1380 1215 1432 ‘Neque
1238 1380 1312 1419 hac
1338 1382 1377 1418 in
1406 1392 1447 1419 re
1480 1380 1709 1426 Guillelmo,
1740 1382 1823 1419 viro
1842 1381 1989 1432 alioqui
2007 1381 2119 1420 docto
2138 1396 2180 1419 ac

102 1443 302 1494 piissimo,
325 1443 447 1483 fidem
471 1444 662 1498 denegare
692 1445 808 1484 licet:
828 1446 1000 1484 maxime
1025 1460 1117 1484 cum
1142 1447 1183 1484 in
1201 1445 1305 1484 libro
1330 1455 1473 1497 quarto
1497 1460 1614 1497 super
1643 1446 1858 1498 Epistolam
1885 1446 1935 1484 ad
1956 1447 2176 1493 Romanos,

103 1508 349 1549 Abaelardus
368 1510 550 1550 eamdem
568 1512 796 1563 pestiferam
815 1511 1035 1550 doctrinam
1055 1511 1193 1549 doceat
1208 1526 1298 1564 pag.
1315 1513 1392 1551 653
1419 1520 1457 1550 et
1473 1520 1672 1563 sequente,
1695 1511 1763 1549 uhi
1784 1511 1865 1550 haec
1886 1512 2003 1550 verba
2022 1513 2062 1549 in
2079 1511 2181 1550 mul-

101 1575 149 1613 tis
169 1573 356 1627 leguntur
382 1593 391 1614 :
418 1595 434 1610 «
458 1576 520 1614 Ad
538 1576 781 1615 desiderium
808 1578 943 1629 itaque
971 1586 1155 1616 nostrum
1184 1578 1224 1615 in
1247 1577 1331 1615 Deo
1356 1577 1669 1623 accendendum,
1697 1586 1735 1616 et
1765 1577 1815 1615 ad
1834 1592 2000 1630 regnum
2031 1577 2181 1616 coeleste

104 1658 121 1673 »
144 1641 501 1693 concupiscendum
518 1671 527 1690 ,
549 1656 673 1693 quam
699 1643 837 1693 praeire
858 1643 1024 1695 gratiam
1046 1656 1197 1681 necesse
1219 1652 1277 1681 est
1291 1673 1300 1689 ,
1322 1644 1396 1680 nisi
1417 1652 1462 1681 ut
1484 1643 1688 1682 beatitudo
1708 1643 1794 1691 illa,
1816 1643 1865 1681 ad
1884 1658 2005 1695 quam
2025 1658 2095 1682 nos
2114 1645 2182 1681 in-

105 1723 121 1739 »
144 1707 244 1745 vitat
261 1725 270 1755 ;
291 1715 330 1746 et
349 1708 427 1756 via,
458 1721 539 1763 qua
558 1709 760 1760 pervenire
778 1710 994 1760 possimus,
1019 1718 1241 1760 exponatur
1260 1719 1378 1761 atque
1398 1709 1604 1748 tradatur?
1626 1710 1735 1747 Hanc
1754 1719 1889 1748 autem
1912 1711 2075 1761 gratiam
2097 1718 2179 1747 tam

103 1788 120 1805 »
143 1762 335 1823 reprobis,
360 1787 484 1825 quam
507 1772 637 1812 electis
655 1775 802 1826 pariter
821 1775 1018 1826 impertit,
1041 1784 1232 1826 utrosque
1266 1774 1447 1813 videlicet
1462 1775 1509 1813 de
1527 1775 1600 1813 1106
1620 1774 1851 1813 instruendo
1875 1775 2074 1827 aequaliter
2097 1792 2105 1813 :
2135 1784 2180 1813 ut

102 1854 118 1870 ²¹
143 1852 190 1876 ex
211 1837 349 1877 eadem
368 1838 457 1877 fidei
474 1840 622 1892 gratia,
645 1854 768 1891 quam
786 1849 1065 1892 perceperunt,
1089 1841 1192 1879 alius
1213 1840 1265 1882 ad
1282 1839 1387 1879 bona
1419 1855 1539 1893 opera
1567 1842 1762 1888 incitetur,
1786 1841 1885 1879 alius
1909 1856 1987 1892 prae
2013 1842 2179 1892 torporis

101 1920 118 1936 ³»
140 1904 201 1941 sui
222 1903 457 1961 negligentia
475 1904 750 1944 inexcusabilis
772 1905 975 1945 reddatur.
1005 1925 1020 1941 11
1044 1907 1094 1945 Ε1
1112 1907 1235 1959 paulo
1258 1916 1347 1959 post
1373 1924 1382 1946 z
1409 1927 1425 1942 «
1452 1907 1535 1946 Nec
1563 1921 1713 1946 necesse
1743 1915 1820 1953 est,
1842 1916 1888 1947 ut
1905 1921 1975 1958 per
2003 1906 2153 1958 singula
2168 1937 2177 1954 ,

101 1987 118 2003 »
140 1984 228 2022 quae
250 1970 427 2022 quotidie
443 1986 546 2010 nova
565 1972 781 2011 succedunt
803 1987 943 2025 opera,
969 1973 1089 2011 aliam
1115 1974 1222 2012 Deus
1241 1974 1408 2026 gratiam
1433 1984 1574 2026 praeter
1603 1975 1728 2025 ipsam
1761 1972 1880 2012 fidem
1901 1981 2081 2023 exponat,
2103 1986 2181 2024 qua

99 2052 117 2069 υ
141 2036 321 2075 videlicet
350 2037 562 2085 credimus,
585 2052 658 2090 pro
677 2038 752 2076 hoc
772 2038 881 2090 quod
898 2039 1087 2087 facimus,
1110 2049 1269 2077 tantum
1296 2054 1367 2078 nos
1396 2041 1607 2091 praemium
1628 2039 1856 2090 adepturos.
1889 2057 1904 2072 »
1929 2039 2017 2077 Haee
2040 2037 2180 2075 idcirco

96 2115 476 2151 commemoramus,
497 2113 543 2142 ut
562 2118 698 2143 omnes
721 2103 886 2142 demum
910 2104 1144 2157 intelligant,
1169 2119 1293 2156 quam
1314 2106 1435 2156 impie
1455 2115 1502 2143 ut
1527 2105 1574 2143 de
1604 2105 1890 2151 Incarnatione,
1913 2105 1967 2143 ita
1992 2103 2039 2141 de
2058 2104 2178 2156 gratia

97 2167 264 2217 Christi,
285 2169 316 2206 si
337 2184 416 2208 non
449 2170 585 2217 sensit,
609 2169 748 2211 saltem
769 2170 965 2221 scripserit
985 2169 1249 2217 Abaelardus;
1274 2179 1312 2208 et
1331 2184 1454 2222 quam
1474 2171 1615 2209 merito
1635 2169 1857 2208 Bernardus
1875 2169 2015 2207 dixerit
2033 2170 2075 2215 in
2091 2169 2179 2221 epi-

95 2234 194 2273 stola
213 2236 423 2274 centesima
441 2236 694 2288 nonagesima
716 2235 900 2282 secunda,
926 2255 942 2269 «
967 2236 1069 2273 Cum
1100 2235 1147 2274 de
1172 2235 1366 2274 Trinitate
1385 2235 1578 2287 loquitur,
1601 2237 1701 2287 sapit
1720 2236 1858 2273 Arium
1877 2253 1884 2281 ;
1915 2249 2004 2272 cum
2024 2233 2071 2272 de
2091 2248 2179 2285 gra—

99 2317 116 2333 »
141 2300 217 2348 tia,
239 2301 341 2352 sapit
359 2301 593 2354 Pelagium3
616 2315 707 2339 cum
740 2301 788 2340 de
810 2315 977 2352 persona
996 2300 1156 2348 Christi,
1179 2302 1280 2352 sapit
1309 2300 1552 2343 Nestorium.
1575 2320 1591 2335 »
1619 2302 1667 2339 Et
1688 2302 1768 2340 duo
1799 2300 1959 2353 quidem
1980 2308 2177 2350 postrema

95 2380 141 2404 ex
157 2365 270 2405 dictis
284 2398 293 2415 ,
313 2375 352 2406 et
370 2382 416 2406 ex
447 2377 637 2419 sequente
657 2367 821 2419 epistola
840 2368 1078 2405 evincuntur
1098 2384 1106 2405 ε
1129 2367 1177 2405 (16
1195 2368 1309 2406 161110
1325 2366 1449 2420 legat,
1475 2368 1544 2418 qui
1572 2367 1611 2405 id
1633 2368 1728 2405 scire
1748 2366 1872 2413 volet,
1898 2364 2102 2404 Abaelardi
2126 2363 2177 2401 li—

94 2433 215 2472 brum
231 2434 457 2488 Theologiae
475 2437 640 2474 tertium
657 2435 732 2473 sub
755 2437 874 2473 finem
893 2453 901 2482 3
921 2435 1055 2486 ibique
1075 2436 1246 2474 inveniet
1273 2437 1358 2487 ipso
1385 2442 1558 2481 auctore,
1582 2452 1597 2466 u
1618 2432 1729 2471 facile
1747 2432 1918 2470 convinci
1936 2444 1999 2470 eos
2019 2430 2085 2480 qui
2107 2443 2174 2467 110-

97 2519 114 2534 »
138 2510 218 2540 stra
236 2501 285 2540 de
303 2501 380 2540 fide
397 2502 517 2541 verba
532 2501 764 2550 abhorrent,
785 2516 876 2539 cum
897 2501 1079 2539 videlicet
1096 2501 1267 2539 audiunt
1287 2500 1419 2539 Deum
1435 2499 1597 2537 Patrem
1616 2531 1623 2545 ,
1641 2508 1678 2537 et
1694 2498 1822 2536 Deum
1850 2496 2011 2541 Filium,
2034 2496 2072 2532 in
2092 2509 2175 2532 sen-

96 2584 113 2599 »
138 2580 228 2605 sum
247 2566 461 2605 verborum
478 2567 591 2605 nobis
610 2582 690 2606 esse
709 2569 949 2618 conjunctos.
977 2586 993 2601 11
1017 2567 1107 2617 Quo
1125 2568 1271 2619 pacto?
1298 2586 1314 2600 α
1336 2567 1628 2617 Interrogemus
1648 2565 1751 2601 enim
1768 2576 1850 2607 eos,
1877 2581 1891 2594 11
1920 2562 2073 2611 inquit,
2101 2578 2116 2593 «
2144 2561 2173 2597 si

96 2649 112 2664 »
140 2631 383 2683 Sapientiam
414 2632 487 2670 Dei
512 2631 686 2681 credant,
711 2632 759 2672 de
777 2648 857 2685 qua
875 2634 1065 2684 scriptum
1080 2642 1151 2680 est,
1179 2637 1319 2671 Omnia
1337 2636 1373 2668 in
1394 2635 1580 2680 sapiencia
1593 2629 1712 2671 fecisti
1729 2643 1740 2663 .·
1757 2636 1794 2665 et
1821 2627 1949 2664 statim
1968 2624 2176 2676 responde„

96 2715 112 2730 »
135 2696 238 2736 bunt
269 2711 311 2736 se
330 2697 502 2737 credere.
527 2716 543 2732 »
562 2699 645 2738 Hoc
660 2714 753 2738 vero
775 2714 855 2738 esse
877 2699 1026 2738 Filium
1049 2698 1205 2737 credere
1228 2716 1236 2737 :
1260 2699 1359 2736 sicut
1378 2696 1532 2735 credere
1553 2696 1742 2746 Spiritum
1763 2702 1940 2731 sanctum
1966 2706 2044 2729 non
2064 2690 2173 2728 aliud

92 2775 190 2810 esse,
212 2777 336 2814 quam
358 2763 511 2802 credere
537 2763 608 2802 Dei
633 2765 932 2817 benignitatem.
964 2767 1063 2816 Quae
1085 2763 1249 2816 quidem
1279 2764 1307 2801 si
1335 2762 1456 2814 rigide
1483 2761 1745 2811 accipiantur,
1767 2758 1981 2809 plusquam
2014 2757 2173 2794 Ariani-

91 2842 240 2876 smum,
272 2827 314 2866 id
339 2837 397 2866 est
427 2827 800 2877 Sabellianismum,
833 2844 967 2881 sapere
997 2829 1196 2870 videntur.
1222 2828 1462 2878 Quanquam
1481 2858 1489 2874 ,
1514 2835 1558 2863 ut
1591 2827 1755 2877 ingenue
1772 2824 1917 2869 fatear,
1938 2822 2043 2860 hunc
2063 2836 2172 2860 erro-

91 2908 175 2933 rem
197 2895 240 2932 in
259 2894 589 2946 consequentibus
612 2895 754 2945 rejicit,
787 2910 876 2947 pag.
903 2897 1019 2935 1069.
1046 2895 1199 2934 Verum
1221 2896 1382 2932 interest
1399 2907 1477 2930 non
1502 2891 1629 2929 solum
1655 2899 1757 2927 recte
1788 2889 1943 2935 sentire,
1966 2887 2032 2925 sed
2052 2888 2170 2925 etiam

91 2960 292 3007 (maxime
311 2959 381 2998 ubi
412 2959 461 2998 de
484 2959 581 2999 Fide
600 2961 755 3012 agitur)
778 2970 877 2999 recte
900 2961 1009 3012 loqui
1035 2976 1078 2999 ac
1098 2961 1278 2998 scribere.
1303 2959 1401 2995 Hinc
1431 2971 1509 2995 non
1536 2956 1733 2993 immerito
1754 2952 1992 2992 Guillelmus
2015 2953 2170 2991 Sancti-

90 3025 324 3065 Theoderici
345 3027 385 3064 in
399 3028 523 3078 capite
541 3028 657 3065 tertio
669 3027 759 3065 libri
780 3037 916 3066 contra
935 3029 1066 3079 ipsum
1082 3026 1366 3070 Abaelardum,
1381 3022 1557 3061 adductis
1572 3021 1654 3076 ejus
1676 3019 1803 3057 verbis
1823 3018 1870 3057 de
1888 3033 1959 3057 tere
1976 3027 2013 3056 et
2028 3017 2167 3068 sigillo,

88 3091 137 3130 de
155 3093 333 3143 potentia
347 3101 386 3131 et
405 3091 581 3144 quadam
598 3094 776 3144 potentia
790 3123 799 3137 ,
823 3113 835 3126 ιι
862 3104 1060 3144 quantum
1081 3093 1131 3130 ad
1151 3103 1408 3143 personarum
1427 3086 1746 3132 destructionem,
1770 3102 1785 3117 »
1810 3085 1962 3134 inquit,
1990 3102 2004 3116 «
2026 3081 2168 3119 Sabel-

93 3175 109 3190 11
131 3156 285 3195 lianum
315 3167 372 3196 est
390 3174 399 3204 ;
423 3166 621 3208 quantum
643 3158 692 3196 ad
712 3158 1075 3197 dissimilitudinem
1097 3167 1136 3196 et
1160 3155 1473 3206 imparilitatem,
1494 3152 1569 3189 1106
1589 3152 1628 3188 111
1649 3151 1880 3188 sententiam
1902 3149 1980 3185 Arii
2001 3146 2167 3197 pedibus

93 3241 109 3256 »
128 3223 185 3262 ire
199 3232 268 3262 est.
292 3242 309 3257 11
329 3224 433 3272 Haec,
453 3224 633 3276 inquam,
652 3224 741 3264 ideo
755 3238 1129 3266 commemoramus.
1145 3231 1190 3260 ut
1204 3220 1355 3272 pudeat
1369 3233 1434 3257 eos
1453 3218 1521 3269 qui
1539 3217 1610 3255 lios
1625 3228 1774 3254 errores
1791 3214 2046 3259 detestantur,
2059 3209 2166 3261 quod

92 3288 304 3327 Abaelardi
333 3303 492 3328 causam
523 3291 736 3342 suscipiant
759 3290 946 3329 adversus
973 3287 1241 3333 Rerum-dum,
1262 3300 1383 3336 quem
1405 3282 1611 3335 praecipitis
1635 3282 1673 3317 in
1694 3277 1958 3316 Abaelardum
1976 3274 2165 3326 judicuac

91 3355 220 3393 nimiae
251 3355 492 3407 impetiginis
523 3369 702 3393 accusare
724 3369 842 3407 porro
860 3368 938 3392 non
953 3363 1151 3392 verentur.
1177 3351 1322 3389 Eodem
1346 3350 1422 3387 fere
1451 3346 1580 3385 modo,
1603 3354 1721 3394 atque
1745 3341 1996 3387 AbaelardUSJ
2027 3340 2164 3378 Tl'UU-
