2517 3920
341 185 437 220 1103

1104 191 1140 226 S.
1172 191 1425 226 BERNARDI
1457 190 1656 226 ABBATIS

2312 187 2406 224 1104

338 261 438 298 enim
461 262 508 300 de
527 277 607 301 csse
634 272 761 301 vestro
775 294 785 312 ,
811 266 918 302 vultu
944 266 1083 313 alacri,
1104 275 1141 304 et
1161 264 1394 316 tanquam⁴⁶'
1409 265 1609 302 talionibus
1628 272 1655 300 7.
1677 263 1747 301 Sed
1769 271 1807 300 et
1835 263 1940 313 quod
1969 263 2083 300 infida
2109 262 2264 300 consilia
2292 263 2409 300 decli-

339 319 440 357 bene
463 321 584 359 fidens
614 323 717 360 unde
744 324 1010 373 requirebatur
1031 340 1038 362 :
1058 329 1174 371 Puto,
1197 326 1339 375 inquit,
1359 327 1387 359 A
1411 325 1536 361 nanda
1564 325 1656 369 sint,
1680 336 1750 373 per
1783 336 1826 359 os
1860 324 2070 361 Salomonis
2103 323 2227 359 taliter
2255 332 2409 360 monet:

342 387 536 425 hominem
567 403 612 426 ex
638 390 711 427 hoc
734 390 813 440 jam
842 392 1007 429 consiliis
1034 405 1072 428 se
1098 391 1344 428 subacturum

343 449 587 487 Carnotensis
620 451 801 500 episcopi.
835 455 916 487 'Hoc
951 451 998 487 ab
1038 465 1083 487 00
1118 464 1342 500 responsum

345 516 421 543 tam
443 509 549 546 laetus
574 510 720 560 accepi,
739 524 851 559 quam
875 519 999 546 certus
1026 511 1077 546 fui
1102 511 1257 546 consilia
1276 510 1347 545 viri

344 565 562 605 fidelissima
587 569 740 606 fore.1n
769 570 874 605 nullo
901 570 1034 605 melius
1062 577 1212 619 poterat
1237 567 1347 604 nobis

346 627 472 664 cordis
492 629 607 665 vestri
625 629 863 678 propositum
882 628 1168 674 commendare,
1183 629 1220 664 in
1241 628 1347 664 nullo

346 698 451 735 spem
473 686 562 723 dare
583 687 781 723 certiorem
806 687 921 723 vestri
947 688 1141 736 profectus
1160 687 1198 722 in
1220 687 1347 723 Domi-

343 758 408 782 nO.
440 749 597 792 Securo,
628 747 666 782 ni
696 747 820 791 fallor,
849 746 1016 796 praefatis
1043 746 1231 783 ambobus
1258 747 1348 783 viris

345 813 383 841 et
408 818 493 852 vos,
511 814 548 842 et
576 814 699 842 vestra
720 805 893 842 credetis.
916 805 1068 842 Talibus
1094 805 1236 842 utendo
1252 819 1348 842 con-

343 865 490 902 siliariis
506 894 515 910 ,
538 865 676 902 bonam
707 865 815 902 vobis
844 865 1041 903 servabitis
1070 874 1107 902 et
1129 866 1285 912 famam,
1311 874 1348 903 et

343 925 625 960 conscientiam.
669 924 727 961 Sic
758 925 826 961 Dei
856 925 1112 971 sacerdotem,
1146 926 1198 962 sic
1233 934 1347 963 tantae

342 983 501 1019 civitatis
535 983 643 1019 decet
671 983 914 1033 episcopum,
944 985 1156 1034 puerilibus
1181 999 1259 1022 non
1288 987 1347 1035 agi

1416 386 1576 421 Causam
1593 394 1694 420 mam
1717 392 1835 419 tracta
1852 398 1933 419 cam
1956 385 2075 419 amico
2093 392 2170 426 tuo,
2183 392 2221 418 et
2236 385 2411 419 secretum

1413 453 1592 480 extraneo
1613 458 1659 479 ne
1680 442 1847 480 revelesss.
1864 444 2023 481 Pulchre
2039 456 2192 493 quoque
2211 456 2280 492 per
2299 443 2411 479 alium

1414 504 1617 554 quemdam
1659 504 1895 554 Sapientem,
1934 517 2018 540 cum
2052 504 2134 540 sine
2172 501 2329 538 consilio
2361 502 2412 538 nil

1414 564 1602 614 agendum
1626 564 1821 609 consulat,
1844 564 2014 600 virorum
2042 572 2166 599 tamen
2188 561 2334 598 consilii
2354 561 2414 597 in-

1415 634 1525 662 tuens
1553 625 1781 674 paucitatem
1795 653 1804 669 ,
1829 625 1880 660 ita
1903 623 2073 673 loquitur
2095 637 2103 659 :
2126 624 2241 658 Multi
2258 625 2334 656 sint
2350 620 2416 657 tibi

1415 690 1548 731 amici,
1567 700 1659 722 arms·
1675 695 1797 721 autem
1817 689 1865 721 sit
1881 684 1948 720 tlbc'
1959 687 2193 720 consiliarius
2209 684 2257 718 cle
2270 684 2375 718 mille
2383 688 2412 718 9.

1420 749 1535 792 Umcs,
1551 746 1694 795 inquit,
1716 748 1762 782 de
1776 748 1891 781 mille.
1914 745 2120 793 Benignam
2141 755 2231 792 ergo
2246 754 2325 779 non
2346 741 2418 778 du-

1414 806 1613 843 bitaverim
1637 805 1745 842 vobis
1765 819 1844 842 esse
1875 804 2134 850 divinitatem,
2156 802 2217 839 cui
2241 801 2288 838 de
2316 808 2418 838 tanta

1414 867 1567 903 raritate
1595 867 1695 902 inter
1715 865 1892 901 mortales
1906 893 1915 909 ,
1937 877 2014 900 non
2040 875 2160 899 unum
2175 891 2185 908 ,
2206 861 2272 898 sed
2298 860 2416 906 duos,

1413 926 1593 976 ipsosque
1619 925 1779 962 idoneos
1808 925 1897 961 satis
1925 923 2101 969 indulsit,
2121 919 2329 972 providos,
2350 919 2417 956 be—

1414 986 1595 1030 nevolos,
1617 993 1674 1030 et,
1695 993 1739 1021 ut
1761 984 1869 1021 facile
1892 983 2036 1029 adsint,
2059 980 2416 1031 comprovinciales;

342 1042 632 1082 saecularibusve
661 1043 838 1080 consiliis.
869 1047 1033 1089 Omnes,
1051 1043 1162 1094 juxta
1192 1046 1348 1083 Domini
1367 1048 1393 1081 B
1414 1054 1456 1082 ut
1486 1046 1620 1095 gratis,
1643 1044 1837 1081 debitores
1859 1043 1947 1093 jure
1979 1042 2238 1092 subjectionis.
2269 1043 2417 1078 Horum

340 1110 574 1151 praeceptum
588 1131 596 1146 ,
621 1103 732 1139 etiam
753 1103 915 1151 inimici,
941 1104 1169 1154 diligantur¹
1187 1120 1195 1151 3
1218 1105 1283 1142 sed
1299 1105 1347 1142 ad

340 1161 536 1197 consilium
562 1162 633 1198 soli
659 1162 859 1212 eligantur,
883 1165 949 1213 qui
969 1173 1006 1201 et
1032 1165 1240 1215 prudentes
1266 1179 1346 1203 esse

339 1220 555 1267 videantur,
589 1230 627 1258 et
654 1221 874 1260 benevoli*.
897 1228 1106 1274 Propterea
1134 1225 1343 1271 Dominus,

339 1288 377 1316 et
395 1281 617 1330 imprudens
635 1281 832 1332 discipuli,
851 1292 888 1320 et
903 1284 1062 1321 fratrum
1080 1285 1234 1326 infidele
1253 1299 1345 1322 con—

339 1340 464 1376 silium
490 1341 699 1389 refutabat,
722 1343 960 1393 respondens
990 1345 1226 1394 improvido,
1259 1347 1345 1381 Non

338 1405 441 1449 sapis
462 1415 550 1449 qtcoe
572 1404 644 1438 Dei
660 1413 748 1439 sunt
761 1410 797 1450 ²3
817 1412 853 1440 et
871 1405 1066 1442 malevolis
1079 1434 1088 1451 ,
1117 1407 1188 1441 Vos
1215 1419 1347 1441 ascen-

341 1462 416 1496 dite
432 1463 486 1496 ad
499 1454 596 1497 diem
607 1461 746 1510 festum
763 1464 858 1499 hunc
869 1493 880 1509 ‚
898 1478 964 1512 ego
983 1472 1108 1499 aulem
1129 1478 1202 1499 mm
1218 1478 1348 1500 ascen-

340 1521 427 1555 dam
444 1517 469 1556 3.
495 1524 571 1557 Nec
592 1521 749 1557 istorum
778 1523 949 1568 malitiae,
973 1537 1043 1559 nec,
1069 1523 1171 1560 illius
1198 1524 1348 1574 impru-

340 1578 478 1616 dentiae
492 1593 531 1617 se
552 1581 783 1618 credendum
803 1584 963 1633 putavit.
982 1587 1165 1631 Quaerens
1183 1584 1347 1633 denique

339 1639 399 1676 cui
428 1653 467 1676 se
493 1641 647 1678 credere
671 1641 825 1689 debeat,
847 1644 907 1679 cui
934 1652 1015 1680 tuto
1043 1657 1108 1680 sua
1135 1644 1349 1680 committat

338 1699 593 1750 dispensanda
622 1702 819 1750 mysteria,
849 1711 886 1739 et
913 1704 1019 1753 quasi
1058 1704 1209 1740 difficile
1238 1705 1342 1741 inve-

340 1760 472 1806 niens,
495 1760 565 1797 sub
584 1760 834 1798 admiratione
862 1762 1072 1812 interrogat
1090 1778 1098 1799 z
1119 1765 1212 1809 Quis
1235 1774 1349 1812 putas

1414 1104 1691 1155 acquiescendo
1727 1104 1914 1150 consiliis,
1943 1116 2013 1140 nec
2043 1114 2215 1154 praeceps
2244 1099 2348 1137 eritis
2379 1100 2416 1136 in

1414 1165 1621 1211 sententia,
1643 1177 1714 1201 nec
1745 1164 1952 1201 vehemens
1979 1163 2018 1200 in
2051 1161 2242 1207 vindicta3
2271 1172 2349 1196 non
2380 1159 2419 1196 in

1414 1224 1650 1275 corrigendis
1671 1224 1877 1271 remissior,
1900 1237 1978 1260 non
2002 1223 2171 1260 severior
2194 1221 2234 1257 in
2253 1218 2417 1271 parcen-‘-

1414 1285 1470 1322 dis
1485 1313 1494 1330 ,
1518 1298 1596 1321 non
1623 1284 1874 1335 pusillanimis
1900 1284 1940 1321 in
1960 1281 2244 1333 exspectandi53
2267 1293 2338 1317 nec
2357 1294 2420 1317 su-

1413 1345 1584 1395 perfluus
1606 1345 1645 1381 in
1665 1345 1788 1391 victu,
1810 1357 1880 1380 nec
1901 1342 2082 1380 notabilis
2099 1342 2137 1378 in
2157 1340 2295 1378 vestitu
2312 1355 2321 1386 ;
2342 1353 2420 1377 non

1415 1405 1511 1441 citus
1547 1404 1593 1440 ad
1631 1403 1931 1454 promittendum
1946 1433 1956 1450 ,
1991 1415 2068 1439 non
2105 1401 2150 1438 ad
2182 1399 2419 1438 reddendum

1415 1463 1566 1510 tardus,
1591 1476 1660 1500 nec
1683 1464 1868 1514 prodigus.
1887 1464 2010 1501 dator.
2035 1466 2200 1500 Istorum
2221 1460 2420 1497 consilium

1415 1526 1526 1574 longe
1547 1538 1698 1574 semper
1718 1525 1827 1561 faciet
1844 1538 1865 1560 a
1879 1523 1988 1561 vobis
2009 1523 2148 1562 malum
2167 1521 2332 1571 tempori
2351 1534 2420 1558 ve-

1417 1593 1498 1629 tus,
1524 1583 1588 1620 sed
1618 1583 1817 1633 cupiditati
1844 1597 2010 1630 novum,
2031 1582 2256 1628 simoniam3
2282 1589 2319 1618 et
2338 1594 2419 1618 ma-

1417 1653 1511 1681 trem
1540 1644 1621 1693 ejus
1650 1645 1868 1691 avaritiam,
1890 1658 1975 1694 quae
2003 1653 2060 1681 est
2085 1643 2279 1680 idolorum
2303 1643 2422 1680 servi-

1419 1713 1489 1741 tus.
1511 1708 1558 1741 Et
1583 1713 1623 1741 ut
1643 1704 1750 1741 brevi
1774 1704 1902 1741 omnia
1926 1717 2102 1741 sermone
2123 1703 2370 1747 concludam,
2391 1703 2422 1740 si

1416 1764 1474 1800 his
1488 1763 1724 1800 credideritis
1737 1794 1746 1811 ‚
1760 1765 1798 1800 in
1818 1764 1995 1802 omnibus
2007 1793 2016 1811 ,
2032 1764 2209 1814 exemplo
2225 1763 2422 1813 Apostoli,

340 1821 533 1866 estfideljs
552 1834 672 1856 servus
692 1831 726 1858 ct
736 1824 904 1870 prudens
918 1851 927 1866 ‚
947 1837 1054 1871 quem
1076 1828 1262 1859 constituit
1277 1827 1350 1860 Dc)-
1371 1823 1396 1858 C
1415 1823 1717 1861 honorificabitis
1733 1825 1983 1861 ministerium
2001 1833 2171 1861 vestrum
2184 1830 2213 1845 ¹⁰
2232 1823 2421 1860 :ministe—

341 1884 464 1916 mimcs
489 1894 602 1931 snper
622 1878 822 1928 familiam
850 1882 1008 1919 ,ςιιαηΗῬ
1030 1882 1286 1931 Quamobrem
1311 1893 1349 1921 et

341 1942 456 1976 Petro
479 1953 607 1976 curam
629 1941 757 1977 ovium
781 1941 1015 1988 crediturus,
1038 1945 1145 1993 prius
1164 1943 1244 1992 ejus
1264 1953 1347 1981 stu-

341 1998 424 2035 duit
457 1999 621 2052 probare
649 1999 976 2048 benevolentiam,
1011 2011 1068 2039 ter
1098 2004 1289 2041 sciscitans
1319 2006 1348 2042 si

341 2072 380 2095 se
408 2059 617 2108 diligeret5.
642 2060 822 2097 Probavit
845 2070 881 2098 et
901 2062 1165 2112 prudentiam,
1192 2064 1347 2113 quando

341 2119 557 2159 errantibus
573 2119 791 2157 hominibus
804 2151 813 2167 ,
830 2130 867 2158 et
883 2122 1106 2172 putantibus
1124 2123 1248 2173 ipsum
1267 2138 1347 2161 esse

343 2178 562 2228 quempiam
587 2192 633 2215 ex
654 2180 855 2230 Prophetis
870 2210 881 2226 ,
899 2182 962 2218 ille
985 2182 1192 2232 prudenter
1212 2185 1347 2222 verita-

342 2246 417 2274 tem
439 2237 659 2285 advertens,
678 2232 799 2276 Deum
818 2241 946 2290 potius
962 2242 1240 2292 Prophetarum
1258 2258 1347 2282 con—

341 2296 459 2333 fessus
475 2305 553 2334 est:
576 2299 627 2333 Ta
643 2312 698 2344 es,
714 2299 903 2348 inquiens,
923 2301 1082 2337 Christus
1102 2304 1134 2337 F
1137 2305 1222 2338 [lices
1237 2303 1345 2340 Dei5.

342 2360 406 2393 Vae
425 2366 557 2394 nostro
577 2358 705 2407 generi
724 2358 770 2395 ab
793 2360 1083 2410 imperfectione
1111 2366 1193 2400 sua!
1215 2364 1284 2401 Vix
1306 2365 1344 2402 in

342 2417 584 2455 multitudine
611 2419 808 2456 hominum
838 2434 958 2458 unum
989 2423 1156 2473 reperias
1177 2424 1213 2460 in
1239 2433 1345 2462 utra-

342 2489 416 2525 que
432 2477 549 2526 gratia
567 2488 884 2517 consummatum.
901 2481 1013 2518 Haud
1036 2482 1142 2519 facile
1160 2484 1345 2533 siquidem

341 2537 402 2573 vel
433 2537 613 2587 prudenti
642 2538 968 2588 benevolentiam,
1001 2543 1059 2579 vel
1092 2544 1194 2580 fideli
1225 2545 1347 2582 inesse

1415 1883 1533 1929 rium,
1563 1883 1743 1934 inquam,
1771 1897 1848 1920 non
1882 1884 2107 1923 dominium.
2137 1887 2267 1934 Ipsum
2295 1883 2421 1932 itaque

1415 1944 1715 1980 honorificabitis
1730 1973 1739 1990 ,
1761 1957 1837 1981 non
1861 1957 1929 1981 vos
1948 1959 1956 1980 :
1978 1958 2065 1981 nam
2087 1944 2153 1994 qui
2182 1943 2318 1994 quaerit
2337 1956 2421 1992 quae

1416 2017 1482 2040 sua
1501 2012 1610 2051 sunt,
1635 2017 1673 2041 se
1695 2004 1801 2054 cupit
1820 2004 2026 2052 honorari,
2052 2017 2131 2042 non
2155 2003 2419 2041 ministerium.

1778 2131 1956 2170 CAPUT
1985 2133 2038 2171 ΙΙ.

1415 2256 1575 2284 Honorem
1597 2259 1627 2285 et
1643 2253 1738 2285 decus
1767 2253 1925 2296 dignitatis
1947 2254 2160 2286 ecclesiasticae
2176 2264 2241 2285 non
2257 2254 2422 2285 consistere

1463 2308 1495 2338 in
1527 2314 1655 2339 externo
1687 2308 1873 2350 splendore,
1908 2309 1963 2341 sed
1999 2309 2030 2340 in
2062 2319 2185 2340 morum
2215 2313 2246 2340 et
2274 2309 2421 2340 virtutum

1462 2361 1585 2393 decore.

1473 2486 1508 2521 4.
1525 2484 1842 2527 Honorificabitis
1861 2494 1988 2526 autem
2006 2498 2084 2523 non
2099 2485 2204 2522 cultu
2218 2484 2379 2521 vestium
2389 2484 2421 2528 *,

1416 2558 1493 2581 non
1515 2558 1700 2594 equorum
1723 2545 1818 2583 fastu
1837 2574 1847 2591 ,
1872 2559 1950 2582 non
1982 2545 2118 2596 amplis
2138 2543 2305 2581 aedificiis
2319 2573 2328 2590 ,
2357 2541 2421 2580 sed

343 2597 565 2646 sapientiam
602 2598 876 2649 deprehendas.
910 2601 997 2639 Siue
1031 2616 1192 2640 numero
1222 2613 1348 2641 autem
1368 2607 1400 2641 D
1420 2604 1563 2641 ornatis
1580 2604 1764 2651 moribus,
1788 2605 1921 2642 studiis
1944 2604 2224 2655 spiritualibus,
2241 2602 2422 2654 operibus

345 2664 450 2703 sunt,
486 2671 582 2707 quos
623 2659 821 2714 utriusque
858 2662 1027 2699 muneris
1064 2671 1239 2712 expertes
1268 2677 1348 2702 esse

347 2725 572 2754 constlterlt.

399 2776 434 2811 3.
482 2777 694 2817 Prudenter
732 2780 845 2829 igitur
884 2781 1073 2831 cogitastis
1115 2784 1348 2822 sacerdotale

347 2847 464 2881 onus,
491 2836 706 2887 episcopale
737 2853 858 2889 opus,
882 2855 1089 2893 curamque
1118 2845 1347 2894 pastoralem

347 2893 458 2943 digne
474 2908 551 2932 non
567 2911 677 2946 posse
691 2900 946 2939 administrari
965 2904 1044 2941 sine
1061 2906 1232 2942 consilio.
1250 2907 1347 2943 Hinc

345 2953 427 3003 ipsa
453 2964 641 3010 castorum
669 2960 914 2998 consiliorum
943 2972 1063 3001 mater
1085 2966 1277 3015 Sapientia
1301 2966 1348 3003 de

346 3026 386 3049 se
404 3013 484 3063 ipsa
501 3015 683 3064 loquens:
707 3021 786 3067 Ego
814 3022 1007 3069 Sapientia
1021 3054 1033 3069 ,
1056 3025 1200 3075 inquit,
1222 3026 1347 3063 habito

346 3076 385 3108 in
425 3077 588 3112 consilio.
628 3076 699 3112 Sed
738 3080 838 3127 quali
870 3083 1056 3119 consilio?
1086 3086 1275 3135 numquid
1310 3087 1348 3123 in

345 3133 642 3184 qualicumque?
661 3137 711 3171 Ec
729 3140 903 3185 eruditis,
927 3141 977 3176 ait
994 3170 1002 3187 ,
1035 3148 1212 3181 intersum
1245 3151 1348 3195 cog-i—

394 3270 402 3284 ¹
432 3268 505 3297 Luc.
533 3278 587 3303 vt,
613 3270 653 3298 27

342 3315 357 3338 ὅ
372 3317 487 3349 ΜειῐῐΙι,
503 3331 560 3349 xvr
576 3344 582 3356 ‚
605 3324 655 3351 16.
673 3339 715 3343 --
735 3329 746 3351 7
768 3325 857 3353 l‘rov.
873 3335 934 3353 vni
950 3348 957 3360 ,
979 3329 1030 3355 112.
1054 3345 1089 3349 —
1112 3327 1124 3349 S
1144 3329 1191 3359 Id.
1212 3341 1288 3367 xxv,
1307 3335 1336 3361 9,
1354 3352 1371 3354 -

661 3292 667 3298 .
698 3287 742 3290 —
773 3272 898 3301 ²Marc.
921 3282 1002 3305 vni.
1034 3278 1135 3305 CJK*
1168 3274 1290 3309 3Joan.
1322 3291 1391 3314 vn,

1416 2662 1538 2701 bonis.
1560 2667 1680 2712 Quam
1700 2665 1809 2701 multi
1829 2665 1956 2702 aliter!
1973 2665 2154 2703 Cernitur
2168 2665 2207 2700 in
2229 2663 2422 2700 nonnullis

1415 2724 1676 2761 sacerdotibus
1691 2725 1852 2762 vestium
1872 2726 1996 2763 cultus
2012 2725 2222 2776 plurimus;
2237 2724 2421 2760 virtutum

1415 2793 1479 2820 aut
1502 2785 1629 2821 nullus
1645 2814 1654 2830 ,
1688 2795 1752 2822 aut
1786 2786 1956 2836 exiguus.
1978 2785 2125 2834 Quibus
2144 2798 2214 2835 ego
2241 2784 2271 2821 si
2299 2795 2421 2820 reme-

1416 2857 1561 2881 morem
1585 2845 1678 2881 illud
1706 2847 1978 2896 apostolicum,
2011 2849 2098 2883 Non
2133 2850 2171 2881 ιή
2206 2852 2308 2881 veste
2330 2855 2419 2896 pre-

1414 2908 1511 2940 tiosa
1531 2912 1583 2951 ¹¹3
1609 2919 1745 2942 vereor
1774 2919 1822 2943 ne
1849 2906 2109 2956 indignentur,
2128 2905 2219 2942 dum
2243 2905 2419 2942 nimirum

1414 2964 1613 3015 indignum
1638 2966 1779 3003 ducant
1799 2967 1838 3003 in
1860 2980 1899 3004 se
1920 2975 2151 3017 assumptam
2169 2964 2394 3003 sententiam
2408 2991 2419 3009 ,

1415 3039 1529 3075 quam
1551 3026 1659 3076 prius
1677 3027 1715 3062 in
1736 3027 1909 3064 viliorem
1929 3040 2060 3064 sexum
2083 3034 2120 3063 et
2137 3025 2309 3063 ordinem
2327 3036 2419 3075 pro-

1416 3085 1527 3122 latam
1552 3086 1665 3123 fuisse
1686 3087 1991 3136 recognoverint.
2013 3086 2128 3135 Quasi
2145 3098 2238 3123 vero
2259 3097 2335 3122 non
2353 3096 2420 3120 eo-

1417 3146 1501 3182 dem
1523 3154 1680 3182 utantur
1700 3146 1837 3184 medici
1856 3147 1958 3184 ferro
1975 3145 2146 3183 secandis
2162 3144 2326 3195 regibus,
2342 3155 2417 3193 quo

1421 3285 1510 3311 5.--
1531 3279 1543 3305 4
1561 3280 1676 3311 Mauh.
1698 3291 1789 3319 xxiv,
1813 3283 1867 3312 451.
1885 3299 1931 3303 -—
1959 3277 1972 3301 ⁵
1995 3283 2089 3311 Joan.
2119 3290 2177 3309 xxi
2192 3302 2199 3315 ‚
2239 3278 2353 3308 15-17.
2372 3293 2416 3297 —

1374 3353 1391 3354 ψ
1412 3340 1427 3361 9
1444 3334 1534 3364 ticeli.
1554 3345 1584 3363 v1
1601 3357 1607 3367 ,
1627 3339 1656 3365 6.
1682 3354 1724 3356 ἡ
1745 3341 1774 3355 ¹⁰
1791 3337 1884 3365 Rom.
1899 3345 1955 3370 ιι,
1980 3336 2029 3364 13.
2044 3351 2086 3355 -ὴ
2107 3338 2132 3352 ¹¹
2156 3335 2170 3362 1
2189 3331 2268 3362 Tim.
2293 3341 2318 3360 11
2332 3353 2340 3367 ,
2362 3331 2391 3359 9.
