2565 3952
103 187 175 225 685

1014 183 1271 218 EPISTOLAE.

2104 193 2179 225 <336

101 262 280 307 brevius,
320 259 503 310 temporis
543 260 725 309 angustiae
770 267 986 308 coegerunt.
1018 257 1162 296 Jam⁵⁴⁰
1175 261 1308 297 fratres
1333 289 1342 305 ‚
1380 259 1648 310 suscepimus,
1675 260 1857 297 indicium
1898 264 2107 303 voluntatis
2142 276 2180 304 et

101 324 198 367 enim
226 318 565 370 advesperascebat
585 333 627 356 ea
652 320 730 364 die,
755 332 829 369 qua
857 319 1000 355 litteras
1021 319 1103 355 illas
1120 321 1149 354 A
1170 321 1366 372 petitionis
1392 329 1540 357 vestrae.
1569 321 1870 368 Beneficiorum,
1899 336 1984 372 quae
2011 323 2121 362 nobis
2141 335 2179 362 et

100 383 222 434 accepi
244 397 252 418 :
273 390 310 418 et
331 394 482 417 necesse
507 390 586 417 erat
612 381 784 430 sequenti
803 380 864 416 die
892 379 938 416 ad
962 380 1103 417 Cister-

100 445 221 482 ciense
242 441 448 492 capitulum
475 442 676 490 proficisci.
698 440 864 478 Proinde
885 439 1102 490 respondeo

98 503 271 548 breviter,
289 510 325 538 et
351 501 439 537 volo
463 509 503 536 ut
530 502 690 537 omnino
710 501 823 549 longe
841 502 903 536 liat
923 514 945 537 a
970 500 1100 547 vobis,

99 577 145 602 ne
163 561 365 612 aliquando
389 561 514 597 veniat
541 561 577 597 in
605 575 672 597 cor
695 570 887 605 vestrum,
915 560 1019 610 quod
1051 560 1096 597 de

98 622 203 661 vobis
230 622 309 658 ullo
338 620 453 657 modo
486 620 712 657 crediderim
734 649 742 665 ,
777 629 904 657 vestro
937 621 1097 658 consilio

98 693 135 723 et
154 683 348 721 voluntate
368 681 448 718 fieri
470 682 568 718 mala
595 695 680 731 quae
708 682 935 731 plangimus.
955 686 1096 719 Verum

97 757 212 783 unum
244 743 335 788 suit,
360 742 448 792 quia
477 741 558 778 zelo
594 750 756 792 urgente
792 741 952 788 ductus,
972 742 1097 793 ipsum

98 803 202 843 vobis
220 803 340 840 zelum
362 802 578 852 exprimere
597 831 606 847 ‚
630 803 708 838 imo
739 810 777 838 et
799 803 1020 852 imprimere
1042 810 1099 839 at-

97 877 169 918 que
197 864 368 913 ingerere
399 861 621 899 laborabam
639 891 648 909 ‚
677 871 720 898 ut
746 870 910 899 vestram
944 875 1098 912 quoque

97 925 335 966 Sanctitatem
350 923 606 960 inflammaret
626 923 796 959 affectus.
814 923 985 959 Alterum
1009 923 1097 968 suit,

97 984 196 1037 quod
215 985 301 1021 licet
322 982 420 1020 bene
435 984 615 1021 sentirem
633 983 680 1021 de
698 983 933 1021 conscientia
954 992 1097 1030 vestra,

97 1044 297 1098 plurimum
319 1052 446 1081 tamen
465 1043 721 1081 contristabar
742 1043 788 1081 de
815 1044 912 1080 sama
933 1052 970 1080 et
990 1057 1099 1080 scan-
1119 1045 1146 1079 B

98 1107 201 1153 dalo,
217 1104 319 1156 quod
339 1105 450 1142 estin
468 1105 637 1142 Ecclesia
661 1105 741 1142 Dei.
766 1104 877 1153 Quod
900 1105 928 1141 si
948 1105 1102 1154 acquie-

98 1180 196 1207 scere
211 1167 347 1204 nolunt
370 1166 535 1203 maxime
558 1166 597 1202 in
617 1165 839 1215 hujusmodi
857 1165 990 1212 rebus,
1008 1165 1101 1216 quid

98 1227 234 1267 facietis
247 1223 347 1264 iriter
362 1228 452 1264 eos?
469 1230 596 1276 Quare
611 1226 659 1263 de
675 1225 785 1263 vobis
799 1226 853 1263 illi
867 1240 906 1263 se
923 1227 1101 1276 palliant?

98 1301 221 1328 nonne
235 1296 390 1338 oportet
406 1301 477 1324 vos
500 1288 660 1324 omnino
683 1287 849 1324 alienare
866 1301 887 1324 a
908 1287 1100 1335 sacrilegis

97 1349 168 1389 illis
184 1378 195 1394 ‚
221 1357 259 1386 et
281 1349 395 1399 longe
420 1349 503 1385 fieri
529 1348 577 1386 ab
605 1348 684 1395 eis,
707 1357 750 1385 ut
777 1348 900 1385 securi
930 1347 977 1384 de
1004 1361 1098 1384 con-

99 1410 270 1458 scientia,
287 1409 517 1456 decantetis,
539 1410 655 1446 Odivi
669 1412 865 1445 ecelesiam
885 1411 1099 1458 malignan—

97 1477 205 1518 tium,
226 1480 263 1508 et
286 1485 367 1507 cum
401 1474 527 1519 impiis
558 1484 633 1506 non
668 1469 825 1506 sedebo¹
851 1484 858 1506 :
880 1477 923 1506 ut
951 1468 1102 1505 noverit

97 1533 216 1572 omnis
247 1531 405 1570 ecclesia
433 1539 676 1578 sanctorum,
697 1531 859 1568 alienam
890 1529 937 1567 ab
965 1543 1101 1566 eorum

98 1606 251 1632 numero
270 1601 309 1630 et
327 1592 522 1629 consortio
538 1600 705 1629 vestram
722 1590 981 1628 innocentiam
995 1590 1102 1626 esse?

97 1653 255 1694 Proinde
271 1652 539 1690 memoramini
555 1652 791 1702 principium
811 1650 996 1701 loquendi
1017 1654 1101 1687 Do-

98 1714 197 1752 mino
214 1714 253 1751 in
275 1713 489 1764 propheta3
514 1721 552 1750 et
573 1713 777 1750 invenietis
796 1711 951 1749 beatum
973 1711 1100 1748 virum

97 1787 174 1814 esse
187 1774 250 1825 qui
268 1787 348 1811 non
368 1772 461 1811 abiit
481 1774 520 1810 in
544 1774 704 1811 consilio
729 1773 938 1824 impiorum
956 1779 982 1809 ².
1000 1771 1101 1809 Illud

1170 383 1310 419 nostris
1327 382 1439 432 plena
1462 394 1576 417 manu
1591 409 1600 426 ,
1616 381 1725 417 hilari
1744 390 1870 418 mente
1885 412 1894 429 ,
1912 384 2019 420 vultu
2042 398 2178 422 sereno

1169 442 1368 488 exhibetis,
1387 442 1426 478 in
1447 449 1632 478 aeternum
1655 454 1733 477 non
1753 440 1971 480 obliviscar.
1991 444 2063 481 Sed
2085 446 2179 494 quid

1168 505 1197 540 si
1216 517 1293 540 non
1311 516 1395 539 sum
1417 501 1581 547 oblitus,
1601 510 1637 537 et
1652 502 1822 551 ingratus
1838 503 2041 540 invenior?
2059 508 2180 542 Num-

1164 564 1255 614 quid
1274 564 1354 600 sola
1374 562 1559 599 memoria
1578 561 1734 598 habebit
1755 576 1814 599 me
1835 573 2054 601 excusatum
2072 566 2086 600 Ρ
2102 565 2180 602 imo

1165 623 1339 662 acerbius
1362 621 1566 659 accusabit.
1598 626 1675 660 Nec
1700 623 1989 670 immemorem,
2022 639 2092 661 nee
2120 626 2180 662 in-

1165 694 1315 736 gratum
1338 684 1467 721 amicis
1489 684 1582 720 meis
1604 697 1663 720 me
1679 684 1860 721 exhibere
1878 686 1981 722 novi.
1998 686 2035 723 Si
2054 694 2180 723 tamen

1165 760 1242 784 non
1274 744 1398 782 habeo
1427 744 1534 794 quod
1565 744 1773 781 retribuam
1796 759 1868 796 pro
1891 745 2072 783 omnibus
2095 760 2180 796 quae

1166 807 1294 857 accepi
1317 819 1338 842 a
1355 804 1484 851 vobis;
1513 813 1556 841 ut
1585 805 1711 841 minus
1742 806 1894 855 sapiens
1921 807 2075 856 loquor,
2099 809 2181 843 Do-

1166 868 1292 904 minus
1310 865 1495 903 retribuet
1510 879 1581 916 pro
1598 879 1668 902 ine.
1690 869 1745 902 De
1762 866 1886 903 alieno
1900 866 2066 904 liberalis
2081 880 2179 913 sum,

1166 928 1347 979 quoniam
1373 928 1484 977 inops
1512 935 1548 963 et
1580 940 1728 977 pauper
1757 940 1840 963 sum
1868 941 1951 977 ego,
1981 931 2179 965 Honorem

1166 989 1333 1026 eeclesiae
1360 996 1522 1034 vestrae,
1549 996 1586 1024 et
1614 986 1795 1024 decorem
1827 987 1964 1024 domus
1991 988 2177 1033 Domini,

1167 1050 1287 1100 quiin
1305 1048 1414 1086 vobis
1434 1057 1508 1095 cst,
1528 1057 1714 1098 quantum
1739 1048 1891 1098 diligam
1911 1078 1920 1095 ‚
1943 1049 2023 1099 ipse
2044 1050 2176 1094 novit,

1168 1111 1233 1160 qui
1266 1111 1350 1160 plus
1378 1108 1681 1160 profunditatem
1706 1109 1863 1146 humani
1896 1109 2024 1147 cordis
2049 1110 2180 1160 ingre-

1168 1171 1283 1209 ditur.
1303 1171 1374 1208 Sed
1397 1184 1466 1207 nec
1488 1183 1558 1219 ego
1579 1184 1716 1206 vereor
1740 1184 1875 1207 verum
1905 1170 2031 1207 dicere
2051 1171 2090 1207 in
2112 1171 2180 1207 hac

1167 1241 1276 1282 parte
1299 1248 1307 1269 ε
1330 1246 1400 1281 ego
1421 1232 1620 1281 diligentes
1643 1245 1702 1268 me
1721 1231 1850 1279 diligo.
1870 1231 1942 1268 Sed
1959 1245 2036 1268 non
2055 1232 2094 1268 in
2109 1232 2181 1269 hoc

1163 1293 1393 1343 justificatus
1424 1306 1507 1329 sum
1530 1307 1537 1328 :
1559 1305 1644 1328 nam
1677 1300 1715 1328 et
1741 1292 1891 1328 Ethnici
1919 1292 1992 1328 hoc
2028 1292 2180 1329 faciunt.

1167 1358 1252 1391 Non
1271 1354 1435 1390 multum
1452 1352 1574 1389 laudis
1595 1351 1732 1397 babet,
1753 1352 1783 1388 si
1805 1360 1974 1388 amantes
1995 1366 2055 1389 me
2078 1366 2184 1389 ama-

1169 1428 1261 1451 vero
1283 1429 1291 1451 z
1314 1413 1380 1450 sed
1407 1413 1436 1450 si
1460 1426 1537 1449 non
1560 1426 1739 1449 amavero
1756 1441 1765 1459 ,
1784 1412 1989 1449 sceleratus
2011 1426 2082 1463 pro
2105 1426 2184 1449 sce·

1168 1475 1247 1512 lere
1275 1472 1495 1524 judicabor.
1523 1473 1649 1511 Dilexi
1669 1486 1761 1518 vos,
1793 1481 1830 1509 et
1857 1481 1945 1509 ante
1974 1473 2152 1510 meritum
2174 1487 2182 1509 :

1168 1548 1287 1586 quare
1304 1535 1416 1572 etiam
1439 1542 1527 1585 post
1548 1533 1725 1570 meritum
1745 1546 1823 1570 non
1844 1533 2039 1582 diligerem
2052 1535 2066 1570 Ρ
2079 1536 2185 1581 Quos

1168 1598 1270 1634 enim
1287 1626 1296 1643 ‚
1318 1596 1466 1633 etiamsi
1492 1595 1596 1632 nulla
1624 1595 1760 1631 merita
1789 1595 2095 1645 praecessissent,
2116 1593 2184 1631 ho-

1169 1658 1300 1695 norari
1317 1656 1517 1708 oportuit3
1539 1664 1628 1706 post
1653 1654 1839 1692 beneficia
1865 1668 1942 1691 non
1963 1655 2156 1691 honorare
2174 1682 2184 1699 ‚

1168 1718 1254 1769 plus
1289 1730 1406 1767 quam
1435 1715 1578 1765 injuria
1605 1724 1673 1752 est.
1705 1715 1867 1764 Diligam
1906 1728 1976 1751 vos
2003 1727 2182 1763 semper,

1169 1780 1305 1816 fratres
1338 1777 1574 1822 charissimi,
1602 1776 1640 1813 in
1674 1777 1867 1822 Domino,
1892 1784 1929 1812 et
1963 1789 2049 1811 cum
2079 1775 2186 1811 omni

97 1843 215 1874 autem
233 1834 418 1880 credatis,
442 1847 641 1885 nunquam
665 1835 762 1872 male
793 1848 852 1871 me
873 1833 1034 1871 SssnSiSS‘?
1055 1832 1101 1869 de
1117 1841 1144 1877 C
1170 1853 1301 1879 amore
1325 1840 1488 1877 serviam
1509 1837 1620 1875 vobis
1645 1838 1684 1874 in
1711 1850 1756 1873 eo
1775 1865 1784 1882 ,
1805 1835 1914 1886 cujus
1937 1836 2037 1873 servi
2064 1835 2152 1872 estis
2176 1850 2184 1871 ;

99 1894 212 1934 vobis.
237 1895 335 1934 Novi
360 1895 461 1932 enim
489 1908 586 1941 vos,
615 1904 654 1932 et
682 1895 891 1947 puritatem
919 1903 1098 1932 vestram.

96 1957 239 2004 Valete,
260 1965 298 1994 et
317 1965 425 1994 orate
442 1969 515 2007 pro
534 1955 658 1994 nobis.

95 2104 341 2116 αΜιιι-Λιυιιιὶ
346 2105 370 2114 ις
375 2105 721 2115 ιιιιςινιιιιαιιικιιιιι-ιι
727 2103 1102 2113 ικιιιινιιὶιιιινινιιινιῑινι

153 2242 525 2301 EPISTOLA
570 2237 1047 2300 CCCLXXXII.a

176 2399 221 2422 AD
247 2398 418 2422 LEORIUM
446 2398 616 2421 ABBATEM
646 2397 961 2421 SANCTI-BERTINI
981 2383 1009 2419 *.

95 2522 164 2565 Ejus
179 2522 212 2554 in
231 2533 263 2554 se
282 2533 417 2564 suosque
431 2520 585 2553 beneficia
601 2526 706 2563 gratus
719 2519 871 2562 agnoscit.
888 2518 1044 2550 Thomam
1061 2517 1100 2549 de

1167 1901 1246 1938 imo
1267 1900 1458 1938 Christum
1472 1928 1481 1945 ‚
1502 1896 1612 1947 cujus
1641 1895 1815 1934 membra
1840 1896 1948 1943 estis,
1969 1908 2121 1945 semper
2147 1895 2186 1932 in

1166 1961 1278 2000 vobis
1299 1959 1516 1997 honorabo.

1224 2023 1259 2061 2.
1284 2026 1560 2060 Verumtamen
1583 2028 1625 2056 ut
1642 2018 1869 2056 rationabile
1887 2017 1933 2055 sit
1956 2016 2185 2067 obsequium

1168 2092 1344 2121 nostrum
1363 2091 1400 2119 et
1416 2082 1542 2118 honor
1562 2078 1927 2130 irreprehensibilis,
1945 2090 2059 2128 quem
2076 2075 2185 2113 vobis

1167 2143 1350 2181 exhibere
1375 2142 1581 2188 debemus;
1604 2140 1817 2192 prudenter
1843 2147 1881 2176 et
1905 2146 2014 2175 caute
2038 2136 2077 2174 id
2103 2136 2187 2173 fieri

1169 2213 1344 2256 oportet,
1385 2204 1474 2254 quia
1510 2203 1637 2239 honor
1671 2201 1770 2250 regis
1801 2198 1991 2249 judicium
2023 2196 2146 2246 diligit
2157 2196 2184 2233 3.

1168 2267 1291 2315 Super
1321 2265 1378 2301 his
1401 2264 1518 2314 igitur
1539 2276 1622 2313 quae
1649 2261 1741 2298 mihi
1770 2259 1998 2305 rescribitis,
2022 2270 2185 2307 respon-

1168 2325 1241 2362 deo
1264 2324 1446 2363 Charitati
1464 2331 1623 2367 vestrae,
1647 2322 1737 2371 quia
1762 2333 1832 2357 nec
1852 2332 1922 2369 ego
1943 2318 2088 2363 audeo,
2112 2329 2184 2354 nec

1166 2399 1234 2423 vos
1257 2384 1404 2422 debetis
1424 2383 1631 2435 prohibere
1652 2396 1739 2419 eum
1760 2381 1826 2431 qui
1846 2380 1946 2417 bene
1967 2380 2090 2416 facere
2107 2391 2184 2429 po-

1168 2456 1251 2484 test.
1280 2445 1380 2496 Quid
1401 2446 1503 2483 enim
1532 2443 1767 2494 respondere
1785 2441 1970 2478 habemus
1994 2439 2182 2490 Apostolo

1167 2508 1334 2554 dicenti,
1359 2509 1541 2556 SpI'rc'tum
1573 2508 1688 2541 nolite
1717 2507 1956 2552 exstinguere
1973 2502 2016 2537 4?
2047 2503 2181 2549 'Neque

136 2577 441 2609 sancto-Andomaro
455 2575 495 2606 ad
506 2575 784 2607 Clarae-Vallenses
796 2573 929 2606 transire
942 2573 1100 2604 volentem
1117 2570 1150 2603 D
1169 2571 1270 2607 enim
1286 2583 1462 2607 securum
1480 2577 1534 2605 est
1548 2567 1790 2616 exstinguere
1802 2594 1811 2611 ,
1830 2563 1935 2615 quod
1949 2562 2178 2600 exstinctum

135 2641 199 2664 non
211 2631 454 2675 prohibendum.

94 2759 235 2801 Dilecto
254 2768 292 2797 et
308 2759 520 2807 venerabili
537 2759 696 2796 domino
713 2762 864 2796 Lssoxro
887 2756 1016 2794 abbati
1032 2785 1042 2803 ,
1057 2764 1096 2793 et

143 2820 317 2858 universo
343 2821 551 2858 conventui
579 2819 748 2857 ecclesiae
775 2817 1067 2857 Sancti-Bertini
1083 2847 1092 2864 ,

142 2881 255 2919 frater
272 2885 495 2919 Bssnnsnnns
509 2880 769 2918 Clarae—Vallis
782 2887 943 2915 vocatus
957 2877 1074 2915 abbas
1084 2907 1093 2924 ,

141 2941 314 2993 spiritum
329 2943 522 2990 veritatis,
545 2954 659 2992 quem
680 2940 847 2977 mundus
868 2952 946 2975 non
968 2946 1096 2990 potest

141 3003 321 3054 accipere.

146 3123 179 3161 1.
209 3123 370 3161 Litteras
409 3122 632 3162 Dilectionis
663 3129 823 3168 vestrae,
856 3118 1095 3157 dilectissimi

1164 2630 1373 2668 accendere
1398 2643 1477 2666 non
1504 2630 1552 2665 sit
1574 2636 1647 2664 tuae
1672 2626 1884 2677 potestatis.
1904 2628 1951 2662 Et
1969 2622 2032 2660 ubi
2055 2629 2112 2658 est
2134 2621 2179 2657 il—

1165 2692 1231 2729 lud
1247 2722 1256 2739 ‚
1293 2693 1555 2740 Unusquisque
1580 2694 1617 2724 ιή
1639 2703 1685 2724 ea
1706 2692 1905 2724 vocatione
1929 2698 2003 2734 qua
2024 2691 2180 2719 vocatus

1163 2763 1237 2797 est,
1259 2758 1297 2789 in
1324 2766 1370 2788 ea
1394 2749 1669 2801 permaneaffi?
1698 2753 1864 2786 Vocatus
1893 2754 1970 2791 est,
1994 2745 2178 2793 inquam,

1161 2812 1367 2860 Thomasb‚
1398 2825 1475 2849 non
1501 2826 1521 2848 a
1547 2824 1626 2857 me,
1650 2809 1715 2846 sed
1744 2808 1792 2845 ab
1822 2821 1868 2844 eo
1902 2806 1967 2856 qui
1994 2811 2106 2841 vocat
2134 2815 2179 2839 ea

1161 2888 1246 2925 quae
1263 2888 1342 2911 non
1362 2882 1468 2919 sunt,
1488 2881 1669 2921 tanquam
1690 2884 1734 2907 ea
1754 2883 1839 2919 quae
1861 2865 1988 2905 suntfi.
2012 2863 2112 2914 Quid
2130 2863 2177 2900 ad

1162 2948 1233 2972 nos
1253 2934 1464 2985 respicitis?
1485 2932 1578 2982 quid
1599 2944 1670 2968 nos
1688 2928 1890 2967 intuemini
1908 2928 1947 2964 in
1961 2927 2034 2963 hoc
2055 2926 2174 2967 facto,

1162 3005 1344 3046 tanquam
1366 3008 1464 3045 opus
1482 2993 1651 3030 hominis
1669 2992 1715 3029 sit
1731 3020 1740 3037 ,
1759 2999 1796 3027 et
1812 3002 1890 3026 non
1907 2987 2002 3026 Dei?
2021 2989 2105 3024 Non
2127 2983 2174 3020 ab

1162 3057 1340 3102 homine,
1373 3068 1499 3104 neque
1528 3067 1598 3105 per
1626 3051 1844 3096 hominem,
1873 3048 1939 3086 sed
1962 3061 1983 3084 a
2006 3044 2174 3084 Domino

1161 3117 1301 3154 factum
1332 3123 1389 3153 est
1417 3114 1534 3152 istud,
1563 3117 1649 3151 Non
1683 3112 1783 3149 enim
1812 3110 1952 3155 homo,
1974 3105 2039 3144 sed
2070 3107 2174 3141 Deus

141 3243 246 3276 ¹rsal.
270 3255 350 3282 xxv,
372 3248 402 3275 5.
416 3249 490 3267 -2
504 3243 585 3276 Psal.
601 3254 632 3282 1,
652 3246 682 3274 1.
697 3261 743 3266 -
758 3240 772 3264 3
786 3241 868 3274 Psal.
887 3251 1016 3279 xcvm,
1039 3243 1069 3272 4.
1092 3258 1135 3262 —
1156 3239 1170 3266 4
1189 3237 1328 3270 IThess.
1343 3249 1377 3275 ν,
1398 3240 1451 3269 19.
1468 3254 1514 3259 ——
1532 3232 1545 3257 ⁵
1560 3238 1575 3267 Ι
1592 3236 1727 3268 Cor.v11
1743 3258 1750 3272 ‚
1773 3235 1827 3264 20.
1842 3250 1887 3254 —-
1904 3228 1920 3251 5
1937 3232 2029 3260 Rom.
2052 3236 2097 3263 W,
2121 3226 2172 3253 17.

136 3303 151 3320 ⁸
166 3303 252 3335 Alias
264 3303 394 3347 epistola
408 3306 474 3336 324
493 3314 501 3336 :
516 3314 588 3346 quae
601 3314 677 3336 vero
691 3309 782 3334 antea
801 3305 866 3334 382
889 3307 955 3333 erat
973 3325 980 3339 ,
998 3311 1082 3332 nunc
1099 3303 1179 3331 321.
1209 3299 1330 3341 Scripta
1347 3297 1428 3329 circa
1455 3306 1572 3327 annum
1596 3298 1604 3326 1
1619 3298 1696 3326 150.

138 3348 155 3373 ⁵
165 3359 271 3389 Exstat
283 3357 323 3389 ad
335 3369 406 3390 eum
423 3358 552 3401 epistola
577 3360 654 3388 108.

222 3418 317 3452 Toni.
341 3431 365 3452 1.
