2517 3936
63 248 138 286 853

62 326 171 359 litteris
181 325 382 367 sequentibus
392 349 400 363 ‚
414 335 452 357 ex
463 325 613 358 Archivio
624 328 802 359 monasterii
815 328 1071 370 Compendiensis

63 380 199 423 primum
214 379 310 410 erutis
329 389 336 410 :

111 499 125 512 a
143 488 180 516 In
194 483 321 515 nomine
338 489 452 515 sanctae
471 490 501 514 et
515 483 684 514 individuae
700 484 861 516 Trinitatis
874 510 881 523 ‚
903 486 1072 519 Gaufridus

64 553 82 566 n
97 543 210 570 sanctae
233 537 490 579 Compendiensis
512 537 648 568 ecclesia*
665 537 803 568 decanus
817 562 824 575 ,
843 541 981 570 Joannes
1000 551 1071 571 can-

65 607 80 620 ·
104 598 174 629 tor,
196 601 317 632 nosque
344 589 436 621 simul
464 589 604 631 ejusdem
624 590 683 620 loci
701 589 879 621 fraternitas
902 592 1045 623 universa
1061 617 1068 630 ,

66 660 82 672 η
98 651 162 677 tam
191 643 302 675 futuris
323 654 417 685 quam
441 642 648 685 praesentibus
673 644 792 674 cunctis
817 645 959 675 volumus
985 645 1073 677 inno-

65 713 80 727 »
99 704 216 736 tescat,
242 697 315 739 quia
331 696 451 728 domini
472 696 552 738 regis
578 696 750 733 Ladan-ici,
782 697 909 738 ejusque
934 699 1072 740 conjugis

66 751 209 794 nreginae
241 750 424 788 Adelaidis,
453 755 546 791 atque
577 749 698 780 comitis
727 749 922 787 Ttieotmtdi,
950 761 1072 781 necnon

66 819 80 832 ι
97 804 236 835 virorum
254 802 479 835 venerabiliiun
497 801 637 833 Goisleni
663 802 892 833 suessionensis
903 827 910 839 ‚
930 802 1073 834 Gaufridi

66 872 80 885 ι
96 856 313 894 Carnotensis,
346 856 479 889 Guarini
501 855 723 887 Ambianensis
747 855 965 897 episcoporum
980 881 987 893 ‚
1018 856 1074 887 do-

67 925 81 938 ·
97 909 235 952 miuique
259 909 526 942 Clarae-vallensis
552 907 674 939 abbatis
709 908 911 950 petitionibus
928 933 935 947 ,
971 909 1074 940 locum

69 978 84 991 ι
101 963 288 1005 quemdam,
317 962 372 1005 qui
395 964 606 995 Tres-Fontes
640 967 790 999 vocatur,
819 961 849 991 in
876 961 952 992 silva
977 962 1049 993 Luis
1064 987 1071 1000 ,

68 1031 84 1043 ι»
99 1026 169 1058 quae
185 1022 251 1048 tota
266 1016 306 1047 de
327 1016 399 1058 jure
425 1021 541 1046 nostrae
567 1019 613 1045 est
635 1014 772 1045 ecclesiae
786 1038 793 1052 ,
821 1014 909 1045 fratri
936 1015 1075 1046 Guidoni

68 1083 82 1096 ι·
101 1069 209 1101 abbati
232 1075 263 1101 et
288 1068 450 1100 monachis
468 1078 541 1099 cum
567 1078 605 1099 eo
638 1066 756 1098 ibidem
781 1071 850 1099 Deo
870 1068 1074 1099 servientibus

68 1137 83 1150 ι
98 1122 338 1154 inhabitandum
347 1121 568 1153 concessimus.
587 1120 682 1162 Quod
695 1131 734 1151 ne
745 1121 884 1162 longaeva
899 1127 1075 1163 temporum

68 1190 82 1203 ι
98 1182 251 1208 vetustate
277 1187 296 1207 a
322 1175 475 1207 memoria
501 1175 680 1210 tolleretur,
711 1173 822 1205 litteris
852 1174 978 1205 fecimus
1003 1175 1076 1205 assi—

69 1242 83 1255 ·
99 1229 199 1271 gnari.
214 1228 334 1260 Placuit
349 1228 453 1270 itaque
465 1227 557 1259 nobis
569 1251 576 1265 ‚
599 1233 633 1258 ut
651 1232 766 1257 terram
782 1227 866 1257 illam
880 1251 887 1263 ‚
907 1233 937 1258 et
955 1238 1075 1263 nemus,

69 1297 83 1310 ι.
98 1288 130 1314 et
147 1281 300 1324 quidquid
317 1281 356 1312 de
371 1287 454 1312 terra
471 1280 607 1312 ecclesiae
626 1285 756 1313 nostrae.
776 1279 965 1321 ubicumque
974 1281 1076 1322 jaceat

70 1351 84 1363 a
103 1335 136 1367 in
155 1335 266 1367 eadem
290 1335 368 1366 silva
380 1358 389 1372 ,
410 1335 503 1366 salvis
537 1334 671 1364 aliorum
702 1333 842 1364 terminis
855 1358 862 1371 ,
889 1333 1015 1364 ulterius
1034 1333 1076 1364 eis

70 1403 83 1416 ι
97 1388 260 1420 accesserit
272 1412 281 1426 ‚
300 1387 375 1419 dicti
392 1387 539 1419 monachi
563 1385 810 1429 possiderent....
827 1392 857 1417 et
879 1386 1031 1428 quidquid
1044 1387 1077 1417 in

71 1457 85 1469 ι
102 1452 139 1473 ea
153 1442 252 1473 nostri
264 1441 346 1484 juris
363 1447 431 1473 erat
443 1465 451 1480 ‚
478 1441 577 1472 libere
593 1446 624 1471 et
640 1440 744 1481 quiete
758 1440 981 1481 perpetualiter
1000 1439 1078 1471 obti-

70 1509 85 1522 »
105 1501 227 1527 nerent.
253 1495 426 1526 Firmatum
441 1500 488 1526 est
506 1493 599 1536 igitur
610 1493 671 1525 hoc
685 1493 830 1535 praesenti
847 1492 1054 1535 chirographo
1067 1518 1075 1531 ‚

71 1563 87 1574 ν»
102 1547 261 1579 firmatum
282 1554 329 1580 est
347 1554 379 1579 et
399 1547 517 1589 sigillo,
533 1546 690 1588 signisque
711 1557 916 1588 personarum
937 1557 1004 1587 quae
1029 1546 1081 1576 ad-

70 1615 87 1628 »
103 1600 229 1632 fuerunt
253 1600 294 1632 ad
326 1607 524 1643 posterorum
553 1599 699 1631 notitiam
725 1599 908 1631 roboratum
924 1624 931 1637 ,
964 1599 1080 1630 scilicet

71 1668 85 1680 ι
102 1653 242 1686 Goisleni
269 1653 520 1690 suessionensis,
549 1653 663 1684 scilicet
690 1652 835 1684 Gaufridi
857 1653 1056 1684 Carnutensis
1070 1677 1077 1690 ,

71 1721 85 1734 ι
102 1706 218 1738 scilicet
231 1706 365 1738 Guarini
382 1706 604 1738 Ambianensis
618 1706 838 1748 episcoporum
849 1729 856 1741 ,
876 1706 991 1737 scilicet
1012 1709 1082 1736 Ber-

72 1773 86 1788 »
101 1759 193 1791 nardi
214 1760 424 1792 Clarae-Vallis
453 1759 576 1790 abbatis
590 1783 598 1798 ,
628 1759 746 1790 scilicet
773 1758 919 1791 Gaufridi
947 1758 1057 1789 decani
1072 1783 1079 1797 ‚

72 1827 86 1840 ι
99 1813 216 1845 scilicet
242 1812 374 1845 Joannis
393 1812 549 1849 cantoris,
578 1811 695 1843 scilicet
719 1812 840 1843 Odonis
867 1818 897 1843 et
917 1811 1082 1843 Haimonis

71 1881 86 1894 ι
101 1865 360 1908 praepositorum,
382 1865 500 1897 scilicet
521 1864 675 1896 Rainardi
695 1865 817 1896 abbatis
834 1864 1082 1896 Sancti-Bartho-

72 1934 86 1947 ι
103 1919 224 1958 lomoei,
244 1919 361 1951 scilicet
383 1919 571 1951 Theoderici
587 1918 710 1950 abbatis
730 1918 940 1960 Sancti-Eligii
960 1918 1081 1950 Novio-

73 1988 87 2001 »
103 1973 270 2005 mensium.
287 1975 402 2005 Actum
419 1972 606 2015 Compendii
619 1971 652 2002 in
669 1971 798 2015 publico
818 1972 955 2014 capitulo
968 1997 975 2010 ‚
999 1981 1081 2002 anno

73 2041 86 2054 ιι
106 2025 146 2057 ab
173 2025 391 2057 incarnatione
422 2025 552 2058 Domini
580 2025 746 2057 millesimo
786 2025 955 2068 centesimo
989 2025 1080 2056 trice-

73 2093 87 2106 ·
103 2090 194 2111 stmo.
214 2094 228 2106 ιι

73 2189 121 2218 Ex
132 2186 246 2229 quibus
261 2186 400 2218 cernitur
415 2186 542 2217 illorum
561 2193 741 2229 temporum
757 2186 834 2218 fides
847 2211 855 2225 ‚
872 2193 906 2218 ut
924 2186 1082 2218 concessio

73 2239 113 2271 ab
129 2243 264 2282 Hugone
276 2240 359 2271 facta
371 2265 379 2279 ,
395 2239 462 2271 sine
478 2240 587 2271 litteris
605 2240 637 2270 in
655 2251 773 2271 annum
793 2243 802 2271 1
818 2242 897 2278 154,
916 2251 979 2282 quo
999 2243 1082 2271 Bozo

72 2293 237 2337 episcopus
254 2304 363 2336 regere
379 2293 473 2336 coepit
489 2293 750 2325 Catalaunensem
766 2293 935 2324 Ecclesiam
948 2317 956 2331 ‚
981 2293 1083 2334 sigue-

72 2347 132 2386 rit,
152 2347 308 2389 simulque
327 2346 455 2378 donatio
471 2346 768 2389 Compendiensium
783 2357 881 2377 annos
898 2357 916 2377 a
931 2352 1085 2377 monaste·

73 2400 111 2431 rii
128 2399 313 2432 fundatione
328 2399 506 2431 duodecim.
527 2403 574 2431 Ex
587 2399 715 2431 abbatia
728 2399 997 2431 Trium-Pontium
1014 2410 1084 2441 pro-

73 2454 199 2486 cessisse
215 2453 411 2497 perhibetur‚
433 2460 468 2485 ut
479 2455 545 2496 jam
560 2454 695 2484 diximus
706 2478 714 2492 ‚
733 2453 861 2484 abbatia
876 2453 1080 2490 Alfi-Fontis,

73 2507 107 2538 in
121 2508 232 2539 eadem
249 2507 375 2539 dioecesi
393 2507 614 2539 Catalaunensi
627 2507 685 2538 sita
696 2532 704 2545 ‚
734 2501 874 2549 de'cujus
892 2507 1083 2537 incremento

72 2559 130 2592 has
148 2560 189 2593 ab
212 2560 421 2592 illustrissimo
433 2559 527 2602 hujus
548 2560 610 2592 loci
631 2559 746 2591 abbate
763 2559 802 2591 de
828 2559 948 2592 Noaliis
963 2559 1083 2602 accepi·

75 2624 143 2646 mus
161 2625 170 2646 ε

122 2736 137 2749 ι
153 2725 193 2754 In
207 2721 335 2754 nomine
349 2727 464 2754 sanctae
479 2727 511 2753 et
528 2720 699 2753 individuae
712 2720 873 2752 Trinitatis
887 2745 894 2758 ‚
914 2723 950 2751 B.
972 2719 1085 2762 (Bozo)

77 2790 94 2802 ν»
110 2775 344 2808 catalaunensis
368 2775 545 2817 episcopus.
562 2774 772 2806 Praesentibus
790 2781 821 2805 et
842 2773 953 2804 futuris
977 2779 1085 2803 notum

78 2841 92 2855 n
109 2828 176 2859 fieri
191 2828 364 2866 voluimus,
386 2828 473 2870 quod
495 2827 699 2860 Theobaldus
722 2827 814 2869 digne
829 2825 1021 2858 reverendus
1035 2825 1087 2856 ab·

78 2894 93 2908 ·
111 2880 168 2913 bas
193 2881 379 2920 Dervensis,
407 2882 567 2912 communi
587 2881 683 2912 totius
710 2881 838 2923 capituli
866 2879 914 2910 5111
943 2889 1086 2913 assensu.

80 2948 94 2961 ι
107 2934 285 2966 interventu
295 2945 424 2966 summae
435 2933 594 2976 religionis
606 2933 666 2965 viri
679 2933 801 2965 abbatis
811 2932 963 2964 Bernardj
977 2932 1088 2963 (310110-

80 3001 94 3014 1·
110 2988 284 3026 Vallensss,
307 2998 366 3030 pro
385 2998 492 3019 amore
517 2988 578 3019 Dei
605 2987 756 3018 concessit
780 2986 916 3018 ecclesiae
941 2984 980 3016 de
1002 2985 1090 3015 Alto·

80 3055 95 3068 ι
111 3043 228 3080 Fonte,
245 3041 398 3073 existente
418 3041 537 3072 ibidem
556 3040 698 3073 Guarino
725 3040 839 3071 abbate
853 3064 860 3077 ‚
883 3049 1007 3069 omnem
1020 3047 1090 3079 par-

81 3108 96 3122 ·
109 3100 172 3126 tem
182 3119 191 3134 ,
214 3105 284 3137 quae
296 3094 337 3126 ad
349 3094 510 3126 ecclesiam
529 3097 723 3126 Dervensem
737 3094 890 3136 pertinet,
911 3091 949 3122 de
963 3090 1090 3121 decimis

80 3162 96 3175 ι
114 3158 223 3179 eorum
238 3172 246 3187 ‚
276 3158 346 3190 quae
370 3148 508 3191 propriis
526 3148 638 3179 aratris
658 3147 874 3190 operabuntur
893 3146 926 3176 in
942 3143 1091 3187 parochia

82 3214 97 3228 ιι
115 3200 155 3232 de
187 3201 370 3234 Alta-Vitta.
405 3203 523 3233 Actum
553 3208 599 3233 est
620 3201 681 3232 hoc
711 3201 745 3231 in
776 3198 942 3242 praesentia
967 3197 1089 3228 abbatis

82 3267 97 3281 ι
113 3254 396 3291 Clarae·Vallensis‚
422 3254 546 3286 abbatis
570 3254 748 3286 Theobaldi
772 3251 940 3284 Dei-vensis
953 3275 960 3286 ‚
979 3249 1090 3281 Araldi

83 3320 98 3334 ι
117 3306 240 3339 abbatis
258 3308 520 3347 sancti-Urbani,
539 3307 674 3340 Guarini
688 3306 810 3338 abbatis
831 3305 869 3336 de
889 3305 1088 3340 Alto-Fonte,

85 3373 100 3386 ι
117 3360 261 3391 Amaluci
283 3360 429 3392 monachi
443 3385 452 3400 ‚
475 3361 608 3393 Joannis
627 3360 770 3391 conversi
792 3357 930 3400 ejusdem
952 3356 1023 3387 loci.
1048 3358 1092 3386 Ut

87 3426 102 3438 ι»
116 3418 217 3447 autem
238 3412 299 3444 hoc
317 3413 437 3445 donum
459 3420 563 3445 ratum
589 3420 619 3444 et
644 3412 861 3444 inconvulsum
886 3415 1066 3452 permaneat
1083 3434 1088 3443 ,

547 249 815 286 LECTIONES
843 251 1121 287 VARIANTES
1151 253 1210 288 ET
1239 255 1383 291 NOTAE
1413 258 1658 294 FUSIORES.

2057 271 2103 305 ss,
2118 270 2128 306 ‘t

1141 345 1153 356 ι·
1171 337 1355 372 praesentem
1374 333 1517 374 pagiuam
1539 335 1626 374 sigilli
1652 337 1749 367 nostri
1768 338 1970 380 impressione
1993 354 2047 384 per
2071 357 2130 376 1110-

1141 399 1152 409 ·
1170 395 1244 414 num
1263 385 1373 415 Manui
1386 387 1560 417 cancellarii
1575 389 1670 419 nostri
1684 389 1798 422 firmari
1819 395 2030 435 przrcepiums.
2049 413 2060 422 ι»

1139 489 1210 520 Atia
1224 496 1268 521 est
1283 490 1408 522 abbatia
1421 493 1689 524 ’1“1·111111-Ι·’0111111111
1704 519 1710 530 ,
1738 507 1790 526 scu
1810 505 1985 529 sanctorum
1999 502 2131 532 ’vinci-u-

1139 542 1173 572 tii
1193 549 1223 573 ct
1237 544 1392 574 Anastasii
1415 544 1454 574 ad
1473 548 1676 577 Tres-Fontes
1697 559 1793 590 prope
1812 553 1942 581 Romam
1957 576 1964 586 ,
1987 554 2024 583 ad
2041 565 2132 594 quam

1139 594 1296 626 abbatiam
1313 602 1431 637 spectat
1455 598 1563 629 electio
1579 599 1708 630 Turotdi
1725 600 1862 638 abbatis,
1884 603 1922 633 de
1941 614 2000 645 qua
2023 605 2053 635 10
2072 607 2135 647 epi·

1139 649 1216 678 stola
1233 652 1311 680 300.

1189 704 1256 732 220
1274 705 1315 733 Α.
1335 702 1509 734 decantare.
1529 720 1561 725 —-
1591 704 1625 735 ld
1647 711 1692 735 cst
1717 706 1845 737 recitare
1859 731 1866 743 ,
1891 718 1952 748 quo
1975 720 2063 739 sensu
2087 709 2135 740 tle-

1140 761 1271 784 canlare
1296 756 1409 796 passim
1435 763 1600 798 usurpatur
1623 758 1706 799 apud
1729 765 1855 789 veteres.
1882 775 1893 785 a
1913 763 2041 791 Sanctus
2061 764 2134 794 anti-

1142 820 1155 832 »
1173 813 1233 837 stes
1249 808 1449 847 Ambrosius,
1469 825 1480 835 n
1501 810 1598 851 inquit
1622 811 1704 841 Beda
1723 812 1754 842 111
1770 813 1896 853 epistola
1916 813 1953 843 ad
1973 814 2136 853 Egbertum

1140 860 1223 901 apud
1250 864 1408 893 Waraeum
1422 887 1429 899 ,
1458 878 1472 890 «ι
1501 863 1560 893 1100
1580 863 1619 894 de
1649 864 1723 895 Fide
1756 865 1884 906 loquens
1912 866 2055 897 admonet
2067 891 2074 901 ,
2106 875 2135 898 ut

1143 926 1155 938 ιι
1174 913 1268 944 verba
1296 915 1435 956 Syiuhoti
1466 917 1624 948 matutinis
1645 928 1766 960 semper
1784 918 1867 949 110115
1888 919 2007 951 fidi-tes
2026 922 2138 963 quique

1143 979 1158 990 ν»
1174 966 1348 999 decantent.
1369 984 1381 995 ι

1191 1022 1257 1051 220
1271 1023 1305 1051 C.
1321 1021 1467 1063 Corporis
1484 1022 1573 1052 sacri.
1598 1040 1640 1044 —
1658 1022 1744 1053 Idem
1765 1030 1867 1054 censet
1891 1031 2001 1066 piati-r
2018 1025 2136 1057 schola-

1141 1072 1232 1103 sticos
1252 1073 1388 1104 Jacobus
1404 1085 1421 1104 a
1448 1075 1587 1105 Yitriaco
1602 1100 1609 1111 ,
1634 1076 1665 1106 in
1684 1076 1821 1107 Historia
1847 1077 2026 1108 occidentali
2041 1103 2048 1113 ,
2069 1090 2137 1120 pag.

1144 1127 1232 1163 4273
1255 1127 1307 1167 qui
1333 1134 1440 1158 auctor
1469 1135 1652 1169 prrescntem
1679 1140 1781 1160 casum
1805 1131 1948 1171 proponit
1964 1142 2032 1173 pag.
2061 1134 2136 1162 442.

1142 1178 1223 1209 vide
1251 1181 1514 1211 Commentariun]
1540 1188 1678 1212 nostrum
1707 1182 1737 1212 in
1763 1183 1912 1214 Ordinem
1940 1187 2135 1219 Romanum:

1143 1231 1214 1262 vide
1242 1232 1334 1263 etiam
1363 1240 1502 1264 nostrum
1530 1234 1726 1265 Edinundum
1750 1238 1892 1266 Martene
1904 1259 1911 1271 ,
1946 1237 1983 1266 de
2017 1237 2139 1267 Ritibus

1143 1285 1339 1323 monasticis,
1358 1286 1438 1317 libro
1455 1291 1472 1317 2
1485 1310 1494 1322 ‚
1512 1297 1579 1328 cap.
1598 1291 1628 1318 7.

1192 1341 1259 1368 ‘222
1278 1340 1312 1370 C.
1333 1339 1578 1380 superexaltetur
1594 1339 1724 1380 judicio.
1745 1358 1789 1361 >—-
1807 1343 1852 1370 Ex
1879 1347 1947 1371 octo
1971 1352 2048 1382 quos
2064 1341 2139 1372 xidi-

1143 1402 1212 1421 mus
1225 1391 1318 1433 hujus
1343 1392 1480 1433 epistola?
1497 1392 1655 1423 codicibus
1672 1393 1792 1434 scriptis
1807 1417 1814 1430 ‚
1842 1393 1978 1434 quinque
1999 1401 2068 1424 sunt
2083 1419 2090 1430 ,
2109 1394 2140 1424 10

1144 1444 1257 1485 quibus
1272 1455 1403 1486 sequens
1415 1445 1527 1486 legitur
1545 1444 1788 1475 additamentum
1800 1470 1807 1482 ‚
1828 1457 1939 1487 nempe
1958 1446 2019 1476 duo
2033 1447 2141 1478 Cister-

1144 1497 1282 1535 cienses,
1311 1508 1390 1528 unus
1412 1497 1669 1528 Vallivaucentis
1684 1521 1690 1531 .
1717 1498 1911 1530 corbeiensis
1941 1499 2013 1529 item
2041 1510 2139 1537 unus,

1146 1556 1175 1580 et
1200 1550 1327 1591 quintus
1354 1550 1708 1587 Fulcardi-Montensis3
1733 1557 1762 1581 at
1785 1551 1815 1581 in
1841 1551 1939 1582 tribus
1959 1552 2143 1583 Colbertinis

1147 1602 1350 1634 desideratur.
1372 1607 1443 1634 Post
1461 1610 1597 1634 extrema
1614 1603 1709 1634 verba
1723 1628 1730 1641 ,
1746 1603 1993 1648 super-eiraltetnr
2003 1604 2138 1648 judicio,

1146 1656 1393 1688 additamentum
1413 1664 1457 1688 est
1471 1657 1649 1699 hujusmodi
1668 1668 1675 1688 ε
1695 1660 1767 1688 Rem
1794 1657 1919 1687 similem
1936 1682 1943 1693 ,
1963 1670 2052 1701 quam
2070 1658 2144 1688 milii

1148 1710 1318 1752 contigisse
1331 1711 1468 1746 memini,
1487 1709 1619 1754 exempli
1633 1722 1728 1741 causa
1745 1709 1839 1750 rifero
1859 1709 1954 1741 robis.
1979 1710 2057 1742 Olim
2069 1711 2143 1752 fra-

1148 1769 1195 1793 ter
1210 1761 1338 1807 quidam
1356 1763 1368 1804 (
1387 1763 1481 1800 alius,
1502 1762 1772 1805 Bartholomoeus)
1791 1761 1862 1793 dum
1883 1762 1986 1794 adhuc
2015 1765 2140 1799 ric-eree,

1148 1815 1286 1861 quadam
1304 1815 1372 1852 die,
1394 1817 1466 1861 quia
1493 1828 1538 1846 me
1564 1815 1950 1857 contristaverat,fi1rore
1976 1824 2144 1847 commotas

1147 1869 1238 1900 'vultu
1257 1877 1287 1900 et
1304 1882 1381 1900 voce
1399 1870 1516 1900 minaci
1528 1870 1669 1914 prsecepi
1689 1876 1723 1899 ut
1742 1867 1780 1899 de
1797 1867 1937 1899 claustro
1953 1870 2070 1905 mirem
2092 1871 2143 1914 qui

1148 1923 1253 1953 statim
1273 1934 1414 1965 egressus
1427 1930 1491 1959 est,
1508 1929 1537 1953 el
1555 1921 1599 1953 ad
1613 1934 1704 1953 unam
1726 1921 1764 1952 de
1777 1922 1890 1952 nostris
1909 1922 2052 1965 grangiis
2071 1935 2143 1966 per—

1147 1989 1246 2020 gens,
1271 1976 1314 2007 ibi
1338 1976 1519 2007 demoratus
1536 1983 1592 2008 est.
1617 1978 1685 2016 Quo
1714 1975 1862 2017 cognito,
1884 1986 1951 2005 cam
1972 1986 2038 2004 eum
2062 1988 2144 2005 revo-

1150 2042 1223 2060 care
1242 2029 1392 2061 Tellemus
1405 2055 1413 2069 ‚
1434 2028 1593 2074 respondit
1616 2041 1648 2060 se
1676 2040 1737 2059 non
1763 2026 1855 2058 aliter
1873 2026 2053 2063 rediturum,
2087 2029 2146 2059 nisi

1150 2084 1181 2114 in
1195 2095 1251 2114 suo
1268 2091 1297 2114 et
1313 2096 1376 2114 non
1395 2084 1425 2114 in
1445 2082 1554 2114 ultimo
1573 2081 1693 2118 ordine,
1714 2093 1769 2112 nec
1790 2088 1822 2111 ut
1837 2081 2024 2124 fitgitiwm,
2040 2079 2098 2111 sed
2114 2089 2147 2111 ut

1150 2136 1326 2168 inconsulte
1339 2145 1368 2168 et
1386 2139 1454 2168 sine
1466 2136 1592 2180 judicio
1610 2134 1770 2180 erpuknm
1787 2135 1998 2179 reciperemus.
2018 2134 2147 2166 Dicebat

1149 2191 1266 2236 quippe
1282 2203 1345 2221 non
1360 2190 1470 2222 debere
1491 2202 1522 2221 se
1547 2189 1650 2220 subire
1675 2187 1819 2232 regulare
1829 2186 1987 2231 jztdIcium
2002 2189 2032 2218 in
2046 2200 2143 2219 ren-er-

1151 2243 1244 2274 tendo
1257 2268 1264 2280 ,
1282 2243 1370 2289 quod
1382 2250 1595 2288 ezspectatum
1610 2241 1748 2284 nonfuit
1761 2241 1792 2270 in
1811 2239 2005 2285 expellendo.
2022 2243 2068 2270 De
2086 2240 2144 2272 hoc

1150 2297 1218 2339 ejas
1237 2308 1387 2341 responso
1401 2303 1431 2326 et
1451 2295 1639 2337 meofaclo,
1663 2294 1737 2338 quia
1750 2300 1883 2337 propler
1899 2291 2053 2324 carnalem
2072 2293 2146 2336 asle-

1151 2357 1232 2380 clum
1252 2373 1262 2385 ,
1283 2350 1445 2394 proprium
1469 2347 1623 2391 judiciam
1656 2345 1752 2377 habui
1777 2352 1970 2389 suspectum,
1989 2346 2146 2388 fratribus

1149 2401 1291 2433 omnibus
1306 2402 1443 2432 commisi
1452 2399 1678 2444 judicandum.
1697 2402 1809 2442 Itaque
1822 2409 1868 2428 me
1882 2396 2145 2440 ahsentejudica-

1151 2462 1213 2486 tum
1234 2462 1298 2492 est,
1327 2455 1395 2498 ejas
1412 2454 1618 2498 receptionem
1643 2450 1786 2495 regulari
1808 2452 1969 2481 sentenlioe
1992 2463 2056 2482 non
2081 2464 2146 2484 esse

1150 2507 1319 2539 obnoxiam
1329 2532 1338 2544 ‚
1359 2507 1449 2550 cnjus
1462 2505 1674 2550 expulsionem
1687 2502 1857 2535 constabat
1869 2515 1932 2533 non
1939 2503 2042 2544 faisse
2053 2516 2143 2549 regu-

1151 2561 1401 2603 lariterfactam.
1418 2560 1452 2590 Si
1464 2571 1538 2602 ergo
1552 2560 1582 2589 in
1600 2557 1656 2589 illo
1672 2564 1794 2587 lantum
1810 2554 1904 2586 semel
1915 2567 2037 2598 egresso
2053 2565 2144 2588 tama

1150 2613 1259 2645 habita
1279 2621 1324 2645 est
1343 2611 1556 2644 consideratio
1571 2611 1720 2656 pietatis;
1744 2615 1863 2653 quanta
1882 2616 2032 2652 putamus
2055 2609 2145 2641 debet

1151 2680 1216 2698 esse
1239 2668 1272 2698 in
1293 2668 1350 2697 isto
1371 2667 1402 2697 in
1424 2673 1523 2696 tanne
1547 2663 1684 2695 articulo
1707 2662 1925 2693 necessitatis?
1952 2665 2020 2692 Hoc
2044 2669 2144 2694 totum

1151 2721 1397 2752 additamentum
1431 2730 1448 2749 a
1468 2717 1615 2750 Bernardi
1639 2716 1748 2759 genio,
1775 2714 1913 2745 moribus
1927 2739 1934 2751 ‚
1966 2715 2145 2757 caeterisque

1151 2775 1238 2805 sactis
1250 2784 1376 2816 prorsus
1393 2773 1529 2803 alienum
1548 2771 1680 2802 videtur.
1699 2772 1835 2810 Impetus
1851 2768 1902 2798 ille
1919 2767 2030 2798 furoris
2044 2793 2051 2805 ‚
2068 2780 2144 2810 prse-

1151 2838 1222 2869 ceps
1239 2825 1383 2857 monachi
1401 2825 1509 2866 ejectio
1535 2835 1551 2855 e
1573 2822 1759 2854 monasterio
1784 2831 1943 2862 nunquam
1966 2821 2145 2853 cecidissent

1151 2881 1183 2911 in
1200 2886 1321 2912 tantum
1341 2879 1443 2909 virum
1457 2902 1464 2915 ‚
1487 2877 1519 2908 in
1544 2887 1605 2918 quo
1625 2875 1752 2918 quidem
1777 2875 1860 2905 zelus
1879 2880 1964 2911 erat,
1985 2874 2037 2904 sed
2060 2885 2145 2905 mau-

1152 2932 1315 2964 suetudine
1330 2937 1360 2962 et
1376 2930 1540 2962 clementia
1558 2929 1700 2960 conditus
1717 2952 1724 2965 ‚
1747 2933 1780 2958 ut
1806 2927 1854 2957 vel
1876 2938 1913 2958 ex
1930 2927 1996 2969 ipsa
2018 2928 2147 2969 epistola

1151 2991 1236 3028 patet
1251 3009 1258 3022 ‚
1276 2984 1329 3015 ubi
1343 2990 1463 3014 tantum
1480 2982 1612 3013 lenitatis
1625 2982 1658 3012 in
1670 2980 1860 3022 transfugam
1877 2980 2014 3011 exhiberi
2028 2980 2145 3011 suadet.

1153 3043 1221 3070 Imo
1241 3037 1297 3067 etsi
1311 3037 1340 3066 in
1358 3035 1438 3066 hanc
1455 3035 1579 3076 culpam
1595 3034 1699 3076 lapsus
1721 3033 1826 3064 fuisset
1848 3033 1908 3064 Vir
1922 3039 2059 3070 sanctus,
2081 3043 2146 3063 eam

1153 3090 1255 3132 potius
1275 3088 1454 3130 pti-”nitentia
1479 3087 1617 3125 diluere,
1643 3093 1672 3117 et
1692 3087 1813 3117 silentio
1830 3092 1931 3128 tegere
1953 3085 2115 3116 studuisset
2137 3095 2145 3115 .·

1153 3153 1255 3184 neque
1270 3152 1306 3173 eo
1326 3140 1542 3183 imprudentiae
1561 3140 1736 3170 devenisset
1748 3163 1756 3177 ‚
1775 3144 1809 3170 ut
1833 3138 1863 3169 id
1888 3138 2021 3170 Gnidoni
2044 3137 2147 3167 abbati

1155 3195 1305 3226 attulisset
1334 3205 1392 3236 pro
1423 3193 1566 3235 exemplo
1581 3217 1588 3230 ‚
1610 3192 1694 3233 quod
1712 3197 1740 3222 et
1763 3191 1858 3233 ipsius
1882 3188 2028 3221 Bernardi
2054 3199 2145 3229 scopo

1155 3248 1344 3279 contrarium
1359 3271 1365 3284 ‚
1382 3253 1411 3278 et
1433 3246 1570 3277 scandali
1587 3245 1706 3276 occasio
1726 3243 1861 3276 Guidoni
1878 3242 2013 3272 futurum
2030 3240 2144 3270 fuisset.

1156 3301 1293 3333 Omnino
1315 3299 1347 3330 id
1370 3299 1410 3331 ad
1435 3300 1603 3341 marginem
1635 3297 1793 3339 cujusdam
1817 3295 1927 3326 codicis
1941 3318 1947 3329 ‚
1973 3293 2075 3323 forsan
2097 3292 2146 3323 Ci-

1157 3353 1347 3390 sim-ciensis,
1372 3353 1474 3395 primo
1499 3352 1530 3382 id
1556 3351 1702 3393 scriptum
1722 3350 1812 3380 fuisse
1835 3347 1954 3377 1111οἰ111
1976 3356 1994 3375 a
2013 3344 2146 3385 quodam

1161 3407 1274 3439 abbate
1292 3432 1298 3445 ‚
1318 3417 1353 3437 ac
1371 3406 1481 3436 deinde
1499 3416 1515 3435 e
1533 3403 1669 3445 margine
1684 3402 1862 3433 translatum
1885 3400 1914 3429 in
1934 3404 2046 3429 textum
2061 3422 2066 3435 7
2086 3408 2147 3439 quo
