2533 3920
375 175 450 213 (527

375 254 561 291 manifesti
596 254 700 290 fiant.
731 254 769 291 Si
796 254 880 303 quis
910 260 965 290 est
992 250 1417 301 1)01111111,1011331111·50

1134 176 1169 211 S.
1200 175 1359 209 BERNA
1366 174 1455 209 RDI
1482 173 1637 208 ABBAT
1640 173 1683 207 IS

1423 250 1518 286 ⁸nec
1540 247 1699 297 alicujus
1725 257 1887 297 possunt
1913 247 2093 297 deinceps
2113 248 2280 286 mutilari
2301 252 2450 291 cavilla-

2374 176 2448 214 (528

375 315 421 351 ei.
448 318 550 351 Deus
579 314 680 350 enim
711 321 767 350 est
790 313 828 350 in
855 325 979 349 causa.
1007 312 1156 349 Veritas
1186 311 1381 362 periclita-
1402 312 1430 344 A
1450 310 1572 355 tione,
1607 309 1664 344 vel
1697 306 1841 343 invidia
1876 306 2090 356 depravari.
2126 310 2179 344 Ea
2210 319 2370 360 propter
2403 313 2450 350 ad

375 383 438 411 tur
453 390 460 411 :
480 374 705 410 dividuntur
723 373 950 410 vestimenta
966 372 1123 418 Christi,
1140 375 1383 409 Sacramenta

375 435 603 472 scinduntur
631 434 818 471 Ecclesiae.
847 438 879 471 A
905 433 1034 483 planta
1060 432 1167 482 pedis
1195 445 1315 481 usque
1336 430 1384 468 ad

377 496 557 533 verticem
580 495 686 532 faciei
705 494 966 544 corrumpitur
986 493 1143 537 sanitas,
1164 492 1385 542 simplicitas

378 557 548 593 fidelium
577 555 773 592 deridetur
796 569 804 591 ι
826 567 947 604 prope
968 562 1043 599 est,
1061 562 1104 589 ut
1124 552 1303 589 ascendat
1323 552 1383 588 leo

377 619 424 655 de
457 617 573 655 cubili
605 630 694 661 suo,
718 625 760 653 ut
796 623 929 652 contra
964 614 1169 652 Ecclesiam
1201 627 1239 650 se
1266 614 1384 662 erigat

377 679 509 730 praedo
533 678 715 728 gentium.
736 675 919 713 Praecedit
941 674 1020 724 jam
1045 679 1178 712 Petrus
1198 674 1385 712 Abaelar-

378 741 448 777 dus
481 749 567 777 ante
598 739 729 775 faciem
761 736 981 773 Antichristi
1014 748 1149 785 parare
1178 735 1258 772 vias
1278 734 1381 783 ejus,

379 801 425 838 de
461 801 551 847 fide,
582 800 628 836 de
658 797 930 841 Sacramentis,
954 796 1001 832 de
1030 800 1140 832 Patre
1165 804 1202 832 et
1226 796 1319 833 Filio
1348 802 1386 830 et

379 861 522 911 Spiritu
543 867 696 904 sancto,
718 866 974 907 prseterquam
1004 856 1218 905 accepimus
1232 884 1241 900 ,
1264 867 1386 891 enun-

379 922 486 958 tians.
505 920 660 963 Scribit,
681 919 806 963 docet,
828 926 866 953 et
880 916 1076 953 contendit
1092 915 1218 952 verbis
1236 916 1283 952 ad
1298 914 1386 952 sub-

377 982 592 1019 versionem
611 978 858 1016 audientium.
871 977 984 1014 Ponit
996 976 1035 1012 in
1051 976 1232 1013 Trinitate
1247 975 1386 1025 gradus

377 1050 414 1078 et
449 1041 566 1077 scalas
591 1052 677 1075 cum
710 1038 822 1083 Ario;
850 1037 1040 1087 praeponit
1065 1036 1193 1086 gratiae
1220 1035 1383 1072 liberum
1403 1036 1430 1070 B
1451 1031 1706 1082 simplicibus,
1730 1040 1795 1068 aut
1829 1039 1931 1068 certe
1968 1031 2112 1078 stultis,
2143 1031 2190 1068 de
2219 1040 2348 1068 sancta
2376 1033 2458 1070 Tri-
2501 1031 2504 1066 ἶ

1452 1093 1587 1138 nitate,
1617 1106 1702 1141 quae
1733 1095 1835 1129 Deus
1871 1100 1949 1138 est,
1986 1091 2270 1141 disputaretur;
2304 1092 2459 1143 insuper
2502 1114 2504 1119 ·

1453 1153 1525 1190 alia
1552 1153 1672 1189 multa
1700 1151 1747 1189 ab
1776 1152 1938 1199 eisdem,
1969 1151 2115 1189 absona
2142 1165 2301 1202 prorsus
2329 1160 2366 1189 et
2393 1151 2459 1190 ab·
2501 1150 2506 1191 ᾗ

377 1100 577 1138 arbitrium
595 1112 683 1136 cum
707 1098 875 1147 Pelagio,
894 1097 1088 1133 hominem
1107 1104 1345 1146 assumptum
1367 1109 1386 1132 a

378 1162 572 1199 consortio
602 1159 794 1196 Trinitatis
822 1157 1007 1203 excludit;
1038 1157 1229 1195 Christum
1251 1156 1388 1193 dividit

378 1236 464 1259 cum
491 1221 681 1259 Nestorio.
721 1218 793 1257 Sed
823 1219 861 1255 in
894 1217 1072 1255 omnibus
1102 1217 1161 1254 his
1186 1217 1383 1266 gloriatur,

378 1283 483 1333 quod
517 1281 723 1320 Ecclesiam
752 1284 963 1317 Romanam
994 1278 1065 1316 sibi
1098 1278 1385 1324 reconciliavit3

377 1344 481 1394 quod
495 1343 612 1380 libros
627 1351 664 1379 et
677 1340 883 1378 sententias
896 1353 982 1376 suas
997 1338 1171 1376 manibus
1186 1347 1223 1375 et
1241 1338 1387 1375 sinibus

378 1409 642 1442 Romanorum
669 1402 866 1438 incluserit
895 1416 903 1437 ε
926 1408 964 1437 et
990 1400 1027 1436 in
1049 1399 1309 1436 defensionem
1329 1398 1386 1434 sui

378 1466 518 1503 erroris
535 1464 691 1501 assumit
710 1476 797 1508 eos,
822 1476 842 1498 a
867 1460 1006 1511 quibus
1022 1460 1187 1509 judicari
1214 1459 1328 1496 debet
1350 1467 1387 1495 et

378 1525 563 1563 damnari.
594 1523 728 1561 Videat
754 1526 874 1568 Deus,
908 1530 945 1558 et
961 1520 1127 1570 judicet,
1151 1521 1182 1556 si
1206 1519 1388 1556 velociter

378 1586 618 1623 obstructum
657 1597 735 1620 non
772 1582 887 1619 fuerit
927 1594 968 1618 os
1018 1580 1210 1630 loquentis
1242 1579 1385 1628 iniqua.

378 1650 522 1685 Caetera
539 1644 786 1695 praesentium
808 1643 905 1679 lator
925 1642 1038 1678 latius
1056 1640 1273 1692 explicabit.

436 1799 460 1808 ιι
466 1798 604 1807 ιιιιιιιιιι
610 1795 894 1806 ινιςῃιινιιςιικικιι
900 1794 1039 1803 ιιιινιιινι
1045 1791 1390 1802 ιικκιιαυιμιιιινιικιικι

438 1922 813 1983 EPISTOLA
872 1916 1352 1979 CCCXXXVII?

381 2091 426 2112 AD
456 2089 719 2113 1NNocENT1tM
750 2087 1059 2119 roxT1F1c1ffl,1x
1089 2085 1251 2108 PERSONA
1280 2083 1390 2106 FRAN-

689 2150 754 2172 effi
783 2134 1085 2171 Eriscoponmi*.

381 2267 527 2310 Episcopi
552 2267 661 2298 Galliae
688 2271 849 2307 exponunt
880 2264 1039 2300 Pontifici,
1068 2263 1144 2305 quid
1175 2268 1278 2293 actum
1299 2262 1337 2293 sit
1360 2262 1392 2292 in

428 2332 519 2353 causa
540 2321 622 2353 Petri
643 2320 827 2356 Abaelardi,
857 2319 1051 2351 Bernardum
1071 2317 1110 2349 ad
1135 2317 1391 2360 disceptationem

428 2378 460 2408 in
482 2376 601 2419 synodo
622 2376 819 2418 provocantis
832 2400 839 2413 ,
860 2375 914 2406 sed
939 2375 979 2405 ad
998 2374 1136 2417 objectos
1159 2374 1217 2404 sibi
1238 2373 1391 2404 haeresuni

428 2431 574 2462 articulos
590 2429 779 2471 respondere
795 2428 943 2465 nolentis,
961 2434 991 2460 et
1005 2428 1045 2458 ad
1064 2427 1176 2459 Sedeni
1190 2426 1392 2469 apostolicam

429 2484 625 2528 appellantis.

383 2599 715 2637 Reverendissimo
748 2598 847 2648 patri
877 2606 916 2634 et
949 2597 1106 2634 domino
1138 2600 1393 2642 INNocm-Tm,

438 2660 508 2697 Dei
528 2659 646 2709 gratia
663 2672 812 2695 summo
832 2658 1007 2695 Pontifici
1023 2687 1032 2703 ‚
1050 2661 1251 2694 HEchcs
1273 2660 1393 2693 Seno-

438 2720 613 2758 ncnsium
648 2718 976 2768 archiepiscopus,
1011 2721 1228 2756 Gsnmmcs
1249 2720 1393 2754 Carno-

438 2780 553 2819 tens'is
597 2780 821 2829 episcopus,
858 2787 997 2815 sanctae
1033 2777 1139 2815 Sedis
1172 2777 1392 2827 apostolicae

440 2840 642 2884 famulus*,
661 2843 800 2877 Hums
818 2839 1120 2881 Aurelianensis,
1142 2843 1252 2876 Hrco
1269 2839 1393 2876 Autis-

440 2900 684 2943 siodorensis,
704 2903 834 2936 Hnro
857 2899 1066 2943 Trecensis,
1087 2902 1277 2935 Mttxxssizs
1297 2900 1393 2936 Mel-

439 2961 565 2997 densis
580 2959 770 3009 episcopi,
788 2958 944 2996 devotas
967 2959 1159 2996 orationes
1175 2968 1211 2995 et
1228 2959 1394 2997 debitam

441 3020 711 3059 obedientiam.

445 3146 477 3181 l.
501 3142 599 3180 Nulli
623 3141 782 3178 dubium
807 3149 863 3177 cst
884 3141 987 3190 quod
1011 3154 1053 3177 ea
1079 3155 1163 3191 quae
1188 3143 1395 3191 apostolica

387 3207 589 3242 firmantur
622 3203 868 3248 auctoritate,
906 3211 985 3239 rata
1027 3216 1177 3252 semper
1208 3203 1394 3251 existunt,

1449 379 1612 406 vestram
1642 367 1890 418 apostolicam
1912 367 2046 405 Sedem
2060 397 2070 414 ,
2089 366 2303 407 beatissime
2330 375 2451 422 Pater,

1451 431 1592 466 referre
1610 428 1765 478 dignum
1784 428 2000 465 censuimus
2015 428 2188 478 quaedam
2205 457 2214 474 ,
2232 443 2316 480 quae
2331 445 2453 483 nuper

1450 491 1488 527 in
1510 499 1640 527 nostra
1660 489 1818 538 contigit
1835 489 1988 525 tractari
2003 489 2206 539 praesentia
2227 505 2235 526 :
2254 503 2339 540 quae
2358 505 2454 542 quo·
2503 515 2505 526 .

1451 550 1553 587 niam
1576 558 1614 587 et
1635 548 1763 595 nobis,
1788 557 1826 585 et
1850 549 1978 585 multis
2004 549 2184 598 religiosis
2209 563 2252 586 ac
2274 551 2452 601 sapienti-

1451 611 1522 648 bus
1546 611 1637 648 viris
1667 609 1945 647 rationabiliter
1969 618 2051 646 acta
2078 610 2159 646 visa
2189 618 2296 657 sunt,
2322 620 2455 650 vestrae
2502 627 2504 630 ⁴

1451 672 1670 710 Serenitatis
1698 679 1921 721 exspectant
1946 669 2190 720 comprobari
2210 670 2376 720 judicio,
2402 673 2455 711 si-

1452 733 1531 769 mul
1560 741 1597 769 et
1624 732 1848 768 auctoritate
1881 739 2069 781 perpetuo
2105 730 2291 767 roborari.
2324 735 2455 783 Itaque

1453 806 1539 829 cum
1566 805 1635 842 per
1658 800 1776 827 totam
1799 791 1877 827 fere
1901 791 2062 829 Galliam
2083 790 2120 826 in
2148 789 2383 836 civitatibus,
2404 792 2457 830 vi-

1452 852 1523 898 cis,
1560 860 1597 888 et
1635 852 1819 897 castellis,
1854 864 1875 887 a
1912 850 2172 896 scholaribus,
2215 864 2292 887 non
2333 852 2456 890 solum

1451 913 1552 948 intra
1582 911 1750 956 scholas,
1780 910 1846 948 sed
1877 911 1990 947 etiam
2026 911 2226 957 triviatim,
2260 923 2330 947 nec
2354 924 2376 948 a
2400 912 2456 950 lit-

1453 972 1604 1018 teratis,
1625 979 1689 1008 aut
1713 970 1906 1021 provectis
1934 979 2103 1018 tantum,
2133 971 2199 1008 sed
2219 984 2240 1008 a
2266 972 2393 1022 pueris
2420 981 2458 1012 et

1454 1213 1587 1258 surda,
1617 1222 1654 1250 et
1681 1213 1793 1263 plane
1815 1212 1903 1249 fidei
1931 1212 2143 1259 catholicae,
2165 1220 2458 1263 sanctorumque

1454 1278 1607 1312 Patrum
1635 1273 1928 1311 auctoritatibus
1952 1273 2148 1310 obviantia
2172 1273 2458 1324 proferrentur:
2501 1296 2503 1300 ·

1454 1348 1618 1384 cumque
1656 1334 1703 1371 ab
1740 1335 1795 1371 his
1831 1335 1897 1384 qui
1932 1347 2022 1371 sane
2061 1333 2297 1381 sentiebant,
2329 1342 2367 1371 et
2399 1348 2460 1373 eas
2502 1358 2503 1361 =

1453 1395 1615 1445 ineptias
1653 1393 1878 1443 rejiciendas
1912 1406 1992 1430 esse
2028 1392 2291 1440 censebant*,
2326 1394 2461 1444 saepius

1454 1455 1640 1492 admoniti
1668 1455 1974 1504 corriperentur3
1995 1453 2257 1490 vehementius
2285 1454 2462 1490 convale-
2500 1470 2525 1500 gy

1454 1515 1626 1561 scebant,
1649 1523 1687 1551 et
1707 1515 1932 1551 auctoritate
1957 1513 2125 1563 magistri
2144 1513 2202 1550 sui
2221 1514 2324 1551 Petri
2342 1513 2462 1551 Abae-

1453 1576 1569 1621 lardi,
1595 1584 1633 1612 et
1661 1574 1860 1624 cujusdam
1889 1575 2008 1625 ipsius
2033 1573 2139 1621 libri,
2163 1574 2223 1611 cui
2248 1574 2460 1625 Theologiae
2499 1598 2502 1612 t

1454 1635 1645 1673 indiderat
1674 1649 1833 1681 nomen,
1863 1649 2014 1672 necnon
2039 1643 2077 1671 et
2104 1635 2267 1671 aliorum
2290 1634 2460 1684 ejusdem
2500 1678 2501 1684 ¹

1455 1698 1731 1748 opusculorum
1761 1697 1859 1748 freti,
1881 1697 1928 1734 ad
1947 1696 2172 1734 astruendas
2190 1697 2371 1746 profanas
2393 1697 2462 1735 ad-
2499 1702 2521 1723 ³¹

1454 1758 1695 1794 inventiones
1713 1758 1813 1803 illas,
1830 1770 1908 1794 non
1925 1757 2006 1794 sine
2023 1757 2229 1793 multarum
2251 1757 2462 1797 animarum

1413 1819 1438 1853 C
1457 1818 1681 1869 dispendio,
1697 1831 1778 1856 sese
1799 1819 1918 1868 magis
1938 1831 1980 1854 ac
2001 1819 2118 1867 magis
2140 1817 2351 1854 armabant.
2373 1822 2464 1867 Quae
2499 1826 2501 1829 '

1455 1879 1556 1916 enim
1585 1888 1622 1916 et
1652 1892 1740 1925 nos,
1762 1887 1799 1915 et
1831 1878 1924 1915 alios
1952 1878 2083 1928 plures
2109 1890 2187 1914 non
2213 1890 2350 1927 parum
2381 1892 2464 1916 mo-
2499 1882 2501 1901 ³

1455 1948 1589 1976 verant
1610 1953 1652 1976 ac
1673 1940 1866 1986 laeserant,
1884 1938 1974 1975 inde
1995 1946 2121 1975 tamen
2137 1938 2388 1988 quaestionem
2407 1939 2464 1976 fa·-

1457 2013 1542 2037 cere
1562 1999 1809 2036 verebantur.

1512 2062 1548 2098 2.
1569 2064 1711 2097 Verum
1733 2059 1914 2096 dominus
1934 2058 2051 2096 abbas
2070 2059 2350 2105 Clarae-Vallis,
2369 2059 2426 2097 his
2442 2072 2465 2097 a
2498 2045 2499 2053 ¹
2519 2081 2523 2085 ·

1459 2121 1617 2158 diversis
1638 2129 1675 2157 et
1695 2120 1833 2170 saepius
1853 2119 2010 2165 auditis,
2040 2120 2119 2156 imo
2140 2128 2242 2156 certe
2266 2120 2305 2156 in
2326 2128 2466 2170 praeta—
2497 2138 2501 2153 r

1458 2190 1548 2218 xato
1576 2180 1744 2230 magistri
1764 2180 1865 2217 Petri
1880 2180 2096 2229 Theologiae
2114 2178 2236 2227 libro,
2262 2193 2412 2217 necnon
2429 2187 2466 2217 et
2496 2172 2499 2207 ἶ

1459 2242 1540 2279 31115
1558 2241 1726 2291 ejusdem
1750 2240 1876 2286 libris,
1899 2241 1937 2277 in
1958 2254 2123 2290 quorum
2146 2241 2244 2277 forte
2265 2232 2465 2278 lectioneui

1458 2302 1662 2348 inciderat,
1691 2302 1892 2351 diligenter
1922 2302 2127 2352 inspectis,
2161 2311 2308 2339 secreto
2337 2303 2464 2353 prius,

1458 2378 1500 2400 ac
1530 2363 1668 2400 deinde
1701 2376 1829 2400 secum
1862 2362 2014 2399 du‘obus
2043 2371 2109 2399 aut
2134 2361 2256 2400 tribus
2288 2362 2466 2401 adhibitis
2496 2360 2522 2397 ⁴.

1460 2423 1636 2469 testibus,
1655 2422 1766 2472 juxta
1786 2423 2047 2472 evangelicum
2069 2431 2325 2473 praeceptum,
2348 2423 2468 2462 homi·
2516 2453 2518 2457 .

1459 2498 1546 2521 nem
1579 2484 1759 2520 convenit
1789 2498 1796 2520 :

1459 2679 1518 2703 res
1534 2667 1645 2703 etiam
1662 2666 1892 2702 scholarium
1910 2665 2137 2703 adhortatus
2150 2674 2226 2712 est,
2241 2674 2283 2703 ut
2298 2675 2336 2703 et
2350 2666 2466 2704 libros

1458 2727 1615 2763 venenis
1636 2727 1771 2777 plenos
1799 2726 2050 2776 repudiarent
2078 2735 2116 2763 et
2136 2726 2362 2776 rejicerent,
2389 2735 2427 2764 et
2444 2739 2467 2764 a

1460 2786 1634 2822 doctrina
1659 2798 1744 2835 quae
1769 2785 1879 2822 iidem
1901 2784 2063 2822 laedebat
2082 2785 2307 2823 catholicam
2321 2815 2331 2833 ,
2353 2799 2465 2824 cave-

1460 2854 1544 2882 rent
1558 2855 1595 2882 et
1613 2845 1859 2883 abstinerent.
1877 2846 1989 2894 Quod
2004 2847 2182 2896 magister
2195 2851 2330 2884 Petrus
2344 2848 2466 2884 minus
2492 2858 2496 2866 *

1462 2907 1651 2957 patienter
1679 2916 1716 2944 et
1740 2908 1903 2944 nimium
1930 2921 2029 2958 aegre
2052 2908 2201 2953 ferens,
2235 2907 2371 2945 crebro
2397 2919 2466 2945 nos
2492 2937 2494 2945 .

1463 2967 1616 3016 pulsare
1638 2966 1766 3016 coepit,
1790 2980 1859 3003 nec
1876 2975 1964 3004 ante
1985 2967 2105 3004 voluit
2120 2966 2318 3013 desistere,
2341 2965 2467 3018 quoad
2491 2990 2493 2998 1

1462 3026 1509 3063 ad
1542 3025 1742 3062 (lominum
1770 3027 2124 3064 Clarae-Vallensem
2155 3026 2331 3065 abbatem
2353 3039 2465 3077 super

1825 2492 1862 2520 et
1883 2492 1925 2520 ut
1947 2482 2142 2520 auditores
2170 2496 2260 2521 suos
2282 2497 2303 2520 a
2329 2483 2465 2521 talibus
2495 2495 2497 2500 ’
2516 2503 2518 2514 ι

1459 2553 1737 2595 compesceret,
1756 2543 1953 2593 librosque
1969 2556 2059 2580 suos
2079 2544 2307 2594 corrigeret,
2330 2545 2466 2583 amica·
2518 2562 2522 2568 ·

1413 2601 1444 2634 D
1462 2605 1588 2642 biliter
1604 2606 1692 2642 satis
1710 2619 1751 2642 ac
1772 2604 2006 2641 familiariter
2024 2605 2132 2642 illum
2149 2605 2360 2643 admonuit.
2379 2606 2467 2644 Plu·
2493 2605 2501 2642 z*

1461 3086 1533 3123 hoc
1566 3087 1794 3131 scribentes,
1824 3088 2014 3137 assignato
2040 3087 2121 3133 die,
2158 3088 2301 3124 scilicet
2333 3096 2464 3124 octavo
2514 3103 2515 3106 ¹

1462 3150 1727 3193 Pentecostes‚
1758 3147 1918 3184 Senonis
1938 3155 2024 3184 ante
2045 3156 2214 3184 nostram
2236 3145 2466 3185 submonui-

1463 3220 1546 3243 mus
1563 3207 1694 3243 venire
1712 3208 1954 3257 praesentiam
1965 3237 1974 3254 ,
1992 3221 2070 3257 quo
2087 3221 2126 3245 se
2144 3207 2307 3246 vocabat
2323 3216 2360 3244 et
2377 3206 2466 3244 offe·

432 3338 443 3351 ’Ἰ
466 3335 550 3367 Alias
569 3334 698 3377 epistola
720 3336 787 3365 370
809 3343 900 3374 :quae
922 3343 994 3363 vero
1012 3340 1102 3364 antea
1130 3336 1194 3365 :537
1223 3340 1286 3364 crat
1301 3358 1309 3371 ,
1331 3345 1412 3365 1111110
1439 3338 1517 3367 325.
1534 3336 1654 3379 Scripta
1674 3346 1757 3367 anuo
1778 3335 1893 3368 Christi
1920 3338 2018 3368 1140.
