2517 3936
11 232 82 270 813

728 223 1075 258 1·1Ρ15’1“ΟΙ,ΑΙΠ’Μ
1111 225 1134 256 A
1145 222 1372 256 PPEMHX.

12 305 292 362 praesentiarum
310 301 511 339 sufficiant.
526 303 652 337 Meum
671 313 763 336 vero
778 296 1065 336 desideri11111³⁹⁷

2016 220 2086 254 81}

1079 298 1126 334 tia
1150 296 1316 342 collatis,
1350 309 1435 345 quae
1471 294 1619 343 liganda
1654 303 1740 330 suut
1768 295 1904 342 ligare,
1935 303 1972 329 ct
2003 308 2087 342 qua·

13 376 83 415 est,
110 372 295 416 quatenus
328 361 494 412 praefatis
527 359 761 410 pauperibus
793 361 830 396 in
863 359 1013 397 Christo
1032 360 1061 392 A
1080 357 1264 394 solvenda
1296 356 1444 392 solvere
1476 353 1647 391 debeatis
1671 369 1677 390 :
1701 353 1996 390 deliberationes
2017 367 2088 389 no-

13 439 152 467 merear
169 422 322 472 adjungi
343 434 505 470 corpore
535 429 572 457 et
598 421 756 470 spiritu,
784 428 826 456 ut
854 419 1006 468 adjutus

14 499 140 527 eorum
173 482 375 532 suffragio,
412 490 449 518 et
478 481 710 517 fructuosius
745 481 1008 531 poenitentiam

15 559 139 600 agere,
161 553 197 582 et
215 542 424 580 fiducialius
447 540 604 577 habeam
627 541 790 577 clamare.
807 541 853 577 ad
874 541 1009 578 Domi-

16 619 98 647 num
117 621 126 643 ε
146 607 322 646 Domine,
343 605 397 638 acl
421 611 456 637 tc
487 602 650 651 corqlugi,
671 604 760 637 doce
792 616 849 638 me
877 600 1010 649 Δίὶιοςνιτ

17 670 231 706 υοᾰιητατειη
253 673 368 700 taam.
402 664 521 711 Eripe
541 676 599 698 mc
627 664 673 698 de
701 667 867 699 ininu'cis
901 667 1008 707 incili,

17 733 106 767 Deus
135 731 270 762 meus¹.
308 726 374 760 Ad
400 733 458 770 te,
492 727 667 769 Domine,
691 727 807 760 levavi
838 728 1008 759 animam

19 801 155 831 mam;
190 789 293 822 Deus
320 798 442 827 meus,
466 789 505 819 in
529 793 563 819 te
585 785 746 831 (Ὀιζίῐιίο,
775 798 849 820 mm
880 783 1012 820 erube-

19 861 110 886 scam
122 853 136 870 ⁸
153 861 161 884 ε
178 854 215 883 et
232 845 289 882 liis
303 845 451 882 similia.
469 848 549 894 Ego
567 853 693 881 autem
712 844 858 895 probor
871 845 1009 891 adhuc,

20 917 53 948 et
65 921 134 960 per
158 906 315 957 gratiam
339 906 408 943 Dei
434 905 481 942 ad
505 906 643 942 horum
665 919 878 956 pauperum
903 919 1012 955 regu-

21 972 83 1008 lam
99 967 276 1006 instituor
299 975 337 1003 ct
361 966 476 1003 vitam
504 982 511 1003 :
535 975 577 1003 ut
609 966 700 1004 dum
729 968 780 1004 eis
807 966 1012 1017 adjunctus

22 1031 129 1076 z‘uew,
145 1041 219 1065 una
233 1041 319 1064 cum
337 1027 428 1078 ipsis
443 1028 618 1064 noverim
632 1029 801 1078 vigilare,
816 1037 853 1065 et
873 1029 1014 1065 solum—

1075 427 1189 458 sti-as,
1213 416 1422 453 secundum
1451 414 1554 465 quod
1585 415 1689 451 zelus
1718 414 1854 450 domus
1889 414 1953 449 Dei
1977 421 2086 461 urget

1078 492 1147 515 nos
1160 507 1167 519 ,
1196 486 1282 513 ante
1297 476 1430 514 Scdcm
1447 475 1603 525 justitia*
1620 475 1815 511 humiliter
1832 473 2064 509 effundimus
2079 500 2087 515 ‚

1077 548 1113 575 et
1134 537 1395 574 lamentabiles
1416 548 1605 573 aerumnas
1632 535 1711 571 sive
1738 534 1888 571 ruinam
1916 533 2087 571 Latinia-

1077 599 1200 635 censis
1227 597 1445 634 monasterii
1474 604 1602 632 vestro
1631 594 1882 631 moderamini
1917 593 2090 630 notifica-

1079 672 1174 695 mus.
1197 662 1323 695 Homo
1351 658 1414 694 ille
1434 657 1499 707 qui
1529 655 1600 693 sul)
1625 656 1779 692 nomine
1805 655 1971 705 pastoris
1992 666 2090 703 prze-

1078 720 1155 756 sato
1185 719 1417 756 monasterio
1453 730 1616 767 przeessc
1651 716 1823 761 videtur,
1863 728 1940 751 non
1968 714 2089 750 solum

1078 795 1154 818 non
1178 779 1378 831 prodesse,
1404 779 1480 815 imo
1498 778 1706 828 plurimum
1725 776 1858 813 obesse.
1876 774 2063 826 probatur
2082 790 2088 809 :

1078 841 1259 891 quoniam
1281 839 1453 877 subditos
1471 838 1516 875 ad
1532 850 1705 874 normam
1728 837 1921 886 religionis
1937 835 2094 871 minime

1079 902 1232 951 dirigit,
1264 909 1302 937 et
1333 899 1588 949 ignominiose
1609 898 1762 943 vivens,
1792 897 1924 948 plures
1945 909 1991 932 ex
2022 895 2092 930 illis

1079 962 1257 1012 exemplo
1272 973 1400 1011 pravae
1415 960 1501 995 vitae
1514 958 1768 995 commaculat
1785 965 1821 993 et
1836 957 1964 993 inlicit.
1980 955 2093 1004 Quod

1080 1024 1168 1060 satis
1185 1030 1334 1059 constat
1357 1034 1435 1057 non
1458 1020 1580 1056 solum
1614 1032 1660 1055 ex
1685 1032 1731 1055 co
1753 1017 1857 1067 quod
1889 1031 1957 1067 per
1979 1016 2093 1053 urbes

24 1088 123 1129 nodo
141 1088 330 1126 somniare
361 1088 400 1124 in
433 1088 581 1138 spiritu.
604 1088 783 1138 vigilanti
802 1089 903 1125 enim
923 1101 1011 1138 pro-
1034 1084 1061 1118 B
1080 1083 1246 1122 Franciae
1270 1082 1419 1119 infamis
1439 1080 1615 1124 liabetur,
1637 1080 1702 1116 scd
1723 1079 1837 1115 ctiam
1857 1092 1902 1115 ex
1925 1092 1971 1114 eo
1989 1077 2092 1127 quod

25 1149 167 1189 mittitur
186 1161 364 1198 regnum,
391 1156 429 1185 et
448 1149 515 1198 qui
538 1149 699 1185 seminat
721 1149 758 1185 in
782 1149 941 1199 spiritu,
967 1148 1013 1185 de

24 1210 141 1264 piritu
159 1217 275 1246 metet
289 1209 406 1246 vitam
427 1218 622 1246 aeternam.
649 1213 692 1246 In
715 1223 790 1260 qua
807 1222 877 1258 ego
899 1209 1015 1259 parti-

25 1284 98 1324 Jeps
118 1270 255 1322 ipsius,
285 1278 324 1307 et
349 1278 407 1316 te,
428 1278 466 1306 et
493 1278 613 1306 totam
633 1270 929 1307 Noviomensem
951 1282 1013 1305 ec-

26 1331 180 1378 stasim,
208 1329 402 1367 dominam
436 1329 580 1367 scilicet
608 1337 645 1365 et
677 1337 838 1366 matrem
866 1342 1013 1376 meam,

28 1404 82 1430 κει·
93 1389 390 1429 misericordiam
401 1389 473 1427 Dei
489 1389 648 1427 feliciter
663 1398 849 1426 aeternare
863 1388 1013 1426 videam

28 1465 96 1491 :um
109 1451 276 1498 christo,
291 1460 329 1488 et
343 1463 514 1502 regnare.
532 1454 666 1489 Amen.
684 1450 827 1488 Valete.
845 1451 1013 1488 Domino

28 1513 182 1560 taleme,
203 1512 380 1564 proxima
402 1512 605 1550 Dominica
631 1520 719 1562 post
744 1511 1017 1548 Ascensionem

28 1573 182 1621 Domini,
203 1573 418 1624 suscepturi
451 1585 582 1610 sumus
614 1581 751 1610 nostrae
771 1572 1019 1623 professionis

29 1643 234 1673 maturam
249 1663 260 1682 ,
282 1647 351 1685 per
365 1634 522 1685 gratiam
545 1642 583 1671 et
602 1632 910 1670 benedictionem
928 1637 949 1670 J
953 1646 1019 1670 esu

30 1694 166 1742 :lu-isti,
194 1707 310 1745 quam
345 1694 489 1732 meritis
513 1694 646 1732 Matris
675 1707 772 1740 suae,
804 1693 1018 1744 vestrisque

31 1752 185 1793 necibus
212 1753 324 1792 nobis
354 1754 534 1805 dignetur
562 1753 775 1791 concedere
801 1753 902 1791 idem
937 1754 1019 1804 ipse

33 1818 118 1854 Tetus
135 1815 316 1854 Christus.
344 1820 481 1854 Amen.
516 1819 662 1853 Iterum
697 1815 839 1860 valete,
868 1823 906 1851 et
938 1827 1019 1851 me-

33 1884 139 1915 uento
157 1877 364 1915 novissima
385 1885 471 1924 tua,
492 1884 530 1914 et
546 1877 728 1914 miserere
746 1876 882 1913 animae
905 1884 989 1912 tuae.
1036 1871 1064 1907 C

34 2019 263 2031 ffl=mm
266 2020 1020 2031 ===============================================

115 2148 492 2206 EPISTOLA
536 2145 906 2221 cmxxx:

47 2303 210 2329 currum
243 2306 460 2330 GENERALIS
494 2306 694 2330 NIGRORUM
724 2307 989 2331 MONACHORL'M

329 2368 377 2390 AD
405 2368 608 2391 ADRIANUM
639 2368 692 2391 1v.

211 2484 261 2514 De
277 2484 453 2517 amovendo
469 2484 584 2516 abbate
601 2484 818 2517 Latiniacensi.

43 2598 284 2638 &mantissimo
305 2602 406 2652 patri
439 2610 479 2639 et
504 2601 662 2639 domino
688 2601 857 2639 Adriano
883 2610 1023 2638 sanctae

74 2658 251 2699 Bomanae
290 2662 397 2701 Sedis
438 2675 588 2700 summo
629 2661 830 2712 pontifici,
871 2661 1073 2698 humilisD

76 2730 281 2760 conventus
311 2722 492 2761 abbatum
518 2722 589 2761 sub
616 2722 795 2760 Remensi
834 2722 1024 2773 archiepi-

76 2788 254 2829 scopatu,
285 2781 326 2819 in
363 2796 442 2820 uno
479 2782 616 2833 spiritu
651 2782 697 2819 ad
730 2782 799 2820 Dei
837 2782 1024 2820 honorem

78 2839 328 2890 coadunatus,
358 2843 515 2881 sincerae
549 2842 744 2880 charitatis
763 2841 965 2892 obsequia,
989 2850 1026 2880 et

78 2897 138 2950 pia
159 2902 373 2941 orationum
394 2904 585 2954 suffragia.

79 3022 260 3070 Quoniam
289 3034 416 3063 vestra
449 3025 632 3064 Sanctitas
663 3025 770 3062 adest
802 3025 841 3061 in
871 3023 1027 3062 eeclesia

51 3077 168 3128 -lebis,
186 3090 224 3120 et
250 3083 290 3120 in
312 3084 492 3122 cathedra
513 3085 709 3122 seniorum
735 3083 932 3122 sublimari
953 3098 1029 3122 me-

54 3138 122 3188 uit,
139 3150 182 3179 ut
208 3144 377 3183 clavibus
395 3145 497 3183 beati
521 3146 625 3183 Petri
644 3144 753 3182 vobis
772 3145 926 3195 speciali
942 3159 1029 3195 gra-

81 3285 92 3301 ⁸
110 3283 190 3314 Psal.
207 3294 314 3324 extu,
329 3288 362 3324 9,
390 3290 443 3318 10.
459 3305 504 3310 —-
524 3294 537 3309 ²
555 3288 636 3319 Psal.
658 3299 751 3323 xxw.
778 3290 813 3325 1,
840 3291 871 3318 2.

1080 1145 1235 1195 quidam
1268 1158 1312 1181 ex
1339 1142 1518 1180 fratribus
1544 1141 1780 1178 consortium
1809 1140 1890 1190 ejus
1912 1150 2090 1190 tanquam

1081 1206 1218 1243 lethale
1233 1204 1448 1254 contagium
1469 1203 1782 1253 perhorrescunt,
1804 1210 1840 1238 et
1858 1201 1895 1237 in
1915 1201 1994 1238 aliis
2007 1214 2092 1237 mo-

1081 1266 1254 1303 nasteriis
1274 1264 1344 1302 sub
1362 1263 1509 1314 legibus
1530 1262 1748 1299 monasticis
1773 1261 2019 1312 professionis
2039 1274 2095 1297 rc-

1082 1327 1223 1377 ligiosae
1244 1332 1534 1363 conversantur.
1559 1322 1725 1360 Proinde
1741 1322 1804 1358 illa
1824 1321 2096 1358 Latiniacensis

1081 1387 1256 1433 ccclesia,
1277 1384 1471 1435 quondam
1490 1381 1651 1420 celebris
1677 1390 1713 1418 et
1730 1382 1891 1426 famosa,
1911 1393 1972 1416 eas
1990 1380 2096 1416 vide-

1082 1457 1144 1485 tur
1164 1446 1445 1496 derelinquere,
1461 1444 1557 1481 sieut
1571 1441 1838 1479 umbraculum
1855 1441 1892 1477 in
1912 1441 2036 1484 vinea,
2054 1449 2091 1476 et

1086 1509 1183 1545 sicut
1203 1507 1397 1557 tugurium
1415 1506 1453 1542 in
1475 1503 1750 1541 cucumerario.
1775 1501 1964 1550 Quoniam
1986 1500 2099 1550 igitur

1085 1582 1202 1619 super
1223 1568 1280 1605 his
1304 1580 1383 1604 non
1403 1578 1608 1616 possumus
1639 1577 1717 1600 non
1741 1562 1890 1606 dolere,
1909 1570 1946 1598 et
1973 1569 2098 1598 tamen

1085 1643 1165 1667 non
1185 1637 1241 1666 est
1256 1626 1369 1665 nobis
1388 1627 1533 1663 licitum
1551 1625 1589 1661 in
1610 1624 1769 1661 alienam
1789 1636 1946 1659 messem
1966 1622 2097 1658 falcem

1085 1690 1312 1735 immittere;
1331 1695 1501 1724 vestrum
1522 1694 1578 1722 est
1597 1693 1722 1722 autem
1741 1684 2016 1720 infructuosam
2038 1695 2099 1719 ar-

1084 1750 1239 1797 borem,
1262 1763 1310 1787 ne
1328 1757 1468 1786 terram
1488 1754 1673 1796 occupet,
1695 1744 1914 1789 succidere,
1939 1752 1975 1780 ct
1994 1756 2096 1789 eam,

1085 1825 1170 1862 quae
1193 1812 1361 1848 fructum
1379 1808 1498 1853 ferat,
1515 1807 1683 1844 inserere
1706 1820 1713 1842 :
1736 1817 1939 1855 precamur
1959 1803 2096 1839 exhor-

1086 1881 1207 1910 tantes
1232 1869 1468 1920 vigilantiam
1502 1875 1690 1912 vestram,
1714 1873 1901 1915 quatenus
1931 1864 2097 1901 auetori—

1086 1941 1161 1969 tate
1177 1946 1253 1982 qua
1269 1928 1547 1981 praeeminetis,
1567 1936 1604 1964 et
1620 1926 1805 1976 sapientia
1825 1938 1899 1974 qua
1920 1924 2072 1974 polletis
2088 1953 2097 1969 ‚

1085 1992 1269 2029 adversus
1295 1998 1441 2041 pestem
1457 2017 1466 2033 ‚
1487 2002 1572 2038 quae
1593 1995 1636 2024 ut
1653 1999 1790 2023 cancer
1817 1985 1956 2035 serpit,
1985 1985 2097 2021 talem

1085 2052 1312 2089 sententiam
1329 2049 1533 2101 proferatis
1549 2076 1559 2093 ‚
1583 2048 1644 2085 cui
1665 2059 1907 2096 nequaquam
1922 2046 2096 2082 resistere

1084 2113 1319 2164 praevaleant
1334 2119 1455 2161 portae
1473 2108 1606 2155 inferi,
1624 2116 1661 2145 et
1682 2121 1752 2158 per
1776 2121 1891 2157 quam
1909 2121 1976 2143 ora
1992 2106 2095 2143 blas-

1085 2173 1348 2224 phemantium
1373 2171 1637 2215 obstruantur,
1664 2168 1755 2205 etin
1771 2169 1894 2218 portis
1905 2168 1991 2204 filiae
2008 2168 2096 2206 Sion

1085 2234 1325 2271 laudationes
1336 2232 1491 2270 Domini
1507 2230 1794 2267 annuntientur.
1813 2229 1955 2275 Valete,
1974 2237 2011 2265 et
2026 2229 2098 2265 col-

1086 2294 1292 2332 lectionem
1311 2301 1480 2329 nostram
1495 2321 1504 2338 ,
1527 2304 1642 2341 quam
1671 2290 1790 2327 beatae
1820 2290 2015 2326 memoriae
2040 2293 2100 2326 In-

1088 2354 1287 2391 nocentius
1300 2366 1399 2403 papa
1417 2351 1618 2402 privilegio
1633 2350 1853 2401 apostolieae
1865 2350 2101 2387 auctoritatis

1090 2414 1374 2461 confirmavit*,
1405 2422 1442 2450 et
1468 2426 1537 2450 vos
1568 2426 1638 2462 per
1660 2411 1908 2461 apostolicam
1937 2410 2098 2448 benedi-

1091 2477 1256 2514 ctionem
1278 2473 1539 2513 corroborate.

1091 2624 2101 2640 =====================================================================

1189 2753 1568 2814 EPISTOLA
1628 2752 2006 2825 CDLXXXI,

1260 2910 1472 2935 mammem
1503 2909 1551 2931 AD
1577 2907 1835 2931 ALEXANDRUM
1867 2907 1927 2929 111.

1094 3021 1368 3061 Amantissimo
1388 3020 1489 3070 patri
1503 3027 1540 3056 et
1557 3018 1714 3056 domino
1732 3021 1990 3066 ALEXANDRO,
2012 3032 2101 3055 san—

1149 3091 1219 3120 ctae
1237 3086 1422 3120 Romanae
1442 3079 1548 3118 Sedis
1569 3093 1720 3117 summo
1738 3079 1931 3129 pontifici,
1950 3078 2103 3115 humilis

1150 3151 1363 3181 conventus
1394 3140 1575 3179 abbatum
1609 3139 1680 3178 sub
1708 3139 1888 3178 Remensi
1918 3138 2106 3187 arehiepi-

78 3345 92 3361 ²
109 3342 183 3373 ¹¹2⁰
201 3344 329 3386 epistola
347 3346 460 3389 scripta
481 3353 527 3378 est
549 3347 631 3378 circa
653 3357 769 3378 annum
789 3350 874 3378 1155
902 3346 1050 3379 adsersus
1071 3343 1282 3377 Godefridum
1305 3354 1357 3373 seu
1382 3341 1557 3373 (ialfriduni
1577 3340 1741 3377 abbatem,
1762 3339 1799 3369 ds·
1822 3349 1883 3379 quo
1907 3337 1936 3367 in
1964 3335 2043 3366 notis
2067 3335 2104 3365 ad

57 3393 187 3434 pistolam
204 3400 280 3430 231.
