2517 3920
352 225 450 261 1039

346 430 370 439 «a
376 429 542 439 =1u=x=m====
547 427 831 438 snnuuwxxsxsnssxsx
837 427 890 436 uu
897 427 976 436 ιιιιιι
982 425 1092 436 ιιιινιιπ
1097 425 1135 434 ιιι

1094 222 1129 257 S.
1161 219 1413 255 BERNARDI
1442 217 1646 253 ABBATIS

1137 425 1236 434 svsvv==
1242 419 1555 433 x=u===x==wm=um====
1560 417 1817 428 w==v==m==v=nwxu
1823 417 1932 427 nznmv==
1938 418 1962 427 ιι

2323 216 2422 254 1040

1966 417 2421 431 *sumuwnmu==m==u1=====v=w==1

860 587 1226 678 LIBER
1315 586 1883 680 TERTIUS.

724 1057 901 1097 CAPUT
932 1058 966 1095 Ι.

340 1189 496 1222 pontificis
515 1200 597 1227 esse,
618 1195 758 1220 nontam
772 1195 806 1219 ut
823 1198 931 1219 omnes
950 1198 1006 1219 suo
1027 1187 1165 1218 dominio
1179 1187 1347 1229 subjiciat,

385 1245 438 1276 sed
452 1251 487 1276 ut
507 1255 613 1276 omnes
627 1268 634 1281 ‚
656 1249 808 1285 quantum
833 1242 900 1274 fieri
919 1247 1041 1285 potest,
1058 1241 1098 1273 ad
1116 1242 1262 1273 Ecclesiae
1282 1253 1351 1283 gre-

385 1298 483 1329 mium
499 1298 661 1341 perducat.

399 1426 430 1461 1.
448 1424 550 1461 Finis
567 1423 773 1473 superioris
795 1422 883 1458 libri
909 1422 996 1458 huic
1025 1422 1257 1471 principium
1277 1435 1350 1471 po-

341 1485 408 1521 nit.
432 1483 685 1533 Itaquejuxta
703 1482 936 1532 promissum
956 1482 1055 1517 illius
1073 1481 1350 1518 consideranda

342 1559 426 1594 quae
456 1544 525 1581 sub
558 1553 593 1580 te
625 1552 724 1580 sunt.
754 1546 934 1590 Quaenam
972 1542 1046 1578 sint
1076 1541 1158 1587 illa,
1190 1555 1267 1578 non
1294 1550 1351 1578 est

341 1605 445 1654 quod
481 1619 502 1641 a
542 1618 602 1640 me
637 1603 885 1653 quaerendum
925 1610 1066 1652 putes,
1107 1602 1347 1638 sacerdotum

340 1667 485 1715 optime
514 1665 685 1714 Eugeni3
713 1664 852 1700 rectius
879 1664 1036 1699 fortasse
1061 1676 1146 1712 quae
1174 1676 1252 1698 non
1275 1663 1350 1698 sint

343 1738 501 1774 quaeras.
523 1724 625 1762 Orbe
653 1723 868 1760 exeundum
891 1723 925 1759 ei
942 1723 1008 1772 qui
1034 1723 1131 1759 forte
1153 1723 1256 1758 volet
1278 1735 1348 1758 ex-

340 1786 494 1834 plorare
529 1797 614 1833 quae
650 1797 729 1819 non
759 1783 806 1819 ad
843 1791 947 1819 tuam
979 1783 1174 1832 pertinent
1206 1795 1345 1818 curam.

343 1848 524 1881 Parentes
551 1844 607 1880 tui
636 1843 813 1879 destinati
839 1851 927 1879 sunt
954 1856 1028 1879 non
1051 1843 1195 1892 aliquas
1223 1843 1348 1892 regio·
1368 1837 1396 1871 Β

343 1917 430 1949 nes,
464 1904 529 1941 sed
549 1905 674 1953 ipsum
711 1902 936 1939 debellaturi
963 1901 1094 1938 orbem
1115 1917 1123 1938 :
1145 1906 1200 1938 Ite
1229 1908 1267 1938 in
1295 1917 1352 1938 ον-

343 1964 424 2000 bem
459 1970 668 2000 nniversam
689 1971 724 2009 ¹,
761 1963 902 2000 dictum
938 1972 994 2000 est
1027 1963 1111 1999 illis.
1148 1964 1226 2012 Ipsi
1257 1977 1350 1999 vero

342 2024 551 2061 vendentes
570 2024 734 2069 tunicas,
756 2036 881 2059 emere
905 2022 1067 2072 gladios,
1087 2023 1247 2071 ignitum
1269 2024 1352 2059 elo-

342 2085 495 2133 quium,
519 2093 556 2121 et
580 2085 752 2134 spiritum
772 2085 1058 2128 vehementem,
1088 2097 1193 2120 arma
1218 2093 1352 2133 poten-

343 2145 393 2180 tia
409 2148 502 2181 Deo.
522 2148 606 2191 Quo
625 2158 701 2180 non
723 2152 984 2194 pervenerunt
1005 2144 1168 2180 victores
1187 2143 1319 2192 inclyti
1335 2172 1345 2189 ,

341 2203 406 2239 filii
436 2205 708 2239 excussorum?
738 2207 823 2251 Quo
851 2217 930 2239 non
956 2203 1098 2251 sagittae
1130 2203 1347 2253 potentium

339 2271 459 2299 acutae
489 2277 574 2299 cum
611 2263 840 2300 carbonibus
870 2264 1164 2300 desolatoriis2?
1194 2267 1241 2300 Et
1265 2264 1347 2312 qui-

338 2323 424 2360 dem
446 2324 483 2360 in
505 2338 658 2361 omnem
682 2333 821 2361 terram
848 2325 966 2361 exivit
987 2338 1103 2361 sonus
1126 2338 1282 2370 eorum,
1309 2333 1347 2361 et

338 2382 376 2418 in
398 2384 492 2419 lines
522 2383 625 2420 orbis
652 2392 762 2420 terrae
792 2383 909 2421 verba
938 2383 1135 2421 eorum3³.
1168 2388 1347 2422 Penetra-

337 2442 430 2479 bant
457 2452 493 2479 et
523 2443 778 2481 incendebant
811 2444 930 2481 verba
957 2445 1021 2480 illa
1052 2445 1207 2481 incensa
1244 2444 1345 2494 igni,

335 2515 449 2551 quem
471 2503 658 2540 Dominus
679 2504 780 2540 misit
796 2504 834 2540 in
854 2512 994 2541 terram
1009 2504 1033 2538 4.
1057 2503 1346 2542 occumbebant

337 2562 587 2600 strenuissimi
605 2562 809 2599 bellatores
821 2593 830 2609 ,
847 2563 913 2600 sed
935 2577 1011 2600 non
1025 2563 1344 2601 succumbebant:

1352 1059 1400 1078 ⁴²⁵
1415 1062 1451 1098 Si
1469 1064 1594 1113 pergis
1615 1077 1801 1114 usurpare
1822 1073 1860 1101 et
1878 1064 1998 1110 hanc,
2019 1063 2250 1101 contradicit
2269 1064 2337 1102 tibi
2358 1068 2423 1116 qui

1417 1121 1507 1159 dicit
1527 1137 1535 1159 :
1557 1125 1668 1159 illeiis
1688 1133 1742 1159 est
1763 1123 1861 1160 orbis
1877 1133 1989 1160 terroe
1999 1152 2010 1168 ‚
2041 1133 2077 1160 et
2089 1127 2288 1173 plenitudo
2306 1127 2382 1172 ejus
2394 1134 2421 1164 7,

1417 1185 1501 1219 Non
1525 1191 1563 1219 tu
1586 1184 1671 1228 ille,
1702 1183 1748 1220 de
1781 1197 1859 1233 quo
1887 1183 2078 1233 propheta
2106 1199 2113 1220 τ
2143 1185 2195 1219 Ec
2220 1189 2292 1220 erit
2308 1188 2423 1222 omm's

1417 1252 1516 1279 terra
1531 1248 1716 1292 possessio
1739 1243 1860 1290 ejuss.
1881 1244 2050 1282 Christus
2066 1244 2128 1281 hic
2147 1252 2222 1290 est,
2243 1245 2308 1294 qui
2332 1258 2423 1294 pos-

1417 1302 1624 1339 sessionem
1651 1302 1722 1339 sibi
1750 1303 1942 1350 vindicat,
1968 1312 2006 1340 et
2027 1302 2116 1352 jure
2143 1304 2369 1350 creationis,
2387 1312 2424 1341 et

1418 1364 1555 1400 merito
1578 1364 1876 1414 redemptionis,
1899 1372 1936 1400 et
1953 1363 2059 1400 dono
2078 1364 2210 1401 Patris.
2233 1364 2302 1401 Cui
2323 1364 2423 1401 enim

1416 1423 1525 1459 alteri
1554 1424 1697 1460 dictum
1730 1432 1806 1470 est,
1829 1425 1986 1459 Postula
2015 1437 2039 1459 a
2068 1437 2141 1468 me,
2166 1432 2201 1459 et
2229 1423 2325 1459 dabo
2356 1423 2424 1460 tibi

1414 1492 1542 1530 gentes
1567 1484 1829 1518 haereditatem
1851 1492 1967 1526 tuam,
1989 1492 2026 1518 et
2035 1488 2305 1532 possessionem
2323 1493 2422 1521 tuam

1416 1547 1592 1579 temninos
1626 1546 1788 1579 terroe9?
1825 1544 2108 1581 Possessionem
2142 1552 2181 1580 et
2211 1543 2425 1581 dominium

1418 1602 1509 1638 cede
1527 1602 1615 1639 huic
1637 1618 1645 1640 ε
1669 1611 1708 1639 tu
1731 1617 1860 1640 curam
1882 1604 1983 1641 illius
1999 1603 2109 1641 habe.
2128 1607 2220 1641 Pars
2235 1612 2298 1640 tua
2314 1604 2393 1641 haec
2414 1619 2422 1641 ε

1417 1662 1518 1698 ultra
1539 1676 1586 1698 ne
1605 1663 1786 1700 extendas
1803 1677 1973 1700 manum.

1472 1722 1505 1758 2.
1529 1722 1650 1770 Quid,
1670 1723 1822 1771 inquis?
1847 1736 1927 1759 non
1954 1736 2069 1772 negas
2097 1736 2283 1773 praeesse,
2306 1730 2344 1759 et
2361 1722 2426 1760 do-

1416 1782 1554 1818 minari
1576 1783 1710 1818 vetas?
1734 1782 1848 1819 Plane
1869 1783 1933 1819 sic.
1954 1782 2070 1830 Quasi
2089 1795 2168 1818 non
2197 1781 2296 1818 bene
2327 1795 2425 1832 prae-

1416 1842 1483 1888 sit,
1502 1842 1567 1891 qui
1585 1852 1721 1893 praeest
1736 1843 1775 1879 in
1796 1842 2063 1879 sollicitudine.
2082 1841 2276 1892 Numquid
2295 1855 2372 1878 non
2388 1851 2425 1879 et
2442 1848 2453 1858 ’

1416 1903 1506 1939 villa
1533 1903 1684 1948 villico,
1721 1911 1759 1939 et
1788 1917 1931 1953 parvus
1961 1903 2140 1940 dominus
2157 1901 2350 1952 subjectus
2369 1911 2425 1940 est

1417 1964 1627 2013 paedagogo
1643 1964 1657 1998 ?
1675 1966 1752 2000 Nec
1771 1972 1897 1999 tamen
1915 1964 2015 2000 villae
2037 1963 2120 2010 ille,
2140 1976 2212 2000 nec
2230 1963 2261 1999 is
2277 1963 2335 2000 sui
2352 1963 2424 2000 do-

1418 2023 1512 2059 mini
1531 2023 1710 2060 dominus
1727 2032 1795 2060 est.
1809 2027 1867 2060 Ita
1884 2032 1922 2060 et
1941 2032 1980 2060 tu
1997 2023 2130 2074 praesis
2149 2032 2192 2061 ut
2208 2023 2422 2073 provideas,

1417 2092 1459 2120 ut
1479 2083 1655 2119 consulas
1671 2111 1680 2127 ,
1703 2091 1746 2119 ut
1767 2097 1952 2133 procures
1969 2113 1979 2130 ‚
2013 2092 2056 2121 ut
2076 2097 2215 2121 serves.
2233 2084 2366 2120 Praesis
2382 2090 2424 2119 ut

1415 2144 1558 2194 prosis;
1575 2143 1706 2193 praesis
1722 2151 1764 2180 ut
1782 2143 1902 2180 fidelis
1917 2157 2050 2181 servus
2061 2152 2098 2180 et
2110 2143 2295 2193 prudens,
2309 2156 2421 2192 quem

1414 2204 1613 2241 constituit
1641 2204 1832 2241 Dominus
1859 2217 1974 2254 super
2012 2204 2191 2241 familiam
2222 2216 2340 2240 snam.
2362 2202 2422 2241 Ad

1414 2264 1533 2313 quid?
1553 2267 1606 2301 Ut
1622 2263 1776 2314 desdillis
1797 2277 1919 2300 escam
1941 2264 1980 2300 in
2002 2272 2176 2314 tempore
2190 2267 2242 2310 ¹⁰3
2260 2263 2333 2300 hoc
2352 2271 2419 2309 est,

1414 2333 1455 2361 ut
1485 2325 1698 2374 dispenses,
1727 2337 1804 2360 non
1830 2324 2008 2374 imperes.
2040 2329 2124 2362 Hoc
2149 2325 2225 2371 fac,
2246 2333 2285 2361 et
2303 2323 2421 2360 domi·

1412 2386 1497 2422 nari
1514 2398 1561 2422 ne
1581 2385 1734 2421 affectes
1752 2385 1951 2421 hominum
1971 2385 2108 2430 homo,
2130 2393 2174 2421 ut
2195 2398 2274 2422 non
2299 2383 2420 2421 domi-

1412 2454 1526 2482 netur
1553 2445 1606 2481 tui
1626 2445 1751 2481 omnis
1773 2443 1971 2494 injustitia.
1992 2447 2040 2481 At
2061 2445 2149 2481 satis
2171 2457 2362 2494 superque
2380 2443 2418 2480 id

1412 2506 1628 2542 intimatum
1653 2519 1790 2555 supra,
1811 2519 1896 2542 cum
1911 2533 1920 2551 ‚
1945 2505 2030 2555 quis
2053 2505 2122 2551 sis,
2147 2505 2416 2555 disputaretur.

1412 2566 1523 2602 Addo
1542 2575 1668 2603 tamen
1687 2575 1725 2603 et
1740 2566 1813 2602 hoe
1832 2581 1839 2602 :
1859 2579 1945 2602 nam
1962 2566 2111 2602 nullum
2126 2565 2194 2602 tibi
2208 2577 2416 2610 venenum,

336 2621 624 2670 triumphabant
650 2631 686 2658 et
707 2624 861 2659 mortui.
885 2624 1003 2661 Nimis
1030 2625 1267 2661 confortatus
1287 2633 1343 2661 est
1363 2623 1390 2659 C
1411 2626 1559 2662 nullum
1577 2626 1744 2675 gladium
1763 2626 1849 2675 plus
1871 2626 2036 2663 formido
2053 2655 2063 2672 ,
2085 2639 2199 2676 quam
2220 2625 2415 2662 libidinem

334 2680 572 2729 principatus
602 2694 735 2717 eorum
750 2680 762 2702 ⁵
783 2696 790 2718 :
813 2683 1010 2719 constituti
1039 2692 1128 2719 sunt
1148 2684 1342 2733 principes

336 2751 450 2787 super
483 2753 635 2776 omnem
669 2749 808 2777 terram
818 2740 845 2777 ⁶.
881 2743 943 2779 Eis
979 2751 1020 2778 tu
1053 2744 1266 2779 successisti
1302 2744 1339 2779 in

334 2796 604 2836 haereditatem.
623 2804 679 2836 Ita
702 2809 741 2837 tu
763 2801 903 2848 haeres,
925 2810 962 2839 et
992 2802 1097 2838 orbis
1126 2803 1339 2840 haereditas.

336 2860 384 2892 At
404 2867 589 2905 quatenus
606 2860 685 2895 llaec
705 2861 832 2910 portio
849 2870 885 2898 te
904 2863 1108 2911 contingit,
1129 2871 1194 2899 aut
1216 2863 1341 2899 conti—

335 2916 431 2963 gerit
449 2917 532 2953 illos
544 2946 552 2962 ,
571 2918 607 2953 id
622 2918 749 2955 sobria
764 2920 1069 2959 consideratione
1084 2923 1337 2972 pensandum.

333 2977 418 3010 Non
438 2976 540 3011 enim
569 2990 638 3025 per
666 2991 818 3015 omnem
841 2994 928 3016 reor
950 2981 1107 3017 modum
1122 3011 1131 3027 ,
1155 2982 1221 3018 sed
1249 2996 1340 3019 sane

334 3034 500 3082 quodam
541 3044 650 3072 tenus
671 3037 737 3086 (ut
764 3040 855 3074 mihi
888 3040 1063 3090 videtur)
1106 3041 1339 3091 dispensatio

336 3092 404 3128 tibi
422 3106 536 3143 super
553 3095 659 3131 illum
676 3096 817 3133 credita
835 3107 890 3134 cst
904 3127 913 3143 ,
938 3113 1014 3136 non
1033 3101 1119 3137 data
1136 3104 1336 3151 possessio.

1410 2686 1648 2722 dominandi.
1678 2689 1786 2723 Certe
1816 2695 1858 2723 ut
1893 2687 2057 2723 multum
2088 2686 2157 2722 tibi
2187 2685 2356 2731 tribuas,
2385 2683 2416 2721 si

1409 2746 1571 2782 multum
1591 2746 1774 2795 deceptus
1795 2760 1873 2783 non
1896 2759 1958 2792 es,
1987 2747 2040 2783 nil
2062 2755 2096 2784 te
2121 2746 2313 2783 existimas
2332 2745 2416 2795 plus

1408 2807 1597 2855 accepisse
1617 2820 1639 2842 a
1665 2807 1810 2855 magnis
1836 2808 2043 2857 Apostolis.
2070 2806 2288 2844 Recordare
2315 2817 2415 2842 nunc

1407 2866 1513 2902 vocis
1533 2866 1632 2902 illius
1652 2881 1659 2902 :
1683 2867 1923 2914 Sapientihns
1943 2876 1978 2903 et
1996 2866 2257 2915 insipienthus
2276 2865 2418 2901 debitor

1406 2939 1487 2962 snm
1507 2933 1550 2962 ¹¹.
1570 2930 1618 2963 Et
1647 2927 1677 2963 si
1696 2940 1773 2963 non
1792 2927 2001 2964 indebitam
2024 2927 2092 2964 tibi
2111 2928 2233 2977 ipsam
2259 2938 2387 2964 censes
2402 2952 2412 2971 ,

1406 2986 1479 3023 hoc
1508 3001 1663 3036 quoque
1695 2988 1806 3024 simul
1841 2996 2056 3034 memento,
2090 2987 2274 3024 debitoris
2293 2986 2412 3023 mole-

1407 3054 1506 3082 stum
1527 3060 1669 3083 nomen
1694 3048 1874 3084 servienti
1894 3048 2041 3098 potius,
2068 3061 2183 3097 quam
2205 3043 2413 3084 dominanti

1407 3120 1630 3155 congruere.
1654 3111 1792 3145 Servus
1821 3108 1861 3144 in
1891 3108 2099 3158 Evangelio
2126 3107 2260 3144 audit:
2287 3108 2412 3153 Quan-

384 3238 392 3254 ¹
410 3236 511 3264 Marc.
531 3246 608 3272 ΧΠ,
633 3239 684 3266 15.
703 3255 746 3258 -—
767 3243 778 3257 ²
794 3238 873 3268 Psal.
893 3249 967 3268 cxtx
983 3263 990 3275 ,
1009 3242 1095 3270 4.-
1114 3239 1126 3261 3
1143 3243 1223 3273 Psal.
1250 3255 1332 3274 xvm
1346 3268 1353 3281 ,
1372 3248 1402 3276 5.
1426 3264 1469 3268 —
1485 3245 1498 3271 4
1513 3250 1589 3277 Luc¹
1612 3258 1685 3283 ΧΗ,
1707 3249 1762 3277 49.
1785 3265 1830 3269 -
1844 3245 1857 3269 5
1877 3249 1956 3280 Psal.
1978 3260 2140 3287 cxxan,
2187 3252 2218 3280 7.
2240 3245 2313 3271 —6
2327 3245 2407 3278 Psal-

329 3296 417 3323 XMV,
448 3289 500 3317 17.
520 3305 565 3309 -—
579 3293 592 3317 7
615 3288 696 3318 Psal.
715 3300 791 3318 xmx
805 3313 811 3325 ‚
840 3293 891 3320 12.
907 3309 953 3312 -ὴ
971 3291 984 3313 3
1000 3293 1079 3322 Psal.
1105 3304 1185 3331 ειη,
1206 3298 1261 3326 2'0.
1278 3315 1322 3318 —
1338 3304 1353 3326 9
1371 3298 1452 3329 Psal.
1471 3310 1517 3335 11,
1543 3302 1572 3329 8.
1601 3317 1640 3321 —
1662 3304 1690 3319 ¹⁰
1705 3299 1822 3330 Matth.
1840 3312 1934 3338 xxxv,
1953 3304 2008 3333 45.
2025 3320 2071 3325 ——
2089 3307 2116 3322 ¹¹
2139 3305 2233 3334 Rom.
2250 3312 2281 3337 12
2303 3301 2352 3331 ¹4·

376 3347 389 3360 ¹
408 3347 480 3376 Nou
498 3352 559 3376 tam
582 3347 744 3388 praesentia
766 3349 925 3390 corporis,
943 3361 1034 3391 quam
1057 3353 1167 3383 meniis
1190 3356 1386 3395 proxidcutia
1401 3381 1407 3393 ‚
1431 3368 1522 3399 supra
1538 3358 1567 3387 iii
1593 3358 1645 3388 lib.
1666 3362 1698 3395 2,
1721 3369 1751 3389 u.
1781 3362 1832 3389 la.
