2533 3920
377 182 453 219 299

376 379 476 417 filius
507 382 690 431 gehennae
723 397 730 419 ε
766 382 871 432 quod
905 382 952 419 ab
973 396 1038 431 eo,
1069 384 1098 420 si
1134 384 1215 421 fieri
1234 393 1382 435 potest,

377 449 522 477 avertat
545 442 758 479 misericors
787 451 824 479 et
852 443 1052 480 miserator
1077 445 1275 482 Dominus.
1305 448 1384 482 Ex-

376 507 449 535 stat
467 501 648 550 epistola,
680 515 795 551 quam
822 502 869 539 ad
902 515 989 539 eum
1019 504 1158 541 frustra
1191 505 1325 554 scripsi
1342 511 1350 526 ¹
1373 520 1381 541 :

377 558 447 594 nisi
464 560 568 608 quod
585 574 705 597 meam
722 561 840 611 ipsius
851 562 1015 600 animam
1033 563 1189 601 liberavi
1206 594 1216 611 ‚
1234 564 1384 601 denun-

379 618 495 663 tiatis,
533 621 637 669 quod
673 621 712 657 in
745 635 805 658 me
844 622 936 671 fuit,
973 637 1058 673 quae
1094 625 1267 674 oportuit
1304 625 1384 661 fieri

377 678 464 715 cito.
482 682 619 718 Beatus
638 682 755 729 soret,
776 683 806 719 si
824 696 884 720 me
899 684 1076 722 audisset.
1098 685 1360 722 Dissimulavit
1378 699 1385 720 :

378 739 544 777 mundus
576 754 646 790 ego
669 755 751 779 sum
789 756 811 780 a
841 745 1024 794 sanguine
1052 744 1146 794 ejus.
1182 749 1322 782 Verum
1344 746 1382 782 id

378 810 454 834 non
473 801 612 838 suflicit
631 803 723 840 mihi
746 819 753 840 ε
772 805 861 854 quia
881 806 949 842 etsi
966 805 1035 842 sim
1055 806 1094 841 in
1111 806 1210 842 facto
1230 806 1301 842 isto
1322 819 1382 842 se-

377 871 490 896 curus
510 860 557 897 de
578 875 656 907 me,
680 863 742 900 illa
767 872 891 901 tamen
918 878 1003 914 quae
1030 878 1109 901 non
1135 865 1271 914 quaerit
1297 879 1383 915 quae

376 931 441 955 sua
462 930 567 967 sunt,
590 922 751 960 charitas
778 933 887 973 urget
913 938 973 961 me
1002 925 1131 974 lugere
1156 925 1284 971 illum,
1315 926 1382 974 qui

376 992 530 1017 securus
550 995 627 1018 non
645 983 759 1028 exiit,
780 985 962 1032 quoniam
983 986 1081 1021 male
1102 998 1258 1021 securus
1271 986 1378 1022 vixit.

376 1042 406 1075 O
423 1039 659 1087 judiciorum
680 1043 749 1079 Dei
769 1042 926 1092 abyssus
943 1045 1061 1082 multa
1079 1046 1086 1080 l
1103 1059 1126 1081 o
1147 1044 1325 1081 terribilis
1342 1045 1380 1081 in

373 1100 540 1137 consiliis
560 1105 662 1139 Deus
692 1115 807 1152 super
830 1103 926 1141 filios
956 1104 1176 1140 hominum!
1198 1104 1380 1154 Spiritum

372 1157 552 1207 donavit,
572 1175 685 1210 quem
706 1171 786 1199 erat
815 1163 942 1200 denuo
974 1163 1170 1201 ablaturus
1185 1193 1194 1211 ,
1218 1173 1261 1201 ut
1282 1173 1381 1201 esset

371 1232 487 1270 supra
504 1222 659 1258 modum
675 1236 837 1273 peccans
859 1233 1057 1273 peccatum
1071 1240 1080 1271 ;
1095 1234 1132 1262 et
1150 1226 1267 1274 gratia
1286 1225 1380 1262 sub-

372 1280 544 1326 intravit,
575 1291 616 1318 ut
639 1282 851 1320 abundaret
871 1284 1054 1322 delictum
1077 1301 1084 1323 ε
1108 1286 1213 1336 quod
1247 1295 1374 1323 tamen

369 1353 445 1376 non
470 1341 539 1377 suit
556 1343 668 1392 culpa
687 1342 829 1390 dantis,
863 1344 929 1380 sed
956 1345 1131 1382 addentis
1150 1346 1376 1395 praevarica-

372 1398 526 1435 tionem.
564 1401 627 1438 Sui
659 1401 839 1438 nimirum
869 1402 1016 1439 arbitrii
1038 1412 1139 1450 erat,
1169 1418 1246 1454 quo
1280 1406 1378 1442 male

370 1456 466 1495 liber
492 1458 652 1496 liberum
672 1460 804 1497 habuit
823 1462 1049 1499 contristare
1072 1463 1269 1513 spiritum,
1288 1478 1374 1501 con-

369 1526 537 1555 temnere
564 1520 744 1568 gratiam,
766 1534 836 1556 nec
864 1522 1081 1571 mancipare
1106 1522 1259 1559 effectui
1288 1536 1375 1573 sug-

367 1588 512 1627 gestum
540 1581 632 1625 Dei,
657 1589 698 1616 ut
721 1589 851 1630 posset
879 1581 1005 1619 dicere
1035 1597 1044 1618 ε
1078 1585 1210 1618 Gracia
1233 1585 1304 1618 Dei
1333 1588 1373 1620 ιή

366 1652 424 1673 me
444 1652 568 1674 vacua
592 1654 664 1674 ηοη
684 1638 800 1687 [αἰεὶ.

420 1700 455 1735 4.
479 1703 534 1735 Tu
553 1700 582 1735 si
603 1701 723 1749 sapis,
741 1701 841 1737 illius
858 1701 1076 1752 insipientia
1096 1702 1270 1752 proderit
1289 1702 1371 1748 tibi,

365 1768 403 1795 et
426 1759 568 1796 lavabis
602 1774 735 1797 manus
763 1769 844 1797 tuas
866 1762 904 1797 in
933 1763 1117 1812 sanguine
1140 1764 1372 1813 peccatoris,

364 1829 400 1856 et
421 1820 571 1857 curabis
598 1821 672 1857 cito
695 1820 892 1858 absolvere
915 1830 950 1858 te
977 1836 998 1859 a
1029 1823 1165 1872 laqueo
1188 1824 1373 1873 perditio-

363 1881 440 1927 nis,
460 1894 518 1917 me
535 1895 555 1917 a
573 1882 709 1918 timore
726 1881 914 1920 horribili.
932 1886 1011 1933 Ego
1028 1884 1129 1920 enim
1148 1884 1250 1920 haud
1265 1898 1372 1921 secus

364 1942 466 1988 fvro,
489 1942 621 1988 fateor,
643 1943 879 1979 aversionem
903 1952 1022 1990 tuam,
1044 1958 1158 1994 quam
1181 1945 1370 1982 eviscera—

364 2002 505 2038 tionem
534 2016 656 2038 meam
677 2017 684 2038 ε
709 2004 890 2052 quoniam
919 2004 1160 2042 charissimus
1187 2006 1305 2042 factus
1331 2019 1370 2043 es

364 2061 476 2107 mihi,
499 2071 534 2098 et
557 2070 717 2111 paterno
739 2071 774 2098 te
799 2065 1008 2113 amplector
1025 2065 1175 2101 affectu.
1200 2069 1251 2102 Ea
1274 2079 1369 2115 pro-

364 2130 451 2170 pter
483 2122 530 2158 ad
568 2135 720 2158 omnem
754 2123 1059 2161 recordationem
1091 2126 1172 2171 tui,
1204 2126 1369 2162 animam

365 2195 484 2217 ineam
510 2182 792 2219 transverberat
812 2183 960 2232 gladius
980 2185 1050 2221 iste
1072 2185 1240 2231 timoris,
1266 2193 1369 2222 tanto

364 2242 536 2278 acerbius
550 2271 558 2287 ‚
579 2251 723 2292 quanto
742 2251 776 2279 te
794 2244 918 2280 minus
936 2245 1132 2281 timentem
1151 2245 1368 2282 considero,

362 2302 447 2339 Seio
470 2315 627 2351 nempe,
653 2301 719 2338 ubi
751 2303 797 2339 de
822 2303 959 2341 talibus
990 2305 1144 2354 legerim
1168 2320 1175 2341 :
1202 2307 1290 2341 Cum
1314 2308 1370 2341 tli-

361 2365 489 2397 „scm-inc
505 2391 514 2404 ‚
550 2363 639 2397 Pas:
667 2371 704 2397 et
727 2369 925 2409 seem-itas,
960 2374 1046 2400 tunc
1072 2364 1286 2402 subitaneus
1317 2371 1371 2402 eis

361 2426 594 2469 ,superveniet
613 2426 780 2458 interitus
791 2451 801 2466 ,
824 2433 1004 2473 tanquam
1024 2429 1062 2461 in
1081 2435 1182 2462 utero
1202 2426 1368 2469 habenti,

362 2491 396 2516 ee
414 2496 488 2516 mm
515 2480 699 2531 (ssffiaegicnt
712 2482 737 2519 3.
763 2485 883 2520 Multa
905 2493 1031 2521 autem
1062 2486 1266 2534 praesentio
1294 2487 1368 2523 im—

361 2542 506 2577 minere
527 2541 592 2578 tibi
623 2543 796 2592 pavenda
818 2544 981 2581 tardanti
1011 2545 1231 2594 resipiscere
1246 2575 1256 2592 ‚
1283 2555 1368 2583 tan-

1152 188 1187 223 S.
1219 188 1472 224 BERNARDI
1500 190 1702 227 ABBA'l'IS

373 259 452 297 bita
477 269 515 297 et
542 262 734 299 horrenda
765 271 888 299 morte
917 271 1149 313 praereptus,
1186 265 1305 301 factus
1336 264 1442 301 de''⁸

376 320 503 358 medio
535 331 592 359 est
624 323 811 359 saecularis
839 331 877 359 et
896 322 1185 372 praevaricator,
1207 333 1244 361 et
1263 324 1383 374 duplo
1401 325 1432 358 A
1449 355 1634 364 „mmmm

2380 195 2457 234 300

1639 353 1851 364 ινιωνιιιικιιιι
1857 353 1881 362 »ι
1886 353 2143 363 νυνινινιιιιιςιςινι
2148 354 2200 363 uon
2207 355 2459 368 u====w==v=m==os

1676 467 2047 524 EPISTOLA
2091 468 2247 525 CIX.

1451 620 1496 640 AD
1516 619 1723 643 ILLL‘STREM
1741 620 1912 642 JL‘YENEM
1934 620 2152 643 GAEFRIDL’M
2174 621 2223 643 DE
2244 620 2412 644 PERRONA
2424 607 2455 656 *‚

1798 681 1843 703 ET
1863 680 1990 704 SOCIOS
2009 680 2108 704 EJUS.

1450 796 1579 828 Nobiles
1599 797 1729 839 juvenes
1752 796 1793 827 ob
1815 796 1965 839 religiosae
1981 796 2052 827 vitae
2073 796 2270 839 propositum
2285 796 2452 839 praedicat,

1684 857 1714 882 et
1727 851 1766 882 ad
1783 851 2047 894 perseverantiam
2062 850 2218 882 hortatur.

1447 971 1598 1008 Dilectis
1620 970 1704 1007 filiis
1720 972 1916 1008 Gaurmno
1931 979 1969 1006 et
1985 971 2095 1007 sociis
2111 970 2212 1020 ejus,
2231 975 2454 1010 Reus-mnus

1501 1031 1618 1068 abbas
1641 1031 1763 1067 dictus
1794 1030 2076 1077 Clarae-Vallis,
2107 1032 2282 1081 spiritum
2307 1033 2453 1070 consilii

1500 1101 1538 1128 et
1557 1091 1802 1129 fortitudinis.

1504 1222 1535 1256 1.
1558 1223 1690 1257 Sermo
1713 1219 1777 1269 qui
1800 1219 1989 1265 insonuit,
2009 1217 2173 1255 aedificat
2191 1219 2354 1267 multos,
2375 1221 2452 1259 imo

1445 1280 1662 1317 universam
1686 1280 1850 1316 laetificat
1870 1279 2062 1316 civitatem
2081 1278 2171 1324 Dei,
2193 1279 2244 1316 ita
2265 1287 2305 1316 ut
2325 1281 2453 1318 laeten-

1445 1349 1507 1376 tur
1523 1340 1627 1385 coeli,
1650 1348 1687 1376 et
1705 1339 1868 1376 exsultet
1887 1348 1999 1384 terra,
2023 1346 2061 1375 et
2081 1338 2208 1375 omnis
2225 1338 2354 1388 lingua
2368 1340 2451 1389 glo-

1443 1401 1564 1437 rificet
1579 1404 1703 1437 Deum
1719 1400 1765 1436 de
1781 1408 1906 1436 vestra
1924 1399 2187 1436 conversione.
2208 1402 2324 1436 Terra
2347 1408 2449 1438 mota

1442 1470 1520 1506 est,
1543 1461 1632 1510 quia
1657 1460 1741 1496 coeli
1765 1459 2046 1496 distillaverunt
2071 1472 2092 1496 a
2119 1459 2212 1496 facie
2232 1461 2303 1496 Dei
2325 1461 2448 1508 Sinai,

1441 1521 1616 1569 pluentes
1632 1520 1712 1556 istis
1726 1518 1860 1555 diebus
1877 1519 1989 1556 solito
2005 1518 2263 1556 abundantius
2280 1519 2448 1569 pluviam

1439 1580 1694 1617 voluntariam
1711 1608 1720 1625 ,
1748 1593 1861 1629 quam
1884 1579 2095 1629 segregavit
2113 1583 2216 1616 Deus
2236 1579 2450 1618 haereditati

1439 1653 1527 1677 suae.
1551 1644 1636 1677 Non
1665 1639 1865 1690 apparebit
1892 1640 1993 1676 ultra
2019 1653 2139 1676 vacua
2163 1640 2201 1676 in
2226 1638 2336 1677 vobis
2356 1654 2450 1678 crux

1441 1700 1599 1746 Christi,
1619 1699 1944 1750 quemadmodum
1962 1700 2001 1736 in
2022 1699 2150 1736 multis
2168 1699 2255 1736 filiis
2271 1699 2448 1738 diffiden-

1442 1761 1524 1806 tiae,
1555 1760 1621 1810 qui
1655 1760 1848 1797 tardantes
1878 1759 2051 1796 converti
2083 1758 2131 1795 ad
2162 1759 2371 1796 Dominum
2400 1760 2447 1798 de

1392 1827 1417 1862 C
1439 1820 1499 1857 die
1534 1821 1573 1857 in
1604 1820 1704 1857 diem
1723 1848 1732 1865 ‚
1766 1820 1977 1870 improvisa
2009 1827 2133 1856 morte
2162 1818 2375 1866 subtracti,
2406 1821 2445 1858 in

1438 1889 1583 1930 puncto
1610 1880 1848 1917 descendunt
1876 1880 1923 1916 ad
1950 1880 2104 1917 inferos.
2133 1880 2299 1918 Omnino
2329 1881 2445 1919 reflo—

1437 1941 1514 1976 ruit
1537 1949 1573 1977 et
1593 1954 1695 1977 nunc
1713 1941 1821 1990 quasi
1841 1940 1887 1977 de
1909 1954 2011 1977 novo
2031 1941 2196 1989 lignum,
2218 1941 2255 1976 in
2278 1954 2355 1990 quo
2376 1956 2446 1992 pe-

1436 2000 1570 2049 pendit
1595 2002 1784 2038 Dominus
1804 2000 1956 2050 gloriae,
1979 2000 2045 2049 qui
2065 2008 2239 2036 mortuus
2267 2009 2340 2046 est,
2367 2014 2446 2038 non

1437 2070 1583 2098 tantum
1613 2075 1685 2111 pro
1706 2070 1816 2110 gente
1830 2090 1839 2107 ‚
1867 2060 1932 2097 sed
1955 2069 1997 2097 ut
2019 2060 2116 2097 filios
2134 2060 2227 2107 Dei,
2253 2061 2318 2110 qui
2339 2070 2446 2099 erant

1439 2121 1624 2171 dispersi,
1648 2129 1897 2171 congregaret
1916 2121 1952 2157 in
1970 2134 2102 2158 unum.
2124 2124 2210 2171 Ipse
2225 2149 2235 2167 ‚
2261 2120 2343 2170 ipse
2362 2122 2444 2158 col-

1438 2182 1519 2231 ligit
1545 2195 1637 2229 vos,
1664 2183 1730 2232 qui
1758 2182 1879 2231 diligit
1905 2194 1972 2217 vos
1996 2189 2174 2230 tanquam
2194 2180 2340 2218 viscera
2356 2195 2440 2228 sua,

1439 2250 1619 2292 tanquam
1651 2242 1817 2278 fructum
1848 2240 2163 2292 pretiosissimum
2194 2241 2317 2278 crucis
2342 2255 2441 2288 suae,

1438 2311 1616 2352 tanquam
1640 2302 1897 2352 dignissimam
1921 2300 2315 2351 recompensationem
2334 2301 2444 2338 effusi

1436 2363 1629 2412 sanguinis
1642 2363 1711 2399 sui.
1736 2362 1772 2400 Si
1793 2374 1882 2410 ergo
1898 2360 2066 2410 gaudent
2085 2360 2219 2410 Angeli
2235 2373 2352 2410 super
2367 2375 2444 2399 uno

1437 2431 1638 2472 peccatore
1664 2422 1928 2472 poenitentiam
1955 2427 2089 2470 agente
2116 2421 2156 2466 43
2180 2420 2272 2470 quid
2301 2421 2340 2458 in
2368 2430 2442 2459 tam

1436 2482 1588 2528 multis,
1610 2490 1647 2518 et
1673 2482 1747 2518 illis
1774 2479 2067 2531 peccatoribus?
2092 2480 2158 2529 qui
2185 2489 2330 2529 quanto
2355 2481 2443 2518 illu-
2499 2520 2503 2531 ¹

1435 2543 1589 2578 sti-iores
1609 2541 1837 2578 videbantur
1856 2542 1892 2578 in
1912 2541 2051 2578 saeculo
2065 2570 2073 2586 ,
2090 2541 2268 2587 scientia,
2289 2554 2440 2590 genere,
2496 2536 2500 2542 ⁸

362 2615 474 2650 quam
498 2603 615 2639 multa
634 2612 837 2653 expertus,
859 2617 944 2653 quae
971 2618 994 2640 o
1018 2605 1047 2640 si
1068 2606 1312 2654 cognovisses
1332 2615 1369 2643 et
1387 2601 1658 2650 Djuventutffi
1701 2610 1807 2638 tanto
1850 2600 2025 2651 Pluribus
2068 2609 2178 2637 erant
2217 2601 2442 2650 perditionis

361 2664 421 2697 tu!
447 2663 566 2699 Crede
589 2676 679 2711 ergo
707 2672 888 2713 expertO,
912 2665 1024 2701 crede
1053 2666 1219 2702 amanti:
1241 2668 1300 2703 cui
1321 2681 1367 2704 ex

359 2721 476 2757 altero
507 2735 583 2759 non
618 2723 714 2768 falli,
748 2737 795 2760 ex
827 2724 946 2761 altero
978 2738 1054 2761 uon
1086 2725 1215 2762 fallere
1247 2727 1367 2765 inesse

361 2783 567 2830 cognoscis.

405 3327 410 3339 ¹
444 3321 540 3362 llpist.
570 3323 755 3364 prm-mirus.
773 3342 813 3345 —-
835 3332 845 3344 ³

875 3327 884 3354 Ι
905 3329 976 3355 (ζον.
1005 3337 1057 3358 Μ,
1084 3332 1131 3358 1¹¹.
1167 3328 1387 3362 -31'1tncss.
1409 3344 1437 3369 v,
1461 3336 1490 3363 :=.
1508 3352 1514 3355 -

1435 2663 1665 2711 exemplum.
1687 2666 1868 2711 Legeram
1885 2691 1894 2707 ,
1925 2663 2008 2697 Nm}
2037 2664 2170 2697 multos
2184 2661 2346 2706 nobiles,
2368 2676 2441 2699 non

1435 2725 1568 2758 llzullos
1599 2727 1788 2770 sapientes
1803 2750 1812 2765 ‚
1848 2736 1922 2758 non
1957 2725 2090 2757 multos
2124 2730 2297 2770 polentes
2333 2724 2445 2771 elegit

1436 2785 1537 2818 Deus
1553 2780 1566 2802 ⁵
1587 2796 1594 2817 ε
1619 2790 1655 2817 at
1677 2795 1780 2817 nune
1801 2789 1940 2831 praeter
1962 2781 2129 2830 regulam
2157 2781 2252 2817 mira
2272 2781 2341 2817 Dei
2368 2793 2440 2830 po-

1434 2842 1550 2878 tentia
1567 2842 1695 2877 talium
1711 2842 1948 2878 convertitur
1964 2840 2183 2878 multitudo.
2196 2841 2349 2878 Vilescit
2361 2841 2439 2891 glo·
2489 2862 2493 2866 -

1432 2903 1485 2938 ria
1509 2915 1699 2952 praesens,
1723 2901 1935 2951 juventutis
1964 2901 2034 2938 flos
2063 2901 2330 2948 conculcatur,
2359 2913 2436 2938 non
2488 2921 2490 2926 v

1435 2970 1636 3012 reputatur
1649 2962 1907 3011 generositas3
1926 2960 2111 3011 sapientia
2127 2960 2261 2997 mundi
2278 2961 2436 2998 stultitia

1428 3021 1640 3070 judicatum
1675 3035 1751 3058 non
1775 3021 2028 3071 acquiescitur
2048 3020 2150 3057 carni
2179 3029 2217 3057 et
2240 3019 2435 3070 sanguini;

1433 3091 1633 3130 parentum
1655 3090 1692 3117 et
1713 3082 1920 3118 charorum
1949 3080 2194 3117 renuntiatur
2218 3079 2435 3127 affectibus;

1432 3141 1579 3177 lavores
1592 3170 1601 3187 ,
1617 3149 1652 3177 et
1670 3141 1838 3177 honores
1851 3170 1860 3186 ,
1878 3148 1915 3176 et
1932 3139 2134 3189 dignitates
2152 3148 2380 3190 reputantur
2396 3147 2436 3177 ut

1430 3209 1620 3246 stercora,
1643 3209 1682 3236 ut
1702 3200 1871 3237 Christus
1898 3199 2070 3236 lucrifiat.
2098 3199 2312 3237 Laudarem
2337 3212 2431 3247 vos,v

1573 3341 1579 3358 ¹
1603 3336 1676 3363 Luc.
1700 3345 1752 3367 xv,
1780 3337 1828 3364 10.
1845 3351 1887 3355 ν·
1905 3331 1947 3365 51
1968 3336 2042 3365 Cor.
2064 3345 2090 3370 1,
2116 3336 2176 3369 20.
2199 3335 2254 3364 27.
