2517 3920
352 204 444 241 1187

1111 198 1145 233 S.
1178 196 1429 231 BERNARDI
1460 196 1661 231 ABBATIS

2327 199 2430 238 1188

345 284 431 329 illo,
454 280 519 331 qui
539 278 651 316 docet
676 276 869 313 hominem
893 275 1109 321 scientiam,
1131 274 1354 311 consoletur
1365 272 1411 288 ’Μ
1426 272 1514 318 lari,
1535 270 1638 321 quod
1670 271 1878 307 voluntatis
1906 271 2060 320 quidem
2094 271 2228 318 bonae,
2256 273 2321 310 sed
2352 287 2428 313 non

344 339 428 389 illa,
450 354 562 392 quam
584 348 621 375 et
640 350 709 373 vos
726 335 925 386 posuistis,
944 335 1128 373 Samuelis
1141 333 1349 378 sententia,
1375 335 1404 367 A
1422 345 1568 381 magnae
1586 331 1753 368 scientiae
1778 331 2003 377 existentes,
2018 332 2139 368 zelum
2157 332 2225 369 Dei
2248 333 2430 383 habeant,

347 418 422 455 qua
441 404 539 440 inter
558 400 702 449 lepram
723 405 760 433 et
789 397 933 446 lepram
957 395 1110 431 videtur
1138 394 1355 430 discernere

347 466 400 503 sic
417 479 426 501 :
446 466 485 500 Si
502 464 712 511 peccaverit
727 462 788 494 vis·
811 462 850 492 in
875 461 1010 499 viram,
1026 458 1214 504 propitius
1235 456 1271 488 ei
1283 468 1356 502 pn-

350 530 434 562 terit
463 536 540 559 esse
565 524 690 563 Dens,-
715 520 747 553 si
762 527 884 553 mllem
914 521 952 552 in
982 519 1099 551 Deum
1126 518 1353 563 precaverit,

350 590 432 636 qais
456 582 577 620 orabit
588 595 662 630 pro
684 594 724 615 eo
749 581 787 615 ¹?
809 581 887 627 Ego
908 577 1022 626 igitur
1043 576 1073 612 si
1094 588 1152 612 me
1173 575 1245 611 hoc
1271 574 1357 623 angi

349 647 509 686 articulo
531 643 710 688 sentiam,
741 649 783 676 ut
811 648 874 676 aut
900 632 1045 685 Deum,
1073 645 1136 674 aut
1162 636 1355 673 hominem

349 707 544 747 offendere
566 715 718 741 necesse
732 701 799 747 sit,
820 704 942 737 Deum
960 699 1088 749 potius
1113 697 1276 734 libenter
1293 697 1357 733 eli-

348 784 396 820 go
417 781 495 805 non
520 763 734 807 offendere,
757 769 792 797 et
812 759 967 810 quidem
990 759 1106 795 tutius
1126 756 1355 806 justiusque.

349 828 483 868 Habeo
510 836 648 874 nempe
681 835 726 858 ex
758 819 937 870 praesenti
964 818 1161 868 prophetae
1190 817 1356 867 capitulo

351 891 397 927 de
416 886 581 925 hominis
611 883 764 920 laesione
794 892 916 916 meam
944 878 1265 922 consolationem,
1288 877 1357 914 Dei

349 949 490 987 scilicet
517 943 840 996 propitiationem.
867 942 1053 977 Caeterum
1080 941 1162 974 Deo
1191 937 1358 983 offenso,

350 1009 434 1059 quis
455 1005 579 1043 orabit
594 1017 666 1053 pro
683 1002 768 1037 me?
789 1000 818 1036 si
839 998 885 1035 ad
913 998 1107 1035 hominem
1131 996 1358 1045 confugero,

348 1069 388 1105 id
417 1066 572 1117 quidem
600 1063 796 1112 Scriptura
830 1072 908 1096 non
944 1058 1129 1103 consulit3
1163 1057 1356 1106 quinimo,

350 1129 601 1167 Maledictus,
634 1122 703 1167 ait,
733 1125 797 1169 qui
825 1133 927 1168 spem
946 1123 1057 1167 ponit
1088 1122 1125 1153 in
1153 1117 1303 1153 lmmine
1329 1123 1354 1153 ².

350 1189 486 1226 Merito
503 1183 678 1236 proinde.
700 1181 736 1218 Si
761 1189 885 1217 autem
904 1179 942 1215 in
973 1182 1095 1215 Deum
1122 1177 1356 1227 peccaverit,

351 1248 496 1288 etiamsi
516 1243 822 1292 subintelligatur
838 1244 1002 1289 Propter
1017 1238 1212 1275 hominem
1226 1267 1235 1284 ,
1253 1239 1355 1286 quis,

349 1308 496 1359 inquit,
516 1305 638 1342 orabit
652 1317 723 1353 pro
743 1316 784 1338 eo
797 1305 817 1339 ‚³
836 1305 978 1339 Neuter
1000 1298 1190 1348 equidem.
1208 1302 1301 1336 Nam
1323 1307 1360 1335 et

351 1384 372 1408 a
395 1383 471 1420 quo
489 1365 718 1409 offenditur,
737 1371 774 1400 et
798 1361 848 1399 ob
874 1373 987 1411 quem
1006 1359 1236 1406 offenditur,
1253 1372 1361 1409 aeque

351 1430 548 1477 utriusque
585 1424 706 1461 oratio
739 1421 970 1460 exsecranda
1006 1420 1224 1456 decernitur
1259 1419 1360 1469 apud

349 1491 476 1541 ipsum
498 1487 562 1537 qui
580 1484 790 1522 offenditur
802 1513 811 1529 ,
827 1484 900 1519 hoc
918 1491 973 1519 est
988 1480 1091 1531 apud
1109 1484 1243 1517 Deum.
1263 1480 1362 1517 Talis

351 1563 441 1599 ergo
465 1545 717 1597 requirendus
738 1553 794 1581 est
818 1543 865 1580 ad
881 1542 1068 1579 orandum
1084 1570 1093 1586 ,
1119 1541 1183 1591 qui
1213 1541 1260 1578 sit
1275 1541 1362 1577 ido-

352 1624 445 1648 neus
465 1609 512 1646 ad
533 1605 774 1658 placandum.
796 1608 917 1642 Porro
935 1603 1105 1652 culpam,
1128 1602 1158 1638 si
1188 1615 1263 1651 qua
1283 1610 1361 1648 est,

353 1670 458 1721 quod
478 1670 595 1706 homo
610 1665 819 1703 offenditur
835 1677 921 1701 cum
939 1664 972 1700 ei
991 1676 1068 1699 non
1088 1661 1285 1707 obeditur,
1301 1670 1367 1698 aut

352 1731 515 1768 multum
549 1734 748 1771 extenuat,
777 1733 842 1761 aut
867 1723 1019 1773 penitus
1053 1722 1224 1758 annullat
1255 1735 1366 1758 causa

353 1791 502 1828 melior.
529 1791 775 1836 Quapropter
802 1797 887 1821 cum
910 1783 1071 1827 dicitur,
1101 1783 1140 1817 Si
1156 1786 1369 1830 peccaverit

1422 394 1487 430 sed
1511 407 1586 430 non
1623 392 1830 429 secundum
1859 393 2066 429 scientiam.
2089 394 2234 430 Talium
2255 396 2431 434 scandala

1424 468 1553 492 curam
1569 484 1577 500 ,
1594 467 1670 490 non
1691 454 1785 489 iram
1806 467 2018 502 provocare
2037 454 2161 491 solent
2178 455 2430 504 spiritualium

1425 516 1610 552 duntaxat
1646 514 1838 560 virorum,
1870 514 1988 551 Paulo
2030 515 2082 551 ita
2119 515 2280 552 docente
2310 531 2319 553 :
2361 519 2434 554 Vos

1424 580 1487 629 qui
1505 577 1716 623 spirituales·
1741 578 1846 618 calfit,
1870 575 2082 621 hujusmodi
2106 578 2273 612 instruite
2295 581 2334 612 ιἸι
2359 582 2435 626 spi-

1425 640 1493 674 rz'tu
1524 639 1688 672 lenitatis
1706 642 1732 671 7.
1762 635 1968 684 Indignum
1998 635 2185 685 siquidem
2214 644 2270 673 est
2300 637 2433 684 valde,
2465 653 2478 675 .·

1422 698 1627 734 humanam
1655 708 1720 732 eos
1752 696 1889 732 mereri
1920 695 2245 745 indignationem,
2274 696 2341 746 qui
2376 696 2435 734 di-

1424 758 1549 794 vinam
1583 766 1657 793 tam
1687 755 1794 792 tacile
1823 763 2114 805 consequuntur
2141 755 2432 794 miserationem.

1422 822 1515 855 Nam
1548 818 1587 854 hi
1618 829 1773 866 quoque
1806 817 1870 865 qui
1903 817 2115 853 Dominum
2145 816 2434 864 crucifixerunt,

1425 879 1551 928 magni
1572 878 1727 928 quidem
1761 886 2004 926 peccatores,
2031 877 2096 914 sed
2116 877 2244 927 pusilli
2274 877 2436 916 aestima-

1428 947 1550 983 tores,
1572 938 1646 975 etsi
1673 951 1721 974 ex
1742 950 1820 974 uno
1850 938 1963 984 iram,
1987 937 2174 988 numquid
2206 951 2282 975 non
2311 947 2435 976 tamen

1427 1012 1474 1034 ex
1490 999 1610 1035 altero
1628 999 1779 1035 veniam
1796 999 2043 1035 meruerunt?
2055 998 2160 1035 Beati
2175 998 2328 1048 quidem
2344 999 2437 1037 fuis-

1381 1061 1403 1094 Β
1427 1067 1527 1105 sent,
1549 1059 1577 1095 si
1595 1058 1708 1107 juxta
1728 1059 1889 1096 verbum
1913 1059 2068 1095 Domini
2087 1059 2125 1095 in
2151 1059 2236 1109 ipso
2256 1059 2436 1097 scandali-

1423 1119 1495 1155 zati
1520 1132 1595 1155 non
1625 1128 1751 1156 essent
1767 1119 1794 1157 3.
1822 1124 1931 1157 Nunc
1950 1132 2043 1156 vero
2075 1119 2170 1169 quid
2192 1119 2263 1156 nisi
2286 1121 2438 1158 miseri?

1424 1178 1497 1215 Sed
1520 1187 1644 1215 tamen
1660 1188 1698 1215 et
1725 1179 1942 1216 miserandi.
1962 1178 2105 1216 Probat
2128 1179 2202 1216 hoc
2232 1180 2295 1229 pia
2321 1179 2383 1216 illa
2399 1180 2437 1218 in

1425 1252 1538 1276 cruce
1561 1240 1759 1289 patientis,
1789 1240 1855 1277 sed
1887 1240 2137 1277 nihilominus
2169 1240 2434 1290 compatientis

1428 1300 1656 1350 supplicatio
1690 1315 1698 1337 ε
1730 1301 1868 1346 Pater,
1906 1300 2054 1350 inquit,
2089 1305 2237 1350 ignosce
2273 1303 2360 1337 illis.
2394 1304 2440 1338 Et

1427 1360 1534 1410 quasi
1553 1369 1790 1410 quaereretur
1808 1360 2059 1410 indulgentiae
2075 1360 2172 1397 ratio
2191 1360 2230 1396 in
2251 1367 2326 1396 tam
2342 1359 2436 1397 hor-

1429 1419 1549 1456 rendo
1582 1420 1772 1466 facinore,
1802 1421 1975 1470 sequitur
2004 1435 2012 1457 :
2035 1425 2126 1469 quia
2155 1423 2324 1456 nesciunt
2348 1421 2441 1468 quid

1420 1479 1574 1528 saciant
1596 1487 1623 1517 9.
1646 1484 1701 1518 Ac
1727 1481 1759 1518 si
1783 1480 1927 1518 diceret
1956 1495 1964 1517 ε
1990 1483 2046 1517 Eo
2074 1480 2180 1530 digni
2207 1480 2338 1526 venia,
2364 1490 2451 1530 quo·

1429 1549 1465 1578 et
1485 1541 1613 1591 pusilli
1633 1541 1791 1578 scientia
1811 1550 1912 1579 sunt.
1940 1540 2034 1578 Ideo
2060 1541 2217 1591 ignosco
2235 1540 2330 1586 illis,
2353 1540 2440 1590 quia

1433 1615 1513 1638 non
1545 1614 1733 1651 agnoscor
1764 1601 1811 1638 ab
1840 1602 1924 1639 illis.
1959 1603 2000 1637 Si
2028 1600 2128 1637 enim
2163 1605 2436 1649 cognovissent,

1433 1675 1623 1710 nunquam
1666 1664 1870 1697 Dominum
1917 1664 2051 1711 glorioe
2097 1662 2372 1709 crzccs'fixissem
2399 1667 2441 1698 ¹⁰.

1433 1725 1528 1759 Sunt
1548 1721 1688 1771 quibus
1714 1735 1791 1758 non
1822 1722 1873 1758 ita
1893 1722 2072 1771 ignosco,
2094 1734 2190 1771 quos
2212 1721 2347 1771 utique
2366 1733 2440 1758 non

1432 1783 1569 1832 ignoro
1593 1791 1630 1819 et
1652 1783 1810 1829 vidisse,
1843 1792 1880 1819 et
1903 1783 2027 1820 odisse
2053 1790 2091 1819 et
2120 1795 2204 1827 me,
2231 1790 2269 1818 et
2296 1785 2442 1819 Patrem

351 1856 416 1887 νίν
461 1854 499 1885 in
544 1853 666 1884 vitum
680 1873 689 1888 ,
737 1842 1043 1881 subaudiendum
1084 1849 1161 1887 est,
1203 1845 1367 1891 Propter
1387 1842 1413 1877 C
1435 1857 1574 1880 meum.
1592 1847 1666 1880 Pro
1682 1843 1904 1892 hujusmodi
1918 1844 2057 1894 pusillo
2072 1843 2112 1879 in
2129 1841 2284 1879 scientia
2302 1850 2444 1879 terrens

351 1915 475 1949 Deum
491 1924 499 1946 ε
515 1905 619 1958 quod
635 1905 853 1942 nullatenus
870 1903 972 1939 laesio
987 1900 1263 1951 cujuscumque
1277 1914 1365 1951 pro-

354 1970 469 2015 ximi,
492 1967 632 2005 nedum
651 1962 800 2016 praelati
813 1993 823 2010 ,
841 1971 1044 2000 excusetur
1065 1976 1082 1998 a
1107 1962 1238 2012 culpa,
1257 1962 1287 1998 si
1303 1975 1366 1998 so—

353 2030 414 2067 lus
434 2027 597 2065 defuerit
613 2026 650 2062 in
671 2038 783 2062 causa
801 2027 916 2061 Deus.
934 2022 1116 2072 Alioquin
1137 2022 1256 2059 Paulo
1277 2035 1367 2059 con-

358 2089 525 2136 tradicit,
540 2088 606 2138 qui
621 2087 671 2124 ait
689 2101 697 2122 2
716 2087 778 2122 Sic
794 2090 894 2121 enim
913 2088 949 2120 in
963 2082 1124 2132 fratrem
1139 2092 1359 2132 peccantes,

357 2156 396 2187 in
414 2150 595 2186 Christum
613 2150 779 2196 peccatis*
799 2142 825 2180 3.
849 2148 943 2181 Nam
968 2142 1014 2179 de
1040 2142 1255 2193 praepositis
1280 2156 1364 2180 cer-

359 2220 438 2248 tum
470 2218 642 2246 tenemus
664 2206 783 2256 ipsius
804 2204 981 2242 Veritatis
1011 2203 1291 2249 testimonium,
1313 2203 1366 2240 sic

358 2269 549 2320 loquentis
573 2267 620 2304 ad
641 2267 744 2316 ipsos
764 2280 771 2302 :
796 2267 870 2312 Qui
897 2279 963 2300 vos
985 2268 1149 2313 spernit,
1173 2278 1231 2300 me
1258 2277 1367 2313 sper·-

361 2337 414 2367 nst
433 2331 460 2367 ⁴.
482 2328 554 2367 Sed
574 2336 611 2365 et
627 2326 673 2364 de
694 2325 867 2376 quolibet
885 2326 1016 2371 fratre,
1034 2326 1169 2369 Nolite,
1189 2325 1259 2370 ait,
1283 2338 1372 2360 con-

360 2400 524 2426 temnere
544 2401 654 2425 umam
675 2401 725 2423 ex
753 2387 810 2421 his
828 2388 1005 2435 pu.s'i(lis,·
1025 2394 1084 2431 et,
1112 2387 1187 2432 Qui
1209 2388 1372 2421 scanda-

362 2455 531 2487 lz'zaverit
550 2462 662 2485 ιιηιιηι
681 2461 727 2482 ea*
745 2447 804 2482 his
819 2449 969 2495 pusillis
983 2445 996 2467 ⁵
1019 2461 1027 2482 ε
1050 2445 1154 2496 quod
1175 2446 1347 2496 sequitur
1359 2473 1369 2491 ,

363 2519 509 2549 avertat
527 2514 630 2547 Deus
649 2522 668 2545 a
690 2507 812 2544 nobis.

418 2572 480 2608 20.
511 2570 583 2607 Sed
618 2582 697 2606 non
727 2568 899 2605 omnium
937 2567 1114 2604 scandala
1151 2580 1258 2617 aequa
1288 2575 1374 2604 sunt

1432 1905 1572 1942 Paulus
1595 1917 1681 1941 eum
1697 1933 1706 1949 ,
1727 1904 1792 1954 qui
1814 1917 1900 1941 cum
1929 1903 2067 1941 habeat
2091 1903 2286 1940 seientiam
2301 1931 2312 1949 ‚
2331 1902 2447 1940 nescit

1433 1973 1558 2001 tamen
1580 1964 1888 2002 condescendere
1908 1963 2193 2001 infirmioribus
2206 1992 2216 2010 ,
2234 1965 2284 1999 Et
2293 1962 2442 2013 peribit,

1432 2025 1580 2075 inquit,
1600 2030 1639 2062 in
1656 2034 1720 2062 tua
1742 2030 1902 2062 scientia
1919 2023 2058 2074 frater,
2079 2038 2154 2074 pro
2179 2037 2251 2074 quo
2282 2023 2444 2060 Christus

1433 2095 1596 2122 mortuus
1611 2095 1662 2122 est
1679 2092 1705 2107 ¹¹
1715 2115 1723 2123 .

1485 2146 1548 2183 21.
1567 2145 1680 2195 Quod
1696 2145 1727 2183 si
1746 2154 1947 2197 tantopere
1967 2144 2138 2182 cavenda
2156 2152 2247 2182 sunt
2273 2142 2445 2182 scandala

1432 2207 1683 2257 parvulorum
1697 2235 1707 2252 ,
1722 2214 1867 2256 quanto
1887 2219 1946 2243 am
1953 2205 2052 2256 plius
2067 2205 2315 2256 praelatorum
2326 2205 2342 2241 P
2353 2216 2447 2255 quos

1440 2267 1511 2304 sihi
1527 2270 1630 2304 Deus
1645 2279 1797 2317 aequare
1811 2265 2099 2316 quodammodo
2115 2266 2154 2303 in
2168 2274 2331 2316 utraque
2341 2271 2447 2316 parte

1439 2327 1634 2377 dignatus,
1661 2326 1813 2364 sibimet
1833 2327 1999 2378 imputat
2027 2326 2182 2364 illorum
2204 2334 2242 2364 et
2269 2338 2447 2363 reveren-

1439 2389 1528 2426 tiam
1543 2418 1552 2435 ,
1589 2397 1625 2425 et
1658 2396 1922 2438 contemptum
1935 2416 1946 2434 ,
1984 2387 2200 2438 specialiter
2232 2393 2447 2424 contestans

1439 2449 1492 2486 eis
1511 2463 1519 2486 ε
1540 2450 1616 2496 Qui
1634 2463 1698 2485 vos
1715 2450 1833 2493 audit,
1849 2462 1908 2484 me
1920 2450 2050 2491 ausim
2064 2456 2101 2484 et
2117 2449 2185 2496 qui
2196 2461 2265 2483 vos
2282 2449 2444 2496 spernit,

1441 2522 1500 2544 me
1512 2513 1667 2557 spernit.
1682 2513 1740 2545 An
1756 2520 1834 2544 non
1851 2507 2016 2557 denique
2030 2506 2104 2544 hoc
2119 2507 2244 2557 ipsum
2259 2513 2296 2543 et
2307 2504 2448 2556 Regula
2504 2532 2506 2538 >

1441 2577 1572 2605 nostra
1596 2566 1772 2619 perhibet
1784 2596 1794 2613 ,
1811 2566 1877 2604 ubi
1896 2567 1948 2604 ait
1962 2581 1970 2603 :
1986 2583 2001 2599 «
2017 2565 2246 2605 Obedientia
2261 2578 2347 2616 quae
2361 2576 2442 2602 ma-

363 2633 469 2668 lance
494 2628 700 2680 pensanda.
722 2628 843 2666 Aliter
860 2640 1024 2676 namque
1044 2626 1263 2676 accipienda
1284 2634 1374 2664 sunt
1392 2630 1425 2664 D
1443 2648 1458 2663 n
1475 2628 1628 2679 joribus
1646 2628 1852 2679 praebetur,
1868 2632 1950 2666 Deo
1971 2627 2174 2665 exhibetur
2194 2628 2253 2664 ¹²?
2269 2645 2285 2661 »
2305 2629 2446 2676 Quam-

367 2691 542 2729 scandala
573 2689 823 2739 pusillorum,
855 2687 962 2723 aliter
994 2687 1295 2732 Pharisaeorum,
1331 2686 1378 2723 de

369 2751 506 2801 quibus
537 2749 732 2800 Apostolis
763 2746 984 2784 timentibus
1016 2755 1053 2783 et
1091 2746 1376 2792 intimantibus,

370 2811 473 2861 quod
502 2809 742 2847 scandalizati
761 2816 887 2845 essent
914 2808 953 2844 in
983 2820 1160 2844 sermone
1180 2807 1376 2853 Veritatis,

370 2883 595 2921 responsum
617 2878 673 2906 est
694 2884 702 2906 ι
724 2870 841 2905 Sinite
857 2871 965 2913 illos3
981 2873 1071 2904 coeci
1092 2876 1194 2914 sunt,
1217 2877 1253 2904 et
1271 2870 1380 2904 (luces

371 2943 554 2966 caecorum
575 2928 602 2965 5.
624 2929 782 2966 Illorum
804 2929 948 2979 quippe
966 2928 1186 2966 scandalum
1205 2928 1250 2965 de
1268 2929 1378 2978 igno—

372 2990 515 3035 rantia,
536 2989 697 3025 istorum
726 2988 772 3025 de
798 2989 939 3026 malitia
959 2989 1165 3026 descendit.
1188 2989 1249 3026 Illi
1267 3002 1379 3026 scan-

374 3051 605 3095 dalizantur,
627 3048 717 3097 quia
738 3049 934 3085 veritatem
961 3050 1157 3096 nesciunt3
1184 3050 1264 3097 isti,
1292 3050 1381 3100 quia

374 3111 551 3149 oderunt.
573 3108 686 3146 Unde
706 3116 744 3144 et
764 3109 924 3157 pusillos
954 3110 1039 3147 illos
1059 3110 1224 3148 arbitror
1244 3111 1380 3161 appel-

1445 2689 1579 2726 obrem
1599 2689 1788 2740 quidquid
1807 2689 1890 2726 vice
1912 2688 1983 2725 Dei
2004 2687 2178 2739 praecipit
2196 2687 2330 2732 homo,
2348 2681 2448 2736 quod

1445 2763 1522 2787 non
1546 2750 1592 2786 sit
1618 2758 1743 2786 tamen
1769 2758 1918 2786 certum
1938 2748 2141 2799 displicere
2159 2751 2259 2794 Deo;
2282 2744 2382 2783 haud
2396 2756 2449 2782 se·

1446 2824 1511 2847 cus
1532 2810 1690 2846 omnino
1705 2809 1969 2860 accipiendum
1988 2817 2045 2846 est
2057 2838 2067 2854 ,
2085 2821 2199 2858 quam
2218 2807 2249 2845 si
2261 2804 2451 2858 praecipiat

1446 2874 1560 2908 Deus.
1581 2869 1683 2918 Quid
1698 2869 1800 2906 enim
1820 2869 1999 2915 interest,
2014 2877 2144 2906 utrum
2162 2881 2232 2919 per
2247 2879 2286 2904 se
2297 2895 2308 2912 ,
2323 2878 2370 2903 an
2384 2875 2451 2915 per
2504 2868 2505 2874 ’

1445 2942 1536 2967 suos
1554 2928 1766 2975 ministros,
1787 2927 1866 2965 sive
1882 2927 2077 2974 homines,
2091 2926 2171 2963 sive
2189 2924 2372 2974 Angelos,
2384 2921 2451 2958 ho-

1444 2989 1612 3026 minibus
1638 2988 1854 3025 innotescat
1881 3000 1994 3025 suurn
2023 2985 2206 3037 placitum
2224 2983 2352 3022 Deus?
2380 2977 2450 3018 Sed

1445 3050 1639 3096 homines,
1659 3048 1807 3098 inquis,
1827 3048 1935 3085 facile
1952 3047 2030 3084 falli
2049 3047 2089 3083 in
2106 3045 2179 3084 Dei
2196 3044 2391 3081 voluntate
2404 3037 2450 3076 de

1448 3110 1563 3148 rebus
1583 3108 1709 3146 dubiis
1726 3107 1996 3159 percipienda,
2009 3114 2048 3144 et
2062 3106 2102 3144 in
2121 3100 2377 3157 praecipienda
2388 3097 2451 3140 fal·-

420 3251 462 3279 ¹1
489 3250 566 3288 Res·
597 3257 641 3279 ¹¹-
674 3248 727 3275 25·
752 3262 796 3265 —
825 3249 836 3264 ²
853 3247 970 3275 Jerem.
997 3256 1086 3283 xvu,
1113 3251 1142 3277 5
1168 3265 1211 3269 —
1230 3245 1243 3268 3
1269 3251 1282 3278 Ι
1303 3249 1375 3279 Cor.
1401 3259 1482 3285 vm,
1513 3251 1562 3279 12.
1586 3266 1631 3269 —
1658 3246 1672 3272 ‘³
1698 3249 1772 3277 Luc.
1793 3257 1834 3283 x,
1867 3249 1918 3277 16.
1941 3243 2015 3268 ——5
2034 3243 2269 3278 Matth.xvm,
2293 3241 2344 3276 10,
2361 3240 2450 3268 6.—

367 3302 382 3323 ‘3
405 3302 594 3336 1d.xv,14.
621 3317 664 3321 —
692 3304 704 3327 7
729 3298 831 3328 Galat.
864 3309 916 3334 vr,
942 3302 969 3329 1.
994 3317 1032 3320 ψ
1061 3298 1073 3319 3
1094 3300 1280 3331 Matiln.x1.
1313 3307 1342 3331 (ὅ.
1374 3321 1387 3324 -

376 3360 425 3386 ll,
444 3373 475 3377 —
503 3360 530 3373 ¹⁷
549 3355 578 3383 S.
602 3350 757 3382 Benedicti
773 3353 850 3391 Rt‘g.
873 3361 941 3391 (wip,
962 3355 988 3380 fi.

2121 3300 2152 3328 8,
2177 3313 2219 3318 -
2246 3300 2270 3315 ¹¹
2298 3291 2344 3324 Id.
2367 3298 2447 3326 vm,

1431 3308 1446 3331 ς’
1467 3305 1539 3332 litt:
1566 3312 1673 3339 xxxi-1.
1699 3302 1751 3330 34.
1787 3318 1821 3320 —-
1855 3305 1884 3319 ¹⁴·
1906 3302 1919 3329 1
1939 3300 2008 3330 Cor.
2038 3309 2082 3334 ιι,
