2517 3920
320 214 417 249 1375
1087 212 1121 246 S.

1155 210 1317 244 BERNA
1325 210 1409 243 RDI
1439 210 1640 244 ABBATIS

2308 206 2405 248 1376

1329 286 1378 304 ⁶⁰⁸
1394 285 1466 321 nisi
1486 285 1628 334 algens,
1651 283 1729 320 sive
1746 282 1928 333 caligans.
1948 283 2132 333 Alioquin
2159 284 2252 322 nihil
2269 286 2405 325 horum

679 351 856 391 CAPUT
885 351 938 392 V.

363 482 415 510 An
432 478 560 510 libertas
579 487 596 508 a
615 476 755 512 miseria,
776 486 830 506 seu
849 473 1042 517 complaciti,
1063 473 1154 504 detur
1172 473 1204 503 in
1221 472 1281 504 hoc

757 530 882 561 saeculo.

378 655 436 691 13.
459 656 541 690 Jam
561 652 606 689 (le
626 651 799 688 libertate
817 649 1035 700 complaciti
1048 649 1086 685 in
1102 648 1175 685 hoc
1189 647 1330 684 saeculo

318 728 483 765 nequam
504 714 596 763 quid
619 713 811 749 dicemus?
832 710 898 747 ubi
917 711 982 747 vix
999 710 1138 747 sufficit
1159 709 1231 745 diei
1254 721 1333 744 ma-

318 775 398 812 litia
415 787 503 820 sua3
525 772 591 809 ubi
610 772 734 809 omnis
753 779 927 807 creatura
943 770 1170 819 ingemiscit,
1195 777 1232 805 et
1248 781 1333 817 par-

323 835 417 872 turit
442 847 563 883 usque
587 833 734 877 adhuc,
764 831 921 867 vanitati
950 830 1133 866 nimirum
1163 827 1333 876 subJ'ecta

321 894 550 932 non'volens
566 899 572 913 ¹
589 908 598 938 3
616 892 681 929 ubi
696 892 774 927 vita
789 891 954 927 hominis
968 890 1126 926 tentatio
1145 897 1201 925 est
1217 901 1333 937 super

321 964 460 992 terram
476 960 488 975 ²
508 968 516 989 :
543 951 610 988 ubi
630 951 703 987 viri
725 962 879 999 quoque
900 949 1136 999 spirituales,
1167 947 1232 996 qni
1255 946 1335 996 pri—

320 1015 445 1051 mitias
465 1013 623 1063 spiritus
637 1010 716 1061 jam
739 1017 992 1060 acceperunt,
1016 1008 1273 1058 ingemiscunt
1294 1014 1331 1043 et

1345 349 1378 382 A
1397 343 1531 380 libebit
1551 373 1560 390 ,
1589 344 1619 380 si
1645 356 1724 379 non
1751 343 1987 392 praecesserit
2019 356 2159 392 urgens
2191 346 2405 385 necessitas,

1395 407 1488 453 Quae
1499 405 1527 440 si
1539 404 1707 454 perfecte
1720 403 1876 439 tollatur
1887 416 1906 439 e
1922 402 2050 449 rebus,
2062 404 2187 440 statim
2200 405 2240 441 in
2254 406 2405 445 taedium

1394 473 1508 514 atque
1530 464 1742 501 molestiam
1763 471 2007 500 convertetur
2020 464 2104 514 ipsa
2124 478 2300 515 quoque,
2323 480 2407 516 quae

1394 525 1546 561 videtur
1562 525 1600 560 in
1618 524 1675 560 his
1693 536 1794 570 esse,
1814 522 2048 572 jucunditas.
2066 525 2278 563 Fatendum
2292 526 2407 576 igitur

1398 593 1435 620 et
1452 585 1490 620 in
1515 585 1584 620 bac
1600 592 1722 634 parte,
1749 596 1862 619 omne
1885 583 1991 633 quod
2010 585 2208 634 praesentis
2226 587 2314 624 vitae
2337 596 2406 635 est,

1398 657 1587 694 occupare
1604 644 1794 680 miseriam
1812 658 1820 680 :
1838 644 1910 680 nisi
1927 644 2031 693 quod
2044 644 2082 681 in
2099 644 2404 685 tribulationibus

1403 704 1596 741 continuis
1624 704 1844 754 graviorum
1872 703 2046 741 laborum
2062 733 2072 750 ,
2095 705 2257 743 leviores
2276 707 2406 758 utique

1402 764 1476 800 sint
1494 764 1782 813 qualiscumque
1799 764 2051 800 consolatio*:
2068 773 2105 801 et
2120 765 2210 801 dum
2224 766 2320 803 forte
2335 780 2407 818 pro

1400 833 1574 874 tempore
1592 838 1633 860 ac
1651 837 1778 860 rerum
1795 823 1997 860 eventibus
2015 824 2179 861 vicissim
2196 824 2267 862 sibi
2281 826 2408 875 gravia

1399 883 1573 933 leviaque
1590 883 1819 929 succedunt,
1839 884 2032 920 minorum
2054 885 2314 934 experientia,
2337 886 2408 923 ali-

1405 957 1480 993 qua
1503 943 1664 980 miseriae
1684 943 1838 980 videtur
1863 944 2131 993 interpolati03
2159 953 2203 982 ut
2221 959 2307 982 cum
2337 946 2407 983 ali-

1398 1003 1565 1052 quando,
1579 1012 1666 1053 post
1680 1012 1837 1053 experta
1852 1004 1964 1053 plura
1977 1004 2211 1053 gravissima,
2229 1005 2269 1042 in
2284 1006 2409 1043 minus

321 1075 392 1124 ipsi
412 1074 509 1110 intra
531 1072 754 1121 semetipsos
770 1100 779 1117 ,
808 1077 1072 1120 exspectantes
1091 1067 1331 1117 redemptio-
1357 1070 1385 1103 B
1400 1064 1498 1101 forte
1520 1064 1680 1100 molesta
1703 1063 1892 1117 evaditur,
1923 1063 2078 1101 felicitas
2099 1073 2268 1114 putetur.

320 1147 408 1170 nem
424 1132 596 1182 corporis
610 1131 666 1168 sui
679 1129 705 1167 3.
723 1129 1006 1179 Numquidnam
1024 1129 1125 1165 inter
1140 1128 1210 1165 ista
1223 1128 1330 1164 locus

319 1194 420 1230 ullus
437 1201 493 1230 est
508 1191 774 1241 hujuscemodi
793 1189 982 1227 libertati?
1004 1189 1124 1238 Quid,
1146 1189 1302 1237 inquam
1320 1216 1330 1234 ,

319 1254 482 1291 liberum
503 1261 634 1289 nostro
653 1250 884 1300 relinquitur
912 1249 1162 1300 complacito,
1185 1247 1251 1284 ubi
1273 1255 1331 1283 to—

320 1323 400 1351 tum
422 1326 610 1363 occupare
626 1312 779 1348 videtur
805 1310 983 1347 miseria?
1004 1323 1130 1359 neque
1149 1308 1249 1345 enim
1269 1307 1330 1344 vel

319 1374 538 1412 innocentia
556 1386 621 1409 seu
636 1371 783 1421 justitia
800 1399 809 1416 ,
838 1363 1164 1420 quemadmodum
1192 1382 1212 1405 a
1239 1380 1331 1417 pec—

321 1444 424 1480 cato,
444 1435 496 1471 ita
515 1434 626 1470 etiam
643 1446 663 1468 a
678 1431 827 1468 miseria
845 1439 933 1467 tutae
950 1443 1030 1467 esse
1047 1430 1108 1466 bic
1124 1436 1327 1480 poterunt,

320 1495 387 1532 ubi
406 1495 533 1544 justus
550 1494 758 1537 exclamat,
782 1490 924 1539 Infelix
941 1505 1007 1540 ego
1025 1491 1152 1535 homo,
1170 1495 1254 1539 quis
1272 1502 1331 1524 me

321 1554 495 1591 liberabit
510 1556 555 1590 cle
568 1567 721 1601 corpore
734 1556 861 1588 mortis
880 1552 992 1598 hujus
1003 1551 1044 1588 4'?
1061 1559 1098 1587 et
1117 1550 1207 1587 item
1218 1580 1229 1596 ‚
1248 1553 1330 1586 Fa-

319 1625 390 1651 ctoe
404 1623 490 1651 sunt
503 1614 596 1650 milei
611 1616 790 1655 lacrrmoe
804 1625 1031 1660 meoelmnes
1048 1613 1110 1646 die
1123 1624 1168 1646 ac
1181 1620 1286 1647 nocte
1299 1609 1326 1647 5.

319 1675 395 1713 Ubi
423 1683 554 1711 noctes
588 1673 743 1722 diesque
770 1672 810 1708 in
837 1684 1003 1708 moerore
1031 1671 1327 1717 continuantur,

320 1736 466 1773 nullum
495 1733 666 1785 profecto
692 1733 875 1782 temporis
906 1732 1069 1783 spatium
1097 1732 1327 1781 complacito

319 1809 484 1832 vacuum
505 1794 745 1843 relinquitur.
768 1793 942 1842 Denique
960 1792 1025 1841 qui
1043 1792 1104 1842 pie
1118 1792 1255 1828 volunt
1273 1791 1328 1827 vi-

1456 1125 1514 1161 15.
1531 1129 1710 1161 Attamen
1728 1123 1923 1160 fatendum
1941 1132 1998 1161 est
2010 1137 2094 1172 eos,
2115 1125 2179 1174 qui
2193 1138 2264 1175 per
2284 1138 2410 1163 exces-

1398 1197 1482 1221 sum
1496 1184 1831 1234 contemplationis
1846 1184 1945 1234 rapti
1962 1183 2195 1234 quandoque
2210 1185 2250 1221 in
2262 1185 2408 1235 spiritu,

1399 1245 1795 1294 quantulumcumque
1814 1245 1861 1281 de
1879 1258 2055 1296 supernae
2076 1245 2262 1282 felicitatis
2279 1245 2410 1283 dulce-

1399 1304 1487 1340 dine
1521 1304 1721 1354 degustare
1743 1305 1956 1352 sufficiunt,
1986 1306 2099 1343 toties
2128 1319 2208 1343 esse
2228 1305 2368 1344 liberos
2388 1320 2409 1344 a

1396 1364 1569 1411 miseria,
1591 1365 1740 1414 quoties
1766 1364 1818 1401 sic
1839 1365 2044 1403 excedunt.
2076 1365 2126 1403 Hi
2145 1366 2259 1416 plane
2284 1366 2297 1417 ζ
2305 1366 2409 1416 quod

1397 1425 1612 1474 negandum
1632 1439 1711 1462 non
1729 1424 1806 1476 est)
1823 1426 1936 1462 etiam
1954 1426 1993 1462 in
2017 1426 2087 1463 hac
2107 1431 2244 1473 carne,
2265 1440 2351 1463 raro
2367 1427 2411 1463 li-

1397 1494 1456 1522 cet
1469 1486 1701 1535 raptimque,
1720 1486 1934 1536 complaciti
1947 1486 2121 1523 libertate
2136 1487 2329 1533 fruuntur,
2344 1486 2410 1536 qui

1398 1558 1484 1582 cum
1501 1545 1619 1582 Maria
1636 1546 1821 1595 optimam
1837 1554 1985 1595 partem
2001 1547 2211 1596 elegerunt,
2229 1560 2315 1596 quae
2328 1560 2407 1584 non

1398 1606 1592 1642 auferetur
1617 1605 1664 1642 ab
1691 1606 1744 1642 eis
1755 1613 1781 1642 9.
1814 1606 1889 1654 Qui
1920 1607 2020 1643 enim
2043 1605 2124 1655 jam
2151 1614 2284 1644 tenent
2304 1607 2410 1657 quod

1389 1665 1648 1715 ¹auferendum
1669 1679 1748 1702 non
1770 1674 1846 1711 est,
1878 1667 2132 1716 experiuntur
2154 1666 2286 1716 utique
2305 1667 2410 1717 quod

1395 1726 1566 1761 futurum
1587 1734 1654 1762 est.
1677 1725 1750 1763 Sed
1767 1725 1872 1775 quod
1887 1726 2059 1763 Futurum
2074 1734 2131 1763 est
2155 1727 2313 1763 felicitas
2328 1735 2407 1764 est:

1395 1798 1512 1835 porro
1533 1786 1690 1822 felicitas
1710 1794 1747 1822 et
1772 1786 1924 1823 miseria
1940 1786 2076 1823 eodem
2106 1794 2280 1836 tempore
2297 1786 2410 1824 simul

319 1869 409 1893 vere
428 1856 468 1892 in
497 1854 665 1898 Christ0,
688 1853 762 1902 ipsi
782 1852 900 1901 magis
921 1851 1225 1901 persecutionem
1254 1864 1326 1901 pa·
1346 1850 1372 1885 C
1395 1858 1475 1882 esse
1502 1859 1580 1882 non
1606 1855 1778 1896 possunt.
1809 1847 1968 1894 Quoties
1996 1847 2113 1896 igitur
2137 1860 2208 1896 per
2233 1847 2408 1897 spiritum

319 1913 510 1961 tiuntur63
528 1913 709 1963 quoniam
722 1911 909 1960 judicium
927 1926 947 1948 a
960 1911 1075 1948 domo
1093 1911 1163 1948 Dei
1180 1911 1327 1961 incipit.

319 1975 432 2023 Quod
450 1983 487 2011 et
507 1972 679 2025 praecipit
697 1987 704 2008 :
726 1976 758 2009 A
780 1972 892 2018 meis,
915 1972 1089 2021 inquiens
1104 2000 1113 2016 ,
1137 1971 1292 2020 incipite
1302 1978 1327 2007 7.

378 2035 436 2072 14.
460 2033 530 2071 Sed
551 2033 618 2069 etsi
638 2045 715 2069 non
732 2031 877 2077 virtus,
901 2031 1035 2067 vitium
1055 2031 1152 2067 forte
1169 2031 1207 2066 in
1230 2039 1326 2075 tuto,

322 2105 399 2141 est,
424 2103 460 2131 et
477 2095 604 2143 aliqua
622 2092 773 2129 interim
795 2104 839 2127 ex
866 2099 972 2141 parte
988 2091 1061 2127 frui
1078 2099 1204 2140 potest
1221 2104 1327 2127 com-

318 2156 481 2206 placito,
504 2166 638 2191 cavere
660 2151 862 2189 miseriam.
892 2150 1015 2188 Absit.
1041 2154 1136 2187 Nam
1163 2150 1230 2200 qui
1260 2151 1328 2187 lae-

320 2225 449 2253 tantur
467 2228 552 2252 cum
567 2214 665 2251 male
682 2211 841 2250 fecerint
858 2241 867 2258 ,
889 2221 927 2249 et
943 2212 1135 2249 exsultant
1151 2212 1190 2248 in
1213 2211 1328 2249 rebus

318 2276 512 2326 pessimis,
537 2275 610 2311 tale
631 2282 687 2311 est
714 2274 819 2324 quod
839 2274 1005 2318 faciunt,
1027 2272 1137 2322 quale
1165 2285 1251 2308 cum
1274 2272 1327 2308 ri-

317 2337 406 2373 dent
448 2335 630 2373 frenetici.
667 2335 780 2372 Nulla
816 2343 943 2371 autem
983 2332 1112 2368 verior
1148 2331 1322 2377 miseria,

316 2410 430 2445 quam
459 2397 550 2433 falsa
569 2394 709 2432 laetitia.
738 2394 914 2444 Denique
939 2394 978 2430 in
1006 2400 1152 2429 tantum
1176 2392 1327 2428 miseria

315 2465 390 2501 cst,
410 2455 515 2505 quod
531 2455 685 2492 videtur
702 2454 858 2491 felicitas
876 2454 915 2491 in
936 2453 1009 2490 hoc
1026 2452 1183 2497 saeculo,
1207 2460 1249 2488 ut
1265 2455 1329 2490 Sa-

313 2517 422 2566 piens
447 2516 546 2552 dicat
574 2530 581 2551 :
605 2517 744 2551 Melias
767 2524 822 2550 est
849 2519 903 2550 e‘re
928 2515 982 2548 acl
1003 2514 1153 2548 domum
1184 2514 1324 2558 luctus,

314 2590 424 2625 quam
445 2578 499 2612 ad
515 2578 664 2612 domum
681 2573 872 2610 εοηνῖυὶἱὸ.
891 2578 958 2611 Est
977 2573 1131 2622 quidem
1156 2572 1194 2609 in
1214 2571 1327 2609 bonis

315 2636 488 2686 corporis
505 2634 942 2683 nonnullajucunditas,
962 2632 1140 2669 videlicet
1153 2632 1190 2667 in
1208 2631 1322 2668 eden-
1341 2638 1376 2673 D

314 2696 376 2742 do,
392 2695 572 2741 bibendo,
591 2694 861 2740 calefaciendo,
879 2693 1101 2742 caeterisque
1118 2691 1254 2729 talibus
1268 2693 1322 2729 fo·

314 2757 450 2793 mentis
468 2756 528 2792 vel
548 2755 775 2805 tegumentis
800 2754 935 2792 carnis.
958 2752 1030 2791 Sed
1051 2752 1239 2801 numquid
1263 2752 1321 2788 vel

312 2816 382 2851 ista
399 2823 534 2851 vacant
551 2816 788 2864 aliquatenus
802 2828 823 2851 a
842 2814 1016 2851 miseria?
1034 2816 1162 2849 Bonus
1179 2821 1236 2848 est
1254 2825 1322 2862 pa-

314 2875 384 2919 nis,
403 2874 467 2910 sed
485 2875 683 2922 esurienti3
701 2883 814 2925 potus
831 2874 1010 2919 delectat,
1025 2872 1091 2910 scd
1111 2872 1321 2909 sitientem:

315 2934 478 2982 denique
513 2943 679 2970 saturato
711 2934 817 2971 cibus
844 2942 1036 2983 potusque
1060 2931 1140 2981 jam
1174 2945 1321 2980 nequa-

315 3006 427 3044 quam
443 3000 532 3031 sunt
546 3002 662 3042 grata,
682 2994 746 3030 sed
764 2994 902 3043 gravia.
918 2993 1023 3029 Tolle
1037 2992 1187 3037 famem,
1203 2999 1240 3027 et
1258 3004 1323 3041 pa-

313 3068 402 3092 nem
421 3068 499 3091 non
519 3053 686 3098 curabi53
708 3053 798 3089 tolle
820 3054 939 3099 sitim,
960 3060 997 3088 et
1013 3051 1319 3101 limpidissimum

315 3115 474 3160 fontem,
495 3127 537 3150 ac
559 3113 588 3150 si
605 3111 781 3162 paludem
796 3141 805 3158 ,
824 3112 1015 3161 respicies.
1035 3111 1215 3148 Similiter
1236 3124 1322 3147 um-

313 3174 421 3212 bram
442 3187 521 3211 non
537 3172 672 3223 quaerit
686 3171 756 3207 nisi
774 3180 956 3216 aestuans3
977 3172 1096 3208 solem
1117 3184 1195 3208 non
1214 3179 1322 3208 curat

1395 1906 1498 1942 illam
1519 1907 1770 1956 participant,
1790 1907 1901 1944 toties
1916 1907 2025 1944 istam
2043 1920 2122 1944 non
2139 1908 2319 1944 sentiunt.
2336 1911 2409 1945 Ita-

1397 1979 1471 2015 que
1493 1967 1532 2002 in
1559 1967 1628 2003 hac
1655 1967 1732 2003 vita
1750 1967 1820 2004 soli
1845 1967 2136 2018 contemplativi
2163 1975 2326 2017 possunt
2342 1976 2406 2004 ut-

1397 2039 1561 2075 cumque
1573 2027 1645 2063 frui
1658 2026 1833 2064 libertate
1846 2027 2062 2078 complaciti
2073 2042 2081 2064 :
2092 2036 2129 2064 et
2142 2027 2216 2064 hoc
2228 2041 2274 2064 ex
2285 2036 2406 2078 parte,

1397 2094 1435 2122 et
1454 2095 1562 2136 parte
1583 2087 1670 2124 satis
1691 2087 1843 2124 modica
1856 2116 1866 2134 ,
1887 2088 2047 2138 viceque
2065 2088 2268 2125 rarissima.
2284 2091 2405 2126 Porro

1394 2146 1568 2184 libertate
1583 2147 1728 2184 consilii
1744 2148 1926 2185 fruuntur
1936 2149 2048 2185 etiam
2063 2146 2224 2197 quilibet
2235 2147 2347 2197 justi;
2359 2161 2404 2185 ex

1394 2216 1503 2256 parte
1522 2208 1678 2258 quidem
1692 2237 1702 2254 ,
1725 2208 1791 2245 sed
1811 2221 1890 2245 non
1909 2207 2071 2245 modica.
2089 2210 2276 2246 Caeterum
2293 2207 2406 2245 liber-

1396 2275 1448 2303 tas
1466 2266 1631 2314 arbitrii,
1653 2276 1696 2304 ut
1721 2281 1838 2318 supra
1862 2268 2008 2318 liquido
2029 2268 2227 2318 apparuit,
2259 2268 2403 2305 cunctis

1393 2327 1538 2376 pariter
1554 2328 1702 2364 ratione
1723 2326 1921 2364 utentibus
1937 2328 2137 2374 convenit3
2158 2341 2238 2364 non
2262 2327 2400 2374 minor,

1394 2396 1581 2437 quantum
1608 2389 1647 2425 in
1669 2402 1707 2426 se
1727 2397 1805 2435 est,
1840 2389 1880 2425 in
1901 2389 2030 2434 malis,
2063 2402 2179 2438 quam
2204 2388 2243 2425 in
2262 2387 2399 2434 bonis3

1396 2455 1471 2484 tam
1492 2449 1606 2498 plena
1624 2448 1663 2485 in
1687 2449 1760 2486 hoc
1780 2449 1937 2496 saeculo,
1963 2462 2078 2499 quarn
2101 2457 2139 2486 et
2157 2448 2198 2485 in
2219 2448 2361 2486 futuro.

1759 2573 1938 2612 CAPUT
1967 2573 2042 2615 VI.

1387 2690 1440 2722 Ad
1460 2687 1629 2720 volendum
1647 2688 1767 2719 bonum
1795 2689 1924 2731 gratiam
1947 2689 2076 2721 omnino
2095 2699 2162 2721 esse
2183 2687 2398 2720 necessariam.

1447 2811 1506 2847 16.
1531 2810 1603 2848 Sed
1622 2818 1659 2846 et
1682 2810 1755 2846 hoc
1779 2810 1869 2847 satis
1896 2818 2027 2861 aperte
2046 2818 2300 2847 monstratum
2321 2820 2399 2846 esse

1389 2878 1502 2921 puto,
1521 2870 1626 2919 quod
1637 2870 1717 2907 haec
1732 2871 1814 2920 ipsa
1829 2879 1954 2907 tamen
1969 2870 2124 2907 libertas
2147 2869 2291 2907 tamdiu
2306 2881 2400 2919 quo-

1391 2931 1598 2967 dammodo
1625 2931 1775 2980 captiva
1799 2939 1966 2976 tenetur,
1988 2930 2173 2980 quamdiu
2194 2930 2297 2967 illam
2315 2928 2398 2966 duae

1389 2991 1472 3027 aliae
1504 2990 1698 3027 libertates
1718 2991 1894 3037 minime,
1920 2998 1986 3027 aut
2006 2991 2132 3027 minus
2151 2990 2264 3040 plene
2280 2988 2396 3026 comi-

1390 3060 1543 3098 tantur,
1572 3064 1641 3088 nec
1663 3050 1817 3088 aliunde
1837 3059 1969 3088 noster
1990 3051 2053 3087 ille
2074 3049 2244 3087 defectus
2265 3048 2394 3093 venit,

1388 3111 1434 3147 de
1455 3125 1531 3160 quo
1549 3111 1758 3161 Apostolus
1780 3125 1788 3147 z
1813 3112 1862 3146 Ue
1882 3124 1957 3146 non
1983 3123 2229 3159 quaecumque
2254 3111 2366 3146 vultis
2380 3137 2392 3154 ‚

1387 3171 1439 3207 ait
1454 3199 1464 3216 ,
1489 3173 1554 3206 illa
1567 3169 1728 3218 faciatis
1745 3177 1790 3207 ¹⁰.
1818 3170 1925 3207 Velle
1948 3169 2135 3220 siquidem
2162 3170 2261 3208 inest
2284 3167 2395 3207 nobis

363 3307 373 3322 ¹
390 3303 483 3331 Rom.
499 3309 558 3329 vm
572 3322 579 3336 ‚
606 3300 647 3328 22
663 3320 670 3334 ,
701 3300 756 3328 20.
772 3314 815 3318 -—
832 3302 845 3317 ²
865 3295 927 3327 Job
941 3307 986 3326 vu
999 3320 1007 3333 ‚
1030 3300 1058 3327 1.
1072 3315 1117 3318 —
1133 3294 1146 3316 3
1162 3299 1253 3327 Rom.
1281 3308 1344 3327 v111
1357 3321 1364 3334 ‚
1384 3299 1438 3327 23.
1456 3313 1498 3318 —-
1516 3295 1529 3321 -ί
1545 3294 1592 3325 Id.
1617 3305 1666 3329 vn
1679 3319 1686 3333 ,
1706 3297 1761 3326 24.
1780 3312 1826 3317 --
1841 3292 1854 3316 5
1870 3295 1950 3327 Psal.
1965 3306 2024 3326 xm
2037 3319 2046 3334 ,
2065 3298 2096 3327 4.
2111 3314 2156 3318 -—
2170 3292 2186 3318 ⁶
2200 3298 2230 3327 11
2243 3294 2323 3326 Tim.
2340 3302 2392 3330 111,

319 3358 368 3385 12.
385 3372 431 3376 ——
445 3360 458 3385 7
473 3351 588 3384 Ezech.
609 3363 645 3382 xx
659 3375 666 3389 ,
686 3355 718 3387 ὓ,
735 3355 763 3380 et
779 3353 792 3380 1
807 3352 950 3387 Petr.1v‚
973 3352 1024 3380 17.
1040 3368 1081 3372 —
1100 3349 1113 3372 3
1132 3349 1312 3388 Ecclc.v11,
1334 3353 1364 3382 3.
1381 3370 1425 3373 —-
1440 3355 1455 3379 9
1469 3352 1544 3381 Luc.
1559 3361 1581 3379 x
1595 3372 1602 3385 .
1621 3351 1676 3380 42.
1691 3367 1735 3371 --
1752 3354 1782 3370 ¹0
1797 3348 1900 3380 Galat.
1916 3360 1948 3387 v,
1970 3351 2021 3380 17.
