2533 3920
338 184 407 221 4¹11

337 277 458 313 usque
475 263 522 301 ad
547 263 690 300 inferos
714 277 722 300 :
747 271 785 300 et
814 275 932 313 opera
961 262 1205 300 tenebrarum
1223 293 1233 310 ,
1257 275 1347 300 ausa

1112 188 1146 222 S.
1178 185 1431 221 BEffiffiDI
1459 185 1660 220 ABBATIS

1359 261 1404 278 18·
1435 261 1440 267 ¹

2348 187 2422 225 412

1414 260 1601 311 siquidem
1632 260 1804 298 Leonina
1838 257 1961 297 rabies
1995 259 2202 309 quievisset
2221 259 2253 307 ¹²,
2283 271 2321 299 et
2345 277 2418 314 pax

337 323 494 374 prodire
519 324 558 360 in
578 324 723 370 lucem,
747 331 956 373 arguantur
979 336 998 360 a
1022 324 1105 360 luce
1130 323 1169 360 in
1197 324 1320 360 lucem
1338 336 1345 359 :
1363 307 1397 340 Α
1417 322 1592 359 Ecclesiae
1609 321 1848 358 redderetur.
1867 323 1962 357 Nam
1983 333 2070 357 ecce
2089 321 2153 358 illa
2174 321 2338 371 quievit,
2359 326 2424 363 sed

339 393 382 422 ut
401 385 492 422 dum
515 385 580 435 qui
600 383 753 435 publice
779 392 911 434 peccat
927 413 936 430 ,
961 383 1114 434 publice
1143 392 1348 434 arguetur;

341 446 597 497 comprimant
618 459 698 483 sese
721 445 833 483 etiam
851 445 937 490 alii,
960 454 1149 496 ponentes
1173 443 1349 481 tenebras

342 507 491 553 lucem,
525 505 760 556 disputantes
792 505 831 541 in
865 505 984 541 triviis
1013 505 1060 541 de
1091 504 1252 550 divinis,
1284 503 1347 553 qui

341 567 555 617 loquuntur
576 567 674 603 mala
694 567 731 602 in
753 565 934 602 cordibus
963 565 1039 602 suis
1055 594 1064 611 ,
1086 573 1122 602 et
1142 565 1181 601 in
1209 564 1348 601 codici-

340 626 413 664 bus
431 628 506 664 suis
528 627 699 664 scribunt
720 642 728 664 :
751 634 789 663 et
809 626 860 663 sic
881 625 1102 663 obstruatur
1123 639 1164 662 os
1188 626 1349 675 loquen-

343 687 438 723 tium
462 687 604 737 iniqua.

371 827 555 837 ===n=2=22m=
559 827 628 836 §vsu
632 827 684 836 vus

418 948 800 1005 EPISTOLA
845 943 1258 1003 CLXXXIX?

338 1109 386 1132 AD
424 1108 602 1131 DOMINL'M
643 1108 762 1130 PAPAM
802 1106 1091 1140 INNOCENTIL‘M,
1122 1106 1170 1128 DE
1204 1106 1343 1129 EODEM.

340 1222 444 1254 Animi
460 1222 599 1253 dolorem
615 1221 729 1253 indicat
753 1221 793 1252 ob
810 1231 929 1252 errores
945 1220 1114 1252 Abaelardi
1131 1226 1201 1263 post
1217 1219 1351 1252 schisma

384 1277 488 1309 statim
500 1282 702 1319 exsurgentes
715 1301 722 1315 ‚
735 1276 848 1318 quibus
862 1276 1045 1307 Pontificem
1055 1286 1218 1307 occurrere
1228 1281 1346 1307 monet.

337 1398 608 1436 Amantissimo
631 1397 734 1435 Patri
757 1405 793 1434 et
817 1396 974 1433 domino
999 1400 1235 1433 Ixxocsxno
1250 1426 1259 1442 ,
1278 1396 1348 1433 Dei

391 1460 511 1509 gratia
543 1472 692 1495 summo
731 1457 935 1503 Pontifici,
971 1458 1086 1494 frater
1124 1461 1347 1494 Bmxfflncs

391 1520 651 1558 Clarae-Vallis
692 1527 851 1556 vocatus
887 1517 1004 1556 abbas
1021 1548 1030 1566 ‚
1072 1518 1266 1556 modicum
1308 1517 1347 1554 id

392 1580 496 1630 quod
512 1588 579 1617 est.

394 1710 600 1746 LNecesse
620 1716 676 1745 est
700 1716 743 1745 ut
769 1708 926 1745 veniant
951 1707 1127 1745 scandala
1156 1722 1163 1744 :
1194 1720 1345 1745 necesse

339 1777 414 1815 est,
436 1769 502 1805 sed
532 1782 610 1805 non
644 1782 771 1805 suave.
805 1772 852 1806 Et
885 1768 972 1805 ideo
1006 1768 1096 1804 dicit
1129 1768 1344 1817 propheta:
1368 1777 1394 1813 C

344 1832 436 1876 Quis
448 1828 552 1865 dabit
561 1830 812 1878 milzipelmas
828 1834 925 1864 sicut
936 1828 1127 1872 columbae,
1141 1838 1176 1864 cl
1192 1829 1342 1874 volabo,

338 1899 375 1925 et
394 1894 620 1938 requiescam
640 1896 650 1910 ¹
670 1891 684 1926 ‚³
704 1898 741 1926 et
755 1890 962 1940 Apostolus
986 1889 1091 1939 cupit
1109 1889 1263 1926 dissolvi
1280 1919 1289 1937 ,
1309 1898 1346 1927 et

338 1963 423 1985 cum
447 1949 596 1987 Christo
617 1950 823 1999 quiescere.
842 1953 889 1986 Et
906 1950 1000 1986 alius
1022 1950 1176 1999 quidam
1192 1959 1346 1987 sancto-

341 2024 425 2047 rum
440 2040 449 2057 ,
471 2012 609 2056 Sufficit
624 2012 717 2046 milei
738 2041 749 2056 ,
766 2014 929 2047 Domine
947 2039 956 2055 ,
973 2011 1023 2047 ait
1040 2040 1049 2058 ,
1065 2014 1151 2046 tolle
1174 2017 1345 2047 anismam

341 2085 463 2108 meam
481 2086 496 2117 ,·
526 2086 646 2121 neque
673 2077 773 2108 enlm
807 2074 940 2107 melior
966 2085 1045 2107 sum
1075 2086 1186 2120 quam
1216 2082 1348 2121 patres

341 2138 416 2168 mei
431 2139 456 2168 ⁷.
475 2135 541 2169 Est
564 2141 600 2169 et
622 2133 714 2169 mihi
733 2145 835 2169 1111116
864 2132 1006 2182 aliquid
1034 2145 1239 2169 commune
1261 2147 1346 2170 cum

340 2193 478 2230 sanctis
495 2222 504 2239 ,
524 2193 562 2229 in
580 2194 776 2230 voluntate
803 2192 1013 2240 duntaxat,
1036 2207 1112 2230 3011
1136 2193 1175 2230 in
1197 2194 1346 2231 merito.

338 2257 433 2291 Nam
445 2254 582 2291 16116111
601 2262 638 2290 61
655 2255 734 2304 ipse
756 2254 872 2291 modo
890 2254 936 2292 de
954 2254 1080 2291 medio
1100 2256 1193 2302 fieri,
1208 2256 1346 2302 1161115,

339 2314 474 2360 fateor,
496 2328 515 2351 3
537 2303 848 2365 pusillanimitate
868 2316 1023 2365 spiritus
1044 2324 1081 2352 et
1099 2324 1322 2367 tempestate
1340 2332 1346 2353 :

338 2388 474 2412 vereor
496 2384 621 2413 autem
639 2405 648 2422 ,
679 2389 726 2413 ne
752 2390 830 2413 non
867 2378 962 2414 sicut
997 2377 1140 2427 pariter
1170 2378 1349 2425 affectus,

339 2435 391 2472 ita
412 2436 555 2486 pariter
582 2445 619 2473 et
648 2445 803 2486 paratus
830 2437 1014 2474 inveniar.
1046 2437 1176 2475 Taedet
1194 2438 1347 2484 vivere,

339 2504 377 2532 et
394 2510 441 2533 an
462 2497 560 2534 mori
577 2497 778 2547 expediat,
798 2500 926 2536 nescio
941 2515 949 2545 ;
967 2508 1005 2537 et
1020 2499 1107 2536 ideo
1125 2501 1220 2537 forte
1236 2501 1349 2537 etiam

340 2615 528 2653 desiderio
570 2618 772 2655 meliorum
801 2648 810 2665 ,
853 2632 939 2656 cum
976 2633 1046 2669 ego
1089 2620 1276 2657 scandalis
1315 2629 1353 2657 et

341 2677 519 2713 aerumnis
537 2678 745 2728 compellar
764 2678 879 2715 exire.
901 2680 1077 2730 Denique
1101 2680 1172 2726 ait,
1194 2683 1352 2717 Dissolvi

343 2746 377 2771 ec
400 2751 479 2772 curn
511 2738 654 2774 Christo
685 2753 782 2783 esse,
805 2742 919 2775 multo
942 2743 1072 2777 melius
1084 2740 1110 2778 3.
1135 2744 1236 2790 Ergo
1255 2750 1292 2778 et
1312 2742 1351 2778 in

342 2804 472 2832 sancto
490 2797 681 2846 appetitus
697 2828 706 2844 ,
722 2799 810 2835 etin
827 2813 886 2836 me
905 2801 1089 2850 praevalet
1108 2813 1241 2837 sensus
1259 2815 1266 2836 :
1285 2801 1351 2838 sed

341 2853 380 2890 in
409 2854 478 2891 hac
514 2856 724 2894 miserrima
759 2859 837 2896 1113
878 2873 949 2897 366
977 2861 1040 2898 ille
1075 2860 1216 2898 habere
1246 2861 1351 2911 quod

341 2915 488 2964 appetit
502 2914 667 2963 bonum;
689 2930 759 2954 nec
778 2932 847 2968 ego
869 2920 973 2969 quod
990 2921 1190 2957 molestum
1209 2921 1350 2971 patior,

342 2987 421 3010 non
448 2974 588 3012 habere
615 2977 795 3014 valemus.
816 2982 860 3015 Et
888 2979 937 3016 ob
968 2980 1040 3017 hoc
1065 2982 1168 3018 exire
1194 2982 1349 3032 quidem

343 3033 457 3071 ambo
490 3036 572 3085 pari
598 3037 774 3086 cupimus
804 3039 1000 3077 voluntate
1021 3069 1030 3086 ,
1057 3041 1122 3078 sed
1154 3055 1232 3079 non
1268 3043 1350 3093 pari

342 3102 569 3132 intentione.

398 3154 432 3192 2.
453 3155 574 3193 Stulte
595 3155 686 3193 mihi
701 3155 845 3194 dudum
864 3158 1035 3208 requiem
1052 3162 1348 3210 promittebam,

394 3283 403 3298 ¹
420 3278 500 3309 Psal.
516 3289 584 3316 mv,
602 3280 634 3309 7.
653 3296 697 3300 —
718 3281 958 3321 2111Reg.x1x
971 3305 978 3318 ‚
996 3283 1027 3311 -’1.
1053 3300 1087 3303 -—
1109 3280 1249 3325 31¹liilip.
1269 3297 1279 3314 1
1296 3309 1302 3322 ‚
1326 3288 1380 3317 23.

1418 396 1494 419 non
1521 396 1604 432 ego.
1626 380 1848 420 Nesciebam
1871 394 1931 417 me
1954 394 2035 418 esse
2055 382 2094 418 in
2117 383 2214 419 13116
2234 383 2423 434 lacryma-

1418 456 1523 488 rum,
1544 450 1609 479 aut
1637 441 1778 478 oblitus
1800 441 1943 477 sueram
1971 440 2142 478 habitare
2170 456 2230 479 me
2257 442 2296 480 in
2327 452 2426 484 terra

1417 502 1634 540 oblivionis.
1657 506 1741 540 Non
1763 500 2006 539 attendebam
2029 510 2190 549 terram,
2207 502 2243 540 in
2262 517 2337 553 qua
2357 505 2426 543 ha-

1417 561 1497 600 bito
1514 592 1522 609 ,
1542 563 1672 613 spinas
1692 571 1729 599 et
1751 561 1912 599 tribulos
1933 562 2146 611 germinare
2166 563 2278 610 mihi3
2303 565 2426 603 succi-

1418 623 1468 660 sis
1488 623 1693 660 succedere
1723 635 1862 668 novas,
1882 630 1919 659 et
1942 635 2093 659 rursum
2125 623 2198 659 illis
2227 623 2318 661 alias
2346 624 2427 663 sine

1421 683 1514 729 line,
1537 683 1618 720 sine
1644 682 1923 719 intermissione
1948 695 2199 719 succrescere.
2221 683 2425 722 Audieram

1416 743 1488 780 hoc
1503 759 1510 781 :
1531 743 1597 780 sed
1614 744 1768 789 melius,
1788 752 1831 780 ut
1847 757 1949 780 nunc
1965 743 2157 793 experior,
2177 743 2260 794 ipsa
2277 745 2427 783 vexatio

1420 803 1485 840 dat
1514 804 1747 841 intellectum
1781 804 1939 841 auditui.
1970 808 2182 842 Innovatus
2214 812 2272 841 est
2303 804 2427 854 dolor,

1418 876 1497 900 non
1513 864 1809 911 exterminatu53
1828 865 2006 914 lacrymae
2022 864 2323 912 inundaverunt,
2341 866 2429 915 quia

1416 923 1665 960 invaluerunt
1694 925 1811 970 mala;
1845 934 1882 961 et
1910 925 2078 975 expertis
2097 926 2297 976 pruinam,
2318 926 2430 964 irruit

1369 990 1395 1024 B
1417 997 1532 1033 super
1561 998 1626 1021 eos
1655 985 1733 1021 nix.
1759 990 1859 1022 Ante
1886 986 2018 1022 faciem
2042 986 2193 1036 frigoris
2212 985 2327 1036 hujus
2346 987 2430 1037 quis

1417 1043 1645 1081 sustinebit?
1665 1048 1749 1081 Hoc
1778 1045 1919 1094 frigore
1947 1046 2156 1095 refrigescit
2180 1046 2361 1093 charitas,
2387 1056 2431 1084 ut

1417 1104 1587 1141 abundet
1606 1104 1797 1154 iniquitas.
1822 1108 1992 1142 Leonem
2015 1106 2224 1153 evasimus,
2245 1105 2312 1143 sed
2331 1106 2429 1144 inci-

1418 1164 1542 1201 dimus
1571 1165 1609 1201 in
1640 1165 1848 1203 draconem
1869 1173 1897 1213 ⁰,
1930 1166 1996 1216 qui
2030 1180 2108 1204 non
2141 1167 2268 1204 minus
2300 1167 2428 1204 forsan

1416 1233 1553 1262 noceat
1574 1224 1709 1262 sedens
1738 1226 1778 1262 in
1806 1226 1972 1274 insidiis,
1993 1241 2108 1277 quam
2127 1228 2191 1264 ille
2210 1227 2364 1278 rugiens
2383 1227 2429 1266 de

1416 1285 1580 1322 excelso.
1604 1288 1832 1336 Quanquam
1861 1301 1941 1324 non
1966 1286 2046 1337 jam
2073 1288 2113 1325 in
2136 1287 2303 1335 insidiis3
2321 1287 2430 1338 cujus

1416 1345 1608 1383 'virulenta
1624 1347 1714 1384 folia
1728 1347 1873 1384 utinam
1892 1348 2018 1385 adhuc
2032 1348 2196 1385 laterent
2212 1349 2251 1385 in
2268 1348 2428 1395 scriniis,

1419 1414 1457 1443 et
1475 1420 1554 1443 non
1571 1407 1610 1443 in
1633 1408 1752 1445 triviis
1770 1408 2000 1458 legerentur.
2022 1409 2163 1446 Volant
2179 1408 2268 1446 libri
2286 1424 2294 1446 :
2312 1417 2351 1446 et
2365 1409 2430 1460 qui

1415 1466 1579 1504 oderant
1597 1467 1740 1515 lucem,
1762 1468 1946 1518 quoniam
1960 1469 2050 1506 mali
2064 1477 2173 1516 sunt,
2189 1470 2431 1520 impegerunt

1414 1527 1452 1564 in
1472 1523 1617 1575 lucem,
1640 1537 1821 1579 putantes
1846 1529 1971 1566 lucem
1993 1529 2183 1567 tenebras.
2203 1529 2375 1568 Urbibus
2394 1538 2432 1568 et

1413 1589 1575 1626 castellis
1608 1589 1841 1639 ingeruntur
1881 1604 1954 1641 pro
2001 1590 2087 1628 luce
2125 1589 2312 1638 tenebrae3
2358 1603 2429 1641 pro

1413 1649 1544 1695 melle,
1587 1650 1647 1687 vel
1680 1650 1808 1700 potius
1841 1650 1881 1687 in
1912 1651 2024 1687 melle
2058 1663 2252 1688 venenum
2290 1651 2430 1701 passim

1413 1710 1594 1748 omnibus
1624 1711 1868 1762 propinatur.
1899 1712 2149 1749 Transierunt
2177 1712 2224 1749 de
2250 1720 2363 1762 gente
2391 1712 2430 1749 in
2485 1710 2487 1716 ’

1415 1780 1585 1821 gentem,
1606 1780 1643 1809 et
1663 1772 1710 1809 de
1727 1786 1846 1822 regno
1870 1772 1917 1809 ad
1939 1773 2129 1823 populum
2151 1773 2328 1809 alterum.
2355 1776 2432 1810 No·

1413 1845 1503 1868 vum
1525 1832 1679 1869 cuditur
1708 1833 1862 1883 populis
1883 1840 1921 1869 et
1949 1832 2126 1883 gentibus
2154 1832 2427 1882 Evangelium,

1413 1905 1514 1929 11013
1534 1894 1768 1944 proponitur
1790 1893 1903 1940 fides,
1924 1893 2218 1930 fundamentum
2236 1892 2340 1930 aliud
2358 1905 2431 1942 po-
2482 1906 2485 1911 ·

1414 1953 1519 1989 311111
1538 1962 1680 2003 praeter
1696 1954 1734 1991 id
1751 1954 1856 2004 quod
1876 1955 2046 2004 positum
2064 1962 2133 1991 est.
2150 1958 2207 1992 De
2227 1953 2431 1991 virtutibus
2482 1979 2483 1982 =

1414 2021 1452 2050 et
1470 2014 1571 2051 vitiis
1591 2027 1669 2051 non
1687 2015 1897 2061 moraliter,
1916 2015 1964 2052 de
1984 2015 2238 2053 Sacramentis
2256 2014 2431 2052 Ecclesiae
2481 2034 2483 2039 ·

1416 2086 1495 2110 non
1519 2075 1696 2121 fideliter,
1731 2075 1778 2112 de
1807 2089 1949 2113 arcano
1969 2084 2109 2112 sanctae
2130 2074 2324 2112 Trinitatis
2353 2087 2430 2112 non

1417 2134 1640 2185 simpliciter
1672 2149 1742 2173 nec.
1772 2135 1899 2173 sobrie
1931 2136 2177 2187 disputatur:
2203 2135 2270 2172 sed
2297 2143 2431 2173 cuncta

1416 2194 1528 2232 nobis
1553 2196 1592 2232 in
1613 2210 1860 2246 perversum,
1883 2205 2020 2234 cuncta
2039 2200 2181 2248 praeter
2199 2197 2374 2245 solitum,
2395 2204 2432 2234 et

1416 2264 1673 2306 praeterquam
1694 2258 1930 2308 accepimus,
1954 2258 2232 2295 ministrantur.

1471 2317 1506 2353 3.
1538 2317 1716 2354 Procedit
1746 2319 1876 2356 Golias
1904 2331 2070 2369 procero
2096 2332 2280 2369 corpore,
2311 2317 2432 2356 nobili

1417 2377 1483 2414 illo
1501 2391 1571 2414 suo
1594 2377 1732 2416 bellico
1750 2387 1937 2429 apparatu
1965 2379 2304 2425 circummunitus,
2326 2388 2433 2417 ante-
2477 2383 2480 2393 “

1418 2437 1578 2475 cedente
1604 2452 1760 2489 quoque
1788 2439 1915 2489 ipsum
1943 2439 2026 2489 ejus
2057 2439 2247 2490 armigero
2263 2439 2433 2478 Arnaldo

1418 2497 1464 2534 de
1484 2499 1623 2536 Brixia.
1654 2502 1817 2549 Squama
1836 2513 2002 2550 squamae
2024 2499 2286 2550 conjungitur,
2307 2508 2345 2537 et
2365 2513 2433 2538 nec
2475 2522 2478 2527 -

338 2555 377 2592 in
395 2557 494 2594 votis
509 2556 643 2594 distem
659 2571 680 2594 a
693 2559 831 2596 sanctis
847 2587 856 2604 ‚
874 2559 977 2609 quod
998 2560 1071 2609 ipsi
1089 2569 1351 2610 provocentur
1368 2565 1400 2598 D
1419 2558 1653 2608 spiraculum
1681 2559 1824 2596 incedit
1853 2573 1923 2610 per
1942 2573 2016 2597 635.
2047 2560 2243 2610 Siquidem
2271 2559 2434 2598 sibilavit
2475 2551 2479 2595 .’

1418 2617 1498 2668 apis
1530 2631 1616 2667 quae
1644 2627 1726 2656 erat
1755 2618 1794 2655 in
1828 2619 2008 2664 Francia,
2041 2619 2104 2669 api
2133 2618 2180 2656 de
2209 2618 2346 2656 Ita'lia*
2366 2633 2374 2656 :
2396 2625 2434 2655 et
2474 2647 2478 2655 .

1417 2688 1610 2716 venerunt
1637 2680 1674 2716 in
1698 2693 1818 2716 unum
1847 2679 2030 2717 adversus
2050 2679 2282 2726 Dominum,
2308 2687 2346 2716 et
2367 2678 2433 2716 ad-
2474 2696 2477 2707 ι

1418 2753 1552 2777 161535
1578 2740 1768 2778 Christum
1797 2739 1890 2790 ejus.
1917 2740 2175 2778 Intenderunt
2193 2753 2346 2786 arcum,
2366 2751 2432 2790 pa-

1421 2809 1605 2837 raverunt
1631 2801 1784 2850 sagittas
1804 2814 1890 2838 suas
1909 2801 1949 2837 in
1969 2801 2169 2852 pharetra,
2190 2808 2233 2837 ut
2257 2800 2433 2850 sagittent
2474 2808 2475 2814 ¹

1419 2860 1459 2897 in
1501 2860 1668 2898 obscuro
1703 2870 1828 2899 rectos
1863 2861 1992 2899 corde.
2026 2865 2070 2899 In
2100 2861 2204 2898 victu
2233 2868 2361 2897 autem
2396 2866 2434 2896 et
2472 2888 2475 2895 .

1419 2919 1551 2957 habitu
1572 2920 1755 2958 habentes
1782 2922 1943 2958 formam
1968 2920 2138 2974 pietatis,
2161 2920 2228 2957 sed
2253 2919 2430 2957 virtutem
2472 2935 2474 2941 ’

1419 2981 1502 3031 ejus
1546 2981 1797 3032 abnegantes,
1845 2996 1892 3020 eo
1933 2982 2132 3034 decipiunt
2173 2981 2322 3032 plures,
2356 2991 2431 3030 quo

1420 3044 1691 3094 transfigurant
1735 3057 1774 3081 se
1815 3044 1854 3080 in
1893 3044 2050 3094 angelos
2082 3042 2198 3089 lucis,
2234 3055 2320 3079 cum
2360 3040 2432 3078 sint

1419 3113 1571 3141 satanae.
1602 3108 1713 3142 Stans
1741 3118 1833 3154 ergo
1863 3105 1994 3143 Golias
2025 3117 2103 3141 una
2130 3115 2218 3140 cum
2246 3103 2431 3151 armigero

1419 3179 1489 3203 suo
1509 3166 1610 3203 inter
1630 3174 1811 3216 utrasque
1832 3166 1950 3212 acies,
1974 3166 2112 3203 clamat
2131 3164 2314 3202 adversus
2336 3161 2431 3214 pha-

390 3342 403 3358 ³¹
425 3338 541 3380 Scripta
559 3348 641 3369 anno
658 3338 772 3370 Clu-isti
793 3343 802 3370 1
818 3343 892 3371 140.
926 3358 958 3362 —
975 3341 990 3361 ¹>
1006 3340 1038 3371 ld
1058 3347 1102 3371 est
1120 3342 1251 3374 schisma
1269 3345 1351 3376 Petri
1367 3347 1492 3377 Leonis.
1515 3365 1559 3368 —
1577 3352 1590 3368 ⁰
1604 3350 1730 3379 Petrum
1747 3347 1970 3379 Abaelardum.
