2565 3952
138 174 179 210 41
887 175 1148 210 PRAEFATIO
1192 176 1485 212 GENERALIS.
2189 180 2204 208 3
2217 179 2237 203 ·)

142 288 157 301 »
196 266 277 308 sibi
299 265 560 321 pradiciunt,
589 272 630 308 et
658 267 784 307 nimis
820 266 1084 319 festinanter,
1111 271 1202 307 uta
1219 266 1483 321 quibusdam
1510 267 1682 321 dieitur,
1710 269 2027 324 pontificalibus
2052 271 2237 314 induunt

141 366 156 381 »
193 347 450 401 insignibus.
478 347 529 389 Id
559 347 674 388 illius
697 346 833 400 gratia
854 345 1184 401 dispensationis
1208 346 1367 387 factum
1398 346 1572 399 dieunt,
1606 352 1655 389 ut
1684 349 1863 389 Petrum
1895 348 2138 402 quemdam,
2161 352 2238 404 qui

140 444 156 461 υ
194 425 452 467 saeeulariter
482 425 536 467 ad
567 427 777 479 Papatum
805 424 1034 467 videbatur
1062 425 1263 479 aspirare,
1284 437 1358 478 spe
1390 437 1466 466 sua
1499 425 1825 468 frustrarentur.
1858 427 1956 468 Fuit
1984 427 2054 468 hic
2084 429 2237 468 Petrus

139 522 155 537 »
193 504 310 545 Petri
328 503 457 557 filius,
477 503 556 545 filii
576 505 728 545 Leonis
744 536 755 555 ,
777 523 792 539 υ
819 508 861 545 et
876 508 1039 557 caetera,
1060 515 1156 558 quae
1176 503 1376 558 superius
1396 502 1448 545 de
1475 516 1525 545 eo
1542 504 1783 546 retulimus.
1804 506 1977 546 Factum
1996 503 2150 546 clarius
2165 518 2236 546 ex-

133 583 282 637 primit
298 584 498 636 Sugerius
520 583 566 624 in
580 582 692 624 libro
712 582 764 625 de
775 583 873 625 Yita
891 581 1099 624 Ludoviei
1116 582 1275 635 Grossi,
1298 582 1375 623 ubi
1394 583 1476 635 ait,
1508 601 1522 616 «
1553 583 1753 625 Romanae
1783 582 1975 624 Ecclesiae
1998 582 2176 638 majores
2200 588 2240 625 et

139 680 154 696 υ
183 661 474 715 sapientiores,
505 682 520 697 »
542 663 749 704 exstineto
772 663 979 716 Honorio,
1007 681 1021 696 «
1047 661 1101 704 ad
1123 661 1430 704 removendum
1450 661 1642 704 Ecclesiae
1659 661 1894 704 tumultum
1917 682 1932 699 η
1955 663 2215 703 consensisse
2229 695 2239 714 ,

139 759 156 776 «
183 740 298 796 apud
318 741 763 794 Sanctum—Marcum,
795 746 836 784 et
858 754 945 783 non
968 741 1091 795 alibi,
1114 746 1155 784 et
1177 742 1349 783 nonnisi
1372 742 1656 784 communiter
1672 744 1863 784 Romano
1892 754 2009 784 more
2032 741 2241 783 celebrem

138 839 154 856 »ι
180 819 274 862 fieri
291 820 554 862 electionem.
578 841 594 856 »
618 823 674 863 At
699 840 715 856 «
738 821 815 876 qui
834 821 1081 863 assiduitate
1099 826 1141 863 et
1159 821 1444 862 familiaritate
1461 821 1794 876 propinquiores
1805 821 2039 876 Apostolici
2056 821 2240 873 fuerant,

138 919 154 935 »
179 900 332 942 timore
352 900 708 942 tumultuantium
733 901 1023 942 Romanorum
1040 899 1142 942 illue
1159 900 1386 942 convenire
1408 913 1495 941 non
1511 900 1729 953 audentes,
1751 905 1979 955 antequam
1997 899 2240 954 publicare-

138 999 155 1016 »
179 985 253 1023 tur
274 980 438 1022 domini
455 982 580 1036 Papae
605 980 816 1034 decessus,
833 993 1060 1036 personam
1078 980 1379 1029 venerabilem,
1405 978 1664 1021 cardinalem
1681 979 1734 1022 de
1757 985 1902 1022 saneto
1920 979 2082 1033 Angelo
2102 978 2245 1020 diaco-

140 1079 155 1094 »
181 1072 287 1101 num
303 1059 573 1113 Gregorium,
598 1072 815 1101 summum
839 1059 1013 1114 elegisse
1032 1058 1285 1100 Pontificem
1305 1074 1314 1099 ι
1334 1061 1410 1116 qui
1430 1064 1571 1101 autem
1592 1061 1706 1102 Petri
1725 1060 1878 1102 Leonis
1898 1060 2011 1115 parti
2028 1058 2244 1109 favebant,

141 1157 157 1173 »
183 1138 300 1193 apud
322 1140 741 1180 Sanctum-Marcum
760 1151 840 1193 pro
866 1142 990 1193 paeto
1018 1137 1122 1179 alios
1141 1138 1370 1180 invitantes
1393 1138 1664 1191 convenisse,
1688 1138 1938 1193 dominique
1955 1139 2080 1191 Papae
2108 1140 2244 1178 morte

142 1237 157 1252 »
183 1221 398 1271 comperta
420 1249 430 1270 ,
465 1217 607 1271 ipsum
637 1216 833 1258 eumdem
862 1219 1040 1258 Petrum
1070 1217 1250 1268 Leonis,
1283 1215 1540 1258 cardinalem
1565 1216 1862 1271 presbyterum
1878 1248 1888 1266 ‚
1920 1215 2181 1266 multorum,
2206 1218 2248 1256 et

142 1316 157 1330 »
180 1296 497 1350 episcoporum,
521 1299 563 1336 ct
587 1295 892 1347 cardinalium,
913 1299 954 1336 et
976 1294 1243 1347 clericorum,
1269 1298 1310 1336 et
1331 1296 1622 1336 Romanorum
1641 1295 1851 1336 nobilium
1868 1307 2077 1336 consensu
2105 1294 2248 1335 votive

141 1393 157 1408 »
185 1373 360 1427 elegisse
382 1386 391 1413 ε
424 1392 439 1409 »
462 1373 608 1428 sicque
629 1372 813 1415 schisma
838 1372 1129 1428 perniciosum
1157 1372 1389 1414 conflatum
1417 1373 1566 1416 fuisse.
1588 1374 1714 1416 Prior
1734 1375 1878 1429 itaque
1899 1378 1988 1415 erat
2010 1374 2248 1414 Innocentii

135 1452 284 1494 electio
317 1466 326 1494 z
363 1451 438 1494 sed
463 1464 736 1507 praepropera
755 1483 766 1504 ,
791 1464 868 1493 nec
894 1450 948 1493 ab
977 1451 1180 1493 universo
1208 1451 1456 1506 eligentium
1485 1458 1598 1496 coetu
1624 1454 1748 1496 faeta.
1776 1473 1792 1488 «
1829 1454 1937 1495 Cum
1968 1457 2110 1494 autem
2132 1453 2248 1493 Petri

140 1551 157 1567 υ
181 1532 335 1574 Leonis
355 1544 454 1587 pars
475 1536 570 1573 tum
588 1535 815 1587 parentum
833 1531 1041 1585 suffragio
1055 1563 1065 1580 ,
1093 1550 1108 1565 »
1131 1528 1252 1572 addit
1270 1533 1495 1587 sugerius,
1516 1553 1531 1569 α
1560 1537 1655 1575 tum
1671 1534 1870 1575 Romanae
1888 1532 2124 1574 nobilitatis
2141 1544 2250 1586 pra*-

142 1631 158 1646 »
186 1610 296 1654 sidio
315 1611 584 1666 praevaleret3
610 1631 625 1647 »
651 1612 927 1653 Innocentius
945 1610 1107 1654 Urbem
1126 1609 1284 1652 deserit
1299 1642 1309 1662 ,
1329 1615 1370 1653 et
1394 1611 1447 1653 ad
1468 1616 1609 1667 partes
1630 1612 1865 1654 Galliarum
1881 1612 2052 1665 navigio
2071 1609 2248 1651 descen-

136 1690 226 1745 dit,
257 1710 274 1726 «
300 1692 549 1747 nuntiisque
574 1691 629 1733 ad
650 1704 795 1746 regem
825 1691 1095 1733 Ludovicum
1122 1689 1343 1733 destinatis
1359 1723 1369 1743 ,
1395 1711 1410 1727 »
1435 1691 1525 1746 ejus
1561 1704 1688 1747 opem
1713 1691 1931 1746 efflagitat.
1963 1689 2251 1743 Quamobrem

135 1771 380 1814 Ludovicus
398 1773 589 1826 Stampas
606 1771 758 1814 indicit
786 1790 802 1806 «
824 1771 1054 1814 concilium
1071 1771 1491 1827 archiepiscoporum
1508 1804 1518 1824 ,
1541 1772 1839 1827 episcoporum
1858 1803 1867 1823 ,
1893 1769 2097 1812 abbatum
2118 1774 2159 1810 et
2182 1782 2249 1810 re-

145 1871 160 1887 »
185 1851 437 1906 ligiosorum
464 1851 679 1904 virorum,
705 1855 746 1893 et
777 1863 928 1893 eorum
955 1850 1133 1893 consilio
1152 1852 1288 1906 magis
1313 1852 1367 1896 de
1386 1866 1567 1909 persona
1583 1886 1593 1905 ,
1622 1866 1752 1909 quam
1771 1853 1823 1895 de
1851 1851 2055 1893 electione
2074 1851 2252 1892 investi-

144 1951 160 1967 »
186 1944 315 1986 gans,
341 1951 358 1968 »
378 1933 629 1974 Innocentio
649 1931 722 1974 dat
741 1945 917 1985 manus,
945 1936 1117 1974 auctore
1137 1932 1387 1987 Bernardo,
1420 1934 1466 1975 in
1493 1933 1615 1988 eujus
1642 1932 1899 1986 suffragium
1928 1931 2060 1973 totius
2086 1929 2255 1972 ec-ncilii

138 2015 238 2053 vota
254 2016 554 2064 convenerant,
579 2016 684 2053 teste
702 2011 888 2053 Ernaldo
905 2012 951 2052 in
970 2010 1081 2053 libro
1107 2011 1294 2054 secundo
1314 2012 1367 2054 110
1389 2012 1480 2067 ejus
1499 2013 1610 2064 Vita,
1630 2024 1722 2067 cap.
1750 2015 1785 2052 1.
1811 2009 1895 2052 Sub
1921 2009 2009 2051 haee
2026 2009 2252 2062 Sugerius,

140 2091 204 2132 uti
224 2091 313 2145 ipse
329 2091 618 2145 persequitur,
641 2090 842 2132 mandato
873 2092 1000 2146 Regis
1028 2090 1200 2132 obviam
1221 2092 1473 2133 Innocentio
1497 2091 1652 2132 missus
1673 2089 1924 2132 Cluniacum
1947 2100 2108 2142 usque,
2134 2086 2255 2140 cujus

138 2169 223 2211 loci
238 2169 369 2211 abbas
392 2171 542 2211 Petrus
559 2169 825 2211 Venerabilis
845 2174 887 2211 et
912 2169 1110 2211 monaehi
1127 2170 1352 2223 AnacletO,
1374 2170 1584 2212 monacho
1608 2169 1827 2225 quondam
1843 2180 1941 2220 suo,
1959 2166 2256 2208 Innocentium

139 2247 438 2303 praetulerant,
462 2253 510 2290 ut
526 2252 673 2303 postea
698 2248 943 2289 notabimus
966 2248 1020 2289 ad
1044 2250 1267 2304 epistolam
1287 2251 1559 2292 centesimam
1577 2250 1826 2304 vigesimam
1853 2252 2030 2289 sextam.
2049 2247 2138 2287 Rex
2165 2246 2255 2300 ipse

141 2339 278 2382 usque
305 2326 360 2369 ad
389 2326 653 2368 Floriacense
682 2327 817 2368 sancti
845 2326 1065 2368 Benedicti
1093 2329 1399 2370 monasterium
1427 2341 1526 2370 cum
1547 2329 1694 2382 regina
1728 2332 1769 2369 et
1796 2326 1896 2368 filiis
1916 2326 2004 2367 suis
2023 2326 2149 2379 Papae
2179 2336 2253 2364 00-

141 2405 302 2458 currit,
322 2409 365 2448 et
383 2405 550 2459 regium
571 2405 797 2458 verticem,
831 2423 846 2439 «
871 2408 1077 2459 tanquam
1099 2404 1153 2447 ad
1171 2406 1416 2460 sepulcrum
1436 2406 1552 2448 Petri
1578 2405 1786 2447 inclinans
1806 2437 1816 2457 ,
1843 2403 2026 2459 pedibus
2048 2402 2138 2457 ejus
2155 2414 2256 2457 pro-

147 2504 163 2519 »
187 2484 366 2526 cumbit.
385 2504 401 2520 ³>
427 2484 529 2540 Ejus
549 2484 744 2540 exemplo
758 2497 834 2526 rex
851 2484 1015 2540 Angliae
1035 2485 1259 2536 Henrieus,
1281 2484 1430 2526 itidem
1448 2484 1697 2526 Innocentio
1721 2502 1737 2518 «
1758 2485 1992 2524 Carnotum
2011 2492 2252 2531 occurrens,

148 2583 164 2599 »
190 2563 462 2606 devotissime
496 2563 680 2619 pedibus
718 2563 808 2618 ejus
838 2568 1093 2619 prostratus,
1127 2584 1141 2599 u
1174 2577 1295 2605 suam
1331 2575 1594 2618 suorumque
1624 2561 1906 2604 obedientiam
1944 2561 1983 2600 ei
2023 2559 2249 2614 promittit.

142 2643 416 2685 Innocentius
446 2656 549 2685 vero
579 2663 595 2678 «
626 2643 840 2685 visitando
877 2643 1136 2686 Gallicanam
1169 2644 1399 2687 Ecclesiam
1416 2676 1426 2696 ,
1454 2643 1507 2685 ad
1539 2647 1681 2697 partes
1716 2653 1758 2683 se
1790 2639 1993 2682 transfert
2021 2638 2252 2680 Lotharin-

149 2742 165 2758 »ι
191 2735 359 2777 gerum.
383 2723 462 2765 Cui
493 2736 593 2765 cum
617 2724 849 2778 imperator
866 2724 1094 2766 Lotharius
1113 2724 1285 2765 civitate
1303 2720 1451 2763 Leodii
1470 2733 1569 2761 cum
1587 2730 1742 2773 magno
1759 2716 2190 2771 archiepiscoporum,
2213 2719 2255 2755 et

151 2822 166 2838 »
190 2804 502 2858 episcoporum,
529 2808 571 2845 et
589 2804 809 2846 Teutonici
835 2804 956 2858 regni
975 2805 1232 2859 optimatum
1259 2801 1437 2855 collegio
1462 2797 1734 2841 celeberrime
1753 2795 2028 2847 occurrisset,
2050 2795 2095 2835 in
2114 2794 2253 2848 platea

152 2900 167 2915 »
192 2885 289 2923 ante
309 2881 590 2936 episcopalem
609 2882 827 2923 ecclesiam
854 2882 1092 2924 humillime
1112 2894 1155 2923 se
1176 2882 1318 2936 ipsum
1339 2883 1564 2920 stratorem
1583 2876 1784 2926 offerens,
1806 2873 1935 2929 pedes
1957 2886 2035 2928 per
2064 2872 2252 2914 medium

153 2977 168 2994 υ
194 2964 347 3001 sanctae
366 2961 648 3015 processionis
677 2961 731 3003 ad
754 2974 852 3003 eum
876 2961 1063 3012 festinat,
1088 2960 1169 3002 alia
1191 2971 1322 3000 manu
1344 2958 1508 3011 virgam
1538 2955 1591 2997 ad
1608 2952 1954 3010 defendendum,
1975 2951 2056 2993 alia
2082 2951 2247 2992 frenum

153 3055 169 3072 ²>
195 3037 280 3079 albi
309 3039 411 3093 equi
442 3040 672 3094 accipienS,
695 3044 902 3095 tanquam
933 3040 1158 3082 dominum
1191 3037 1442 3080 deducebat.
1465 3034 1758 3077 Descendente
1792 3045 1893 3074 vero
1928 3036 2016 3074 tota
2043 3032 2222 3073 statione
2239 3062 2249 3082 ,

155 3135 170 3152 »
196 3130 294 3158 eum
327 3118 625 3173 suppodiando
657 3118 912 3173 deportans,
948 3118 1247 3161 celsitudinem
1279 3115 1545 3172 paternitatis
1579 3113 1669 3168 ejus
1698 3113 1810 3154 notis
1839 3116 1880 3152 et
1909 3111 2066 3164 ignotis
2092 3108 2250 3150 clarifi-

157 3215 172 3230 »
191 3197 317 3239 cavit.
345 3217 360 3233 »
387 3199 487 3240 Haee
507 3212 618 3240 anno
638 3203 652 3240 1
671 3201 748 3241 130
767 3204 883 3254 gesta
913 3214 922 3241 ι
949 3198 1025 3240 ubi
1053 3198 1253 3252 sugerius
1273 3196 1369 3237 silet
1395 3193 1447 3235 de
1467 3190 1685 3234 Bernardo
1700 3223 1710 3243 ,
1736 3202 1866 3245 quem
1884 3187 2101 3229 assiduum
2119 3187 2250 3227 Inno-

151 3276 279 3317 centii
305 3278 503 3318 comitem
524 3278 687 3320 itineris
711 3292 787 3334 per
804 3279 982 3321 Galliam
1002 3278 1131 3320 fuisse
1152 3290 1203 3318 ex
1221 3272 1406 3316 Ernaldo
1426 3272 1644 3314 discimus.

214 3355 321 3395 XLI.
346 3358 586 3410 Antequam
612 3362 761 3399 caetera
783 3370 1111 3411 persequamur,
1136 3368 1220 3397 non
1238 3354 1290 3395 ab
1310 3366 1355 3394 re
1375 3352 1506 3394 fuerit
1528 3350 1775 3399 observare,
1803 3345 1907 3400 quid
1933 3350 2033 3384 tune
2054 3343 2255 3396 temporis
