2565 3952
93 171 165 208 105

89 247 318 287 cruciatibus
362 246 539 284 nostris?
584 245 651 283 ubi
691 246 867 296 praecipit
907 246 1104 296 Scriptura
1128 246 1141 264 ⁵

1010 170 1038 204 E
1046 169 1275 206 PISTOLAE.

2123 172 2194 210 10ss

1174 260 1249 283 nor
1267 246 1483 283 litterarum
1498 275 1507 291 ,
1530 247 1610 284 haec
1627 245 1762 296 judicii
1784 260 1932 284 summa
1947 277 1956 294 ‚
1974 248 2055 285 haec
2080 251 2195 287 totius

88 308 304 360 quempiam
328 320 409 345 sese
433 307 676 343 interlicere?
701 306 832 354 Qualis
854 318 946 342 vero
971 306 1106 356 religio
1124 313 1156 347 A
1175 320 1297 343 causae
1315 306 1489 343 delinitio
1503 336 1512 352 ,
1534 315 1576 343 ut
1592 315 1747 344 teneant
1763 307 1830 357 qui
1848 308 2040 354 tulerunt,
2060 309 2195 346 sileant

86 379 143 408 est
174 369 306 407 fodere
339 377 480 405 terram
494 397 504 414 ,
535 367 668 405 silvam
701 367 878 404 excidere
892 397 902 414 ,
937 375 1107 404 stercora

85 430 356 480 comportare?
376 427 573 478 Numquid
606 440 685 464 non
713 427 903 464 sententia
927 427 1106 464 Veritatis

86 500 167 537 est,
188 492 496 527 stlisericorcliam
520 491 627 532 volo,
655 498 690 524 ec
714 503 789 524 non
818 490 1047 536 sacrificium
1066 491 1106 525 ¹?

85 560 144 598 et,
163 553 258 588 Nolo
276 560 430 587 mortem
437 555 667 599 peccatoris,
683 551 752 585 secl
765 554 888 599 magJ's
906 558 946 585 ut
959 563 1106 585 conver-

84 621 186 648 tatur
197 620 233 648 et
248 615 353 648 vivat
364 612 400 647 ²?
417 619 455 647 et
468 639 477 656 ,
500 612 614 645 Beati
631 611 904 655 misericordes,
923 614 1105 658 quoniam

84 677 160 722 ipsi
176 674 472 709 misericordiam
495 669 819 720 consequentur3?
843 670 993 720 thuid
1011 684 1104 708 vero

82 737 187 772 Deus
206 732 312 770 cibos
332 731 499 778 creavit,
532 731 563 769 si
584 745 663 768 non
698 731 811 768 liceat
841 730 1105 768 manducare?

82 793 219 844 utquid
243 792 355 831 nobis
371 805 538 843 corpora
564 791 692 836 dedit,
727 791 757 828 si
791 790 998 842 prohibeat
1018 804 1104 828 sus-

80 857 249 892 tentare?
263 854 454 905 Denique,
472 853 540 904 qui
558 852 630 890 sibi
645 866 825 903 nequam,
845 853 906 890 cui
926 851 1103 890 bonusss?

1175 367 1240 417 qui
1258 367 1470 404 amiserunt
1499 382 1507 404 z
1540 367 1641 404 inter
1657 367 1738 404 haee
1762 375 1888 404 autem
1912 376 2045 417 pereat
2070 368 2197 405 anima

1173 441 1246 478 pro
1279 441 1356 478 qua
1387 428 1558 465 Christus
1589 437 1765 465 mortuus
1798 437 1876 472 est,
1909 436 1945 464 et
1971 428 2068 473 hoc,
2105 429 2197 478 quia

1174 489 1443 527 Cluniacenses
1458 489 1609 526 volunt.
1628 490 1688 528 Fit
1703 489 1892 540 professio
1914 502 2030 539 super
2050 489 2196 539 profes-

1173 549 1321 586 sionem
1335 579 1344 595 ,
1365 558 1532 586 vovetur
1552 549 1658 599 quod
1690 563 1769 586 non
1789 550 1985 595 solvetur3
2009 549 2198 599 proponi-

1174 619 1238 647 tur
1258 610 1364 660 quod
1396 623 1475 647 non
1505 609 1724 656 tenebitur3
1757 617 1902 646 etcum
1932 609 2101 660 primum
2123 622 2196 659 pa—

1174 679 1279 708 ctum
1297 671 1449 708 irritum
1468 672 1609 708 factum
1632 671 1693 716 sit,
1722 672 1762 707 in
1781 670 1951 707 secundo
1980 669 2196 719 geminatur

1172 732 1461 782 praevaricatio,
1481 740 1518 769 et
1540 734 1581 769 fit
1601 745 1718 782 supra
1740 731 1899 768 modum
1919 743 2083 781 peccans
2105 743 2198 780 pec-

1172 801 1299 830 catum
1321 791 1349 829 3.

1228 855 1263 892 7.
1295 854 1434 892 Veniet
1450 883 1459 899 ,
1491 854 1621 891 veniet
1641 853 1707 904 qui
1741 854 1839 891 male
1855 852 2029 903 judicata
2051 851 2194 902 rejudi-

78 914 171 963 Quis
204 927 377 964 unquam
416 927 552 951 sanum
586 913 738 965 sapiens
755 943 765 961 ,
799 926 954 950 carnem
993 925 1100 950 suam
1122 911 1151 945 Β
1170 913 1272 952 cabit
1288 944 1297 961 ,
1320 915 1450 952 illicite
1467 914 1596 964 jurata
1613 915 1846 962 confutabit3
1869 915 1934 965 qui
1956 914 2068 952 faciet
2085 913 2192 962 judi—

78 975 168 1012 odio
188 974 374 1012 habuit-¹³?

130 1037 166 1073 5.
190 1035 344 1073 Talibus
360 1035 514 1073 tandem
535 1034 829 1086 allegationibus
847 1034 946 1071 male
964 1033 1098 1071 credu-

77 1097 135 1134 lus
154 1110 253 1147 puer
282 1097 570 1134 circumventus
601 1097 817 1143 seducitur,
854 1095 1098 1133 seductorem

76 1157 269 1208 sequitur,
302 1158 527 1196 Cluniacum
549 1157 727 1205 ducitur-3
759 1157 966 1202 tondetur,
996 1156 1100 1193 radi-

77 1226 159 1264 tur,
184 1219 357 1266 lavatur;
378 1219 532 1256 exuitur
558 1219 781 1263 rusticanis,
811 1218 993 1264 vetustis,
1021 1230 1102 1254 sor-

75 1277 196 1325 didis,
215 1278 391 1316 induitur
412 1278 609 1329 pretiosis,
630 1268 742 1315 novis
759 1292 802 1315 ac
823 1277 975 1324 nitidis3
994 1286 1032 1314 et
1049 1277 1101 1313 ita

74 1339 115 1376 in
142 1348 378 1377 conventum
405 1339 626 1389 suscipitur.
649 1338 723 1376 Sed
743 1352 830 1375 cum
861 1338 965 1387 quali
987 1346 1101 1388 putas

74 1399 244 1446 honore,
261 1414 349 1437 cum
372 1413 450 1450 quo
468 1399 667 1450 triumpho
681 1428 690 1445 ,
712 1412 800 1436 cum
821 1406 967 1448 quanta
987 1411 1099 1434 reve-

74 1462 232 1499 rentia?
262 1462 444 1499 Defertur
477 1461 513 1498 ei
547 1474 665 1512 super
705 1473 841 1498 omnes
883 1468 1098 1497 coaetaneos

74 1535 183 1569 suos,
209 1531 248 1559 et
273 1531 456 1573 tanquam
486 1522 612 1559 victor
640 1522 792 1559 rediens
812 1534 832 1558 a
861 1533 1010 1571 pugna,
1045 1520 1098 1557 sic

74 1583 252 1621 laudatur
265 1592 446 1634 peccator
458 1584 498 1621 in
513 1583 713 1620 desideriis
726 1583 863 1619 animae
879 1595 957 1619 suae
969 1581 995 1618 ⁶.
1011 1585 1098 1620 Sus-

74 1644 222 1682 tollitur
248 1645 290 1682 in
315 1646 456 1692 altum,
477 1653 579 1682 statu
601 1657 682 1681 non
710 1643 895 1681 mediocri
926 1643 1096 1680 colloca-

74 1711 161 1751 tur,
183 1705 237 1742 ita
258 1714 302 1742 ut
325 1705 454 1742 multis
477 1703 696 1742 senioribus
717 1704 900 1755 praelatus
929 1704 978 1740 sit
999 1703 1097 1740 ado-

72 1764 219 1803 lescens
252 1781 261 1804 :
304 1767 405 1803 favet
421 1796 431 1813 ‚
466 1765 668 1803 blanditur
689 1795 698 1812 ,
735 1765 1027 1816 congratulatur
1062 1764 1096 1802 ei

1169 976 1271 1013 cium
1306 976 1487 1026 injuriam
1519 977 1757 1027 patientibus
1772 984 1801 1023 9,
1839 977 1906 1027 qui
1937 975 2127 1026 judicabit
2154 975 2193 1011 in

1164 1036 1314 1086 justitia
1348 1051 1557 1089 pauperes,
1601 1047 1638 1075 et
1673 1047 1808 1089 arguet
1838 1039 1876 1075 in
1911 1038 2090 1088 aequitate
2121 1049 2194 1087 pro

1172 1098 1382 1135 mansuetis
1410 1107 1522 1135 terrae
1543 1105 1586 1136 ¹⁰.
1607 1099 1746 1137 Veniet
1779 1112 1852 1150 pro
1885 1107 2012 1144 certo,
2034 1097 2099 1148 qui
2121 1110 2192 1148 per

1166 1159 1399 1208 proplietam
1421 1159 1590 1196 minatur
1609 1159 1648 1196 in
1665 1159 1816 1197 Psalmo
1835 1159 1966 1196 dicens
1984 1174 1992 1196 :
2016 1159 2108 1195 Cum
2131 1172 2194 1193 ac-

1169 1233 1302 1268 cepero
1328 1229 1470 1268 tempus
1487 1249 1497 1265 ‚
1534 1234 1600 1269 ego
1625 1221 1794 1266 jussitias
1815 1219 2002 1266 judicabo
2022 1226 2065 1256 ¹¹.
2088 1218 2190 1267 Quid

1168 1280 1281 1317 faciet
1298 1280 1344 1317 de
1366 1280 1518 1329 injustis
1532 1280 1709 1330 judiciis,
1737 1281 1803 1330 qui
1825 1282 1926 1331 ipsas
1947 1292 2103 1330 quoque
2120 1278 2187 1328 ju-

1168 1341 1288 1377 stitias
1319 1339 1536 1390 judicabit?
1565 1341 1723 1388 Veniet,
1756 1342 1936 1391 inquam,
1957 1341 2087 1377 veniet
2109 1340 2189 1376 dies

1162 1399 1300 1450 judicii
1324 1417 1331 1438 :
1354 1401 1423 1438 ubi
1452 1402 1539 1452 plus
1567 1402 1754 1439 valebunt
1777 1416 1875 1452 pura
1899 1403 2017 1440 eorda
2032 1432 2041 1449 ,
2073 1417 2187 1454 quam

1165 1470 1291 1499 astuta
1308 1462 1446 1510 verba3
1468 1472 1506 1500 et
1532 1464 1768 1501 conscientia
1788 1463 1891 1501 bona
1905 1493 1914 1510 ,
1944 1478 2060 1514 quam
2080 1478 2187 1502 mar-

1166 1524 1277 1575 supia
1297 1524 1412 1574 plena
1430 1540 1438 1562 :
1461 1525 1778 1575 quandoquidem
1797 1526 1921 1564 Judex
1943 1528 2007 1565 ille
2029 1542 2100 1566 uec
2117 1530 2189 1566 fal-

1165 1584 1266 1621 letur
1293 1584 1445 1633 verbis,
1467 1599 1538 1622 nec
1564 1585 1741 1622 flectetur
1767 1585 1891 1624 donis.
1926 1591 2073 1633 Tuum,
2108 1592 2189 1626 Do-

1166 1645 1270 1682 mine
1291 1649 1381 1683 Jesu
1398 1676 1408 1693 ,
1435 1645 1606 1684 tribunal
1636 1647 1791 1697 appello
1823 1662 1830 1684 :
1856 1656 1922 1685 tuo
1958 1662 2019 1685 me
2041 1648 2188 1698 judicio

1164 1719 1299 1754 servo,
1327 1706 1397 1744 tibi
1426 1709 1627 1745 committo
1659 1721 1811 1745 causam
1843 1722 1990 1756 meam,
2022 1712 2188 1749 Domine

1163 1771 1268 1805 Deus
1291 1767 1474 1815 sabaoth,
1503 1769 1569 1819 qui
1587 1768 1739 1819 judicas
1755 1768 1882 1818 juste,
1906 1779 1943 1807 et
1960 1770 2102 1821 probas
2125 1786 2187 1810 re—

73 1825 250 1864 universa
269 1826 504 1872 fraternitas,
523 1826 718 1863 exsultant
737 1838 891 1871 omnes,
911 1833 1094 1875 tanquam
1114 1826 1141 1862 C
1164 1841 1231 1865 nes
1252 1837 1290 1865 et
1305 1829 1421 1866 corda
1439 1835 1489 1875 ¹²3
1515 1828 1623 1879 cujus
1645 1830 1745 1866 oculi
1766 1830 1863 1867 sicut
1880 1830 2010 1868 fallere
2033 1832 2188 1879 nolunt,

72 1887 240 1924 victores
260 1896 372 1938 capta
392 1886 543 1937 praeda,
561 1885 717 1936 quando
733 1885 912 1923 dividunt
928 1886 1050 1936 spolia
1067 1893 1094 1923 7.

71 1949 105 1985 O
125 1952 216 1986 Jesu
239 1948 358 1986 bone!
380 1961 497 1999 quam
514 1948 636 1984 multa
653 1948 750 1984 facta
777 1955 867 1984 sunt
888 1960 962 1997 pro
981 1947 1096 1983 unius

72 2009 252 2046 animulae
265 2009 501 2060 perditione!
518 2008 635 2059 Cujus
651 2009 699 2045 ad
714 2009 795 2045 haec
810 2006 1096 2058 quantumlibet

72 2068 274 2107 robustum
295 2079 430 2121 pectus
450 2083 529 2107 non
551 2069 838 2106 emollesceret?
865 2067 974 2118 eujus
991 2068 1094 2104 inte-

71 2131 170 2177 rior,
189 2132 436 2181 quantumvis
453 2131 686 2182 spiritualis,
709 2131 844 2167 oculus
866 2143 942 2166 non
963 2129 1096 2166 turba-

71 2194 204 2229 retur?
225 2193 287 2230 cui
315 2193 417 2229 inter
444 2193 533 2229 talia
553 2191 601 2228 ad
626 2205 733 2228 suam
757 2192 869 2228 liceat
895 2204 1095 2228 recurrere

73 2253 371 2290 conscientiam?
391 2254 478 2304 quis
502 2253 668 2303 denique
689 2253 728 2289 in
750 2261 852 2289 tanta
868 2265 1014 2302 pompa
1033 2253 1094 2288 vel

71 2314 270 2352 veritatem
292 2315 418 2352 valeat
434 2327 662 2364 agnoscere,
690 2314 751 2350 vel
770 2313 947 2350 obtinere
966 2313 1095 2350 humi-

71 2375 214 2413 litatem
227 2377 242 2412 Ρ

125 2438 164 2474 6.
183 2437 348 2474 Mittitur
363 2437 511 2475 interea
525 2450 598 2488 pro
615 2449 661 2474 eo
676 2440 854 2474 Romam.
872 2435 1094 2486 Apostolica

72 2498 326 2548 compellatur
352 2498 581 2545 auctoritas;
613 2506 651 2535 et
682 2506 725 2534 ut
751 2501 853 2547 Papa
880 2510 959 2533 non
981 2505 1094 2546 neget

73 2569 267 2595 assensum
281 2587 290 2604 ,
311 2559 530 2609 suggeritur
545 2559 579 2595 ei
597 2559 784 2595 infantem
805 2558 896 2595 olim
914 2571 935 2594 a
955 2571 1094 2608 paren-

1164 1889 1216 1925 ita
1237 1889 1315 1925 falli
1336 1903 1414 1926 non
1434 1899 1615 1940 possunt3
1634 1899 1675 1926 tu
1690 1890 1798 1927 vides
1812 1891 1879 1940 qui
1898 1900 1981 1938 tua,
1999 1892 2105 1930 vides
2123 1893 2188 1943 qui

1164 1958 1345 1999 quaerunt
1365 1959 1402 1986 et
1423 1949 1545 1988 sua¹3.
1564 1954 1621 1988 Tu
1641 1951 1742 1988 nosti
1759 1951 1901 2002 quibus
1927 1953 1959 1989 ei
1978 1953 2188 1991 visceribus

1162 2011 1201 2047 in
1220 2012 1367 2049 cunctis
1393 2011 1672 2049 tentationibus
1691 2013 1770 2049 suis
1796 2027 1949 2064 semper
1974 2016 2187 2066 adfuerim,

1163 2073 1318 2123 quantis
1335 2087 1408 2123 pro
1426 2087 1472 2110 eo
1495 2073 1699 2123 gemitibus
1717 2088 1829 2112 aures
1846 2084 1918 2113 tuae
1934 2077 2085 2126 pietatis
2099 2081 2187 2130 pul-

1163 2134 1352 2180 saverim,
1386 2135 1551 2184 qualiter
1583 2134 1630 2171 ad
1665 2149 1829 2186 quaeque
1858 2137 1959 2175 illius
1987 2140 2186 2189 scandala,

1163 2194 1495 2245 perturbationes,
1520 2196 1715 2233 molestias
1736 2210 1806 2247 ego
1832 2198 1997 2246 urebar,
2025 2209 2185 2252 torque-

1163 2254 1257 2301 bar,
1280 2255 1491 2306 affligebar.
1516 2259 1564 2293 Et
1585 2270 1689 2294 nunc
1709 2258 1824 2295 timeo
1842 2272 1890 2295 ne
1913 2260 2065 2298 frustra.
2088 2266 2185 2301 Puto

1163 2315 1266 2352 enim
1280 2344 1289 2361 ,
1310 2325 1497 2366 quantum
1520 2326 1703 2367 expertus
1717 2331 1823 2364 sum,
1845 2319 2097 2360 adolescentis
2115 2338 2185 2374 per

1163 2389 1202 2414 se
1223 2377 1312 2414 satis
1336 2377 1521 2414 ferventis
1553 2386 1590 2414 et
1622 2377 1888 2416 insolescentis
1924 2394 1994 2417 nec
2028 2386 2184 2434 corpori

1163 2437 1251 2474 talia
1278 2437 1460 2488 expedire
1491 2438 1684 2484 fomenta,
1719 2452 1790 2476 nec
1813 2441 1933 2477 menti
1959 2442 2022 2479 illa
2052 2445 2184 2494 gloriae

1162 2507 1408 2536 tentamenta.
1424 2502 1579 2548 Itaque,
1600 2499 1745 2536 arbiter
1762 2514 1868 2538 meus
1885 2504 2049 2540 Domine
2067 2510 2155 2543 Jesu
2171 2536 2180 2553 ‚

1161 2558 1209 2595 de
1236 2559 1346 2595 vultu
1375 2566 1442 2594 tuo
1473 2557 1666 2607 jildicium
1693 2572 1821 2596 meum
1858 2560 2045 2610 prodeat,
2080 2566 2182 2602 oculi

73 2616 174 2655 tibus
194 2618 367 2657 oblatum
389 2619 503 2656 fuisse
530 2620 779 2657 monasterio.
812 2622 897 2657 'Non
935 2619 1006 2655 fuit
1025 2618 1092 2668 qui
1111 2617 1144 2651 D
1161 2619 1217 2656 tui
1238 2619 1394 2656 videant
1413 2619 1631 2669 aequitatem
1652 2620 1695 2656 ¹4.

74 2679 264 2718 refelleret
285 2680 380 2732 (nec
401 2681 505 2718 enim
529 2681 792 2718 contradictor
819 2688 876 2717 est
893 2688 1092 2730 exspecta-

75 2740 184 2793 tus),
202 2741 418 2792 judicatum
444 2752 501 2780 est
522 2743 568 2780 de
589 2752 718 2794 parte,
740 2742 1004 2792 abjudicatum
1020 2741 1092 2779 ah-

74 2802 254 2840 sentibus.
277 2804 481 2842 Justificati
504 2812 594 2841 sunt
613 2804 680 2853 qui
697 2802 877 2853 injuriam
895 2803 1089 2847 fecerunt,

74 2864 299 2902 exciderunt
319 2879 341 2903 a
360 2879 473 2903 causa
501 2866 569 2916 qui
594 2866 695 2915 passi
723 2873 835 2911 sunt,
857 2863 1003 2914 absque
1028 2878 1090 2901 sa-

75 2923 287 2964 tisfactione
308 2927 524 2964 absolvitur
544 2940 645 2964 reus.
668 2927 860 2964 Firmatur
886 2925 1090 2975 privilegio

75 2983 218 3022 crudeli
233 2986 394 3024 nimium
421 2986 589 3023 clemens
607 2985 795 3022 sententia
813 2984 1066 3022 absolutionis
1081 3001 1090 3032 3

75 3055 153 3092 quo
187 3055 387 3096 reportato
421 3047 717 3084 confirmaretur
743 3046 947 3082 fluctuanti
977 3046 1093 3082 mal&

75 3115 182 3142 suasa
202 3106 409 3154 stabilitas,
439 3107 623 3145 securitas
643 3106 846 3144 dubitanti.
875 3109 923 3144 Et
947 3106 1009 3144 hie
1035 3115 1092 3144 te-

1216 2682 1252 2718 8.
1274 2680 1440 2718 Videant
1461 2689 1499 2717 et
1515 2679 1709 2730 judicent,
1732 2682 1824 2731 quid
1844 2683 1972 2732 potius
1993 2693 2094 2723 stare
2113 2687 2182 2725 de-

1159 2741 1291 2779 buerit
1306 2770 1315 2788 ,
1340 2756 1388 2778 an
1412 2750 1549 2779 votum
1578 2742 1698 2792 patris
1720 2743 1766 2779 de
1791 2744 1887 2791 filio,
1916 2759 1963 2782 an
1985 2747 2052 2784 filii
2075 2748 2121 2785 de
2143 2762 2182 2786 se

1161 2803 1246 2853 ipso
1260 2832 1269 2849 ,
1288 2803 1501 2853 praesertim
1525 2816 1609 2839 cum
1634 2803 1734 2840 filius
1753 2804 1896 2854 aliquid
1917 2805 2040 2856 majus
2058 2808 2181 2846 devo-

1158 2863 1269 2900 verit.
1287 2863 1425 2901 Videat
1458 2872 1496 2900 et
1526 2864 1689 2901 famulus
1712 2873 1798 2902 tuus
1827 2866 2023 2916 legislator
2048 2879 2182 2908 noster

1158 2923 1407 2971 Benedictus,
1426 2923 1519 2974 quid
1538 2926 1750 2975 regularius
1772 2928 1886 2964 fuerit
1899 2957 1907 2973 ,
1925 2937 2054 2966 utrum
2076 2932 2182 2981 quod

1159 2985 1303 3022 factum
1339 2994 1397 3023 est
1428 2986 1475 3023 de
1511 2986 1702 3024 infantulo
1719 3017 1728 3034 ,
1766 2989 1960 3026 nesciente
1987 2991 2097 3041 ipso;
2131 3007 2179 3030 an

1160 3046 1265 3097 quod
1286 3048 1368 3098 ipse
1388 3062 1459 3098 per
1476 3062 1515 3086 se
1535 3049 1784 3099 postmodum
1807 3051 1978 3100 prudens
2001 3061 2038 3089 et
2060 3054 2181 3091 sciens

1160 3107 1268 3155 fecit,
1292 3123 1380 3146 cum
1396 3109 1477 3160 jam
1498 3118 1649 3148 aetatem
1676 3110 1837 3148 haberet
1856 3120 1899 3148 ut
1920 3112 1967 3150 de
1987 3126 2026 3150 se
2042 3114 2180 3165 loque—

124 3242 136 3258 ¹
159 3238 276 3270 Matth.
302 3251 357 3278 1x,
389 3242 450 3280 13„
464 3259 511 3263 ——
532 3246 547 3262 ²
562 3239 679 3272 Ezech.
699 3251 813 3271 xxxin
827 3264 834 3278 ,
865 3242 918 3271 11.
939 3258 985 3264 --
1001 3237 1015 3260 3
1033 3239 1152 3272 Matth.
1175 3254 1208 3281 v,
1233 3245 1266 3274 7,
1287 3262 1333 3266 ——
1352 3243 1367 3270 4
1387 3243 1574 3282 Eeeli.x1v‚
1601 3248 1618 3276 5
1651 3262 1695 3267 —
1710 3242 1723 3266 5
1741 3244 1857 3287 Ephes.
1873 3256 1909 3283 ν,
1936 3249 1991 3277 29.
2009 3264 2051 3269 —-
2066 3245 2081 3269 6
2095 3249 2177 3281 Psnl.

76 3300 120 3328 1,
141 3292 235 3322 3.—
256 3293 362 3325 usai.
394 3304 450 3330 tx,
477 3297 511 3326 3.
532 3312 579 3317 —
597 3292 612 3316 8
632 3297 728 3326 Rom.
763 3305 831 3332 vn,
867 3297 920 3326 13.
945 3311 991 3316 ——
1014 3301 1031 3325 9
1055 3295 1138 3326 Psal.
1169 3307 1275 3336 chv,
1302 3300 1335 3329 7,
1363 3316 1409 3321 —
1427 3298 1548 3330 ¹015ai.
1571 3310 1624 3337 xi,
1657 3301 1689 3330 4.
1709 3316 1754 3321 -
1777 3305 1804 3320 ¹¹
1827 3299 2054 3338 Ρ531.ῐ.ΧΧΠ,
2083 3304 2115 3333 3,
2143 3323 2177 3327 -

80 3347 111 3364 ¹²
133 3346 250 3377 Jerem.
269 3356 327 3386 xl,
356 3350 471 3379 20.—
494 3344 553 3378 ¹31
575 3349 648 3380 Cor.
677 3359 762 3385 xus,
794 3353 824 3380 ὁ,
853 3365 899 3371 -·
917 3346 947 3374 ¹4
966 3348 1049 3380 Psal.
1070 3360 1144 3385 xvi,
1174 3353 1205 3381 2.
