2517 3936
97 182 199 220 1437

898 187 1039 222 PETRI
1070 188 1364 223 ABAELARDI.

91 278 106 294 »
123 274 201 298 non
218 260 388 307 laborat,
413 261 482 298 etsi
502 261 637 298 sortior
653 262 700 298 sit
719 262 792 298 alio
818 276 1001 313 corpore,
1023 263 1152 299 ncc⁰¹²
1168 282 1181 295 υ
1202 277 1342 313 corpus
1362 264 1499 301 Christi

2066 198 2163 234 1438

1531 280 1537 300 :
1561 279 1606 301 an
1633 267 1706 303 siut
1733 269 1769 304 in
1796 284 1890 307 aere.
1928 273 1998 309 svd
2031 276 2161 312 xci-isi-

90 322 213 358 »emit
240 335 329 367 eos3
359 330 396 358 et
416 321 501 358 ideo
523 322 633 372 culpa
660 335 727 358 sua
757 323 861 372 quod
884 332 986 360 caret
1006 323 1089 359 illis.
1113 326 1141 358 A
1163 342 1176 356 n
1201 325 1325 360 milius
1357 333 1413 360 est
1448 324 1552 373 quod
1586 327 1658 362 sint
1688 329 1724 363 in
1757 343 1865 375 aere,
1900 346 1982 368 cum
2016 334 2090 370 sint
2122 336 2159 372 in

91 398 106 414 υ
124 381 304 418 Similiter
314 384 415 418 Deus
431 382 588 431 gratiam
604 395 708 419 suam
725 383 885 432 apponit
901 383 1091 427 omnibus,

90 457 106 474 ι»
123 449 159 477 et
179 441 342 477 consulit
356 442 560 492 Scripturis
577 451 613 478 et
631 442 853 479 doctoribus
871 443 1031 488 eximiis,
1054 451 1095 479 ut

91 517 107 534 »
122 514 195 551 pro
211 499 386 538 libertate
404 501 570 547 arbitrii,
589 516 663 551 qua
679 503 808 551 gratia*
825 503 1011 539 cohaereat
1030 503 1094 551 qui

92 577 106 593 υ
123 561 294 611 prudens
308 570 380 608 est,
403 562 610 612 providens
625 562 696 599 sibi
712 563 750 598 in
770 563 897 599 futuro
915 576 960 599 cx
979 562 1092 599 liber-

89 629 198 659 »tate
230 621 375 660 arbitrii
403 637 478 673 qua
504 623 592 659 huic
620 622 785 658 cohaeret
815 622 955 671 gratiae.
986 623 1096 671 Piger

90 698 105 713 »
123 694 215 718 vero
243 696 263 719 a
292 681 506 719 carnalibus
537 680 734 718 desideriis
760 680 999 730 implicatus,
1027 680 1095 717 etsi

92 758 107 774 »
124 741 313 779 desideret
331 741 537 779 beatificari
550 769 560 786 ,
581 753 777 789 nunquam
796 748 921 776 tamen
942 740 1024 776 vult
1045 740 1096 776 la-

92 816 108 833 »
127 800 264 838 borare
289 799 570 852 compescendo
597 813 636 836 se
657 813 678 836 a
698 799 811 845 malo,
829 799 893 835 sed
926 789 1094 849 negligit,

91 878 106 894 υ
127 862 301 912 quamvis
326 875 396 912 per
415 860 579 898 liberum
609 860 807 897 arbitrium
830 861 950 910 possit
972 860 1099 897 cohae—

92 939 107 955 »
124 935 207 959 rere
223 922 351 972 gratiae
368 937 378 970 ;
399 930 436 959 et
456 921 508 959 sic
528 921 576 958 ab
599 921 857 971 omnipotenti
873 924 956 958 Deo
977 921 1098 971 negli—

93 1000 108 1015 »
129 982 240 1033 gitur.
259 1002 273 1017 υ

202 1105 278 1134 VII.
294 1101 389 1144 Quod
406 1104 492 1133 Deus
512 1112 577 1133 non
590 1100 703 1133 debeat
725 1101 808 1132 mala
822 1101 986 1144 impedire.

145 1240 160 1256 n
175 1227 219 1260 In
238 1223 370 1274 primis
386 1222 594 1260 videndum
611 1230 667 1259 est
679 1251 689 1268 ‚
713 1222 804 1273 quid
821 1222 868 1259 sit
883 1221 1100 1258 consentire

93 1301 109 1318 υ
125 1285 245 1331 malo;
263 1293 300 1321 et
317 1284 409 1334 quid
430 1297 522 1320 non.
540 1284 609 1320 Ille
626 1284 802 1333 equidem
824 1284 924 1320 malo
937 1296 1100 1320 consen-

95 1361 111 1377 »
129 1344 224 1382 tiens
244 1344 396 1390 dicitur,
423 1344 489 1394 qui
512 1357 598 1380 cum
625 1342 761 1380 debeat
778 1343 851 1380 hoc
868 1342 1075 1393 prohibere
1090 1371 1099 1389 ‚

95 1422 110 1438 υ
127 1412 165 1441 et
187 1404 307 1454 possit
321 1433 330 1451 ,
352 1417 429 1440 non
448 1403 629 1454 prohibet
647 1418 655 1440 :
677 1404 707 1440 si
732 1412 857 1441 autem
888 1403 1043 1449 debeat,
1064 1411 1101 1440 et

96 1483 111 1499 »
127 1478 206 1502 non
219 1465 340 1516 possit
360 1479 368 1501 ε
387 1472 425 1501 et
444 1477 464 1501 e
481 1464 674 1501 contrario
692 1464 723 1500 si
743 1464 864 1514 possit
880 1473 918 1501 et
938 1478 1016 1501 non
1034 1463 1101 1500 de-

97 1542 112 1558 »
128 1524 241 1572 beat;
259 1538 338 1562 non
354 1533 411 1562 est
428 1538 527 1562 reus.
544 1524 580 1561 Si
600 1537 694 1560 vero
715 1537 783 1560 nec
800 1523 926 1570 debet,
945 1538 1014 1561 nec
1033 1538 1101 1574 po-

95 1602 112 1620 »
133 1594 228 1634 test,
249 1587 371 1623 multo
389 1586 514 1623 minus
532 1599 618 1622 reus
635 1585 846 1622 censendus
866 1594 933 1622 est.
955 1588 1000 1621 Et
1015 1586 1100 1622 ideo

97 1664 112 1681 υ
133 1651 236 1686 Deus
255 1661 277 1685 a
295 1660 483 1685 consensu
521 1647 709 1684 malorum
744 1655 801 1683 est
834 1647 980 1684 alienus
996 1676 1005 1693 ,
1037 1647 1103 1696 qui

98 1725 114 1742 »
130 1721 200 1746 nec
234 1707 348 1745 debet
360 1737 370 1756 ,
391 1721 462 1745 nec
496 1715 624 1758 potest
654 1707 753 1744 mala
782 1707 981 1757 impedire.
1012 1708 1104 1745 Ideo

98 1786 113 1803 υ
132 1782 211 1806 non
229 1768 364 1815 debet,
383 1769 473 1820 quia
488 1782 576 1806 cum
594 1781 654 1805 res
676 1781 746 1819 per
768 1768 1043 1818 benignitatem
1059 1769 1106 1805 il-

1163 401 1177 417 »
1197 397 1360 433 corpore
1380 385 1516 422 Christi
1535 398 1599 420 sua
1618 386 1841 425 lincamenta
1855 419 1863 434 ,
1886 400 1922 427 et
1945 405 2048 429 suam
2071 408 2158 444 spc-

1163 463 1177 477 »
1199 446 1291 481 ciem
1314 444 1472 490 habeat,
1494 446 1591 481 sicut
1606 446 1676 482 alia
1694 460 1854 496 corpora
1873 451 2047 490 humana.
2069 458 2158 503 Spe-

1163 521 1177 536 »
1198 505 1273 541 cies
1303 518 1394 541 vero
1427 505 1530 549 istae,
1562 505 1705 541 scilicet
1732 509 1839 556 panis
1872 518 1907 545 ct
1935 513 2011 548 vini
2030 542 2038 557 ,
2064 516 2157 550 liunt

1163 581 1178 596 υ
1197 564 1232 599 in
1257 578 1322 601 ore
1355 565 1400 601 ad
1435 566 1636 601 celandum
1673 575 1709 602 et
1735 566 1990 616 obtegendum
2020 586 2158 623 corpus

1164 640 1178 655 »
1199 623 1348 661 Christi.
1380 641 1394 655 »
1418 628 1462 660 Et
1492 634 1579 673 post
1604 638 1722 674 pauca
1742 642 1749 662 :
1773 644 1786 658 «
1813 627 1881 663 llic
1909 638 2031 665 autem
2056 645 2159 680 qua·-

1162 700 1177 716 »
1198 684 1295 719 ritur
1313 684 1446 721 dehoc
1464 686 1567 734 quod
1587 687 1653 735 qui
1672 687 1822 723 videtur
1843 700 1921 724 esse
1943 690 2158 727 multitud...

1165 760 1178 775 »
1200 742 1302 779 unde
1326 752 1363 780 et
1386 745 1619 794 praecipitur,
1640 746 1742 795 quod
1763 760 1784 782 a
1803 746 1961 784 sabbato
1980 762 2097 799 usque
2115 751 2161 786 ad

1165 802 1396 840 »sabbatum
1429 814 1620 852 servetur,
1646 807 1740 843 sicut
1762 807 1807 843 de
1829 808 1989 858 panibus
2016 823 2162 860 propo-

1167 881 1179 893 »
1200 864 1344 900 sitionis
1362 866 1498 902 sat-tuin
1520 868 1630 903 fuisse
1660 868 1807 917 legitur,
1826 882 1844 905 a
1861 869 2033 906 muribus
2050 872 2160 907 etiam

1165 924 1354 961 »corrodi
1387 926 1559 971 videtur,
1590 936 1627 963 et
1658 927 1704 963 dc
1733 941 1847 964 manu
1868 929 2074 965 sacerdotis
2105 931 2162 968 vel

1167 999 1180 1014 υ
1199 983 1349 1021 diaconi
1383 986 1420 1022 in
1453 995 1553 1023 terra
1578 987 1728 1034 radere.
1767 992 1812 1024 Et
1843 988 1928 1025 idco
1958 990 2162 1038 quaeritur,

1119 1045 1145 1079 B
1169 1061 1182 1075 1>
1203 1058 1321 1093 quare
1350 1049 1450 1083 Deus
1483 1048 1676 1097 permittat
1702 1048 1771 1084 ista
1801 1050 1880 1085 fieri
1910 1050 1948 1085 in
1978 1063 2160 1100 corpore,

1169 1122 1183 1136 »
1203 1118 1284 1141 suo.
1308 1111 1364 1142 An
1389 1108 1555 1144 fortassis
1576 1121 1653 1144 non
1671 1109 1722 1144 ita
1745 1110 1806 1145 [iat
1829 1110 1866 1146 in
1888 1124 2049 1160 corpore
2065 1141 2074 1157 ,
2098 1111 2162 1148 sed

1169 1181 1183 1195 υ
1203 1172 1346 1201 tantum
1371 1166 1422 1203 ita
1443 1168 1553 1204 faciat
1569 1181 1752 1218 apparere
1771 1169 1807 1204 in
1824 1171 1948 1219 specie
1962 1173 1975 1206 Ρ
1989 1171 2046 1208 Ad
2061 1171 2164 1221 quod

1168 1241 1181 1255 υ
1203 1223 1383 1269 dicimus,
1402 1227 1505 1276 quod
1529 1241 1657 1263 revera
1683 1242 1756 1264 non
1779 1237 1834 1265 cst
1855 1230 1906 1265 sic
1926 1231 1964 1266 in
1986 1244 2161 1281 corpore,

1168 1302 1182 1317 υ
1204 1285 1269 1321 sed
1294 1288 1392 1322 Deus
1414 1287 1462 1323 ita
1486 1288 1520 1323 in
1547 1288 1742 1336 speciebus
1763 1290 1852 1338 ipsis
1873 1300 2032 1340 propter
2048 1293 2164 1341 negli-

1168 1363 1182 1378 »
1203 1346 1367 1394 gentiam
1403 1347 1661 1391 ministrorum
1703 1349 1982 1397 reprimendam
2026 1351 2164 1389 habere

1168 1422 1182 1438 »
1204 1406 1293 1442 facit
1315 1421 1322 1442 ε
1355 1420 1494 1457 corpus
1525 1421 1616 1443 vero
1646 1421 1779 1453 suum,
1812 1418 1928 1458 prout
1949 1410 1982 1446 ei
2016 1411 2165 1460 placet,

1167 1483 1182 1500 ν
1205 1467 1356 1517 reponit
1384 1476 1420 1503 et
1443 1477 1654 1505 conservat.
1686 1487 1698 1500 ιι

1172 1598 1213 1627 X.
1241 1595 1336 1637 Quod
1349 1602 1477 1638 propter
1490 1607 1582 1639 opera
1600 1608 1657 1627 nec
1671 1598 1797 1636 melior,
1823 1609 1878 1630 uec
1900 1600 1987 1642 pejor
2016 1600 2166 1631 efficiatur

1616 1650 1724 1682 hoino.

1225 1788 1238 1803 «
1261 1772 1364 1809 Solet
1393 1772 1511 1822 quaeri
1533 1772 1624 1822 quid
1652 1786 1671 1809 a
1699 1773 1864 1810 Domino
1893 1784 2168 1821 remuneretur,

99 1829 205 1867 »lius
219 1829 368 1867 eveniat
387 1842 434 1866 eo
450 1828 582 1875 mod0,
598 1842 676 1878 quo
696 1829 830 1865 melius
846 1837 984 1879 potest,
1002 1829 1106 1866 nullo
1125 1831 1151 1866 C
1171 1850 1185 1866 »
1206 1846 1321 1883 opus,
1346 1847 1392 1870 an
1414 1834 1598 1878 intentio,
1622 1846 1687 1870 seu
1714 1842 1929 1883 utrumque.
1956 1836 2171 1873 Auctoritas

97 1907 114 1923 »
135 1890 252 1927 modo
267 1890 340 1927 hoc
355 1890 454 1927 velle
472 1888 597 1926 debet.
613 1889 705 1925 Ideo
725 1897 851 1926 autem
868 1902 945 1926 non
963 1897 1103 1939 potest,

98 1966 115 1982 »
132 1950 221 2000 quia
248 1949 401 1988 bonitas
428 1950 527 1986 illius
561 1949 682 1986 electo
716 1949 856 1986 minori
891 1949 1021 1996 bono,
1050 1951 1104 1986 illi

99 2027 115 2043 »
135 2010 239 2060 quod
267 2009 390 2060 majus
417 2019 474 2048 est
501 2009 820 2063 impedimentum
850 2010 1005 2047 minime
1035 2023 1105 2061 pa-

101 2088 116 2104 υ
138 2084 224 2108 rare
237 2079 376 2122 potest.
401 2088 415 2103 »

98 2202 190 2232 VIH.
219 2200 314 2243 Quod
342 2211 407 2232 non
434 2200 647 2232 contraximus
676 2210 714 2230 ex
744 2198 848 2232 Adam
879 2198 1026 2242 culpam,
1052 2197 1107 2229 sed

532 2266 668 2298 poenam.

151 2394 166 2408 «
188 2375 393 2413 Sciendum
417 2384 474 2413 est
493 2376 598 2426 quod
622 2391 709 2414 cum
733 2371 894 2423 dicitur,
916 2373 1107 2426 originale

99 2453 114 2469 »
131 2445 330 2487 peccatum
347 2437 456 2475 estin
474 2438 603 2488 parvis
619 2453 629 2485 ;
650 2438 724 2475 hoc
745 2437 884 2474 dicitur
902 2450 974 2487 pro
994 2449 1106 2487 poena

100 2513 115 2529 »
133 2497 334 2547 temporali
354 2505 393 2534 et
407 2506 560 2544 aeterna,
579 2512 664 2548 quae
681 2497 843 2535 debetur
856 2498 908 2534 eis
930 2511 977 2534 ex
994 2497 1106 2547 culpa

98 2575 113 2591 »
130 2557 244 2608 primi
256 2558 437 2607 parentis.
458 2575 473 2591 ³>
487 2561 534 2595 Et
550 2559 666 2608 paulo
684 2567 771 2609 post
789 2573 796 2595 :
817 2576 831 2591 α
851 2558 1030 2596 Similiter
1051 2557 1108 2594 di-

1173 1910 1187 1926 »
1207 1902 1333 1930 autem
1356 1893 1509 1930 videtur
1528 1894 1624 1930 velle
1639 1923 1648 1941 ,
1672 1893 1776 1943 quod
1798 1907 1914 1943 opera
1931 1908 1951 1930 a
1967 1899 2047 1932 Deo
2065 1905 2173 1934 aeter-

1173 1972 1186 1986 »
1208 1954 1345 1990 naliter
1366 1961 1659 1991 remunerentur
1678 1969 1685 1991 2
1705 1953 1755 1990 ait
1773 1966 1936 2002 namque
1951 1956 2170 2004 Apostolus,

1173 2032 1188 2048 »
1208 2017 1355 2051 Reddet
1372 2018 1475 2052 Deus
1496 2020 1697 2063 unicuiqae
1718 2017 1917 2050 secundum
1937 2029 2050 2063 opera
2069 2023 2173 2054 ςιιαὲ.

1175 2093 1189 2108 υ
1213 2078 1260 2112 Εῖ
1287 2076 1516 2113 Athanasius
1545 2078 1596 2112 ait
1622 2090 1629 2112 :
1658 2075 1857 2112 Reddituri
1882 2084 1970 2111 sunt
1995 2075 2043 2112 de
2069 2077 2174 2114 factis

1174 2154 1189 2169 »
1213 2137 1380 2187 propriis
1401 2137 1600 2173 rationem.
1630 2139 1674 2172 Et
1695 2134 1810 2185 paulo
1831 2144 1917 2185 post
1938 2136 1988 2171 ait
2010 2151 2018 2172 :
2044 2139 2088 2172 Et
2107 2138 2174 2186 qui

1174 2214 1188 2229 »
1208 2196 1311 2234 bona
1322 2206 1482 2247 egerunt
1496 2196 1606 2233 ibunt
1618 2196 1654 2232 in
1670 2197 1781 2232 vitam
1795 2204 1972 2231 aeternam
1984 2211 1993 2241 ;
2005 2196 2069 2244 qui
2084 2210 2173 2233 vero

1175 2276 1189 2291 n
1213 2258 1333 2303 mala,
1354 2259 1392 2294 in
1410 2259 1535 2309 ignem
1555 2266 1734 2294 aeternum
1748 2261 1773 2291 ³.
1793 2260 1868 2293 Nos
1885 2269 1976 2292 vero
1998 2256 2173 2303 dicimus,

1174 2335 1188 2351 »
1212 2317 1318 2367 quod
1335 2318 1562 2354 aeternaliter
1577 2331 1597 2353 a
1610 2321 1690 2354 Deo
1709 2323 2012 2359 remunerentur,
2030 2315 2106 2351 sive
2124 2316 2172 2352 ad

1175 2396 1189 2411 »
1212 2378 1378 2425 bonum,
1407 2379 1486 2415 sive
1514 2378 1560 2415 ad
1584 2378 1722 2414 malum
1743 2391 1750 2412 ε
1773 2389 1840 2412 nec
1868 2383 2026 2424 propter
2053 2388 2169 2424 opera

1175 2457 1189 2471 »
1210 2437 1321 2488 pejor
1338 2468 1347 2485 ,
1377 2439 1434 2475 vel
1464 2438 1599 2474 melior
1631 2437 1792 2473 eflicitur
1817 2435 1950 2479 homo,
1974 2434 2045 2470 nisi
2077 2434 2167 2471 dum

1174 2516 1188 2531 »
1209 2508 1405 2548 operatur,
1427 2498 1592 2535 fortassis
1612 2497 1786 2532 voluntas
1806 2493 1886 2542 ejus
1905 2494 1943 2529 in
1960 2493 2086 2542 aliquo
2103 2507 2171 2530 au-

1175 2577 1190 2593 »
1210 2568 1438 2609 gmentetur.
1454 2563 1529 2597 Nec
1546 2566 1600 2594 est
1616 2564 1746 2593 contra
1765 2553 1988 2604 Apostolum
2003 2554 2062 2589 vel
2078 2553 2178 2591 alios.

98 2635 113 2652 »
130 2620 243 2663 citur,
258 2621 304 2654 In
318 2633 391 2667 quo
408 2627 810 2669 omnespeccavertmt¹
825 2634 833 2655 :
852 2619 940 2656 ideo
953 2619 1107 2664 scilicet,
1124 2625 1158 2659 D
1177 2638 1191 2652 »
1212 2629 1407 2665 auctores,
1427 2620 1515 2669 quia
1543 2631 1626 2654 cum
1656 2615 1860 2665 Apostolus
1889 2613 1984 2649 dixit
1996 2641 2005 2657 ,
2029 2616 2172 2650 Reddet

98 2697 114 2712 »
130 2680 220 2729 quia
239 2680 483 2716 seminarium
503 2681 674 2717 omnium
696 2689 777 2718 erat
792 2681 831 2717 in
852 2681 917 2717 illo
936 2680 1001 2729 qui
1018 2693 1106 2730 pec-

99 2756 114 2773 »
133 2740 243 2777 cavit.
259 2743 344 2777 Non
362 2749 488 2777 tamen
507 2741 596 2778 inde
622 2742 826 2791 provenit,
850 2741 955 2791 quod
972 2753 1105 2777 omnes

98 2817 114 2833 »
135 2808 355 2850 peccassent
367 2800 434 2850 qui
450 2813 529 2837 non
543 2811 652 2838 erant
672 2817 680 2839 :
700 2811 738 2838 et
753 2802 820 2851 qui
836 2815 914 2838 non
929 2809 1004 2847 est,
1026 2814 1104 2837 non

99 2877 114 2892 »
132 2868 276 2911 peccat.
296 2878 311 2894 υ

179 2983 242 3012 IX.
271 2980 366 3022 Quod
384 2991 499 3024 corpus
519 2981 650 3013 Domini
669 2991 735 3012 nou
752 2981 834 3012 cadit
846 2981 879 3012 in
895 2986 1022 3013 terram.

150 3116 164 3131 α
186 3103 242 3137 De
262 3099 460 3150 speciebus
478 3101 588 3151 panis
607 3110 645 3138 et
662 3101 742 3138 vini
762 3102 961 3152 quaeritur,
981 3100 1011 3136 si
1032 3101 1107 3136 sint

98 3175 114 3192 »
129 3159 247 3196 modo
272 3160 312 3196 in
337 3174 501 3210 corpore
519 3162 678 3208 Christi,
697 3162 795 3199 sicut
811 3162 918 3212 prius
938 3169 1048 3197 erant
1068 3160 1106 3195 in

99 3233 115 3250 »
134 3218 343 3257 substantia
375 3220 484 3270 panis
522 3230 560 3258 et
595 3221 675 3258 vini
691 3250 701 3268 ,
728 3235 814 3272 quae
839 3234 948 3258 versa
980 3228 1036 3256 est
1068 3219 1106 3255 in

1173 2699 1187 2714 υ
1210 2686 1429 2729 zmlcuiqzce,
1445 2688 1513 2716 etc.
1534 2678 1586 2714 ibi
1605 2677 1779 2713 effectum
1805 2687 1876 2723 pro
1897 2686 2006 2710 causa
2026 2675 2168 2723 posuit,

1172 2759 1186 2773 »
1207 2755 1304 2791 opus
1324 2740 1463 2777 scilicet
1482 2751 1552 2788 pro
1574 2737 1767 2773 voluntate
1788 2747 1854 2770 seu
1873 2732 2094 2769 intentione.
2116 2750 2130 2765 »

1175 2872 1234 2901 XI.
1262 2867 1355 2910 Quod
1378 2878 1442 2898 non
1465 2868 1672 2908 peccaverunt
1689 2862 1742 2904 qui
1766 2860 1925 2893 Christum
1951 2860 2171 2892 crucifixerunt

1222 2923 1417 2964 ignorantem
1437 2927 1465 2951 et
1483 2918 1566 2961 quod
1579 2928 1643 2948 non
1655 2916 1691 2947 sit
1705 2915 1805 2958 culpae
1818 2914 2060 2966 adscribendum
2079 2914 2169 2957 quid-

1222 2976 1297 3018 quid
1315 2975 1349 3006 fit
1365 2985 1421 3017 per
1435 2971 1653 3015 ignorantiam.

1226 3114 1240 3129 «
1263 3094 1433 3146 Opponit
1454 3094 1500 3130 de
1520 3092 1661 3131 Judaeis
1678 3090 1743 3140 qui
1760 3089 1947 3127 Christum
1969 3087 2168 3123 crucifixe-

1175 3175 1188 3190 »
1211 3164 1317 3200 runt,
1348 3163 1385 3191 et
1415 3154 1461 3191 de
1490 3154 1571 3190 aliis
1599 3152 1664 3202 qui
1697 3159 1880 3199 martyres
1908 3145 2168 3198 persequendo

1175 3234 1188 3249 »
1210 3214 1397 3265 putabant
1422 3228 1460 3251 se
1481 3213 1704 3263 obsequium
1735 3217 1911 3260 praestare
1932 3210 2012 3243 Deo
2038 3221 2044 3241 :
2067 3214 2101 3242 et
2123 3205 2169 3241 ‹le

147 3360 159 3376 ¹
178 3357 273 3387 Rom.
291 3357 454 3393 v‚12‚-
487 3362 500 3378 ²
519 3356 568 3388 Id.
585 3367 629 3395 11,
649 3361 679 3388 6.
706 3376 731 3379 —
763 3354 776 3379 3
794 3356 1007 3391 Maulrxxv,
1031 3357 1086 3392 45,
1108 3356 1296 3387 etJoa11.v‚
1320 3355 1372 3382 29.
