2517 3920
377 217 453 254 899

382 311 394 323 ιι
418 296 597 338 ignoranter
618 292 796 325 Abaelardo
822 292 878 334 ipsi
898 291 1012 322 librum
1037 290 1266 321 Sententiarum
1292 288 1379 319 attri-

381 365 394 376 ιι
413 349 481 380 buit
504 348 535 378 in
560 347 690 389 epistola
726 349 800 383 188,
828 360 840 372 ιι
872 344 958 386 quasi
985 343 1082 374 libros
1113 342 1343 373 Sententiarum
1363 350 1381 370 a

374 406 465 434 Petro
482 402 633 443 Magistro
649 400 781 441 scriptos
799 397 978 430 Abaelardo
997 396 1153 427 tribuerit.
1176 395 1237 427 Sed
1254 405 1318 425 non
1336 394 1379 425 ita

373 458 496 500 ignotus
517 462 583 487 erat
608 454 768 486 Bernardo
794 457 902 484 Petrus
916 476 923 489 ,
952 462 1044 493 quem
1067 450 1173 481 laudat
1194 450 1224 479 in
1246 448 1379 490 epistola

373 510 468 542 modo
490 512 574 546 410,
600 515 634 539 ut
660 508 693 538 in
720 507 779 538 1100
802 512 938 537 erratum
967 504 1135 535 laberetur.
1163 506 1230 533 Imo
1263 513 1320 532 nec
1340 512 1377 532 eo

374 569 531 605 tempore,
556 572 617 604 quo
640 561 706 592 haec
729 559 859 601 epistola
881 557 993 598 scripta
1016 562 1080 593 est,
1106 558 1211 586 Petrus
1229 554 1378 595 Magister

374 617 603 648 Sententiarum
617 623 740 644 suarum
757 611 853 642 libros
869 609 1019 640 ediderat.
1041 610 1093 638 Est
1113 617 1208 648 penes
1228 617 1284 636 nos
1300 605 1379 636 liber

374 669 414 700 ab
431 670 499 711 ipso
512 666 689 699 Abaelardo
703 666 767 696 sine
785 663 880 694 dubio
893 668 1067 698 contextus,
1085 660 1137 701 qui
1155 660 1246 701 vulgo
1258 674 1270 685 «
1283 658 1332 689 Sic
1349 664 1379 689 et

374 733 438 754 non
454 738 466 749 n
489 722 674 764 appellatur,
690 719 775 759 cujus
797 716 1030 757 inscriptionem
1049 714 1091 744 sic
1109 712 1200 743 effert
1218 718 1304 743 retus
1324 722 1376 742 co-

370 777 429 808 dex
452 774 678 815 manuscriptus
695 782 702 802 ι
724 786 735 797 α
757 770 912 811 Incipiunt
929 767 1094 799 Sententiae
1111 776 1149 796 ex
1167 764 1280 794 divinis
1297 763 1377 795 Scri-

374 846 387 857 »
407 830 505 872 pturis
521 827 657 859 collect-‘e
669 850 676 862 ,
696 835 764 865 quae
783 821 945 853 contraria).
966 819 1110 849 videntur
1128 829 1134 848 :
1156 828 1213 859 pro
1230 828 1290 858 qua
1307 816 1374 858 qui-

375 899 386 910 »
409 883 478 914 dem
493 879 711 912 contrarietate
727 877 794 907 liaec
810 873 988 916 compilatio
1006 871 1238 903 Sententiarum
1249 894 1256 907 ‚
1280 870 1330 901 Sic
1345 875 1375 900 et

374 952 387 963 ι
411 946 474 966 non
491 933 675 975 appellatur.
700 945 711 957 ιι
741 929 791 961 Α(1
819 938 911 969 quem
935 926 1049 956 librum
1070 935 1109 954 an
1135 924 1308 965 respexerit
1339 926 1372 954 S.

371 986 548 1019 Bernardus
573 994 642 1015 cum
668 982 727 1012 hoc
752 980 921 1014 scriberet,
951 977 1026 1008 mihi
1057 983 1103 1007 est
1131 977 1372 1018 incompertum.

369 1042 467 1070 Porro
488 1042 600 1078 prseter
616 1035 668 1065 illa
685 1032 854 1065 Abaelardi
868 1042 962 1072 opera
979 1055 986 1066 ,
1005 1040 1073 1071 quae
1090 1028 1257 1071 praedictus
1277 1029 1371 1061 Ches-

366 1092 436 1122 nius
457 1089 609 1121 recensuit
627 1112 634 1125 ,
656 1087 807 1118 habemus
832 1085 958 1126 insuper
982 1082 1097 1113 librum
1111 1082 1206 1124 ipsius
1222 1082 1255 1112 in
1270 1085 1372 1113 lic-xa-

363 1154 489 1175 emeron
503 1167 511 1181 ,
531 1142 678 1174 Heloissae
699 1151 760 1171 sure
774 1144 1000 1180 nuncupatum.

412 1200 477 1228 412
496 1200 536 1227 D.
554 1196 604 1237 api
624 1195 663 1225 de
679 1193 779 1225 Italia.
797 1212 842 1215 —
859 1195 905 1222 Ita
925 1190 1060 1233 genuina
1076 1190 1167 1221 lectio
1180 1214 1187 1228 ,
1205 1201 1273 1232 quae
1293 1190 1371 1222 allu-

364 1252 408 1283 dit
427 1251 466 1282 ad
484 1261 606 1281 versum
632 1248 786 1279 decimum
809 1253 953 1277 octavum
980 1244 1090 1287 capitis
1112 1244 1236 1286 septimi
1259 1244 1344 1275 lsaize
1360 1269 1368 1283 ‚

365 1303 508 1336 sibilabit
535 1303 688 1334 Dominus
703 1313 825 1336 muscoe,
846 1312 915 1344 qttce
931 1306 976 1330 est
997 1299 1028 1329 in
1044 1305 1181 1329 extremo
1199 1299 1370 1338 fluminum

362 1359 509 1404 AEgrptl,
527 1365 556 1389 et
572 1358 638 1402 afri,
655 1368 725 1400 quw
742 1362 786 1386 est
805 1356 836 1385 in
858 1361 940 1384 tert-a
959 1356 1070 1384 Assur.
1089 1353 1166 1394 Apis
1184 1352 1222 1383 de
1239 1353 1371 1384 Francia

361 1412 578 1449 Abaelardus3
596 1411 661 1453 apis
678 1410 716 1441 de
732 1409 822 1441 Italia
839 1407 997 1439 Arnatdus
1015 1406 1054 1438 de
1071 1407 1175 1438 Brixia
1187 1431 1194 1445 ‚
1211 1406 1289 1438 urbe
1308 1410 1369 1438 Ita—

361 1468 409 1498 1110
424 1492 430 1505 ,
451 1467 489 1498 (10
504 1477 565 1508 quo
584 1465 654 1496 vide
668 1471 756 1495 notas
774 1464 805 1494 in
823 1463 985 1505 epistolam
1010 1465 1085 1493 195.

411 1522 475 1552 414
494 1523 535 1551 D.
563 1519 631 1549 vira
646 1518 757 1549 reseret
772 1526 858 1547 voce.
874 1533 913 1537 ——
931 1514 1048 1546 Eadem
1067 1513 1163 1544 verba
1180 1514 1324 1555 leguntur
1338 1514 1370 1545 in

361 1574 422 1605 fine
451 1573 587 1616 epistolae
614 1583 697 1602 nunc
728 1573 813 1607 338,
841 1569 879 1600 ad
897 1568 1120 1600 Haimericum.
1150 1568 1228 1608 Quis
1247 1568 1285 1598 sit
1313 1568 1370 1599 iste

360 1629 517 1660 Jacinctus
536 1638 589 1658 seu
603 1625 786 1668 Hyacintus‚
805 1624 968 1654 incertum.
987 1626 1039 1654 An
1053 1622 1078 1652 is
1092 1621 1144 1663 qui
1162 1628 1368 1663 0051030103-

358 1690 407 1714 tus
421 1681 584 1713 cardinalis
599 1691 617 1711 a
630 1679 724 1710 Lucio
740 1682 782 1716 11,
800 1683 1008 1719 cognomento
1022 1675 1124 1713 Bobo,
1143 1675 1225 1706 tituli
1236 1678 1369 1707 Sanctae-

357 1737 466 1769 Mariae
503 1736 536 1766 in
565 1734 742 1767 Cosmedin.
770 1736 816 1764 De
841 1742 877 1763 eo
916 1730 1034 1762 mentio
1070 1729 1152 1760 facia
1181 1729 1305 1760 videtur
1335 1729 1368 1760 in

357 1789 488 1832 epistola
519 1791 582 1819 508
602 1813 609 1826 ‚
644 1786 728 1829 apud
759 1785 930 1818 Chesnium
955 1790 1041 1815 tomo
1073 1785 1103 1814 4.
1123 1783 1273 1814 Nicolaus
1301 1789 1368 1814 erat

357 1842 626 1875 Clarae-Vallensis
643 1840 830 1876 monachus.
849 1846 957 1882 postea
976 1842 1008 1870 S.
1032 1837 1184 1869 Bernardi
1204 1837 1365 1875 notarius,

357 1897 396 1928 de
410 1907 470 1938 quo
489 1895 528 1927 ad
550 1895 712 1937 epistolam
731 1897 810 1925 298.

408 1953 472 1982 415
492 1953 532 1981 D.
550 1949 603 1980 sed
624 1949 681 1980 sul)
704 1949 805 1991 legato
825 1950 978 1979 Romanae
997 1944 1155 1976 Ecclesiae.
1179 1962 1225 1968 -—
1247 1946 1370 1986 Nempe

360 2005 487 2034 Conone
501 2027 509 2041 ,
539 2009 568 2033 et
584 2002 709 2043 quidem
732 2001 763 2032 in
789 2000 908 2043 synodo
923 1998 1136 2031 Suessionensi
1161 1997 1236 2029 anni
1258 2001 1265 2028 1
1282 2000 1339 2029 121
1359 2022 1366 2034 ,

359 2069 394 2088 ex
414 2058 495 2088 notis
514 2057 553 2088 ad
579 2056 743 2098 epistolam
775 2057 852 2092 187,
878 2060 908 2085 et
935 2065 973 2085 ex
994 2052 1180 2084 Praefatione
1196 2052 1228 2082 in
1248 2057 1369 2083 tomum

360 2112 514 2153 primum,
534 2110 587 2141 ubi
604 2109 642 2140 de
656 2109 819 2140 schismate
844 2106 999 2139 Anacleti.

409 2167 473 2195 416
497 2167 537 2195 D.
559 2175 599 2193 AD
627 2174 825 2193 mamsrncm
853 2172 1034 2192 GL‘IDONEM
1062 2171 1102 2189 DE
1127 2169 1301 2190 CASTELLO.
1322 2176 1366 2181 »-

358 2220 394 2247 In
411 2217 510 2248 tribus
526 2215 743 2257 manuscriptis
760 2214 947 2247 Colbertinis
966 2224 973 2245 :
999 2211 1056 2243 Ad
1080 2212 1272 2255 silogislrum
1292 2212 1367 2242 Gui-

357 2268 470 2300 donem
489 2268 527 2300 de
544 2267 692 2304 castello,
711 2268 763 2313 qui
777 2267 860 2298 Pelm'
877 2264 1052 2311 discipulus
1061 2264 1182 2305 stim-al,
1203 2263 1285 2295 etde
1303 2276 1365 2309 quo

352 2323 550 2366 potissimum
576 2319 807 2366 prcesztmebat,
841 2321 893 2364 qui
914 2325 1030 2364 postea
1057 2329 1150 2362 papa
1181 2316 1366 2349 Coeleslimcs

352 2376 425 2413 fuit,
445 2387 557 2418 nempe
575 2386 611 2406 eo
630 2375 755 2406 nomine
768 2374 921 2406 secundus
936 2384 1020 2404 anno
1041 2376 1050 2404 1
1065 2374 1139 2404 143.
1154 2372 1204 2403 Ad
1218 2372 1363 2403 eumdem

355 2429 486 2471 epistola
504 2432 565 2461 169
581 2454 588 2466 ,
605 2434 675 2470 post
698 2438 792 2469 quam
816 2427 882 2458 haec
898 2426 1028 2470 ponitur
1043 2426 1075 2456 in
1092 2424 1280 2467 quibusdam
1299 2435 1364 2456 ma-

356 2484 518 2526 nuscriptis
532 2483 577 2514 uti
592 2489 621 2513 et
641 2492 783 2523 sequens.

403 2539 466 2569 417
499 2539 538 2567 D.
569 2548 610 2566 An
636 2546 835 2566 nncvrsTRCM
863 2546 995 2566 Notum
1021 2543 1250 2565 caantxamffl.
1269 2550 1313 2555 —-
1333 2535 1364 2564 Is

354 2603 391 2622 ex
408 2592 558 2623 canonico
575 2590 832 2623 Sancti-Victoris
850 2589 1031 2622 Parisiensis
1053 2587 1219 2620 cardinalis
1243 2586 1362 2618 Sancti-

355 2644 512 2675 Laurentii
536 2644 567 2674 in
602 2647 737 2674 Damaso
763 2649 884 2674 creatus
910 2653 993 2674 anno
1029 2644 1139 2679 1130,
1170 2639 1209 2671 de
1240 2651 1304 2682 quo
1332 2639 1364 2670 in

354 2699 484 2739 epistola
508 2701 583 2730 144.
604 2702 640 2729 10
660 2699 796 2730 Galliam
809 2699 927 2740 legatus
941 2696 1114 2729 Radulfum
1134 2694 1364 2727 Viromanduo-

354 2762 424 2782 rum
440 2752 584 2783 comitem
600 2752 880 2784 excommunicavit
897 2776 904 2789 ,
928 2750 1010 2782 infra
1032 2750 1071 2782 ad
1093 2749 1257 2792 epistolam
1285 2750 1362 2780 216.

355 2807 403 2836 De
422 2806 487 2847 ejus
500 2812 682 2836 testamento
694 2806 761 2848 lege
775 2806 938 2848 epistolam
960 2807 1039 2836 218.

405 2860 470 2888 420
490 2862 531 2889 A.
557 2859 778 2890 removebitur.
794 2877 837 2880 —-
852 2859 975 2900 Duplex
995 2858 1028 2889 in
1055 2856 1139 2888 hunc
1161 2856 1264 2887 locum
1286 2854 1362 2886 irre-

356 2911 451 2952 psisse
474 2912 620 2943 mendum
638 2912 772 2950 xidetur,
795 2923 907 2954 nempe
923 2912 1027 2954 quoad
1051 2910 1305 2953 inscriptionem,
1327 2919 1363 2939 ac

356 2974 470 2994 nomen
484 2968 575 3006 Papae
595 2971 660 2995 tum
681 2965 850 2996 existentis.
866 2968 973 2997 Exstat
987 2965 1112 3007 quidem
1125 2963 1192 2994 haec
1207 2962 1362 2995 Marciani

356 3017 550 3058 imperatoris
583 3017 712 3059 epistola
745 3017 809 3048 sive
838 3018 996 3049 decretum
1025 3018 1106 3048 inter
1135 3022 1204 3047 acta
1237 3015 1362 3046 concilii

356 3069 632 3107 Chalcedonensis,
652 3073 754 3100 Leone
772 3081 850 3112 papa
870 3073 986 3112 Magno
1008 3070 1155 3102 celebrati
1178 3079 1260 3100 anno
1280 3071 1359 3107 451,

355 3123 409 3153 sed
434 3122 475 3153 ad
498 3123 580 3153 cives
600 3122 961 3164 Constantinopolitanos
979 3123 1114 3161 directa,
1132 3133 1197 3153 non
1224 3132 1298 3153 vero
1322 3120 1363 3152 ad

356 3179 492 3208 Leonem
510 3187 665 3208 summum
681 3175 858 3218 pontificem
870 3200 877 3213 ,
897 3177 994 3207 multo
1017 3177 1120 3207 minus
1135 3176 1174 3206 ad
1191 3178 1210 3207 J
1213 3186 1359 3212 oannem,

355 3230 409 3272 qui
424 3230 513 3261 annis
529 3229 662 3271 amplius
675 3228 831 3270 octoginta
843 3235 913 3270 post
929 3229 1082 3260 Marciani
1095 3229 1227 3270 Augusti
1241 3228 1362 3259 obitum

355 3287 531 3315 Romanam
549 3282 653 3314 sedem
667 3281 813 3313 obtinuit.
832 3285 936 3313 Potest
950 3281 1053 3323 itaque
1069 3282 1155 3312 locus
1172 3281 1227 3312 iste
1243 3281 1361 3313 restitui

353 3337 557 3379 exprimendo
568 3346 682 3367 nomen
692 3339 785 3378 Papae
795 3335 827 3366 in
837 3345 909 3366 casu
923 3335 1076 3373 absoluto,
1088 3334 1148 3366 hoc
1160 3335 1252 3365 modo
1267 3346 1273 3365 :
1285 3339 1362 3365 San-

354 3391 490 3422 ctissimo
503 3401 598 3436 papa
613 3392 715 3422 Leone
722 3387 960 3435 praedecessore
972 3395 1077 3419 nostr-o
1095 3386 1254 3424 scribens,
1273 3394 1332 3420 etc.

879 216 928 250 IN
957 214 1136 249 TOMUM
1165 213 1363 247 PRIMUM
1393 211 1600 247 OPERUM
1629 209 1664 245 S.
1696 209 1949 244 BERNARDI

2381 211 2458 251 900

1498 290 1559 318 421
1591 289 1632 317 A.
1665 298 1707 316 110
1737 297 1919 315 0115000031
1948 296 2317 319 coxsranrrmsszm.-
2339 293 2391 321 An
2417 292 2457 325 de

1449 339 1679 372 Constantiensi
1698 339 1825 376 Gassiae,
1846 349 1887 369 an
1904 349 1979 373 vero
2002 338 2040 369 de
2062 340 2292 373 Constantiensi
2317 343 2357 374 ad
2372 345 2456 377 Rhe-

1446 404 1522 424 num
1548 392 1748 433 intelligenda
1772 392 1810 422 sit
1834 392 1903 423 haec
1924 392 2074 434 epistola,
2100 392 2264 426 incertum.
2283 396 2335 428 Ad
2353 405 2456 439 poste-

1446 447 1560 477 riorem
1584 446 1689 488 potius
1707 444 1834 475 inclinat
1859 444 1999 482 animus,
2027 445 2113 486 quod
2138 447 2297 479 Amaldus
2322 460 2340 480 a
2362 461 2457 494 regno

1446 501 1638 529 Francorum
1656 497 1838 528 exturbatus
1854 497 1938 538 apud
1956 497 2058 534 hunc,
2077 498 2127 528 cui
2144 498 2261 530 directa
2277 507 2322 532 est
2341 503 2456 545 episto—

1446 550 1474 580 la
1485 574 1492 587 ,
1512 550 1691 581 delitescere
1707 549 1870 580 referatur.
1891 549 1972 580 Huic
1989 549 2055 580 sedi
2071 555 2136 581 tum
2150 558 2284 593 praeerat
2304 556 2455 588 Herman-

1446 613 1506 633 nus
1530 602 1569 633 de
1593 602 1742 639 Arboua,
1772 602 1825 643 qui
1850 602 2045 633 Bernardum
2069 604 2266 637 Franeofurti
2294 607 2389 647 adiit,
2414 620 2454 642 ex

1445 656 1526 687 libro
1555 662 1644 687 sexto
1673 656 1711 687 de
1740 656 1901 687 Miraculis
1927 657 2097 695 Bernardi,
2129 669 2198 701 cap.
2234 664 2263 698 1,
2294 661 2456 705 ipsumque

1446 710 1640 741 Bernardum
1661 710 1875 741 Constantiam
1901 710 2043 742 adduxit.
2061 711 2169 742 Eidem
2188 713 2359 746 Gaufridus
2374 716 2455 750 dicat

1444 764 1600 795 Miracula
1616 763 1755 805 ejusdem
1771 764 1889 801 sancti,
1908 775 1924 795 a
1941 764 2022 795 libro
2041 769 2059 795 6
2072 789 2080 803 ,
2102 775 2169 808 cap.
2191 768 2243 798 10.

1495 819 1555 848 421
1579 819 1614 848 C.
1635 816 1810 848 Arnaldum
1837 817 1951 858 loquor
1975 817 2015 848 de
2034 818 2149 849 Brixia.
2165 837 2207 840 ——
2221 820 2389 852 Hominem
2412 821 2454 854 ita

1445 870 1583 912 depingit
1603 873 1679 901 Otto
1701 870 1923 912 Frisingensis,
1941 870 1979 902 de
2003 871 2106 903 Gestis
2126 872 2294 912 Friderici,
2309 873 2390 905 libro
2410 879 2428 907 2
2442 901 2452 915 ‚

1444 934 1512 964 cap.
1536 927 1579 955 20
1600 933 1607 954 ε
1627 938 1639 948 τι
1659 923 1818 955 Arnaldus
1841 923 1897 955 iste
1917 935 1955 954 ex
1973 924 2059 955 ltalia
2084 925 2210 956 civitate
2231 926 2334 958 Brixia
2347 929 2453 960 oriun-

1448 991 1460 1002 »
1479 975 1555 1013 (105,
1588 976 1790 1018 ejusdemque
1815 977 1952 1008 ecclesiae
1977 977 2127 1015 clericus,
2155 989 2192 1010 ac
2216 985 2337 1011 tantum
2359 981 2454 1014 lector

1446 1044 1458 1055 ιι
1477 1029 1657 1068 ordinatus,
1680 1033 1807 1061 Petrum
1824 1029 2038 1061 Abaelardum
2061 1031 2135 1062 olim
2158 1039 2382 1075 praeceptorem
2397 1035 2452 1067 113-

1446 1097 1459 1109 ιι
1477 1082 1589 1114 buerat
1606 1093 1614 1113 ε
1632 1083 1680 1113 vir
1704 1083 1831 1124 quidem
1853 1090 1972 1115 naturae
1997 1095 2061 1115 non
2089 1084 2229 1124 hebetis,
2256 1087 2326 1128 plus
2350 1094 2451 1121 tamen

1446 1151 1459 1163 n
1478 1136 1647 1167 verborum
1673 1136 1850 1179 profluvio,
1877 1148 1971 1178 quam
1993 1138 2216 1170 sententiarum
2237 1139 2376 1181 pondere
2400 1153 2451 1173 00-

1445 1205 1459 1218 ιι
1476 1190 1600 1232 piosus,
1620 1190 1840 1232 singularitatis
1860 1197 1993 1229 amator,
2020 1192 2166 1223 novitatis
2187 1193 2337 1236 cupidus,
2354 1195 2452 1237 cujus-

1445 1259 1458 1271 »
1476 1244 1562 1275 modi
1585 1244 1749 1275 hominum
1775 1244 1898 1286 ingenia
1924 1244 1964 1276 ad
1988 1244 2185 1277 fabricandas
2203 1245 2354 1286 haereses,
2375 1248 2452 1281 schi-

1444 1312 1457 1325 n
1476 1304 1671 1339 smatumque
1693 1297 1946 1340 perturbationes
1971 1305 2043 1330 sunt
2067 1310 2178 1342 prona.
2205 1303 2236 1331 Is
2263 1311 2281 1331 a
2307 1301 2408 1333 studio
2433 1314 2451 1335 a

1444 1365 1457 1377 ι·
1477 1350 1587 1382 Galliis
1613 1351 1645 1381 in
1670 1351 1793 1382 Italiam
1810 1357 1970 1382 revertens
1982 1376 1990 1390 ,
2016 1352 2194 1394 religiosum
2209 1352 2352 1385 habitum
2365 1379 2374 1392 ,
2390 1366 2452 1397 quo

1444 1419 1456 1430 n
1477 1404 1610 1446 amplius
1626 1404 1771 1446 decipere
1789 1410 1911 1446 posset,
1932 1404 2053 1443 induit,
2078 1405 2183 1436 onmia
2206 1406 2364 1446 lacerans,
2387 1419 2452 1440 om-

1443 1471 1456 1482 »
1474 1457 1526 1487 nia
1540 1457 1654 1488 rodens
1664 1482 1672 1496 ,
1689 1457 1806 1488 nemini
1820 1468 1951 1500 parcens
1963 1483 1970 1496 ,
1988 1457 2172 1490 clericorum
2185 1470 2221 1490 ac
2234 1460 2449 1503 episcoporum

1443 1524 1455 1536 ιι
1474 1509 1653 1551 derogator,
1674 1510 1899 1541 monachorum
1920 1518 2114 1553 persecutor,
2133 1512 2219 1544 laicis
2235 1519 2356 1544 tantum
2375 1515 2450 1546 adu-

1443 1576 1456 1590 ιι
1474 1564 1552 1595 lans.
1573 1564 1706 1595 Dicebat
1723 1565 1806 1595 enim
1826 1575 1884 1595 nec
1900 1565 2029 1596 clericos
2047 1565 2271 1607 proprietatem
2283 1591 2292 1604 ,
2311 1577 2369 1599 000
2387 1568 2451 1611 epi-
2499 1562 2502 1565 ’

1443 1631 1455 1644 ιι
1475 1629 1586 1661 scopos
1610 1618 1742 1660 regalia,
1769 1629 1827 1649 000
1850 1618 2021 1650 monachos
2047 1619 2258 1661 possessiones
2277 1620 2448 1661 habentes,

1443 1686 1456 1697 »
1474 1672 1577 1713 aliqua
1595 1672 1715 1703 ratione
1732 1672 1845 1703 salvari
1863 1683 1973 1714 posse;
1993 1678 2105 1704 cuncta
2124 1672 2190 1704 haec
2206 1673 2355 1716 principis
2370 1685 2449 1714 esse,
2476 1676 2478 1679 ’
2498 1679 2501 1717 J

1443 1739 1454 1751 ιι
1473 1724 1513 1755 31)
1529 1725 1657 1766 ejusque
1671 1724 1877 1756 beneficentia
1892 1725 1923 1756 iu
1938 1736 2026 1756 usum
2041 1732 2162 1757 tantum
2177 1726 2327 1758 laicorum
2341 1727 2450 1760 cedere
2498 1729 2504 1752 ι’

1442 1792 1454 1804 ιι
1474 1784 1630 1820 oportere.
1650 1782 1766 1810 Pra-:ter
1783 1778 1850 1810 lure
1872 1779 1910 1809 de
1931 1782 2132 1811 sacramento
2149 1779 2272 1819 altaris,
2292 1781 2449 1823 Baptismo
2498 1786 2499 1791 ¹

1441 1846 1453 1857 ιι
1472 1832 1676 1873 parvulorum
1702 1843 1766 1863 non
1788 1843 1862 1863 sane
1884 1832 1998 1864 dicitur
2021 1833 2165 1865 sensisse.
2194 1849 2207 1860 ιι
2234 1833 2321 1865 Idem
2342 1841 2451 1866 auctor
2497 1844 2499 1847 ·

1436 1884 1543 1924 addit,
1564 1901 1576 1911 «ι
1595 1886 1697 1928 ipsum
1720 1887 1751 1917 in
1769 1887 1902 1918 00001110
1916 1891 2060 1919 Romano
2072 1912 2079 1925 ,
2095 1887 2244 1919 nimirum
2258 1899 2341 1920 anuo
2362 1892 2372 1920 1
2387 1892 2446 1921 138

1441 1939 1594 1971 »silentio
1624 1941 1828 1978 mulctatum,
1861 1941 1950 1972 Italia
1975 1942 2118 1984 pulsum,
2144 1942 2178 1973 in
2203 1941 2354 1984 oppidum
2377 1943 2448 1974 Ale-

1440 2007 1452 2019 ιι
1470 1994 1606 2024 manniae
1632 1997 1792 2036 Turegum
1819 1994 2001 2033 secessisse,
2025 2005 2061 2027 ac
2083 2006 2180 2037 prava
2202 1995 2348 2038 dogmata
2371 1996 2448 2028 effu·
2485 2009 2498 2020 .·

1440 2063 1452 2074 ιι
1471 2047 1553 2079 disse
1581 2059 1588 2079 :
1619 2049 1809 2091 tandemque
1835 2055 1996 2091 comperta
2021 2049 2197 2081 Innocentii
2221 2055 2339 2088 morte,
2367 2049 2448 2083 circa

1439 2114 1451 2126 ιι
1472 2100 1628 2143 principia
1653 2101 1852 2144 pontificatus
1875 2102 2008 2144 Eugenii
2031 2101 2142 2133 urbem
2164 2102 2356 2144 ingressum,
2384 2113 2446 2134 am-

1438 2167 1450 2178 ιι
1469 2153 1551 2195 plius
1563 2164 1632 2185 eam
1647 2154 1679 2184 in
1692 2153 1878 2186 seditionem
1892 2155 2064 2194 excitasse3
2083 2155 2290 2198 proponendo
2304 2155 2446 2197 antiquo-
2492 2179 2494 2190 .
2515 2169 2517 2179 2

1438 2221 1449 2232 ιι
1468 2216 1535 2236 rum
1553 2210 1771 2239 Romanorum
1796 2208 1938 2250 exempla
1950 2233 1957 2247 ‚
1984 2207 2036 2250 qui
2059 2218 2098 2239 ex
2114 2214 2240 2239 senatus
2261 2207 2447 2239 maturitatis

1437 2273 1448 2285 n
1467 2259 1649 2290 consilia...
1668 2266 1768 2291 totum
1789 2259 1899 2291 orbem
1920 2271 2010 2291 suum
2033 2259 2174 2292 fecerint.
2190 2263 2296 2302 Quare
2316 2259 2445 2292 resedifi-

1436 2327 1448 2338 »
1467 2312 1602 2344 candum
1633 2314 1841 2356 Capitolium,
1869 2314 2083 2345 renovandam
2111 2314 2293 2358 dignitatem
2324 2320 2446 2346 senato-

1435 2379 1447 2392 »
1465 2366 1543 2397 riam
1557 2391 1564 2403 ,
1581 2367 1816 2399 reformandum
1830 2375 2004 2410 equestrem
2021 2368 2162 2400 ordinem
2178 2369 2295 2400 docuit.
2311 2368 2396 2401 Nihil
2411 2369 2445 2401 in

1434 2435 1447 2447 ιι
1466 2419 1671 2463 dispositione
1692 2422 1779 2453 urbis
1801 2422 1842 2454 ad
1867 2426 2047 2455 Romanum
2071 2429 2212 2465 spectare
2236 2423 2442 2462 Pontificem,

1433 2489 1445 2500 ιι
1464 2474 1607 2506 sufficere
1629 2475 1688 2507 sibi
1704 2476 1946 2507 ecclesiasticum
1957 2476 2113 2519 judicium
2128 2476 2256 2507 debere.
2273 2479 2310 2507 In
2323 2482 2443 2508 tantum
2488 2485 2492 2506 5
2506 2501 2513 2505 ,

1433 2543 1446 2554 ιι
1464 2539 1538 2560 vero
1551 2528 1644 2572 hujus
1656 2540 1822 2561 venenosae
1836 2529 1986 2561 doctrinm
1999 2530 2094 2573 coepit
2107 2530 2299 2561 invalescere
2312 2530 2440 2568 malum,

1433 2599 1446 2610 ι·
1464 2590 1498 2614 111
1525 2594 1590 2614 000
1617 2584 1718 2616 solum
1745 2583 1897 2616 nobilium
1917 2588 2134 2616 Romanorum
2158 2595 2212 2616 seu
2232 2583 2441 2617 Cardinalium
2487 2569 2511 2608 ΤΑ·

1433 2651 1446 2663 n
1465 2636 1662 2668 diruerentur
1688 2637 1798 2669 domus
1824 2644 1854 2670 et
1879 2637 2044 2680 splendida
2067 2637 2202 2681 palatia,
2220 2647 2330 2668 verum
2349 2636 2442 2668 etiam

1434 2703 1447 2716 n
1465 2689 1684 2721 cardinalibus
1708 2690 1888 2722 reverendae
1920 2701 2081 2734 personas,
2107 2690 2273 2722 inhoneste
2299 2688 2442 2722 sauciatis

1433 2757 1446 2769 »
1465 2741 1671 2785 quibusdam,
1691 2753 1708 2774 a
1728 2742 1845 2775 furenti
1870 2744 1964 2787 plebe
1979 2749 2198 2775 tractarentur.
2216 2756 2230 2769 ι
2246 2741 2417 2774 Jordanem
2429 2763 2439 2780 ,

1429 2797 1512 2828 Petri
1530 2797 1643 2829 Leonis
1660 2797 1772 2835 filium,
1792 2797 1824 2830 in
1840 2797 2007 2830 Patricium
2021 2797 2116 2829 fuisse
2132 2797 2266 2829 electum
2282 2795 2366 2828 idem
2384 2805 2440 2827 au·
2485 2822 2487 2827 .

1429 2855 1496 2880 ctor
1517 2855 1658 2888 testatur,
1679 2850 1826 2882 Chronici
1846 2850 1927 2882 libro
1946 2853 1978 2889 7,
1995 2861 2063 2893 cap.
2096 2851 2171 2891 20.)
2200 2863 2213 2876 κ
2237 2847 2399 2886 Tandem,
2421 2861 2435 2874 ι

1428 2903 1529 2945 inquit
1541 2927 1548 2941 ,
1569 2918 1581 2929 u
1603 2903 1635 2934 in
1649 2914 1760 2935 manus
1774 2903 1983 2946 quorumdam
2002 2903 2143 2935 incidens
2155 2928 2164 2942 ‚
2179 2903 2213 2935 in
2228 2902 2353 2935 Tusciae
2370 2899 2438 2932 fini-

1433 2972 1445 2983 ιι
1468 2956 1525 2987 bus
1557 2964 1680 2999 captus,
1699 2958 1852 3001 Principis
1882 2957 2020 2989 examini
2052 2963 2228 2989 reservatus
2247 2963 2314 2995 est,
2344 2961 2376 2988 et
2397 2953 2438 2987 ad
2483 2968 2486 2977 ·

1432 3026 1444 3037 ιι
1465 3010 1609 3042 ultimum
1640 3021 1658 3041 a
1682 3011 1834 3042 Praefecto
1855 3011 1940 3043 urbis
1969 3011 2053 3053 ligno
2073 3011 2218 3049 adactus,
2247 3021 2283 3042 ac
2305 3020 2381 3051 rogo
2404 3008 2437 3040 in

1431 3078 1444 3091 ιι
1466 3064 1627 3106 pulverem
1652 3063 1780 3095 redacto
1806 3063 1937 3103 funere,
1956 3075 1996 3096 ne
2023 3075 2041 3095 a
2068 3064 2181 3096 stolida
2209 3063 2302 3107 plebe
2325 3071 2436 3105 corpus

1433 3134 1445 3145 ιι
1465 3118 1531 3160 ejus
1553 3118 1746 3149 venerationi
1766 3118 1947 3158 haberetur,
1964 3119 1997 3150 in
2008 3118 2150 3150 Tiberim
2165 3129 2302 3161 sparsus.
2323 3133 2336 3145 ι
2356 3119 2431 3148 11ωο

1428 3172 1554 3214 quidem
1576 3172 1654 3210 late,
1679 3171 1734 3203 sed
1758 3183 1816 3214 pro
1832 3173 1914 3204 1000.

1477 3229 1542 3258 424
1562 3229 1598 3257 B.
1618 3237 1659 3256 AD
1677 3238 1813 3257 νεῖ-110111
1834 3236 2044 3258 nisum-‘rmum
2061 3238 2232 3259 necamur.
2250 3246 2297 3251 --
2311 3230 2347 3259 In
2361 3225 2435 3256 duo-

1426 3277 1486 3310 bus
1501 3278 1687 3311 Colbertinis
1713 3277 1779 3309 haec
1797 3279 1930 3321 epistola
1958 3279 2142 3311 inscribitur
2170 3278 2218 3310 ad
2231 3283 2359 3311 Petrum
2383 3275 2436 3308 Bi-

1428 3333 1619 3376 mmptifmm
1633 3356 1640 3369 ,
1657 3332 1744 3363 millo
1765 3332 1872 3364 addito
1892 3334 2006 3371 titulo;
2034 3333 2067 3365 in
2086 3333 2193 3372 tertio,
2211 3333 2432 3366 ffuminum,-

1428 3387 1460 3418 in
1479 3393 1605 3429 quarto,
1625 3387 1824 3432 Bimpinum.
1845 3391 1882 3419 111
1907 3387 2016 3430 primis
2035 3387 2146 3426 editis,
2165 3386 2212 3418 ad
2233 3390 2358 3419 Petrum
2383 3382 2434 3416 131·-

2504 2646 2514 2931 --.ομ-.-
