2533 3920
380 202 449 239 331

377 282 519 318 exitum
549 281 751 318 sortiatur?
781 279 975 328 Quidquid
993 306 1002 324 ,
1026 279 1227 328 inquiunt,
1250 277 1413 315 baete—'⁷'

1151 202 1184 236 S,
1220 203 1310 237 1:121}
1319 202 1414 236 NAI‘.
1424 201 1470 235 nl
1503 198 1701 234 AlxssA'sls

2388 194 2464 232 332

1419 279 1431 295 ·’”
1448 276 1552 326 sugit.
1575 278 1662 312 'Non
1683 280 1809 309 autem
1838 270 1960 307 debeo
1979 271 2269 321 praetermittere
2286 279 2437 309 sanctos
2450 302 2460 320 ‚

380 355 451 378 nus
480 342 618 378 sactum
642 341 707 386 sit,
729 340 844 377 modo
878 339 1083 389 quaerimus
1115 338 1345 375 audientiam
1376 351 1383 373 :
1404 340 1432 372 A
1453 336 1518 385 qui
1552 333 1697 371 mundo
1726 332 1888 377 mortui,
1915 334 1997 368 Deo
2022 332 2155 368 melius
2180 332 2341 369 vivunt:
2364 346 2463 382 quo-

375 401 562 450 judicium
581 415 711 439 sumus
727 400 853 437 subire
875 400 1007 450 parati.
1028 399 1302 448 Tergiversatio
1316 406 1384 434 est.

380 461 480 509 Quid
502 463 539 498 in
560 462 663 499 omni
684 462 802 511 impio
824 468 963 497 conatu
981 468 1108 496 vestro
1128 458 1237 496 vobis
1268 459 1386 495 relin-

381 523 511 571 quitur
533 523 654 567 aliud,
678 522 782 572 quod
803 521 938 558 afferre
960 520 1105 569 queatis
1126 519 1171 556 ad
1199 519 1385 555 seducen-

382 581 472 618 dum
500 583 706 632 simplices,
741 582 787 618 ad
820 580 1043 617 armandum
1079 580 1307 624 malevolos,
1340 579 1386 615 ad

383 650 545 678 vestram
570 643 739 692 ipsorum
760 641 985 691 palliandam
1014 640 1220 677 malitiam?
1249 640 1285 676 Si
1314 639 1386 675 hoc

382 712 457 736 non
490 701 685 748 diceretis,
722 701 812 751 quid
849 701 1049 737 diceretis?
1084 703 1267 736 Caeterum
1305 698 1385 747 jam

380 763 481 797 Deus
497 760 641 810 judieax
656 763 680 798 it
701 761 802 811 quod
822 774 906 797 sero
923 761 1058 810 repetit
1076 760 1192 795 homo
1215 774 1222 795 :
1240 759 1387 808 judica-

383 822 435 857 vit
454 831 578 858 auten]
601 823 726 871 operis
747 821 933 857 evidentia
949 850 957 866 ,
981 835 1057 856 non
1077 820 1217 856 decreti
1236 829 1387 856 sentcn-

383 881 442 918 tia.
467 882 656 931 Numquid
690 883 756 919 Dei
783 881 971 929 judicium
992 880 1128 916 audeat
1145 880 1309 916 humana
1331 888 1385 916 te-

382 943 532 978 meritas
560 943 787 978 retractare?
812 941 911 988 Quid
938 941 967 976 si
998 948 1173 976 causetur
1193 948 1230 975 et
1251 941 1386 976 clamet

380 1015 448 1050 per
468 1002 691 1050 proplietam
716 1004 816 1037 Deus
833 1030 841 1045 ,
864 1000 1048 1037 Tulerunt
1071 999 1242 1035 homines
1274 1013 1294 1035 a
1325 1012 1385 1035 me

1455 408 1538 431 rum
1559 394 1636 430 vita
1653 391 1875 429 abscondita
1892 399 1948 427 est
1966 404 2052 427 cum
2073 391 2222 428 Christo
2251 392 2290 428 in
2319 392 2461 442 gloria,

1454 454 1518 492 ubi
1539 463 1639 491 certe
1660 453 1829 490 studiose
1862 451 2082 501 inquirunt,
2105 460 2142 488 et
2165 465 2243 488 non
2261 451 2376 489 dubie
2402 453 2464 489 in—

1454 516 1615 553 veniunt
1647 513 1926 563 beneplacitum
1963 512 2057 557 Dei,
2099 512 2166 561 qui
2193 512 2344 549 solliciti
2377 521 2465 550 sunt

1453 575 1648 626 quomodo
1666 575 1838 625 placeant
1854 573 1899 609 ei.
1917 576 2048 622 Itaque
2075 572 2407 610 Camaudulienses
2421 572 2437 587 ”
2451 602 2461 616 ,

1453 635 1773 681 Valhunbrosani,
1796 634 2072 680 Cartusienscs,
2092 632 2405 680 Cluniacenses*,
2427 643 2464 671 et

1453 698 1516 747 qui
1544 697 1590 733 de
1621 694 2010 745 Majori-Monasterio
2039 693 2182 739 sunt’‚
2211 695 2286 730 mei
2311 706 2464 743 quoque

1454 758 1718 796 Cistercienses
1733 756 1767 801 *,
1786 755 2040 793 Cadumenses
2054 754 2070 769 *
2084 784 2094 800 ,
2115 755 2343 791 Tironenses
2355 753 2371 768 *
2384 783 2394 801 ,
2427 763 2463 792 et

1453 816 1783 862 Saviniaeenses*;
1817 815 2044 852 universitas
2073 814 2239 864 denique
2267 822 2306 851 et
2327 815 2462 851 unani-

1453 877 1562 912 mitas
1583 877 1761 919 fratrum,
1794 883 1867 911 tam
1896 874 2146 919 clericorum,
2182 886 2298 923 quam
2327 886 2463 910 mona-

1452 937 1609 972 chorum
1650 935 1831 984 regularis
1866 934 1953 970 vitae
1983 933 2227 983 probataeque
2261 945 2465 970 conversa-

1454 997 1587 1041 tionis,
1621 1003 1825 1044 sequentes
1856 994 2079 1044 episcopos,
2112 1002 2292 1043 tanquam
2331 996 2466 1044 greges

374 1060 560 1108 judicium
577 1067 589 1082 ³
606 1063 620 1095 Ρ
638 1064 720 1097 Non
738 1068 794 1096 cst
810 1059 1008 1095 consilium
1030 1066 1162 1094 contra
1182 1058 1382 1094 consilium
1406 1066 1432 1098 Β
1454 1066 1626 1106 pastores
1657 1067 1746 1091 suos
1761 1083 1771 1100 ‚
1803 1054 2029 1091 Innocentio
2056 1054 2217 1090 firmiter
2247 1054 2462 1101 adhaerent,

378 1121 558 1156 Domini:
582 1121 763 1156 velociter
791 1120 909 1156 currit
938 1132 1063 1155 sermo
1092 1117 1192 1167 ejus,
1225 1118 1262 1154 in
1294 1132 1383 1154 con-

378 1180 565 1217 veniendo
584 1181 748 1231 populos
768 1180 804 1216 in
829 1193 946 1215 unum
967 1187 1005 1215 et
1026 1191 1150 1226 reges,
1168 1187 1211 1214 ut
1225 1178 1382 1214 domino

379 1253 486 1289 papae
524 1242 748 1277 Innocentio
787 1240 952 1276 serviant
987 1247 1024 1275 et
1055 1238 1248 1275 obediant.
1291 1239 1382 1286 Quis

377 1300 598 1337 revocabit?
640 1302 709 1338 Dei
749 1314 829 1337 esse
871 1300 1056 1349 judicium
1098 1308 1300 1335 senserunt
1346 1307 1383 1336 et

377 1371 650 1398 consenserunt
670 1362 858 1398 Galterius
891 1364 1112 1404 Ravennas,
1141 1359 1382 1409 Hildegarius

375 1420 720 1464 'seri-aconensisb,
770 1419 980 1457 Norbertus
1022 1418 1380 1468 Magdeburgensis,

374 1481 570 1518 Conradus
614 1480 937 1530 SalselmrgensiS,
980 1479 1265 1529 archiepiscopi.
1311 1480 1381 1516 Dei

374 1554 453 1576 eess
498 1540 684 1589 judicium
731 1548 995 1590 cognoverunt
1026 1548 1064 1575 et
1109 1539 1382 1588 acquieverunt

373 1602 559 1651 episcopi,
593 1603 823 1652 Equipertus
870 1600 1203 1647 Monasteriensis,
1250 1600 1382 1637 Hilde-

376 1661 544 1698 brannus
598 1663 856 1707 Pistoriensis,
900 1660 1116 1698 Bernartius
1160 1660 1378 1710 Papiensis,

374 1722 583 1759 Landulfus
617 1723 805 1768 Astensis,
839 1725 950 1771 Hugo
979 1721 1380 1770 Gratianopolitanus,

375 1783 587 1819 Bernardus
607 1783 820 1820 Parmensis
837 1783 865 1819 *.
889 1786 1037 1819 Horum
1059 1781 1179 1831 gloria
1208 1781 1380 1831 specialis

1449 1117 1595 1153 sincere
1617 1116 1767 1158 favent,
1790 1114 1985 1150 humiliter
2004 1122 2141 1163 parent
2156 1142 2165 1159 ,
2191 1127 2325 1151 verum
2358 1119 2462 1166 Apo-

1449 1177 1635 1212 stolorum
1654 1187 1910 1211 successorem
1929 1174 2091 1211 fideliter
2110 1184 2406 1224 recognoscunt.

1506 1237 1564 1273 ll.
1587 1235 1687 1283 Quid
1709 1247 1815 1284 reges
1835 1243 1873 1271 et
1894 1235 2086 1284 principes
2109 1237 2243 1272 terrae?
2264 1237 2402 1273 Nonne
2422 1236 2461 1273 in

1449 1297 1584 1334 eodem
1603 1297 1758 1347 spiritu,
1779 1310 1855 1333 una
1869 1309 1956 1333 cum
1977 1295 2157 1346 subjectis
2173 1295 2246 1333 sibi
2265 1295 2460 1347 plebibus,

1448 1357 1715 1394 Innocentium
1738 1357 1881 1406 pariter
1901 1357 2209 1406 amplectuntur,
2231 1357 2457 1394 confitentes

1449 1426 1486 1453 et
1501 1418 1571 1468 ipsi
1593 1420 1730 1467 Papam
1750 1425 1787 1453 et
1806 1417 2031 1466 episcopum
2049 1417 2261 1453 animarum
2280 1420 2461 1455 suarum?

1449 1478 1542 1526 Quis
1563 1486 1758 1527 postremo
1778 1477 1817 1513 in
1840 1490 2085 1526 quocumque
2106 1477 2243 1514 ordine
2267 1478 2353 1514 vitae
2374 1477 2461 1515 illu—

1449 1538 1535 1574 stris
1555 1546 1592 1574 et
1612 1537 1706 1574 boni
1727 1537 1894 1573 nominis
1911 1536 2027 1573 homo
2048 1536 2214 1587 idipsum
2236 1550 2314 1574 non
2335 1537 2461 1587 sapit?

1449 1602 1495 1635 Et
1531 1607 1657 1634 tamen
1692 1597 1816 1634 adhuc
1846 1597 1934 1643 isti,
1964 1597 2094 1635 nescio
2116 1610 2192 1647 qua
2221 1598 2459 1635 contentiosa

1449 1659 1739 1708 importunitate
1771 1666 1807 1694 et
1843 1658 2065 1707 importuna
2097 1658 2363 1704 contentione,
2401 1671 2461 1695 re-

1450 1720 1628 1756 clamant.
1650 1722 1796 1755 Vocant
1817 1718 1855 1754 in
1876 1731 2027 1755 causam
2049 1718 2203 1765 orbem,
2228 1727 2266 1755 et
2286 1732 2371 1756 cum
2393 1732 2460 1757 sua

1447 1780 1636 1830 paucitate
1670 1780 1955 1815 universitatem
1990 1779 2161 1828 flagitant
2190 1779 2356 1828 judicari
2387 1795 2395 1817 :
2423 1788 2462 1817 et

373 1851 409 1878 et
437 1844 626 1893 praecipua
645 1844 842 1888 sanctitas,
872 1851 908 1879 et
934 1842 1139 1878 auctoritas
1169 1841 1280 1877 etiam
1311 1842 1382 1878 ho—
1400 1847 1426 1882 C
1448 1841 1511 1890 qui
1532 1840 1875 1891 praejudieavcrant
1895 1840 1933 1876 in
1955 1840 2163 1886 electione,
2191 1840 2238 1877 de
2257 1841 2462 1877 confirma-

373 1903 490 1940 stibus
528 1904 758 1948 reverenda,
800 1904 905 1941 facile
936 1902 1067 1947 nobis,
1098 1902 1163 1951 qui
1194 1902 1381 1939 minorem

373 1972 410 2000 et
440 1965 561 2000 meriti
594 1973 630 2000 et
658 1965 772 2000 oflicii
794 1973 966 2000 tenemus
993 1964 1140 2008 locum,
1169 1971 1233 1999 aut
1253 1976 1382 1999 errare

374 2038 522 2069 secum,
543 2034 608 2061 aut
630 2038 762 2074 sapere
793 2024 989 2074 persuasit.
1017 2027 1138 2059 Taceo
1169 2023 1383 2059 multitudi-

376 2098 462 2120 nem
488 2094 735 2129 caeterorum,
764 2086 928 2130 Tusciae,
965 2084 1200 2133 Campaniae,
1228 2087 1384 2133 Longo-

375 2144 534 2190 bardiae,
564 2147 797 2192 Germaniae,
835 2155 871 2182 et
905 2144 1137 2195 Aquitaniae,
1174 2145 1381 2182 Galliarum

377 2206 540 2255 denique
571 2215 608 2242 et
644 2207 911 2256 Hispaniarum
943 2205 1138 2250 omnium,
1168 2218 1316 2241 necnon
1347 2212 1384 2241 et

376 2267 562 2303 universae
589 2267 791 2303 Orientalis
810 2266 1006 2310 Ecclesiae,
1028 2274 1100 2301 tam
1129 2265 1382 2314 archiepisco-

380 2340 545 2376 porum,
574 2340 685 2375 quam
716 2327 1007 2377 episcoporum,
1034 2337 1200 2374 quorum
1228 2325 1384 2360 nomina

378 2395 465 2422 sunt
494 2387 530 2422 in
562 2385 658 2422 libro
682 2386 789 2432 vitae,
815 2385 879 2422 sed
909 2385 1079 2435 epistolae
1106 2383 1272 2420 brevitas
1305 2396 1383 2420 non

380 2445 543 2482 admittit
557 2453 582 2483 ⁰.

436 2506 494 2542 10.
524 2506 571 2542 Ηί
600 2518 732 2542 omnes
758 2505 978 2550 unanimes,
1000 2517 1078 2540 non
1107 2502 1285 2539 conducti
1313 2515 1383 2551 pe-

379 2567 509 2613 cunia,
531 2581 607 2603 non
635 2566 779 2603 seducti
797 2565 941 2602 fallacia
959 2593 969 2609 ,
993 2577 1069 2600 non
1089 2563 1202 2599 illecti
1232 2562 1383 2611 privato

379 2628 501 2664 carnis
517 2629 574 2663 vel
593 2626 828 2676 cognationis
845 2638 994 2670 amore,
1015 2636 1090 2659 non
1109 2624 1245 2658 timore
1274 2635 1382 2658 com-

380 2688 476 2736 pulsi
497 2689 677 2738 potentiae
706 2686 916 2730 scemam-is,
935 2684 998 2720 scd
1021 2684 1089 2720 'Dei
1108 2683 1241 2733 procul
1264 2681 1381 2718 dubio

379 2748 634 2792 voluntatem,
657 2749 753 2783 sicut
774 2759 848 2782 non
870 2746 1109 2793 ignorantes,
1131 2743 1180 2779 ita
1206 2756 1273 2778 nec
1301 2742 1381 2779 <lis—

380 2807 617 2853 simulantcs,
650 2811 803 2843 Petrum
830 2806 967 2841 Leonis
999 2805 1161 2853 ingenue
1191 2803 1382 2839 refutave-

379 2874 486 2912 runt,
505 2880 546 2902 ac
567 2880 696 2902 secure
720 2865 944 2913 Gregorium
967 2864 1002 2900 in
1026 2876 1163 2912 papam
1189 2866 1381 2898 Innocen—

380 2926 471 2961 tium
512 2932 771 2974 susceperunt.
812 2926 1030 2959 Nostratum
1061 2935 1150 2958 sane
1190 2935 1301 2957 nenio
1335 2934 1379 2957 ex

379 2985 533 3021 nominc
565 2985 602 3020 in
633 2985 687 3020 his
719 2996 918 3033 expressus
950 2991 1004 3019 est
1035 2982 1167 3018 litteris
1196 2997 1202 3017 :
1228 2981 1316 3030 quia
1347 2990 1383 3017 et

377 3057 508 3080 omnes
537 3043 806 3093 compendium
842 3056 916 3078 non
951 3044 1046 3087 fert,
1085 3051 1122 3078 et
1167 3042 1381 3090 aliquorum

374 3104 561 3140 invidiosa
590 3103 798 3153 designatio
816 3103 1044 3138 adulationis
1066 3110 1194 3138 notam
1220 3114 1296 3137 non
1324 3102 1382 3137 es—

1450 1902 1551 1937 tione
1573 1900 1786 1950 rejudicare
1807 1900 2073 1947 contendunt3
2096 1909 2187 1938 tunc
2215 1899 2463 1951 praepropere

1449 1971 1623 2011 agentes,
1659 1961 1774 1998 modo
1803 1969 2038 2011 praepostere
2068 1968 2328 1998 retractantes.
2366 1961 2459 2009 Quis

1439 2016 1592 2068 tantos,
1611 2035 1760 2071 quaeso,
1782 2021 1820 2057 in
1841 2034 1959 2057 unum
1979 2033 2115 2070 cogere
2132 2028 2247 2070 queat
2272 2020 2462 2057 exercitus

1450 2082 1648 2131 utriusque
1680 2081 1826 2118 ordinis
1861 2081 2102 2130 principum,
2136 2093 2184 2117 ne
2219 2080 2342 2117 dicam
2375 2080 2462 2130 ple-

1450 2142 1555 2179 bium
1569 2171 1578 2188 ,
1599 2150 1636 2179 et
1658 2141 1848 2178 adducere
1872 2142 1911 2178 in
1933 2141 2280 2178 examinationem?
2296 2139 2390 2189 Quis
2406 2147 2463 2177 tot

1451 2211 1671 2239 sanctorum
1691 2201 1858 2239 millibus
1878 2200 2109 2251 persuadere
2138 2200 2325 2248 sufficiat,
2357 2199 2461 2250 quod

1451 2263 1557 2312 prius
1587 2262 1890 2307 aedificaverunt,
1911 2261 2051 2298 iterum
2073 2260 2290 2307 destruere,
2325 2268 2362 2298 et
2392 2259 2462 2298 ab-

1452 2322 1590 2359 ducere
1625 2322 1848 2372 semetipsos
1883 2322 1922 2358 in
1957 2321 2333 2371 praevaricationem?
2369 2320 2461 2369 Quis

1452 2382 1588 2436 deinde
1619 2382 1725 2419 locus
1758 2380 1938 2418 omnibus
1958 2389 2107 2426 tantus,
2130 2379 2310 2418 omnibus
2332 2381 2460 2418 tutus?
2513 2394 2515 2398 ⁴

1446 2438 1646 2481 Universae
1673 2442 1816 2492 quippe
1839 2441 2015 2478 Ecclesiae
2049 2441 2245 2490 negotium
2273 2449 2351 2488 est,
2382 2452 2460 2478 non
2510 2434 2514 2477 J

1449 2503 1560 2539 unius
1577 2516 1688 2539 causa
1709 2515 1898 2552 personae.
1917 2501 2061 2539 Videtis
2078 2501 2184 2551 quod
2207 2501 2254 2538 de
2279 2501 2459 2552 impossi-

2508 2515 2533 2538 Η

1450 2562 1515 2598 bili
1533 2562 1759 2599 calumniam
1778 2561 1922 2598 struitis
1941 2561 2053 2598 matri
2070 2569 2205 2598 vestrae
2226 2576 2235 2598 ε
2257 2561 2335 2598 imo
2351 2559 2460 2599 vobis
2508 2583 2510 2588 ν

1400 2630 1432 2663 D
1452 2623 1600 2659 foveam
1626 2622 1774 2669 foditis,
1806 2621 1844 2658 in
1875 2635 1988 2671 quam
2010 2621 2321 2672 praecipitemini3
2348 2628 2386 2658 et
2409 2620 2459 2657 la-

1449 2696 1588 2731 queum
1612 2683 1779 2727 nectitis,
1803 2695 1880 2732 quo
1901 2681 2128 2729 teneamini,
2144 2694 2192 2718 ne
2208 2680 2256 2718 ad
2272 2680 2457 2731 gremium

1450 2742 1693 2778 revertamini
1727 2743 1857 2778 matris
1888 2750 2037 2778 vestrae.
2073 2741 2231 2779 Occasio
2261 2751 2458 2790 nunquam
2504 2770 2507 2776 .

1450 2802 1570 2838 deerit
1587 2802 1620 2839 ci
1641 2803 1704 2851 qui
1723 2803 1805 2839 vult
1825 2802 2002 2839 recedere
2019 2801 2066 2838 ab
2083 2801 2218 2838 amico.

1507 2861 1564 2897 12.
1596 2862 1667 2899 Sed
1703 2870 1796 2898 esto.
1828 2866 1950 2899 Mutet
1978 2861 2179 2899 consilium
2213 2873 2324 2898 suum
2355 2863 2456 2898 Deus

1449 2920 1677 2971 (secundum
1695 2923 1888 2959 hominem
1906 2922 1991 2959 dico
2000 2922 2026 2973 )‚
2044 2929 2198 2958 revocet
2213 2920 2454 2965 sententiam,

1448 2991 1631 3019 convocet
1649 2996 1669 3019 a
1688 2982 1827 3020 linibus
1848 2991 1957 3020 terrae
1978 2982 2200 3028 concilium3
2215 2980 2379 3030 judicari
2399 2980 2455 3019 bis

1449 3041 1486 3078 in
1523 3042 1688 3092 idipsum
1702 3073 1711 3089 ‚
1743 3042 1848 3092 quod
1884 3043 1964 3093 ipse
1998 3056 2075 3079 non
2107 3042 2216 3088 facit,
2243 3042 2414 3092 ‚patiatur
2443 3054 2453 3080 ε

1449 3116 1655 3152 quosnam,
1681 3117 1830 3154 quaeso,
1852 3102 2000 3140 dabunt
2013 3102 2163 3152 judices
2195 3100 2292 3139 sibi?
2316 3105 2455 3141 Omnes

422 3243 435 3258 ³
458 3241 524 3268 Hoc
541 3235 626 3279 apud
642 3235 761 3266 nullum
775 3234 928 3277 reperitur
947 3233 1133 3276 prophetam
1149 3245 1156 3270 ;
1173 3234 1225 3264 sed
1240 3233 1372 3265 liabetur
1386 3235 1415 3265 in
1430 3236 1581 3267 Doctrina
1596 3239 1648 3267 SS.
1667 3239 1806 3274 Patrum,
1824 3236 1904 3267 libro
1919 3238 2036 3268 Contra
2046 3235 2166 3278 judicia
2179 3234 2356 3273 temeraria,
2374 3245 2405 3266 n.
2421 3235 2451 3266 7.

421 3292 436 3311 ¹·
455 3294 483 3321 Is
503 3295 692 3321 successerat
705 3287 851 3320 odelrico
862 3311 870 3325 ‚
893 3298 985 3329 quem
1002 3287 1244 3318 eruditissimum
1258 3298 1363 3318 senem
1377 3294 1467 3319 vocat
1481 3289 1649 3321 ordericus
1663 3289 1696 3320 in
1712 3289 1794 3321 libro
1813 3292 1851 3321 13
1864 3313 1872 3328 ,
1890 3300 1981 3333 pagg.
2003 3292 2065 3322 891
2080 3312 2090 3328 ,
2113 3291 2194 3322 892.

417 3350 429 3364 ι·
451 3347 522 3374 uaec
536 3343 631 3374 verba
643 3366 650 3380 ,
667 3339 725 3372 sed
736 3339 878 3386 epistnlw
891 3339 1023 3371 brevitas
1038 3351 1101 3370 non
1117 3338 1257 3369 admittit
1272 3364 1279 3374 ,
1301 3340 1411 3371 desunt
1427 3341 1457 3372 in
1475 3341 1598 3373 duobus
1613 3342 1801 3374 Colbertinis
1816 3354 1823 3379 ς
1843 3342 1875 3373 in
1893 3343 1984 3374 tertio
2001 3342 2155 3384 leguntur.
