2517 3920
333 189 428 226 1483

329 279 537 316 nunquam.
566 264 740 314 Denique
769 263 849 314 jam
880 272 967 301 octo
996 264 1221 301 exstiterant
1252 271 1339 300 ante

1104 187 1139 223 S.
1170 184 1423 222 BERNARDI
1453 183 1654 219 ABBATIS

1351 260 1398 278 c67

2326 184 2420 223 1484

1414 261 1592 298 radicatis
1605 290 1614 307 ,
1633 260 1699 310 qui
1712 258 1791 308 jam
1810 272 1932 296 annos
1949 259 2067 296 ferme
2086 259 2296 308 ducentos,
2316 265 2424 312 quasi

327 327 477 365 Celsum
494 326 565 363 viri
584 325 757 372 uxorati,
773 334 810 363 et
827 325 971 375 absque
987 324 1196 363 Ordinibus
1211 353 1220 370 ,
1239 324 1341 360 litte-
1359 323 1388 356 A
1409 322 1633 359 haereditate
1668 320 1929 371 possedissent
1959 322 2218 358 sanctuarium
2254 323 2326 360 Dei
2342 351 2352 368 ,
2386 332 2425 373 et

328 388 401 425 rati
422 396 562 424 tamen.
580 386 675 424 Inde
698 395 777 423 tota
796 387 859 423 illa
881 400 950 436 per
970 386 1188 422 universam
1207 383 1346 421 Hiber-

328 448 431 484 niam
446 477 455 494 ,
471 447 518 484 de
533 461 606 497 qua
621 447 796 498 superius
811 447 997 493 diximus,
1012 445 1210 483 dissolutio
1227 445 1345 481 eccle-

330 509 489 546 siasticae
503 509 726 559 disciplinae,
742 522 913 545 censurae
925 507 1135 552 enervatio,
1150 506 1344 555 religionis

330 570 530 606 evacuatio
553 585 560 607 :
581 569 668 609 inde
686 569 747 606 illa
770 568 934 618 ubique,
958 581 1030 618 pro
1051 566 1344 604 mansuetudine

331 631 534 668 christiana
549 659 559 677 ,
583 644 680 667 saeva
710 629 1002 667 subintroducta
1026 627 1244 673 barbaries,
1266 627 1344 663 imo

331 691 576 741 paganismus
603 690 757 740 quidam
781 689 961 725 inductus
979 687 1050 725 sub
1069 687 1224 724 nomine
1242 687 1345 723 chri-

332 751 467 788 stiano.
492 755 584 788 Nam
608 750 734 801 <quod
753 749 967 786 inauditum
988 757 1044 785 est
1063 748 1111 785 ab
1129 749 1213 798 ipso
1234 747 1345 785 Chri-

331 811 532 848 stianitatis
552 810 686 861 initio)
706 811 785 847 sine
804 809 968 854 Ordine,
990 809 1071 845 sine
1091 809 1239 845 ratione
1257 821 1345 844 mu-

334 870 512 908 tabantur
527 879 564 907 et
585 869 941 920 multiplicabantur
960 868 1130 918 episcopi
1146 881 1218 918 pro
1232 867 1344 904 libitu

332 931 643 980 metropolitani,
665 930 716 966 ita
736 939 778 966 ut
795 943 895 966 unus
910 929 1153 979 episcopatus
1171 941 1250 964 uno
1267 941 1344 964 non

333 1000 431 1028 esset
452 1000 655 1028 contentus
668 1020 677 1036 ,
699 990 764 1027 sed
786 991 946 1039 singulae
963 1002 1061 1039 pene
1079 988 1248 1026 ecclesiae
1268 988 1346 1025 sin-

331 1052 440 1100 gulos
468 1050 656 1088 haberent
684 1051 900 1101 episcopos.
932 1054 1010 1088 'Nec
1046 1049 1186 1086 mirum
1217 1064 1225 1086 :
1257 1062 1344 1086 nam

331 1111 529 1161 quomodo
544 1119 617 1148 tam
632 1110 799 1147 morbidi
811 1111 946 1160 capitis
959 1109 1133 1147 membra
1148 1109 1346 1146 valerent?

386 1171 448 1208 20.
482 1175 557 1208 Pro
584 1171 641 1207 his
661 1171 811 1217 Celsus,
843 1180 958 1221 atque
982 1170 1205 1220 hujusmodi
1238 1170 1346 1207 malis

331 1231 468 1281 populi
493 1232 548 1268 sui
576 1231 825 1269 vehementer
850 1231 984 1269 dolens
1013 1230 1118 1281 (erat
1145 1231 1247 1268 enim
1283 1231 1345 1267 vir

330 1290 407 1328 bon
415 1305 457 1328 us
475 1299 512 1327 et
530 1291 770 1340 timoratus),
787 1291 936 1328 curavit
950 1291 1055 1328 omni
1071 1291 1187 1328 modo
1203 1290 1345 1328 habere

331 1350 404 1388 sibi
432 1364 690 1389 successorem
711 1351 959 1397 Malachiam,
987 1351 1092 1401 quod
1122 1366 1191 1402 per
1220 1352 1346 1402 ipsum

332 1411 543 1449 confideret
560 1425 672 1462 posse
688 1412 901 1462 explantari
922 1413 1018 1449 male
1034 1412 1239 1450 radicatam
1262 1427 1347 1450 suc-

333 1472 542 1510 cessionem
562 1488 569 1510 :
593 1473 658 1522 qui
681 1473 817 1510 charus
838 1482 936 1510 esset
957 1473 1156 1519 omnibus,
1175 1482 1212 1510 et
1233 1487 1346 1524 quem

333 1546 468 1571 omnes
491 1534 784 1580 aemularentur,
803 1542 840 1570 et
861 1534 1051 1571 Dominus
1069 1542 1150 1570 erat
1175 1548 1261 1571 cum
1287 1547 1345 1571 eo.

332 1598 410 1632 Nec
437 1595 641 1633 frustratus
661 1603 717 1632 est
738 1609 758 1632 a
775 1608 841 1645 spe
861 1609 940 1632 sua.
960 1599 1052 1632 Nam
1080 1595 1146 1631 illo
1168 1604 1344 1641 mortuo,

332 1654 563 1693 substitutus
595 1664 652 1694 est
682 1656 888 1693 Malachias
906 1685 916 1702 ,
950 1669 1029 1692 non
1067 1664 1194 1692 tamen
1230 1669 1318 1692 mox
1336 1686 1346 1702 ‚

333 1729 458 1765 neque
478 1716 516 1753 id
548 1717 668 1753 facile.
693 1720 790 1753 Ecce
814 1716 914 1752 enim
943 1716 990 1753 de
1019 1715 1162 1753 semine
1183 1729 1346 1765 nequam

334 1776 402 1827 qui
426 1785 587 1826 occupet
616 1777 764 1823 locum,
793 1776 999 1813 Mauricius
1024 1776 1194 1812 nomine.
1224 1778 1260 1811 Is
1280 1788 1350 1824 per

335 1837 643 1887 quinquennium
659 1867 667 1883 ,
690 1837 808 1873 fretus
830 1836 1002 1886 potentia
1027 1836 1217 1881 szeculari,
1238 1835 1347 1871 incu-

335 1898 442 1936 bavit
464 1899 662 1945 Ecclesiae,
691 1911 770 1934 non
799 1897 1024 1947 episcopus,
1061 1896 1126 1932 sed
1150 1904 1346 1944 tyrannus.

334 1962 429 1996 Nam
447 1967 538 1995 vota
557 1959 709 2008 piorum
730 1958 848 2007 magis
866 1957 902 1993 in
919 1957 1140 1993 Malachiam
1160 1969 1349 1992 convene-

337 2028 433 2056 rant.
457 2019 631 2068 Denique
648 2018 860 2055 suadebant
879 2031 965 2053 cum
984 2017 1110 2053 subire
1129 2016 1347 2065 onusjuxta

337 2079 648 2117 constitutionem
672 2079 767 2115 Celsi
789 2094 796 2114 :
817 2078 880 2114 scd
900 2078 982 2122 1110,
1005 2078 1070 2127 qui
1090 2090 1204 2113 0111110
1228 2076 1348 2113 5111111-

338 2153 398 2177 me
418 2139 520 2176 haud
549 2147 797 2188 secus‘quam
818 2151 927 2174 suum
951 2137 1204 2188 praecipitium
1232 2137 1349 2174 decli-

337 2202 472 2248 nabat,
494 2200 635 2237 bonam
653 2199 722 2236 sibi
741 2198 945 2236 videbatur
959 2207 1093 2236 nactus
1111 2199 1348 2235 occasionem

335 2261 568 2308 excusandi,
591 2259 697 2310 quod
719 2273 788 2310 per
810 2259 848 2295 id
866 2260 1052 2310 temporis
1070 2260 1249 2296 introitus
1267 2259 1349 2309 ejus

334 2325 515 2375 pacificus
538 2335 618 2358 esse
636 2334 714 2357 non
738 2328 877 2370 posset.
900 2319 1100 2357 Instabant
1121 2329 1195 2357 tam
1219 2328 1350 2356 sancto

336 2384 469 2435 operi,
493 2391 531 2420 et
551 2380 807 2419 sollicitabant
827 2394 986 2426 omnes;
1010 2380 1087 2417 duo
1109 2381 1349 2430 potissimum

336 2444 528 2497 episcopi,
547 2443 720 2480 Malchus
734 2450 770 2478 et
786 2440 1018 2479 Gillebertus
1034 2456 1042 2477 :
1058 2455 1223 2491 quorum
1244 2442 1351 2491 prior

335 2507 417 2558 ipse
436 2514 492 2542 est
506 2504 633 2541 senior
651 2502 912 2540 Lesmorensis
926 2531 934 2547 ,
953 2502 1000 2538 de
1017 2516 1094 2551 quo
1116 2516 1230 2552 supra
1246 2515 1351 2538 men-

335 2568 388 2604 tio
405 2567 501 2603 facta
522 2573 579 2601 est
593 2571 601 2585 ¹
618 2579 627 2610 3
646 2564 757 2608 alter,
774 2576 888 2611 quem
906 2563 1013 2599 aiunt
1030 2563 1153 2612 prima
1174 2563 1348 2599 sunctum

333 2628 522 2677 legatione
550 2624 770 2675 apostolicae
793 2623 899 2661 Sedis
926 2637 996 2673 per
1025 2624 1242 2660 universam
1274 2623 1345 2660 Hi—
1364 2619 1397 2653 D

333 2687 520 2724 herniam.
539 2685 612 2734 Qui
631 2684 797 2721 triennio
813 2683 891 2732 jam
919 2684 1081 2720 decurso
1101 2684 1138 2720 111
1156 2684 1225 2720 1130
1246 2697 1346 2734 prae-

335 2747 553 2798 sumptione
582 2745 754 2782 Mauricii
777 2773 786 2790 ,
825 2752 863 2780 et
898 2744 1095 2781 Malachiae
1129 2744 1346 2780 dissimula-

336 2809 461 2853 tione,
483 2820 562 2843 non
584 2807 747 2843 ferentes
769 2805 869 2841 ultra
893 2804 1060 2841 ecclesiae
1090 2804 1319 2841 adulterium
1335 2832 1344 2849 ,

337 2868 579 2916 dedecusque
616 2866 755 2903 Christi
777 2895 786 2912 ‚
830 2865 1051 2902 convocatis
1085 2865 1274 2915 episcopis
1310 2873 1346 2900 et

336 2927 576 2980 principibus
610 2936 742 2973 terrae,
777 2940 854 2963 uno
883 2927 1019 2976 spiritu
1055 2926 1197 2963 adeunt
1228 2926 1347 2962 Mala-

337 2989 481 3035 chiam,
507 2988 629 3037 parati
654 2988 730 3023 'vim
759 2988 896 3024 facere.
927 2992 977 3025 At
996 2988 1059 3024 ille
1079 3000 1242 3024 renuere
1264 2987 1346 3037 pri-

338 3063 468 3096 mum,
496 3047 735 3098 praetendere
761 3048 947 3097 siquidem
976 3048 1238 3085 difficultatem
1268 3048 1343 3095 rei,

333 3109 474 3148 nobilis
494 3108 594 3145 illius
612 3107 801 3157 prosapiae
817 3107 1102 3145 multitudinem
1116 3138 1125 3154 ,
1148 3108 1343 3144 fortitudi-

332 3184 419 3209 nem
434 3199 443 3217 ,
466 3168 713 3206 ambitionem
735 3181 742 3203 ;
765 3167 926 3203 multum
949 3180 1029 3204 esse
1051 3168 1097 3205 ad
1118 3182 1157 3206 se
1174 3182 1343 3219 pauper-

333 3232 460 3269 culum
486 3241 684 3280 opponere
706 3241 744 3264 se
773 3235 847 3275 tot,
871 3227 1001 3274 tantis,
1026 3228 1182 3275 talibus,
1218 3230 1343 3266 taliter

379 3366 388 3381 ¹
409 3364 485 3403 Cap.
504 3362 534 3391 4.

1412 396 1516 420 nunc
1550 395 1707 432 quoque
1735 381 1774 418 id
1803 390 2139 432 praeoccupassent
2170 397 2178 419 ε
2207 396 2286 419 11011
2314 396 2426 433 posse

1412 443 1497 479 illos
1529 442 1757 493 exstirpari,
1795 455 1865 478 nec
1894 456 1980 478 cum
2003 441 2195 479 mortibus
2224 442 2424 480 hominum

1411 503 1566 553 quidem
1596 518 1604 539 :
1631 516 1700 540 sua
1727 515 1806 539 11011
1838 503 2044 547 interesse,
2078 502 2187 539 fundi
2213 502 2422 540 humanum

1412 564 1637 614 sanguinem
1653 563 1854 601 occasione
1870 563 1926 600 sui
1948 578 1957 600 :
1979 571 2177 614 postremo
2193 562 2370 612 junctum
2387 577 2426 601 se

1412 637 1564 674 sponsae
1582 623 1712 669 alteri,
1732 636 1846 673 quam
1865 622 2059 659 dimittere
2078 636 2157 659 11011
2174 623 2318 659 liceret.

1467 685 1528 722 21.
1557 688 1701 722 Verum
1725 684 1799 720 illis
1828 697 1848 720 e
1878 683 2072 720 contrario
2101 682 2355 731 instantibus,
2389 693 2426 721 et

1413 744 1685 791 clamantibus,
1700 745 1788 794 quia
1805 758 1825 780 a
1838 743 2008 781 Domino
2024 756 2151 780 sermo
2165 756 2338 793 egressus
2351 752 2425 792 est;

1413 805 1479 842 sed
1496 814 1534 842 et
1555 813 1635 843 tota
1653 804 1879 841 auctoritate
1898 803 2127 853 jubentibus
2151 803 2281 841 subire
2306 817 2425 850 onus,

1414 874 1528 915 atque
1544 864 1826 902 intentantibus
1847 864 2049 901 anathema
2067 880 2074 902 :
2094 882 2108 897 «
2126 863 2185 902 Ad
2203 873 2367 902 mortem
2380 893 2390 911 ,
2411 883 2426 899 »

1412 925 1558 974 inquit,
1581 942 1595 957 «
1624 924 1762 962 ducitis
1785 937 1845 961 me
1865 939 1872 961 :
1893 924 1958 961 sed
1981 924 2122 962 obedio
2147 938 2215 975 spe
2235 925 2427 974 martyrii,

1415 1003 1429 1019 υ
1446 986 1517 1023 1130
1539 994 1667 1022 tamen
1696 985 1920 1022 conditione
1933 1013 1942 1030 ,
1968 993 2011 1022 ut
2042 986 2073 1023 si
2088 985 2199 1036 juxta
2219 986 2334 1022 fidem
2354 999 2424 1023 ve-

1366 1046 1394 1080 B
1416 1064 1430 1079 »
1452 1055 1569 1084 stram
1602 1059 1663 1083 res
1693 1046 1734 1082 in
1764 1046 1900 1083 melius
1929 1045 2039 1083 cedat
2058 1075 2067 1092 ,
2093 1054 2132 1083 et
2161 1045 2332 1082 vindicet
2357 1045 2425 1083 sibi

1414 1125 1428 1139 »
1447 1110 1550 1144 Deus
1572 1120 1678 1144 suam
1702 1106 1963 1143 haereditatem
1983 1120 2005 1143 a
2026 1105 2298 1157 diripientibus
2324 1120 2427 1154 earn,

1415 1185 1429 1200 »
1451 1176 1543 1205 tunc
1563 1168 1717 1205 demum
1738 1167 1919 1205 omnibus
1935 1168 2229 1215 consummatis,
2250 1176 2288 1204 et
2303 1168 2430 1205 Eccle-

1413 1246 1427 1261 υ
1444 1229 1496 1266 sia
1514 1242 1646 1279 pacem
1667 1227 1835 1265 habente
1848 1258 1858 1275 ,
1874 1228 1987 1265 liceat
2003 1228 2097 1265 mihi
2117 1227 2243 1265 redire
2264 1227 2311 1265 ad
2327 1228 2430 1278 prio-

1414 1307 1429 1323 »
1447 1303 1527 1326 rem
1540 1303 1719 1340 sponsam
1737 1303 1874 1336 meam,
1887 1297 1925 1326 et
1940 1289 2100 1326 amicam
2111 1318 2121 1336 ,
2137 1288 2184 1326 de
2198 1302 2275 1338 qua
2286 1289 2428 1340 rapior,

1413 1368 1427 1382 υ
1444 1359 1709 1401 paupertatem
1722 1366 1731 1396 ;
1747 1358 1785 1387 et
1799 1363 1871 1400 pro
1887 1363 1947 1386 me
1962 1349 2039 1386 illic
2052 1349 2169 1386 alium
2183 1348 2429 1397 substituere,

1415 1428 1430 1444 »
1448 1411 1514 1460 qui
1532 1420 1622 1447 tunc
1640 1411 1737 1447 forte
1756 1419 1932 1461 repertus
1948 1409 2111 1447 idoneus
2128 1410 2256 1447 fuerit.
2274 1413 2324 1447 »N
2343 1418 2428 1457 ota,

1415 1472 1559 1519 lector,
1585 1471 1769 1508 virtutem
1792 1471 1865 1507 viri
1880 1499 1890 1516 ,
1913 1479 1951 1507 et
1971 1471 2089 1508 animi
2111 1471 2338 1521 puritatem,
2360 1484 2430 1508 nec

1415 1532 1604 1571 honorem
1643 1532 1786 1569 scilicet
1817 1531 2031 1568 affectantis
2043 1560 2053 1578 ,
2086 1544 2157 1568 nec
2188 1531 2432 1569 formidantis

1416 1601 1577 1630 mortem
1594 1606 1666 1643 pro
1681 1592 1819 1630 Christi
1835 1592 2002 1629 nomine.
2020 1592 2120 1640 Quid
2136 1592 2210 1629 hoc
2221 1593 2349 1629 animo
2362 1606 2431 1643 pu-

1414 1653 1511 1700 rius,
1531 1654 1672 1703 quidve
1691 1653 1851 1700 fortius,
1867 1661 1910 1691 ut
1923 1666 1962 1689 se
1983 1665 2184 1703 exponens
2200 1653 2373 1703 periculo
2393 1661 2432 1690 et

1415 1713 1537 1750 labori
1552 1743 1561 1759 ,
1581 1714 1690 1750 alteri
1708 1714 1871 1750 fructum
1891 1713 2013 1759 cedat,
2030 1714 2150 1763 ipsam
2172 1713 2211 1750 in
2226 1714 2312 1750 loco
2327 1714 2432 1764 prin-

1417 1773 1565 1823 cipatus
1593 1774 1837 1811 securitatem
1856 1782 1893 1810 et
1918 1775 2076 1824 pacem?
2098 1774 2203 1812 Facit
2226 1774 2300 1811 hoc
2315 1803 2325 1821 ,
2343 1789 2430 1812 cum

1367 1833 1393 1869 C
1414 1833 1578 1870 liberum
1598 1834 1668 1871 sihi
1690 1848 1736 1871 ex
1758 1843 1871 1885 pacto
1900 1835 2039 1871 retinet
2065 1834 2231 1871 reditum
2255 1834 2303 1871 ad
2330 1849 2430 1885 pau-

1416 1903 1601 1945 pertatem
1621 1891 1636 1941 ,¹
1658 1908 1751 1944 pace
1778 1903 1816 1931 et
1841 1894 2017 1932 libertate
2044 1895 2222 1932 Ecclesiae
2245 1895 2428 1933 restituta.

1416 1954 1706 2005 Spondentibus
1734 1955 1828 2001 illis,
1855 1955 2010 1992 demum
2033 1955 2226 2005 acquievit
2243 1957 2431 1993 voluntati

1416 2029 1574 2062 eorum,
1606 2016 1665 2052 vel
1691 2016 1821 2065 potius
1856 2016 1943 2062 Dei,
1971 2030 1991 2053 a
2022 2029 2100 2066 quo
2133 2015 2206 2054 sibi
2239 2017 2313 2068 Jam
2339 2017 2429 2055 olim

1417 2085 1697 2127 praeostensum
1727 2075 2025 2123 recordabatur,
2052 2076 2158 2126 quod
2188 2077 2235 2114 de
2255 2090 2294 2114 se
2314 2078 2430 2115 modo

1417 2137 1598 2174 dolebat³
1631 2137 1724 2174 fieri.
1763 2140 1909 2187 Nempe
1939 2135 2018 2186 jam
2058 2146 2268 2188 aegrotante
2299 2139 2430 2187 Celso,

1418 2198 1600 2248 apparuit
1625 2197 1844 2245 Malachiae,
1868 2206 1906 2234 et
1926 2197 2081 2248 quidem
2108 2199 2223 2249 longe
2243 2199 2372 2250 posito
2394 2208 2431 2237 et

1419 2259 1624 2303 nescienti,
1644 2259 1784 2295 mulier
1803 2271 1976 2308 procerae
1997 2267 2152 2296 staturae
2172 2267 2210 2296 et
2231 2260 2431 2298 reverendi

1417 2320 1559 2356 vultus.
1586 2319 1832 2357 Percontanti
1852 2331 2028 2368 quaenam
2050 2327 2170 2367 essct,
2201 2334 2427 2371 responsum

1417 2389 1474 2418 est
1497 2394 1577 2417 esse
1604 2394 1765 2417 uxorem
1796 2380 1905 2418 Celsi.
1933 2383 2025 2428 Quae
2050 2380 2204 2419 tradens
2230 2382 2265 2418 ei
2284 2382 2427 2432 virgam

1418 2441 1648 2490 pastoralem
1667 2469 1677 2486 ,
1714 2454 1828 2490 quam
1864 2454 1981 2477 manu
2015 2440 2194 2489 tenebat,
2227 2442 2425 2493 disparuit.

1417 2502 1551 2539 Paucis
1578 2501 1747 2539 decursis
1780 2500 1935 2548 diebus,
1969 2502 2100 2540 Celsus
2124 2503 2293 2540 moriens
2327 2504 2427 2541 misit

1416 2561 1594 2598 baculum
1620 2575 1729 2598 suum
1749 2561 1963 2607 Malachiae,
1986 2569 2167 2610 tanquam
2188 2561 2259 2598 sibi
2277 2575 2426 2599 succes-

1416 2635 1505 2659 suro
1526 2637 1534 2658 :
1554 2635 1666 2671 quem
1684 2629 1726 2657 ut
1744 2620 1859 2667 vidit,
1877 2621 2035 2670 agnovit
2049 2621 2176 2671 ipsum
2191 2635 2272 2659 esse
2286 2652 2296 2670 ,
2313 2636 2424 2673 quem

1415 2682 1576 2719 viderat.
1613 2681 1738 2731 Hujus
1776 2682 1973 2732 praecipue
2008 2681 2228 2719 recordatio
2267 2683 2424 2720 visionis

1415 2743 1551 2779 terruit
1568 2742 1791 2780 Malachiam
1811 2757 1818 2778 :
1839 2755 1906 2787 ne,
1930 2741 1959 2778 si
1980 2740 2107 2792 (quod
2124 2741 2188 2778 diu
2207 2743 2296 2780 satis
2316 2743 2424 2780 dissi-

1415 2802 1598 2853 mularat)
1623 2803 1723 2839 ultra
1751 2810 1948 2849 renueret,
1971 2801 2111 2839 divinae
2128 2801 2208 2852 jam
2232 2803 2424 2841 videretur

1415 2863 1591 2900 resistere
1609 2863 1812 2900 voluntati.
1840 2866 2114 2900 Verumtamen
2135 2863 2325 2901 civitatem
2346 2877 2422 2902 non

1413 2926 1597 2971 intravit,
1624 2923 1809 2974 quamdiu
1837 2924 1900 2961 ille
1919 2923 2124 2961 incubator
2151 2925 2266 2972 vixit,
2287 2939 2336 2962 ne
2355 2925 2423 2962 hac

1414 2987 1616 3024 occasione
1643 2985 1884 3034 contingeret
1905 2984 2004 3021 mori
2025 2997 2258 3035 quemquam
2280 2998 2328 3022 ex
2346 2985 2420 3032 his,

1414 3047 1554 3098 quibus
1572 3047 1688 3083 vitam
1708 3046 1827 3095 magis
1850 3045 2136 3083 ministraturus
2156 3045 2344 3083 veniebat.
2366 3049 2420 3083 Ita

1411 3122 1481 3159 per
1502 3108 1699 3146 biennium
1718 3106 1828 3157 (nam
1846 3105 1884 3142 id
1903 3105 2087 3155 temporis
2106 3107 2319 3156 supervixit
2337 3104 2419 3156 ille)

1411 3182 1525 3218 agens
1546 3175 1655 3204 extra
1683 3165 1817 3202 urbem
1833 3193 1842 3210 ,
1878 3173 2034 3201 strenue
2052 3165 2089 3201 in
2119 3165 2300 3203 universa
2326 3177 2418 3216 pro-

1409 3230 1533 3267 vincia
1555 3240 1653 3278 opus
1670 3226 1888 3277 episcopale
1908 3225 2091 3262 exercuit.

1408 3366 1420 3381 ³
1440 3360 1549 3399 Alias,
1570 3345 1708 3388 sz-olebat.
