2533 3920
369 214 444 252 407
1129 216 1164 252 S.
1195 216 1447 252 BERNARDI
1477 215 1677 251 ABBATIS
2323 225 2326 228 ·
2367 214 2442 252 408

368 291 522 329 norari?
540 290 720 330 Miserere
739 290 874 328 animae
896 298 969 328 tuae
991 290 1143 342 placens
1159 295 1240 329 Deo
1254 299 1279 329 ¹.
1302 296 1371 329 Et—
1384 290 1431 309 '⁷⁹
1443 300 1532 329 sunt
1550 304 1677 329 amara
1690 319 1699 337 ‚
1730 301 1808 327 non
1829 287 1992 338 sapiunt.
2024 291 2168 326 Ponam
2193 288 2320 339 itaque
2345 290 2443 342 digi—

368 352 468 389 enim
486 352 552 402 qui
567 351 786 389 hominibus
802 352 974 402 placent,
991 353 1137 390 confusi
1155 361 1262 400 sunt,
1280 366 1375 402 quo·
1394 351 1422 386 A
1444 361 1523 389 tum
1545 365 1660 402 super
1677 364 1720 387 os
1744 362 1868 386 meum
1884 378 1892 394 ‚
1914 348 2036 385 donec
2059 349 2174 385 sciam
2195 349 2264 386 ista
2285 351 2446 399 qualiter

369 413 471 449 niam
503 417 604 450 Deus
633 413 778 462 sprevit
805 425 870 449 eos
886 418 912 449 ².
942 415 1080 449 Breves
1114 413 1193 450 dies
1213 412 1378 449 hominis

370 482 460 510 sunt
477 471 491 494 3
513 488 521 509 :
544 473 624 510 seni
654 486 756 509 mors
780 473 817 509 in
835 471 964 521 januis
991 481 1058 509 est.
1089 473 1283 510 Modicum
1305 473 1378 509 ha·-

370 533 459 579 bes,
481 546 639 583 prorsus
658 533 849 569 modicum
881 541 1028 582 tempus
1051 546 1135 570 cum
1157 533 1213 569 his
1230 534 1295 583 qui
1317 533 1377 569 di-

371 602 463 630 cunt
486 593 576 639 tibi,
608 596 734 642 Euge,
768 606 874 642 euge.
904 593 957 630 Sit
984 593 1094 629 ctiam
1123 606 1194 642 pro
1226 593 1377 629 modico

375 652 442 689 tibi
458 652 622 702 judicari
646 652 693 688 al)
721 653 829 702 ipsis,
851 661 915 688 aut
938 651 984 688 ab
1008 653 1175 689 humano
1203 652 1285 699 die,
1313 652 1379 701 qui

374 712 544 760 angelico
566 712 729 748 examini
746 710 981 760 jamjamque
1001 725 1040 749 es
1065 712 1354 762 praesentandus
1368 741 1378 758 ,

374 773 440 821 qui
459 771 504 808 ad
525 771 689 808 tribunal
709 772 912 807 terrificum
932 772 1067 808 Christi
1082 772 1164 821 ipso
1178 771 1256 820 jam
1276 771 1380 808 defe-

375 840 436 868 ctu
457 840 600 867 naturae
627 831 861 868 miserandus
887 831 1048 879 urgeris.
1073 832 1131 867 Illi
1165 840 1200 867 te
1228 838 1381 880 oportet

375 904 590 941 praepararc
626 889 773 939 judicio
790 918 799 935 ,
840 890 893 926 illi
932 891 1070 926 saeculo
1112 891 1353 926 conformare
1370 917 1379 935 ,

374 951 474 987 illius
507 951 620 986 curiae
656 951 832 985 affectare
870 950 1057 995 favorem,
1089 949 1293 986 formidare
1314 961 1378 984 re-

374 1011 534 1060 pulsam.
566 1008 666 1056 Quid
702 1009 854 1044 illorum
887 1009 1073 1044 sententia
1111 1007 1376 1052 conturbare,

374 1081 538 1118 quorum
559 1080 630 1104 nec
652 1067 761 1103 laude
781 1066 983 1116 probatus,
1006 1080 1075 1103 nec
1095 1067 1376 1117 vituperatione
1396 1065 1424 1100 Β

374 1127 561 1177 reprobus
585 1127 796 1163 inveniris?
828 1127 1002 1175 Denique
1035 1126 1123 1174 vani
1152 1126 1218 1162 filii
1250 1126 1377 1162 homi-

374 1200 486 1233 num,
518 1186 718 1223 mendaces
750 1187 815 1222 filii
840 1187 1038 1222 hominum
1068 1187 1107 1222 in
1137 1187 1307 1232 stateris,
1337 1195 1380 1223 ut

374 1246 565 1296 decipiant
580 1246 650 1296 ipsi
669 1246 715 1282 de
735 1246 901 1282 vanitate
922 1246 959 1281 in
982 1245 1150 1295 idipsum
1162 1246 1189 1282 4.

426 1307 461 1343 4.
485 1310 689 1355 Propterea
706 1306 771 1355 qui
790 1314 824 1342 te
839 1305 1076 1351 beatificant,
1096 1306 1135 1342 in
1155 1319 1326 1342 errorem
1345 1314 1380 1343 te

374 1366 582 1412 inducunt,
610 1365 742 1402 dantes
773 1365 912 1412 verba,
934 1379 1093 1403 munera
1123 1375 1378 1416 reportantes.

376 1425 597 1471 Vanahaec,
629 1434 740 1474 atque
770 1426 863 1462 illa:
885 1425 949 1462 sed
981 1425 1099 1462 verba
1131 1427 1308 1476 amplius.
1333 1430 1380 1464 Et

375 1486 551 1535 decipitis
577 1486 623 1521 de
649 1486 815 1522 vanitate
839 1486 877 1522 in
898 1485 1064 1535 idipsum
1087 1501 1095 1523 :
1117 1486 1183 1523 sed
1205 1495 1242 1523 tu
1261 1488 1380 1536 magis

375 1545 584 1594 deciperis,
608 1545 662 1581 illi
683 1547 820 1581 minus.
838 1549 914 1582 Das
935 1547 1079 1596 quippe
1100 1546 1205 1596 quod
1226 1555 1381 1584 utcum-

375 1617 449 1653 que
469 1605 590 1653 pluris
612 1613 668 1640 est
690 1620 698 1641 ε
720 1613 757 1641 et
786 1605 851 1641 das
872 1605 1047 1655 ingratis,
1071 1606 1137 1643 das
1156 1607 1379 1655 immeritis,

374 1664 561 1713 siquidem
583 1672 668 1711 tua,
690 1677 767 1700 non
791 1673 825 1701 te
843 1665 1017 1715 diligunt.
1039 1670 1123 1703 Imo
1138 1680 1208 1703 nec
1229 1676 1264 1704 te
1278 1696 1287 1713 ,
1310 1681 1381 1705 nec

375 1732 440 1760 tua
461 1739 468 1760 :
491 1724 556 1760 sed
585 1738 668 1774 quae
685 1738 753 1762 sua
777 1734 883 1766 sunt,
910 1735 1099 1776 quaerunt.
1126 1731 1206 1764 Tua
1221 1757 1231 1774 ,
1253 1729 1382 1778 quoad

374 1793 577 1834 poterunt,
613 1784 856 1822 venabuntur
892 1786 1178 1825 adulationibus
1207 1789 1315 1826 vanis
1345 1798 1382 1826 et

1443 420 1701 462 acceptentur.
1719 409 1881 449 Placebo
1901 416 2026 445 autem
2048 408 2078 444 si
2100 416 2237 458 potero
2252 438 2262 455 ,
2286 422 2364 447 non
2379 409 2446 449 §ti-

1442 473 1480 509 lo
1498 503 1507 520 ‚
1531 484 1655 522 neque
1672 472 1818 521 lingua,
1839 468 1904 506 sed
1921 482 2037 519 opere
2058 476 2095 505 et
2116 469 2285 506 veritate.

1443 612 1683 622 =s=m==uxna=s=
1689 611 1783 621 ιικιαιη
1789 610 1901 620 ιικιιιιι
1906 610 1929 619 ιι
1934 609 2188 619 ιινιινιινικιιινικν
2194 609 2447 621 =v=zs==um=u=u

1523 734 1895 792 EPISTOLA
1939 734 2146 791 CLXX
2158 729 2340 790 XVI.a

1464 893 1510 915 AD
1531 892 1703 915 SIMONEM
1728 891 1860 914 FILIUM
1882 891 2099 914 CASTEIJA‘NI
2118 891 2389 917 CAMERACENSIS
2402 879 2431 917 *-

1444 1006 1519 1047 Ejus
1546 1005 1650 1036 tutelae
1677 1005 1887 1036 Valcellenses
1914 1005 2083 1037 monachos
2111 1006 2331 1044 commendat,
2356 1008 2451 1050 patris

1599 1057 1801 1089 donationem
1819 1058 1859 1089 ab
1879 1069 1916 1089 eo
1932 1064 2031 1089 ratam
2046 1058 2155 1090 haberi
2170 1069 2294 1101 rogans.

1500 1184 1765 1231 Cognoscens,
1790 1181 2053 1228 dilectissime,
2085 1182 2286 1220 nuntiante
2319 1182 2453 1221 abbate

1445 1241 1613 1280 Radulfo
1633 1240 1672 1288 ¹³,
1711 1241 1757 1278 de
1787 1242 1983 1287 Valcellis,
2016 1242 2233 1279 desiderare
2266 1250 2301 1279 te
2333 1243 2453 1279 nostri

1446 1303 1690 1353 praesentiam
1718 1311 1832 1352 atque
1858 1303 2118 1352 colloquium,
2139 1302 2347 1340 delectatus
2370 1316 2452 1340 sum

1446 1363 1656 1400 admodum
1693 1371 1797 1399 tanta
1831 1363 1885 1399 tui
1919 1376 2007 1412 erga
2038 1376 2100 1400 me
2134 1363 2361 1410 devotione3
2383 1376 2452 1401 nec

1447 1432 1548 1461 certe
1580 1423 1752 1473 ingratus
1781 1423 2071 1461 benevolentiae.
2100 1423 2261 1462 Noveris
2289 1432 2327 1461 et
2360 1437 2452 1461 meae

1445 1498 1526 1522 esse
1549 1484 1780 1530 voluntatis,
1802 1493 1869 1521 tuo
1900 1484 2114 1522 satisfacere
2148 1483 2337 1521 desiderio
2359 1499 2367 1521 :
2389 1483 2452 1521 sed

1448 1546 1639 1596 corporali
1657 1545 1830 1582 molestia
1846 1544 2024 1595 impediri
2043 1553 2119 1582 tam
2135 1544 2183 1581 ab
2196 1543 2310 1593 hujus
2319 1545 2453 1582 volun-

1448 1607 1533 1644 tatis
1559 1607 1718 1652 effectu,
1748 1619 1862 1656 quam
1883 1614 1922 1643 et
1943 1605 1990 1643 ab
2012 1606 2093 1643 aliis
2116 1605 2310 1656 plurimis,
2332 1606 2456 1656 pluri-
2510 1619 2512 1622 ·

1447 1681 1630 1718 mumque
1663 1667 1883 1704 necessariis
1910 1667 2084 1717 negotiis.
2112 1666 2186 1705 Sed
2205 1667 2292 1703 licet
2319 1665 2454 1704 absens
2509 1681 2512 1703 t

1449 1742 1638 1779 corpore,
1669 1742 1753 1765 sum
1783 1737 1911 1765 tamen
1944 1741 2113 1778 praesens
2146 1728 2305 1779 spiritu,
2334 1727 2454 1765 donec

1448 1788 1682 1838 quandoque
1710 1789 1819 1834 fiam,
1839 1791 1922 1825 Deo
1940 1787 2116 1834 volente,
2137 1796 2176 1824 et
2204 1799 2388 1838 corpore,
2418 1795 2455 1824 et

375 1844 486 1881 falsis.
500 1845 634 1881 Molliti
650 1853 737 1882 sunt
752 1859 947 1883 sermones
959 1857 1093 1884 eorum
1107 1861 1224 1898 super
1239 1850 1380 1897 oleum,
1401 1855 1428 1892 C
1448 1848 1585 1898 spiritu
1608 1863 1615 1884 :
1638 1848 1668 1885 si
1689 1856 1827 1892 *tamen
1854 1860 1933 1884 non
1961 1861 2027 1884 ore
2052 1855 2200 1884 tantum
2230 1856 2267 1884 et
2299 1847 2426 1897 lingua
2442 1876 2452 1894 ,

375 1912 412 1940 et
444 1904 514 1954 ipsi
543 1913 631 1941 sunt
658 1903 784 1954 jacula
796 1903 823 1942 ⁵.
854 1909 900 1943 Et
932 1907 1020 1944 ideo
1049 1907 1199 1944 dicebat
1225 1909 1377 1946 David:

379 1966 510 1999 Oleum
543 1973 663 2000 aulem
687 1971 901 2013 peccatoris
930 1981 1004 2002 mm
1034 1972 1240 2016 impinguet
1266 1978 1382 2017 caput

375 2036 494 2059 meum
510 2022 537 2060 ⁶.
561 2023 619 2061 Ab
648 2024 704 2061 his
725 2025 902 2062 laudatur
921 2035 1100 2076 peccator
1117 2028 1156 2064 in
1183 2028 1379 2066 desideriis

376 2084 509 2120 animae
542 2098 639 2131 suae,
668 2094 704 2122 et
736 2086 887 2136 iniquus
917 2087 1159 2125 benedicitur
1175 2096 1201 2125 7.
1232 2089 1290 2126 Al)
1322 2090 1379 2127 his

375 2156 464 2192 ergo
486 2158 618 2181 cavere
638 2159 715 2182 non
737 2160 827 2196 ego,
854 2147 920 2184 sed
945 2149 1101 2198 Sapiens
1119 2148 1265 2186 doceat.
1286 2152 1376 2195 Fili,

376 2203 448 2247 ait,
466 2209 498 2238 si
528 2214 562 2240 te
585 2208 803 2242 lamam-int
818 2218 1052 2255 peccatores,
1085 2223 1132 2245 ne
1163 2214 1381 2258 acquiescas

376 2269 429 2299 cis
443 2263 469 2299 ⁸.
493 2265 655 2302 Attende
678 2267 805 2316 potius
826 2269 877 2305 illi
899 2270 964 2318 qui
980 2269 1128 2318 judicat
1147 2270 1186 2306 in
1204 2271 1382 2320 aequitate

377 2336 447 2372 pro
469 2326 672 2362 mansuetis
691 2334 824 2374 teri-ee,
849 2342 945 2377 quos
976 2338 1040 2366 tua
1073 2344 1150 2366 non
1182 2332 1383 2380 pastoralis

378 2383 571 2433 diligentia
590 2387 730 2435 pascit,
749 2388 813 2424 sed
828 2390 1017 2427 saecularis
1032 2392 1172 2440 premit
1189 2393 1380 2442 potentia:

377 2456 491 2492 quam
512 2457 590 2480 non
621 2444 778 2483 haberes
810 2461 925 2498 super
947 2463 1012 2486 eos
1042 2451 1176 2498 ullam,
1203 2452 1275 2489 nisi
1297 2452 1384 2490 data

377 2511 474 2539 esset
496 2503 561 2540 tibi
582 2504 756 2555 desuper.
782 2508 854 2544 Sed
875 2509 954 2545 haec
972 2519 1028 2546 est
1051 2510 1144 2547 hora
1164 2520 1290 2548 vestra
1306 2540 1315 2557 ,
1348 2521 1385 2549 et

376 2571 542 2611 potestas
559 2564 812 2604 tenebrarum.
830 2569 995 2606 Attende
1017 2579 1143 2607 autem
1164 2586 1171 2607 :
1193 2572 1382 2608 Juclicimn

1448 1909 1513 1946 sed
1533 1922 1650 1959 opere
1671 1908 1870 1958 diligamus
1890 1916 1927 1945 et
1946 1908 2118 1946 veritate.
2145 1908 2267 1958 Igitur
2290 1908 2330 1944 in
2346 1907 2456 1944 exhi-

1448 1968 1594 2005 bitione
1624 1968 1751 2019 operis
1777 1967 1938 2018 liquebit
1960 1968 2101 2005 veritas
2126 1967 2352 2004 dilectionis.
2373 1971 2455 2005 Hoc

1446 2038 1503 2066 est
1523 2029 1650 2078 itaque
1670 2028 1776 2079 quod
1797 2041 1891 2078 rogo
1904 2056 1914 2074 ‚
1938 2036 1981 2064 ut
2002 2027 2107 2078 quod
2128 2027 2175 2065 de
2199 2040 2284 2064 meo
2301 2027 2404 2078 apud
2419 2035 2454 2065 te

1447 2099 1526 2136 est,
1551 2090 1686 2126 fratres
1709 2089 1794 2126 dico
1822 2089 2097 2135 valcellenses,
2117 2096 2156 2125 et
2182 2101 2316 2125 eorum
2338 2088 2455 2125 eccle-

1447 2152 1541 2189 siam
1562 2151 1637 2187 mei
1657 2150 1777 2200 gratia
1793 2150 1944 2200 diligas,
1966 2150 2094 2187 foveas
2108 2179 2117 2195 ‚
2138 2157 2176 2187 et
2194 2162 2312 2186 manu
2329 2157 2454 2185 teneas

1448 2211 1514 2249 ubi
1534 2223 1687 2248 necesse
1714 2210 1853 2247 fuerit:
1876 2218 1919 2247 ut
1946 2210 1985 2246 in
2004 2210 2078 2247 hoc
2101 2218 2138 2246 et
2159 2218 2233 2246 tuae
2249 2208 2455 2246 liberalita-
2508 2205 2509 2236 Ῐ

1450 2271 1496 2307 tis
1517 2270 1663 2320 insigne
1683 2269 1854 2320 praebeas
1871 2269 2144 2307 documentum
2157 2299 2167 2315 ,
2188 2278 2225 2306 et
2241 2268 2324 2318 ejus
2341 2281 2453 2319 quam

1450 2331 1541 2367 mihi
1569 2330 1783 2380 promittis,
1810 2330 2004 2367 eharitatis
2042 2330 2227 2366 clarescat
2257 2328 2452 2366 indicium.

1449 2393 1571 2438 Quam
1589 2403 1691 2426 nunc
1713 2389 1934 2426 charitatem
1951 2389 1989 2426 in
2011 2402 2057 2426 eo
2076 2389 2137 2426 vel
2155 2389 2323 2439 primum
2344 2388 2456 2438 cupio

1450 2449 1638 2500 experiri,
1659 2448 1689 2486 si
1708 2449 1948 2499 Ligecurtem
1963 2477 1972 2495 ,
1995 2462 2110 2499 quam
2131 2449 2222 2486 mihi
2242 2457 2351 2499 pater
2371 2456 2456 2485 tuus

1452 2508 1632 2558 praesenti
1653 2507 1816 2544 contulit
1837 2507 1884 2544 ad
1913 2521 2011 2558 opus
2030 2508 2132 2545 illius
2150 2507 2392 2554 monasterii,
2415 2515 2455 2544 tu

1451 2581 1606 2618 quoque
1632 2567 1882 2614 concesseris,
1912 2576 1950 2604 et
1977 2567 2122 2604 donum
2147 2568 2266 2618 patris
2297 2567 2351 2604 tui
2377 2579 2454 2604 non

375 2636 485 2671 grave
505 2624 561 2659 lu‘s
580 2630 646 2672 qni
661 2638 854 2673 proemmt,
874 2638 912 2664 et
926 2639 1097 2677 potentes
1109 2640 1282 2678 potenter
1302 2641 1382 2667 eor-
1399 2638 1432 2672 D
1451 2628 1584 2664 seceris
1607 2628 1768 2664 irritum.
1793 2631 1870 2665 Nos
1889 2641 2045 2678 quoque
2062 2628 2166 2678 quod
2184 2637 2356 2665 nostrum
2375 2635 2453 2675 est,
2506 2624 2513 2643 ³

379 2691 503 2718 menta
523 2688 756 2731 Jmtienturfv.
792 2690 874 2723 Hoc
904 2689 934 2725 si
955 2702 1092 2738 paves,
1115 2703 1246 2737 caves;
1265 2690 1295 2727 si
1316 2704 1385 2728 ne-

379 2741 484 2789 gligis
501 2770 509 2786 ,
532 2743 677 2780 incidis.
712 2748 782 2791 Et,
816 2748 1048 2785 Horremlmn
1073 2759 1128 2785 est
1157 2752 1321 2786 incidere
1347 2755 1384 2786 iu

380 2813 510 2835 manus
527 2804 597 2836 Dei
614 2807 770 2839 viventis
782 2811 824 2842 ¹⁰.
843 2811 999 2845 Avertat
1016 2809 1088 2846 hoc
1103 2823 1203 2847 unus
1220 2819 1257 2847 et
1272 2824 1385 2848 verus

382 2862 506 2924 Deus,
528 2861 593 2908 qui
615 2875 691 2898 non
712 2865 793 2900 vult
815 2876 976 2904 mortem
998 2870 1210 2918 peccatoris
1224 2899 1233 2917 ,
1258 2871 1323 2907 sed
1345 2879 1386 2908 ut

381 2930 497 2967 magis
511 2929 757 2958 eonvertatur
774 2932 810 2959 et
824 2925 926 2961 vivat
941 2931 949 2945 ¹
962 2930 988 2963 ¹.
1011 2929 1124 2965 Plura
1143 2929 1264 2966 adhuc
1281 2931 1386 2980 loqui

382 2976 453 3031 fert
477 2978 648 3025 animus,
681 2981 746 3017 scd
773 2995 849 3018 non
882 2984 953 3021 sert
984 2986 1080 3023 sorte
1109 2988 1272 3026 auditus.
1307 2993 1383 3026 lx‘ce

381 3037 532 3086 placent
546 3052 678 3089 aspera
689 3068 698 3086 ,
716 3043 888 3090 quamvis
903 3053 1022 3093 recta,
1041 3055 1077 3082 et
1093 3047 1255 3085 salubria
1269 3078 1278 3096 ,
1294 3050 1383 3100 quia

1452 2688 1498 2725 de
1520 2688 1723 2739 praete1·itis
1742 2688 1880 2737 gratias
1897 2697 2050 2738 agentes
2062 2718 2072 2736 ,
2090 2698 2127 2726 et
2142 2689 2180 2726 in
2198 2689 2386 2739 reliquum
2404 2688 2456 2725 si-

1453 2750 1555 2785 milia
1576 2757 1771 2798 sperantes
1786 2778 1795 2795 ,
1816 2762 1889 2799 pro
1916 2758 1952 2786 te
1976 2750 2126 2799 tuisque
2151 2749 2206 2786 illi
2223 2761 2355 2799 preces
2371 2748 2457 2786 fun-

1454 2808 1601 2855 dimus,
1625 2809 1690 2858 qui
1714 2809 1951 2847 voluntatem
1980 2810 2196 2847 timentium
2226 2822 2265 2846 se
2286 2809 2395 2854 facit,
2420 2815 2457 2845 et

1453 2869 1761 2919 deprecationem
1788 2882 1922 2906 eorum
1945 2869 2101 2906 exaudit
2117 2876 2159 2906 ¹².
2182 2872 2344 2907 Oramus
2364 2876 2399 2905 te
2420 2874 2458 2904 et
2506 2879 2508 2885 ’

1454 2942 1613 2967 uxorem
1636 2938 1762 2977 tuam,
1782 2938 1820 2967 et
1839 2943 1973 2967 omnes
1995 2930 2061 2981 qui
2083 2929 2130 2967 ad
2148 2943 2216 2967 vos
2235 2929 2453 2980 pertinent,

1453 2988 1551 3026 bene
1572 2989 1709 3026 valere.

429 3183 438 3198 ¹
460 3178 554 3209 Eccli.
573 3189 660 3218 xxx,
683 3182 738 3212 24.
761 3200 805 3204 —
821 3188 833 3204 ²
848 3184 930 3215 Psal.
954 3197 1000 3215 ιιι
1016 3210 1023 3224 ,
1044 3191 1075 3217 6.
1098 3206 1141 3211 —
1158 3186 1172 3209 3
1191 3189 1349 3228 J0b.x1v,
1367 3196 1398 3223 5.
1417 3211 1463 3215 —--
1483 3192 1496 3219 4
1511 3193 1689 3229 Psal.tx1,
1712 3195 1763 3223 10.
1779 3210 1823 3214 —
1845 3190 1858 3214 ⁵
1873 3193 1954 3225 Psal.
1974 3204 2040 3231 nv,
2059 3195 2115 3224 22.
2135 3187 2307 3223 —fiPsal.
2325 3200 2402 3227 ext,
2422 3191 2453 3221 5.

377 3237 391 3260 7
425 3231 505 3262 PSssl·
529 3243 583 3268 1x‚
601 3236 655 3264 2'4.
677 3253 721 3256 —
741 3233 754 3256 8
781 3238 872 3267 Prov.
895 3249 924 3276 1,
952 3241 1003 3269 10.
1022 3258 1065 3261 -—-
1079 3248 1094 3270 9
1111 3243 1183 3283 Sap.
1206 3248 1293 3279 v1,ss
1313 3267 1320 3281 ‚
1339 3247 1370 3275 7.
1389 3264 1432 3267 —
1453 3251 1482 3266 ¹⁰
1500 3247 1598 3277 Hebr.
1615 3257 1647 3282 x,
1666 3248 1723 3276 31.
1741 3264 1787 3268 —
1804 3251 1832 3267 ¹¹
1849 3245 1962 3278 Ezecli.
1988 3257 2094 3284 xvxix,
2114 3247 2168 3283 23,
2187 3247 2244 3277 32.
2262 3263 2308 3268 —-
2327 3249 2355 3265 ¹²
2372 3240 2452 3275 Psal.

379 3294 487 3320 «λων,
510 3288 559 3316 19.

427 3347 438 3359 '¹
455 3344 575 3387 Scripta
588 3346 667 3377 circa
682 3358 797 3379 aunum
817 3352 827 3379 1
841 3352 916 3381 140.
938 3369 979 3372 ——
999 3344 1013 3367 b
1027 3354 1063 3382 ln
1083 3353 1207 3384 vetustis
1221 3354 1307 3385 libris
1320 3355 1535 3388 abbreviatum
1557 3363 1602 3388 est
1620 3360 1658 3390 R.
1673 3368 1797 3389 nomen.
