<?xml version="1.0" encoding="UTF-8"?>
<!DOCTYPE html PUBLIC "-//W3C//DTD XHTML 1.0 Transitional//EN"
    "http://www.w3.org/TR/xhtml1/DTD/xhtml1-transitional.dtd">
<html xmlns="http://www.w3.org/1999/xhtml" xml:lang="en" lang="en">
 <head>
  <title>
</title>
<meta http-equiv="Content-Type" content="text/html;charset=utf-8" />
  <meta name='ocr-system' content='tesseract 3.04.00' />
  <meta name='ocr-capabilities' content='ocr_page ocr_carea ocr_par ocr_line ocrx_word'/>
</head>
<body>
  <div class='ocr_page' id='page_1' title='image "./operaomniapostho01bernuoft_0261.png"; bbox 0 0 2565 3952; ppageno 0'>
   <div class='ocr_carea' id='block_1_1' title="bbox 79 127 152 166">
    <p class='ocr_par' dir='ltr' id='par_1_1' title="bbox 79 127 152 166">
     <span class='ocr_line' id='line_1_1' title="bbox 79 127 152 166; baseline -0.041 0"><span class='ocrx_word' id='word_1_1' title='bbox 79 127 152 166; x_wconf 87' lang='grc'>505</span> 
     </span>
    </p>
   </div>
   <div class='ocr_carea' id='block_1_2' title="bbox 998 119 1264 156">
    <p class='ocr_par' dir='ltr' id='par_1_2' title="bbox 998 119 1264 156">
     <span class='ocr_line' id='line_1_2' title="bbox 998 119 1264 156; baseline -0.011 -1"><span class='ocrx_word' id='word_1_2' title='bbox 998 119 1264 156; x_wconf 77' lang='lat' dir='ltr'>EPISTOLAE.</span> 
     </span>
    </p>
   </div>
   <div class='ocr_carea' id='block_1_3' title="bbox 2117 126 2194 162">
    <p class='ocr_par' dir='ltr' id='par_1_3' title="bbox 2117 126 2194 162">
     <span class='ocr_line' id='line_1_3' title="bbox 2117 126 2194 162; baseline 0 0"><span class='ocrx_word' id='word_1_3' title='bbox 2117 126 2194 162; x_wconf 78' lang='lat'>506</span> 
     </span>
    </p>
   </div>
   <div class='ocr_carea' id='block_1_4' title="bbox 78 195 2191 311">
    <p class='ocr_par' dir='ltr' id='par_1_4' title="bbox 78 195 2191 311">
     <span class='ocr_line' id='line_1_4' title="bbox 79 195 2191 251; baseline 0.003 -17"><span class='ocrx_word' id='word_1_4' title='bbox 79 203 178 244; x_wconf 78' lang='lat' dir='ltr'>unici</span> <span class='ocrx_word' id='word_1_5' title='bbox 207 200 321 251; x_wconf 89' lang='lat' dir='ltr'>hujus</span> <span class='ocrx_word' id='word_1_6' title='bbox 350 200 467 237; x_wconf 79' lang='lat' dir='ltr'>vestri</span> <span class='ocrx_word' id='word_1_7' title='bbox 495 200 684 250; x_wconf 78' lang='lat' dir='ltr'>primatus</span> <span class='ocrx_word' id='word_1_8' title='bbox 707 208 928 245; x_wconf 79' lang='lat' dir='ltr'>auctorem,</span> <span class='ocrx_word' id='word_1_9' title='bbox 956 206 998 235; x_wconf 91' lang='lat' dir='ltr'>ut</span> <span class='ocrx_word' id='word_1_10' title='bbox 1027 195 1312 234; x_wconf 76' lang='lat' dir='ltr'>det²⁵⁶litteras</span> <span class='ocrx_word' id='word_1_11' title='bbox 1340 195 1613 233; x_wconf 77' lang='lat' dir='ltr'>exsecrationis</span> <span class='ocrx_word' id='word_1_12' title='bbox 1641 209 1738 243; x_wconf 74' lang='lat' dir='ltr'>suae,</span> <span class='ocrx_word' id='word_1_13' title='bbox 1770 206 1835 234; x_wconf 84' lang='lat' dir='ltr'>aut</span> <span class='ocrx_word' id='word_1_14' title='bbox 1860 211 1994 235; x_wconf 76' lang='lat' dir='ltr'>verum</span> <span class='ocrx_word' id='word_1_15' title='bbox 2023 210 2101 247; x_wconf 87' lang='lat' dir='ltr'>est,</span> <span class='ocrx_word' id='word_1_16' title='bbox 2126 213 2191 240; x_wconf 87' lang='lat' dir='ltr'>aut</span> 
     </span>
     <span class='ocr_line' id='line_1_5' title="bbox 78 256 2186 311; baseline -0.003 -8"><span class='ocrx_word' id='word_1_17' title='bbox 78 264 186 304; x_wconf 82' lang='lat' dir='ltr'>vobis</span> <span class='ocrx_word' id='word_1_18' title='bbox 209 263 261 300; x_wconf 86' lang='lat' dir='ltr'>sic</span> <span class='ocrx_word' id='word_1_19' title='bbox 288 273 442 311; x_wconf 80' lang='lat' dir='ltr'>sapere,</span> <span class='ocrx_word' id='word_1_20' title='bbox 467 269 505 297; x_wconf 89' lang='lat' dir='ltr'>et</span> <span class='ocrx_word' id='word_1_21' title='bbox 525 260 578 297; x_wconf 89' lang='lat' dir='ltr'>sic</span> <span class='ocrx_word' id='word_1_22' title='bbox 599 274 711 310; x_wconf 78' lang='lat' dir='ltr'>agere</span> <span class='ocrx_word' id='word_1_23' title='bbox 739 273 903 310; x_wconf 80' lang='lat' dir='ltr'><strong>semper,</strong></span> <span class='ocrx_word' id='word_1_24' title='bbox 925 259 965 295; x_wconf 92' lang='lat' dir='ltr'>in</span> <span class='ocrx_word' id='word_1_25' title='bbox 993 258 1098 295; x_wconf 71' lang='lat' dir='ltr'>evel-</span> <span class='ocrx_word' id='word_1_26' title='bbox 1116 264 1144 296; x_wconf 91' lang='lat' dir='ltr'><strong>A</strong></span> <span class='ocrx_word' id='word_1_27' title='bbox 1167 256 1301 293; x_wconf 83' lang='lat' dir='ltr'>falsum</span> <span class='ocrx_word' id='word_1_28' title='bbox 1323 256 1427 306; x_wconf 90' lang='lat' dir='ltr'>quod</span> <span class='ocrx_word' id='word_1_29' title='bbox 1449 257 1634 306; x_wconf 90' lang='lat' dir='ltr'>loquitur.</span> <span class='ocrx_word' id='word_1_30' title='bbox 1657 258 1691 293; x_wconf 89' lang='lat' dir='ltr'>Si</span> <span class='ocrx_word' id='word_1_31' title='bbox 1714 270 1871 304; x_wconf 72' lang='lat' dir='ltr'>verum,</span> <span class='ocrx_word' id='word_1_32' title='bbox 1895 272 1982 295; x_wconf 87' lang='lat' dir='ltr'>rcus</span> <span class='ocrx_word' id='word_1_33' title='bbox 2000 269 2055 296; x_wconf 84' lang='lat' dir='ltr'>est</span> <span class='ocrx_word' id='word_1_34' title='bbox 2076 261 2186 309; x_wconf 83' lang='lat' dir='ltr'>furti,</span> 
     </span>
    </p>
   </div>
   <div class='ocr_carea' id='block_1_5' title="bbox 78 318 1109 1778">
    <p class='ocr_par' dir='ltr' id='par_1_5' title="bbox 78 318 1103 1047">
     <span class='ocr_line' id='line_1_6' title="bbox 79 318 1100 372; baseline -0.009 -8"><span class='ocrx_word' id='word_1_35' title='bbox 79 325 211 369; x_wconf 77' lang='lat' dir='ltr'>tendo,</span> <span class='ocrx_word' id='word_1_36' title='bbox 239 331 276 359; x_wconf 88' lang='lat' dir='ltr'>et</span> <span class='ocrx_word' id='word_1_37' title='bbox 307 321 540 372; x_wconf 73' lang='lat' dir='ltr'>plantando,</span> <span class='ocrx_word' id='word_1_38' title='bbox 571 321 608 357; x_wconf 89' lang='lat' dir='ltr'>in</span> <span class='ocrx_word' id='word_1_39' title='bbox 636 320 894 366; x_wconf 85' lang='lat' dir='ltr'>destruendo,</span> <span class='ocrx_word' id='word_1_40' title='bbox 916 328 954 356; x_wconf 87' lang='lat' dir='ltr'>et</span> <span class='ocrx_word' id='word_1_41' title='bbox 980 318 1100 355; x_wconf 85' lang='lat' dir='ltr'>aedili-</span> 
     </span>
     <span class='ocr_line' id='line_1_7' title="bbox 80 381 1098 433; baseline -0.007 -10"><span class='ocrx_word' id='word_1_42' title='bbox 80 385 200 427; x_wconf 82' lang='lat' dir='ltr'>cando</span> <span class='ocrx_word' id='word_1_43' title='bbox 221 398 228 419; x_wconf 75' lang='grc' dir='ltr'>ε</span> <span class='ocrx_word' id='word_1_44' title='bbox 253 382 440 433; x_wconf 83' lang='lat' dir='ltr'>siquidem</span> <span class='ocrx_word' id='word_1_45' title='bbox 470 383 509 419; x_wconf 90' lang='lat' dir='ltr'>in</span> <span class='ocrx_word' id='word_1_46' title='bbox 544 383 691 419; x_wconf 87' lang='lat' dir='ltr'>ruinam</span> <span class='ocrx_word' id='word_1_47' title='bbox 712 391 750 419; x_wconf 85' lang='lat' dir='ltr'>et</span> <span class='ocrx_word' id='word_1_48' title='bbox 777 381 1098 419; x_wconf 80' lang='lat' dir='ltr'>resurrectionem</span> 
     </span>
     <span class='ocr_line' id='line_1_8' title="bbox 81 441 1099 486; baseline -0.008 -2"><span class='ocrx_word' id='word_1_49' title='bbox 81 447 288 486; x_wconf 87' lang='lat' dir='ltr'>multorum</span> <span class='ocrx_word' id='word_1_50' title='bbox 316 441 541 479; x_wconf 79' lang='lat' dir='ltr'>ascendistis</span> <span class='ocrx_word' id='word_1_51' title='bbox 560 442 658 478; x_wconf 88' lang='lat' dir='ltr'>hanc</span> <span class='ocrx_word' id='word_1_52' title='bbox 687 441 920 478; x_wconf 79' lang='lat' dir='ltr'>cathedram.</span> <span class='ocrx_word' id='word_1_53' title='bbox 948 443 1099 486; x_wconf 61' lang='lat' dir='ltr'>Ptuant,</span> 
     </span>
     <span class='ocr_line' id='line_1_9' title="bbox 79 501 1101 555; baseline -0.005 -12"><span class='ocrx_word' id='word_1_54' title='bbox 79 514 191 547; x_wconf 81' lang='lat' dir='ltr'>ruant</span> <span class='ocrx_word' id='word_1_55' title='bbox 209 505 275 555; x_wconf 86' lang='lat' dir='ltr'>qui</span> <span class='ocrx_word' id='word_1_56' title='bbox 295 503 410 540; x_wconf 72' lang='lat' dir='ltr'>noxie</span> <span class='ocrx_word' id='word_1_57' title='bbox 434 511 552 549; x_wconf 79' lang='lat' dir='ltr'>stant,</span> <span class='ocrx_word' id='word_1_58' title='bbox 575 503 774 552; x_wconf 76' lang='lat' dir='ltr'>erigantur</span> <span class='ocrx_word' id='word_1_59' title='bbox 792 501 909 551; x_wconf 81' lang='lat' dir='ltr'>digni.</span> <span class='ocrx_word' id='word_1_60' title='bbox 929 505 1101 539; x_wconf 81' lang='lat' dir='ltr'>Ponatur</span> 
     </span>
     <span class='ocr_line' id='line_1_10' title="bbox 78 564 1101 614; baseline -0.008 -7"><span class='ocrx_word' id='word_1_61' title='bbox 78 568 218 608; x_wconf 87' lang='lat' dir='ltr'>securis</span> <span class='ocrx_word' id='word_1_62' title='bbox 235 566 283 604; x_wconf 86' lang='lat' dir='ltr'>ad</span> <span class='ocrx_word' id='word_1_63' title='bbox 298 564 464 602; x_wconf 88' lang='lat' dir='ltr'>radicem</span> <span class='ocrx_word' id='word_1_64' title='bbox 486 564 674 601; x_wconf 84' lang='lat' dir='ltr'>sterilium</span> <span class='ocrx_word' id='word_1_65' title='bbox 693 564 976 614; x_wconf 82' lang='lat' dir='ltr'>plantationum</span> <span class='ocrx_word' id='word_1_66' title='bbox 989 593 997 609; x_wconf 92' lang='lat'>,</span> <span class='ocrx_word' id='word_1_67' title='bbox 1010 577 1101 613; x_wconf 87' lang='lat' dir='ltr'>pur-</span> 
     </span>
     <span class='ocr_line' id='line_1_11' title="bbox 79 626 1102 682; baseline -0.006 -15"><span class='ocrx_word' id='word_1_68' title='bbox 79 637 213 682; x_wconf 84' lang='lat' dir='ltr'>gentur</span> <span class='ocrx_word' id='word_1_69' title='bbox 229 627 454 672; x_wconf 74' lang='lat' dir='ltr'>fructiferae,</span> <span class='ocrx_word' id='word_1_70' title='bbox 466 634 509 662; x_wconf 89' lang='lat' dir='ltr'>ut</span> <span class='ocrx_word' id='word_1_71' title='bbox 530 626 696 662; x_wconf 88' lang='lat' dir='ltr'>fructum</span> <span class='ocrx_word' id='word_1_72' title='bbox 713 626 799 676; x_wconf 86' lang='lat' dir='ltr'>plus</span> <span class='ocrx_word' id='word_1_73' title='bbox 814 626 988 662; x_wconf 79' lang='lat' dir='ltr'>asserant.</span> <span class='ocrx_word' id='word_1_74' title='bbox 1003 628 1102 662; x_wconf 82' lang='lat' dir='ltr'>Prae-</span> 
     </span>
     <span class='ocr_line' id='line_1_12' title="bbox 78 686 1103 738; baseline -0.009 -7"><span class='ocrx_word' id='word_1_75' title='bbox 78 691 243 735; x_wconf 86' lang='lat' dir='ltr'>sidente,</span> <span class='ocrx_word' id='word_1_76' title='bbox 269 688 447 738; x_wconf 88' lang='lat' dir='ltr'>inquam,</span> <span class='ocrx_word' id='word_1_77' title='bbox 471 687 606 723; x_wconf 91' lang='lat' dir='ltr'>humili</span> <span class='ocrx_word' id='word_1_78' title='bbox 627 687 799 736; x_wconf 85' lang='lat' dir='ltr'>Eugenio</span> <span class='ocrx_word' id='word_1_79' title='bbox 813 715 822 732; x_wconf 94' lang='lat'>,</span> <span class='ocrx_word' id='word_1_80' title='bbox 855 686 1103 736; x_wconf 80' lang='lat' dir='ltr'>deponantur</span> 
     </span>
     <span class='ocr_line' id='line_1_13' title="bbox 78 747 1102 804; baseline -0.009 -13"><span class='ocrx_word' id='word_1_81' title='bbox 78 750 233 804; x_wconf 81' lang='lat' dir='ltr'>superbi</span> <span class='ocrx_word' id='word_1_82' title='bbox 258 749 304 786; x_wconf 91' lang='lat' dir='ltr'>de</span> <span class='ocrx_word' id='word_1_83' title='bbox 329 749 438 796; x_wconf 87' lang='lat' dir='ltr'>sede,</span> <span class='ocrx_word' id='word_1_84' title='bbox 464 757 502 785; x_wconf 90' lang='lat' dir='ltr'>et</span> <span class='ocrx_word' id='word_1_85' title='bbox 529 748 748 784; x_wconf 72' lang='lat' dir='ltr'>exaltentur</span> <span class='ocrx_word' id='word_1_86' title='bbox 779 747 942 783; x_wconf 86' lang='lat' dir='ltr'>humiles</span> <span class='ocrx_word' id='word_1_87' title='bbox 972 761 979 783; x_wconf 74' lang='grc' dir='ltr'>ε</span> <span class='ocrx_word' id='word_1_88' title='bbox 1012 759 1102 783; x_wconf 84' lang='lat' dir='ltr'>esu-</span> 
     </span>
     <span class='ocr_line' id='line_1_14' title="bbox 80 808 1102 861; baseline -0.009 -9"><span class='ocrx_word' id='word_1_89' title='bbox 80 813 217 852; x_wconf 87' lang='lat' dir='ltr'>rientes</span> <span class='ocrx_word' id='word_1_90' title='bbox 235 810 471 861; x_wconf 86' lang='lat' dir='ltr'>impleantur</span> <span class='ocrx_word' id='word_1_91' title='bbox 488 808 621 856; x_wconf 86' lang='lat' dir='ltr'>bonis,</span> <span class='ocrx_word' id='word_1_92' title='bbox 639 817 676 846; x_wconf 91' lang='lat' dir='ltr'>et</span> <span class='ocrx_word' id='word_1_93' title='bbox 701 809 839 846; x_wconf 80' lang='lat' dir='ltr'>divites</span> <span class='ocrx_word' id='word_1_94' title='bbox 856 808 1102 844; x_wconf 86' lang='lat' dir='ltr'>dimittantur</span> 
     </span>
     <span class='ocr_line' id='line_1_15' title="bbox 80 870 1102 922; baseline -0.007 -9"><span class='ocrx_word' id='word_1_95' title='bbox 80 875 222 913; x_wconf 85' lang='lat' dir='ltr'>inanes.</span> <span class='ocrx_word' id='word_1_96' title='bbox 258 877 394 922; x_wconf 81' lang='lat' dir='ltr'>Nuper</span> <span class='ocrx_word' id='word_1_97' title='bbox 431 884 573 922; x_wconf 88' lang='lat' dir='ltr'>nempe</span> <span class='ocrx_word' id='word_1_98' title='bbox 613 871 872 908; x_wconf 82' lang='lat' dir='ltr'>exsultatione</span> <span class='ocrx_word' id='word_1_99' title='bbox 909 870 1102 907; x_wconf 76' lang='lat' dir='ltr'>universae</span> 
     </span>
     <span class='ocr_line' id='line_1_16' title="bbox 83 929 1103 981; baseline -0.005 -9"><span class='ocrx_word' id='word_1_100' title='bbox 83 943 190 973; x_wconf 85' lang='lat' dir='ltr'>terrae</span> <span class='ocrx_word' id='word_1_101' title='bbox 206 933 259 970; x_wconf 88' lang='lat' dir='ltr'>ita</span> <span class='ocrx_word' id='word_1_102' title='bbox 277 933 420 970; x_wconf 88' lang='lat' dir='ltr'>factum</span> <span class='ocrx_word' id='word_1_103' title='bbox 438 940 496 969; x_wconf 88' lang='lat' dir='ltr'>est</span> <span class='ocrx_word' id='word_1_104' title='bbox 514 931 555 968; x_wconf 93' lang='lat' dir='ltr'>in</span> <span class='ocrx_word' id='word_1_105' title='bbox 572 944 683 968; x_wconf 86' lang='lat' dir='ltr'>causa</span> <span class='ocrx_word' id='word_1_106' title='bbox 702 929 900 980; x_wconf 86' lang='lat' dir='ltr'>cujusdam</span> <span class='ocrx_word' id='word_1_107' title='bbox 920 930 1103 981; x_wconf 85' lang='lat' dir='ltr'>pauperis</span> 
     </span>
     <span class='ocr_line' id='line_1_17' title="bbox 79 993 296 1047; baseline -0.018 -13"><span class='ocrx_word' id='word_1_108' title='bbox 79 993 250 1047; x_wconf 81' lang='lat' dir='ltr'>episcopi</span> <span class='ocrx_word' id='word_1_109' title='bbox 265 994 296 1030; x_wconf 87' lang='lat'>*.</span> 
     </span>
    </p>

    <p class='ocr_par' dir='ltr' id='par_1_6' title="bbox 78 1053 1109 1778">
     <span class='ocr_line' id='line_1_18' title="bbox 130 1053 1100 1106; baseline -0.005 -12"><span class='ocrx_word' id='word_1_110' title='bbox 130 1056 168 1094; x_wconf 84' lang='lat'>2.</span> <span class='ocrx_word' id='word_1_111' title='bbox 190 1061 268 1106; x_wconf 84' lang='lat' dir='ltr'>Age</span> <span class='ocrx_word' id='word_1_112' title='bbox 285 1068 377 1105; x_wconf 84' lang='lat' dir='ltr'>ergo</span> <span class='ocrx_word' id='word_1_113' title='bbox 389 1084 398 1101; x_wconf 95' lang='lat'>,</span> <span class='ocrx_word' id='word_1_114' title='bbox 419 1063 588 1092; x_wconf 86' lang='lat' dir='ltr'>transeat</span> <span class='ocrx_word' id='word_1_115' title='bbox 600 1053 680 1104; x_wconf 87' lang='lat' dir='ltr'>jam</span> <span class='ocrx_word' id='word_1_116' title='bbox 701 1062 854 1091; x_wconf 86' lang='lat' dir='ltr'>sanctus</span> <span class='ocrx_word' id='word_1_117' title='bbox 868 1053 930 1090; x_wconf 90' lang='lat' dir='ltr'>hic</span> <span class='ocrx_word' id='word_1_118' title='bbox 947 1053 1100 1105; x_wconf 85' lang='lat' dir='ltr'>pietatis</span> 
     </span>
     <span class='ocr_line' id='line_1_19' title="bbox 78 1114 1107 1155; baseline -0.003 -1"><span class='ocrx_word' id='word_1_119' title='bbox 78 1117 181 1155; x_wconf 84' lang='lat' dir='ltr'>zelus</span> <span class='ocrx_word' id='word_1_120' title='bbox 196 1124 235 1153; x_wconf 86' lang='lat' dir='ltr'>et</span> <span class='ocrx_word' id='word_1_121' title='bbox 257 1115 305 1152; x_wconf 84' lang='lat' dir='ltr'>ad</span> <span class='ocrx_word' id='word_1_122' title='bbox 326 1117 502 1152; x_wconf 84' lang='lat' dir='ltr'>miseram</span> <span class='ocrx_word' id='word_1_123' title='bbox 522 1116 628 1152; x_wconf 86' lang='lat' dir='ltr'>illam</span> <span class='ocrx_word' id='word_1_124' title='bbox 645 1115 853 1152; x_wconf 80' lang='lat' dir='ltr'>Ecclesiam</span> <span class='ocrx_word' id='word_1_125' title='bbox 873 1114 1107 1151; x_wconf 84' lang='lat' dir='ltr'>transmari—</span> 
     </span>
     <span class='ocr_line' id='line_1_20' title="bbox 78 1174 1108 1227; baseline -0.004 -11"><span class='ocrx_word' id='word_1_126' title='bbox 78 1191 165 1217; x_wconf 80' lang='lat' dir='ltr'>nam</span> <span class='ocrx_word' id='word_1_127' title='bbox 179 1208 189 1225; x_wconf 93' lang='lat'>,</span> <span class='ocrx_word' id='word_1_128' title='bbox 203 1177 294 1227; x_wconf 87' lang='lat' dir='ltr'>quia</span> <span class='ocrx_word' id='word_1_129' title='bbox 314 1185 467 1227; x_wconf 89' lang='lat' dir='ltr'>tempus</span> <span class='ocrx_word' id='word_1_130' title='bbox 483 1175 690 1213; x_wconf 89' lang='lat' dir='ltr'>miserendi</span> <span class='ocrx_word' id='word_1_131' title='bbox 705 1175 800 1225; x_wconf 85' lang='lat' dir='ltr'>ejus.</span> <span class='ocrx_word' id='word_1_132' title='bbox 817 1177 938 1213; x_wconf 64' lang='lat' dir='ltr'>Vinea</span> <span class='ocrx_word' id='word_1_133' title='bbox 950 1174 1108 1213; x_wconf 87' lang='lat' dir='ltr'>Domini</span> 
     </span>
     <span class='ocr_line' id='line_1_21' title="bbox 80 1237 1106 1286; baseline -0.005 -9"><span class='ocrx_word' id='word_1_134' title='bbox 80 1237 244 1279; x_wconf 85' lang='lat' dir='ltr'>Sabaoth</span> <span class='ocrx_word' id='word_1_135' title='bbox 263 1246 341 1283; x_wconf 85' lang='lat' dir='ltr'>est,</span> <span class='ocrx_word' id='word_1_136' title='bbox 362 1237 476 1274; x_wconf 69' lang='lat' dir='ltr'>vinea</span> <span class='ocrx_word' id='word_1_137' title='bbox 496 1238 639 1283; x_wconf 89' lang='lat' dir='ltr'>electa,</span> <span class='ocrx_word' id='word_1_138' title='bbox 660 1237 771 1273; x_wconf 72' lang='lat' dir='ltr'>vinea</span> <span class='ocrx_word' id='word_1_139' title='bbox 795 1237 1076 1286; x_wconf 82' lang='lat' dir='ltr'>speciosissima</span> <span class='ocrx_word' id='word_1_140' title='bbox 1098 1250 1106 1272; x_wconf 90' lang='lat'>:</span> 
     </span>
     <span class='ocr_line' id='line_1_22' title="bbox 80 1297 1105 1348; baseline -0.006 -10"><span class='ocrx_word' id='word_1_141' title='bbox 80 1299 270 1346; x_wconf 85' lang='lat' dir='ltr'>sed‚heu!</span> <span class='ocrx_word' id='word_1_142' title='bbox 287 1299 327 1335; x_wconf 89' lang='lat' dir='ltr'>in</span> <span class='ocrx_word' id='word_1_143' title='bbox 342 1298 538 1334; x_wconf 89' lang='lat' dir='ltr'>desertum</span> <span class='ocrx_word' id='word_1_144' title='bbox 554 1311 654 1348; x_wconf 89' lang='lat' dir='ltr'>pene</span> <span class='ocrx_word' id='word_1_145' title='bbox 674 1297 828 1334; x_wconf 87' lang='lat' dir='ltr'>redacta</span> <span class='ocrx_word' id='word_1_146' title='bbox 841 1327 850 1343; x_wconf 92' lang='lat'>,</span> <span class='ocrx_word' id='word_1_147' title='bbox 869 1297 957 1347; x_wconf 87' lang='lat' dir='ltr'>quia</span> <span class='ocrx_word' id='word_1_148' title='bbox 976 1298 1105 1346; x_wconf 88' lang='lat' dir='ltr'>singu-</span> 
     </span>
     <span class='ocr_line' id='line_1_23' title="bbox 79 1358 1105 1409; baseline -0.007 -9"><span class='ocrx_word' id='word_1_149' title='bbox 79 1361 167 1400; x_wconf 84' lang='lat' dir='ltr'>laris</span> <span class='ocrx_word' id='word_1_150' title='bbox 199 1360 302 1397; x_wconf 86' lang='lat' dir='ltr'>ferus</span> <span class='ocrx_word' id='word_1_151' title='bbox 334 1359 558 1409; x_wconf 82' lang='lat' dir='ltr'>depascitur</span> <span class='ocrx_word' id='word_1_152' title='bbox 589 1372 686 1395; x_wconf 91' lang='lat' dir='ltr'>eam.</span> <span class='ocrx_word' id='word_1_153' title='bbox 722 1361 799 1396; x_wconf 83' lang='lat' dir='ltr'>Cur</span> <span class='ocrx_word' id='word_1_154' title='bbox 833 1358 967 1395; x_wconf 87' lang='lat' dir='ltr'>dicunt</span> <span class='ocrx_word' id='word_1_155' title='bbox 1003 1358 1105 1394; x_wconf 87' lang='lat' dir='ltr'>inter</span> 
     </span>
     <span class='ocr_line' id='line_1_24' title="bbox 81 1418 1106 1474; baseline -0.004 -15"><span class='ocrx_word' id='word_1_156' title='bbox 81 1430 228 1474; x_wconf 84' lang='lat' dir='ltr'>gentes,</span> <span class='ocrx_word' id='word_1_157' title='bbox 246 1419 324 1459; x_wconf 89' lang='lat' dir='ltr'>Ubi</span> <span class='ocrx_word' id='word_1_158' title='bbox 339 1428 396 1457; x_wconf 88' lang='lat' dir='ltr'>est</span> <span class='ocrx_word' id='word_1_159' title='bbox 414 1423 519 1457; x_wconf 89' lang='lat' dir='ltr'>Deus</span> <span class='ocrx_word' id='word_1_160' title='bbox 543 1418 650 1469; x_wconf 80' lang='lat' dir='ltr'>ejus?</span> <span class='ocrx_word' id='word_1_161' title='bbox 668 1419 736 1456; x_wconf 89' lang='lat' dir='ltr'>ubi</span> <span class='ocrx_word' id='word_1_162' title='bbox 753 1433 868 1470; x_wconf 88' lang='lat' dir='ltr'>quem</span> <span class='ocrx_word' id='word_1_163' title='bbox 887 1426 1106 1470; x_wconf 87' lang='lat' dir='ltr'>posuerunt</span> 
     </span>
     <span class='ocr_line' id='line_1_25' title="bbox 82 1479 1104 1531; baseline -0.004 -10"><span class='ocrx_word' id='word_1_164' title='bbox 82 1482 275 1522; x_wconf 87' lang='lat' dir='ltr'>custodem</span> <span class='ocrx_word' id='word_1_165' title='bbox 303 1481 344 1518; x_wconf 88' lang='lat' dir='ltr'>in</span> <span class='ocrx_word' id='word_1_166' title='bbox 381 1481 527 1518; x_wconf 74' lang='lat' dir='ltr'>vineis?</span> <span class='ocrx_word' id='word_1_167' title='bbox 560 1480 627 1518; x_wconf 85' lang='lat' dir='ltr'>ubi</span> <span class='ocrx_word' id='word_1_168' title='bbox 660 1494 797 1518; x_wconf 88' lang='lat' dir='ltr'>manus</span> <span class='ocrx_word' id='word_1_169' title='bbox 838 1482 1008 1531; x_wconf 76' lang='lat' dir='ltr'>putans?</span> <span class='ocrx_word' id='word_1_170' title='bbox 1036 1479 1104 1517; x_wconf 89' lang='lat' dir='ltr'>ubi</span> 
     </span>
     <span class='ocr_line' id='line_1_26' title="bbox 84 1541 1106 1592; baseline -0.007 -9"><span class='ocrx_word' id='word_1_171' title='bbox 84 1543 253 1584; x_wconf 84' lang='lat' dir='ltr'>sarculus</span> <span class='ocrx_word' id='word_1_172' title='bbox 271 1542 506 1579; x_wconf 76' lang='lat' dir='ltr'>excolentis?</span> <span class='ocrx_word' id='word_1_173' title='bbox 527 1545 739 1592; x_wconf 82' lang='lat' dir='ltr'>Quousque</span> <span class='ocrx_word' id='word_1_174' title='bbox 760 1550 955 1579; x_wconf 88' lang='lat' dir='ltr'>sarmento</span> <span class='ocrx_word' id='word_1_175' title='bbox 979 1541 1106 1578; x_wconf 88' lang='lat' dir='ltr'>inutili</span> 
     </span>
     <span class='ocr_line' id='line_1_27' title="bbox 82 1603 1106 1655; baseline -0.004 -12"><span class='ocrx_word' id='word_1_176' title='bbox 82 1612 290 1655; x_wconf 88' lang='lat' dir='ltr'>occupatur</span> <span class='ocrx_word' id='word_1_177' title='bbox 311 1604 443 1650; x_wconf 89' lang='lat' dir='ltr'>tellus,</span> <span class='ocrx_word' id='word_1_178' title='bbox 473 1603 684 1640; x_wconf 87' lang='lat' dir='ltr'>suffocatur</span> <span class='ocrx_word' id='word_1_179' title='bbox 723 1604 893 1640; x_wconf 77' lang='lat' dir='ltr'>fructus?</span> <span class='ocrx_word' id='word_1_180' title='bbox 927 1604 989 1640; x_wconf 79' lang='lat' dir='ltr'>Et·</span> <span class='ocrx_word' id='word_1_181' title='bbox 1004 1611 1106 1640; x_wconf 83' lang='lat' dir='ltr'>certe</span> 
     </span>
     <span class='ocr_line' id='line_1_28' title="bbox 84 1663 1108 1716; baseline -0.004 -12"><span class='ocrx_word' id='word_1_182' title='bbox 84 1674 232 1716; x_wconf 87' lang='lat' dir='ltr'>tempus</span> <span class='ocrx_word' id='word_1_183' title='bbox 243 1664 454 1715; x_wconf 83' lang='lat' dir='ltr'>putationis</span> <span class='ocrx_word' id='word_1_184' title='bbox 468 1663 638 1701; x_wconf 75' lang='lat' dir='ltr'>advenit.</span> <span class='ocrx_word' id='word_1_185' title='bbox 657 1663 852 1715; x_wconf 85' lang='lat' dir='ltr'>Siquidem</span> <span class='ocrx_word' id='word_1_186' title='bbox 872 1664 989 1701; x_wconf 87' lang='lat' dir='ltr'>homo</span> <span class='ocrx_word' id='word_1_187' title='bbox 1005 1664 1108 1714; x_wconf 88' lang='lat' dir='ltr'>pacis</span> 
     </span>
     <span class='ocr_line' id='line_1_29' title="bbox 85 1724 1109 1778; baseline -0.003 -14"><span class='ocrx_word' id='word_1_188' title='bbox 85 1725 164 1778; x_wconf 77' lang='lat' dir='ltr'>eJus</span> <span class='ocrx_word' id='word_1_189' title='bbox 176 1731 205 1773; x_wconf 79' lang='lat'>²,</span> <span class='ocrx_word' id='word_1_190' title='bbox 219 1726 258 1762; x_wconf 93' lang='lat' dir='ltr'>in</span> <span class='ocrx_word' id='word_1_191' title='bbox 275 1739 353 1775; x_wconf 94' lang='lat' dir='ltr'>quo</span> <span class='ocrx_word' id='word_1_192' title='bbox 373 1726 556 1776; x_wconf 81' lang='lat' dir='ltr'>speravit,</span> <span class='ocrx_word' id='word_1_193' title='bbox 576 1725 683 1776; x_wconf 89' lang='lat' dir='ltr'>quod</span> <span class='ocrx_word' id='word_1_194' title='bbox 698 1739 736 1763; x_wconf 89' lang='lat' dir='ltr'>se</span> <span class='ocrx_word' id='word_1_195' title='bbox 749 1739 917 1776; x_wconf 88' lang='lat' dir='ltr'>purgare</span> <span class='ocrx_word' id='word_1_196' title='bbox 933 1724 1109 1771; x_wconf 80' lang='lat' dir='ltr'>deberet3</span> 
     </span>
    </p>
   </div>
   <div class='ocr_carea' id='block_1_6' title="bbox 85 1785 2023 1839">
    <p class='ocr_par' dir='ltr' id='par_1_7' title="bbox 85 1785 2023 1839">
     <span class='ocr_line' id='line_1_30' title="bbox 85 1785 2023 1839; baseline -0.001 -15"><span class='ocrx_word' id='word_1_197' title='bbox 85 1801 161 1826; x_wconf 85' lang='lat' dir='ltr'>non</span> <span class='ocrx_word' id='word_1_198' title='bbox 179 1787 432 1839; x_wconf 81' lang='lat' dir='ltr'>purgatione,</span> <span class='ocrx_word' id='word_1_199' title='bbox 461 1786 528 1823; x_wconf 89' lang='lat' dir='ltr'>sed</span> <span class='ocrx_word' id='word_1_200' title='bbox 543 1788 810 1837; x_wconf 84' lang='lat' dir='ltr'>amputatione</span> <span class='ocrx_word' id='word_1_201' title='bbox 832 1800 931 1837; x_wconf 91' lang='lat' dir='ltr'>opus</span> <span class='ocrx_word' id='word_1_202' title='bbox 949 1800 1031 1823; x_wconf 86' lang='lat' dir='ltr'>esse</span> <span class='ocrx_word' id='word_1_203' title='bbox 1056 1794 1112 1823; x_wconf 90' lang='lat' dir='ltr'>te-</span> <span class='ocrx_word' id='word_1_204' title='bbox 1136 1787 1161 1823; x_wconf 92' lang='lat' dir='ltr'>C</span> <span class='ocrx_word' id='word_1_205' title='bbox 1183 1786 1255 1823; x_wconf 67' lang='lat' dir='ltr'>sul)</span> <span class='ocrx_word' id='word_1_206' title='bbox 1282 1786 1522 1822; x_wconf 66' lang='lat' dir='ltr'>vestimentis</span> <span class='ocrx_word' id='word_1_207' title='bbox 1551 1785 1682 1822; x_wconf 72' lang='lat' dir='ltr'>ovium</span> <span class='ocrx_word' id='word_1_208' title='bbox 1716 1786 1831 1835; x_wconf 87' lang='lat' dir='ltr'>lupus</span> <span class='ocrx_word' id='word_1_209' title='bbox 1862 1799 1982 1835; x_wconf 72' lang='lat' dir='ltr'>rapax</span> <span class='ocrx_word' id='word_1_210' title='bbox 2016 1801 2023 1822; x_wconf 90' lang='lat'>:</span> 
     </span>
    </p>
   </div>
   <div class='ocr_carea' id='block_1_7' title="bbox 80 1847 1112 2388">
    <p class='ocr_par' dir='ltr' id='par_1_8' title="bbox 80 1847 1112 2317">
     <span class='ocr_line' id='line_1_31' title="bbox 86 1847 1109 1899; baseline -0.003 -12"><span class='ocrx_word' id='word_1_211' title='bbox 86 1857 215 1888; x_wconf 84' lang='lat' dir='ltr'>statur.</span> <span class='ocrx_word' id='word_1_212' title='bbox 243 1852 407 1886; x_wconf 74' lang='lat' dir='ltr'>Exstant</span> <span class='ocrx_word' id='word_1_213' title='bbox 429 1848 598 1898; x_wconf 90' lang='lat' dir='ltr'>denique</span> <span class='ocrx_word' id='word_1_214' title='bbox 625 1849 763 1886; x_wconf 80' lang='lat' dir='ltr'>litterae</span> <span class='ocrx_word' id='word_1_215' title='bbox 786 1849 904 1899; x_wconf 84' lang='lat' dir='ltr'>ipsius</span> <span class='ocrx_word' id='word_1_216' title='bbox 926 1848 972 1885; x_wconf 90' lang='lat' dir='ltr'>de</span> <span class='ocrx_word' id='word_1_217' title='bbox 996 1862 1041 1885; x_wconf 93' lang='lat' dir='ltr'>eo</span> <span class='ocrx_word' id='word_1_218' title='bbox 1062 1847 1109 1884; x_wconf 86' lang='lat' dir='ltr'>ad</span> 
     </span>
     <span class='ocr_line' id='line_1_32' title="bbox 86 1909 1110 1962; baseline -0.003 -13"><span class='ocrx_word' id='word_1_219' title='bbox 86 1910 300 1962; x_wconf 63' lang='lat' dir='ltr'>apostolicae</span> <span class='ocrx_word' id='word_1_220' title='bbox 327 1909 435 1948; x_wconf 87' lang='lat' dir='ltr'>Sedis</span> <span class='ocrx_word' id='word_1_221' title='bbox 461 1910 650 1959; x_wconf 84' lang='lat' dir='ltr'>legatum,</span> <span class='ocrx_word' id='word_1_222' title='bbox 676 1910 714 1946; x_wconf 93' lang='lat' dir='ltr'>in</span> <span class='ocrx_word' id='word_1_223' title='bbox 736 1909 878 1960; x_wconf 87' lang='lat' dir='ltr'>quibus</span> <span class='ocrx_word' id='word_1_224' title='bbox 909 1910 1110 1946; x_wconf 80' lang='lat' dir='ltr'>manifeste</span> 
     </span>
     <span class='ocr_line' id='line_1_33' title="bbox 86 1971 1112 2017; baseline -0.003 -8"><span class='ocrx_word' id='word_1_225' title='bbox 86 1971 322 2010; x_wconf 85' lang='lat' dir='ltr'>manifestam</span> <span class='ocrx_word' id='word_1_226' title='bbox 341 1971 475 2008; x_wconf 88' lang='lat' dir='ltr'>asserit</span> <span class='ocrx_word' id='word_1_227' title='bbox 491 1971 747 2011; x_wconf 82' lang='lat' dir='ltr'>intrusionem</span> <span class='ocrx_word' id='word_1_228' title='bbox 762 2000 771 2017; x_wconf 92' lang='lat'>,</span> <span class='ocrx_word' id='word_1_229' title='bbox 799 1971 1027 2007; x_wconf 85' lang='lat' dir='ltr'>electionem</span> <span class='ocrx_word' id='word_1_230' title='bbox 1045 1983 1112 2006; x_wconf 88' lang='lat' dir='ltr'>ne-</span> 
     </span>
     <span class='ocr_line' id='line_1_34' title="bbox 87 2031 1110 2084; baseline -0.004 -13"><span class='ocrx_word' id='word_1_231' title='bbox 87 2041 157 2084; x_wconf 85' lang='lat' dir='ltr'>gat.</span> <span class='ocrx_word' id='word_1_232' title='bbox 176 2037 234 2071; x_wconf 87' lang='lat' dir='ltr'>Ita</span> <span class='ocrx_word' id='word_1_233' title='bbox 259 2046 352 2083; x_wconf 85' lang='lat' dir='ltr'>ergo</span> <span class='ocrx_word' id='word_1_234' title='bbox 373 2046 489 2082; x_wconf 90' lang='lat' dir='ltr'>quem</span> <span class='ocrx_word' id='word_1_235' title='bbox 518 2031 591 2070; x_wconf 90' lang='lat' dir='ltr'>sibi</span> <span class='ocrx_word' id='word_1_236' title='bbox 609 2041 813 2083; x_wconf 81' lang='lat' dir='ltr'>paraverat</span> <span class='ocrx_word' id='word_1_237' title='bbox 843 2032 1086 2069; x_wconf 80' lang='lat' dir='ltr'>defensorem</span> <span class='ocrx_word' id='word_1_238' title='bbox 1101 2061 1110 2077; x_wconf 93' lang='lat'>,</span> 
     </span>
     <span class='ocr_line' id='line_1_35' title="bbox 89 2092 1110 2143; baseline -0.003 -11"><span class='ocrx_word' id='word_1_239' title='bbox 89 2103 348 2133; x_wconf 80' lang='lat' dir='ltr'>accusatorem</span> <span class='ocrx_word' id='word_1_240' title='bbox 361 2093 536 2130; x_wconf 88' lang='lat' dir='ltr'>sustinet.</span> <span class='ocrx_word' id='word_1_241' title='bbox 559 2093 617 2131; x_wconf 90' lang='lat' dir='ltr'>Ad</span> <span class='ocrx_word' id='word_1_242' title='bbox 632 2093 714 2130; x_wconf 82' lang='lat' dir='ltr'>haec</span> <span class='ocrx_word' id='word_1_243' title='bbox 726 2106 813 2143; x_wconf 82' lang='lat' dir='ltr'>quae</span> <span class='ocrx_word' id='word_1_244' title='bbox 835 2092 978 2143; x_wconf 87' lang='lat' dir='ltr'>ubique</span> <span class='ocrx_word' id='word_1_245' title='bbox 996 2092 1043 2129; x_wconf 89' lang='lat' dir='ltr'>de</span> <span class='ocrx_word' id='word_1_246' title='bbox 1065 2105 1110 2129; x_wconf 89' lang='lat' dir='ltr'>eo</span> 
     </span>
     <span class='ocr_line' id='line_1_36' title="bbox 88 2153 1112 2206; baseline -0.003 -14"><span class='ocrx_word' id='word_1_247' title='bbox 88 2153 239 2206; x_wconf 87' lang='lat' dir='ltr'>publica</span> <span class='ocrx_word' id='word_1_248' title='bbox 265 2154 366 2192; x_wconf 86' lang='lat' dir='ltr'>fama</span> <span class='ocrx_word' id='word_1_249' title='bbox 392 2153 663 2200; x_wconf 85' lang='lat' dir='ltr'>concelebrat,</span> <span class='ocrx_word' id='word_1_250' title='bbox 683 2155 797 2191; x_wconf 90' lang='lat' dir='ltr'>etiam</span> <span class='ocrx_word' id='word_1_251' title='bbox 818 2155 944 2191; x_wconf 67' lang='lat' dir='ltr'>virum</span> <span class='ocrx_word' id='word_1_252' title='bbox 971 2153 1112 2190; x_wconf 85' lang='lat' dir='ltr'>milita-</span> 
     </span>
     <span class='ocr_line' id='line_1_37' title="bbox 80 2213 1111 2266; baseline -0.003 -13"><span class='ocrx_word' id='word_1_253' title='bbox 80 2216 167 2253; x_wconf 61' lang='lat' dir='ltr'>‘rem</span> <span class='ocrx_word' id='word_1_254' title='bbox 195 2223 354 2266; x_wconf 85' lang='lat' dir='ltr'>possent</span> <span class='ocrx_word' id='word_1_255' title='bbox 381 2213 485 2252; x_wconf 83' lang='lat' dir='ltr'>omni</span> <span class='ocrx_word' id='word_1_256' title='bbox 506 2213 596 2265; x_wconf 86' lang='lat' dir='ltr'>jure</span> <span class='ocrx_word' id='word_1_257' title='bbox 629 2214 797 2266; x_wconf 87' lang='lat' dir='ltr'>spoliare</span> <span class='ocrx_word' id='word_1_258' title='bbox 830 2214 984 2264; x_wconf 87' lang='lat' dir='ltr'>cingulo</span> <span class='ocrx_word' id='word_1_259' title='bbox 1007 2214 1111 2250; x_wconf 84' lang='lat' dir='ltr'>mili-</span> 
     </span>
     <span class='ocr_line' id='line_1_38' title="bbox 93 2276 172 2317; baseline -0.038 0"><span class='ocrx_word' id='word_1_260' title='bbox 93 2276 172 2317; x_wconf 77' lang='lat' dir='ltr'>tari.</span> 
     </span>
    </p>

    <p class='ocr_par' dir='ltr' id='par_1_9' title="bbox 142 2335 1112 2388">
     <span class='ocr_line' id='line_1_39' title="bbox 142 2335 1112 2388; baseline -0.003 -12"><span class='ocrx_word' id='word_1_261' title='bbox 142 2338 176 2376; x_wconf 88' lang='grc'>3.</span> <span class='ocrx_word' id='word_1_262' title='bbox 195 2337 402 2387; x_wconf 89' lang='lat' dir='ltr'>Quomodo</span> <span class='ocrx_word' id='word_1_263' title='bbox 416 2336 497 2386; x_wconf 87' lang='lat' dir='ltr'>jam</span> <span class='ocrx_word' id='word_1_264' title='bbox 515 2337 659 2388; x_wconf 86' lang='lat' dir='ltr'>poterit</span> <span class='ocrx_word' id='word_1_265' title='bbox 680 2345 800 2383; x_wconf 88' lang='lat' dir='ltr'>stare,</span> <span class='ocrx_word' id='word_1_266' title='bbox 817 2335 885 2374; x_wconf 90' lang='lat' dir='ltr'>ubi</span> <span class='ocrx_word' id='word_1_267' title='bbox 907 2337 1112 2387; x_wconf 76' lang='lat' dir='ltr'>multiplex</span> 
     </span>
    </p>
   </div>
   <div class='ocr_carea' id='block_1_8' title="bbox 52 2397 1110 2449">
    <p class='ocr_par' dir='ltr' id='par_1_10' title="bbox 52 2397 1110 2449">
     <span class='ocr_line' id='line_1_40' title="bbox 52 2397 1110 2449; baseline -0.003 -12"><span class='ocrx_word' id='word_1_268' title='bbox 52 2403 53 2406; x_wconf 73' lang='grc'>’</span> <span class='ocrx_word' id='word_1_269' title='bbox 92 2397 197 2438; x_wconf 86' lang='lat' dir='ltr'>vobis</span> <span class='ocrx_word' id='word_1_270' title='bbox 218 2398 347 2437; x_wconf 86' lang='lat' dir='ltr'>subest</span> <span class='ocrx_word' id='word_1_271' title='bbox 371 2399 468 2436; x_wconf 86' lang='lat' dir='ltr'>ratio</span> <span class='ocrx_word' id='word_1_272' title='bbox 497 2399 727 2449; x_wconf 79' lang='lat' dir='ltr'>dejiciendi?</span> <span class='ocrx_word' id='word_1_273' title='bbox 749 2403 797 2436; x_wconf 86' lang='lat' dir='ltr'>Et</span> <span class='ocrx_word' id='word_1_274' title='bbox 818 2399 998 2435; x_wconf 75' lang='lat' dir='ltr'>voluntas</span> <span class='ocrx_word' id='word_1_275' title='bbox 1032 2412 1110 2435; x_wconf 90' lang='lat' dir='ltr'>non</span> 
     </span>
    </p>
   </div>
   <div class='ocr_carea' id='block_1_9' title="bbox 92 2459 1114 2511">
    <p class='ocr_par' dir='ltr' id='par_1_11' title="bbox 92 2459 1114 2511">
     <span class='ocr_line' id='line_1_41' title="bbox 92 2459 1114 2511; baseline -0.005 -10"><span class='ocrx_word' id='word_1_276' title='bbox 92 2459 207 2501; x_wconf 78' lang='lat' dir='ltr'>deest.</span> <span class='ocrx_word' id='word_1_277' title='bbox 239 2460 332 2510; x_wconf 85' lang='lat' dir='ltr'>Legi</span> <span class='ocrx_word' id='word_1_278' title='bbox 362 2460 552 2510; x_wconf 85' lang='lat' dir='ltr'>siquidem</span> <span class='ocrx_word' id='word_1_279' title='bbox 586 2461 712 2497; x_wconf 87' lang='lat' dir='ltr'>zelum</span> <span class='ocrx_word' id='word_1_280' title='bbox 741 2468 915 2497; x_wconf 66' lang='lat' dir='ltr'>vestrum</span> <span class='ocrx_word' id='word_1_281' title='bbox 945 2473 1017 2511; x_wconf 87' lang='lat' dir='ltr'>pro</span> <span class='ocrx_word' id='word_1_282' title='bbox 1044 2463 1114 2497; x_wconf 88' lang='lat' dir='ltr'>Ec-</span> 
     </span>
    </p>
   </div>
   <div class='ocr_carea' id='block_1_10' title="bbox 52 2520 1113 2571">
    <p class='ocr_par' dir='ltr' id='par_1_12' title="bbox 52 2520 1113 2571">
     <span class='ocr_line' id='line_1_42' title="bbox 52 2520 1113 2571; baseline -0.002 -12"><span class='ocrx_word' id='word_1_283' title='bbox 52 2538 55 2568; x_wconf 65' lang='grc' dir='ltr'>ς</span> <span class='ocrx_word' id='word_1_284' title='bbox 93 2521 203 2559; x_wconf 86' lang='lat' dir='ltr'>clesia</span> <span class='ocrx_word' id='word_1_285' title='bbox 231 2522 296 2558; x_wconf 90' lang='lat' dir='ltr'>illa</span> <span class='ocrx_word' id='word_1_286' title='bbox 323 2522 363 2559; x_wconf 94' lang='lat' dir='ltr'>in</span> <span class='ocrx_word' id='word_1_287' title='bbox 392 2522 530 2558; x_wconf 89' lang='lat' dir='ltr'>litteris</span> <span class='ocrx_word' id='word_1_288' title='bbox 558 2522 717 2567; x_wconf 76' lang='lat' dir='ltr'>vestris,</span> <span class='ocrx_word' id='word_1_289' title='bbox 747 2529 785 2558; x_wconf 88' lang='lat' dir='ltr'>et</span> <span class='ocrx_word' id='word_1_290' title='bbox 810 2520 891 2571; x_wconf 87' lang='lat' dir='ltr'>jam</span> <span class='ocrx_word' id='word_1_291' title='bbox 921 2522 1033 2571; x_wconf 82' lang='lat' dir='ltr'>exigo</span> <span class='ocrx_word' id='word_1_292' title='bbox 1066 2521 1113 2557; x_wconf 80' lang='lat' dir='ltr'>(le</span> 
     </span>
    </p>
   </div>
   <div class='ocr_carea' id='block_1_11' title="bbox 53 2582 1399 2633">
    <p class='ocr_par' dir='ltr' id='par_1_13' title="bbox 53 2582 1399 2633">
     <span class='ocr_line' id='line_1_43' title="bbox 53 2582 1399 2633; baseline -0.001 -12"><span class='ocrx_word' id='word_1_293' title='bbox 53 2616 55 2623; x_wconf 90' lang='lat'><em>.</em></span> <span class='ocrx_word' id='word_1_294' title='bbox 95 2583 270 2621; x_wconf 83' lang='lat' dir='ltr'>manibus</span> <span class='ocrx_word' id='word_1_295' title='bbox 294 2583 444 2620; x_wconf 66' lang='lat' dir='ltr'>vestris.</span> <span class='ocrx_word' id='word_1_296' title='bbox 465 2586 640 2631; x_wconf 86' lang='lat' dir='ltr'>Quanam</span> <span class='ocrx_word' id='word_1_297' title='bbox 672 2583 732 2620; x_wconf 84' lang='lat' dir='ltr'>via</span> <span class='ocrx_word' id='word_1_298' title='bbox 754 2582 1045 2633; x_wconf 87' lang='lat' dir='ltr'>procedendum</span> <span class='ocrx_word' id='word_1_299' title='bbox 1069 2583 1114 2619; x_wconf 92' lang='lat' dir='ltr'>sit</span> <span class='ocrx_word' id='word_1_300' title='bbox 1131 2586 1163 2620; x_wconf 94' lang='lat' dir='ltr'>D</span> <span class='ocrx_word' id='word_1_301' title='bbox 1183 2592 1245 2620; x_wconf 88' lang='lat' dir='ltr'>tur</span> <span class='ocrx_word' id='word_1_302' title='bbox 1278 2583 1399 2633; x_wconf 88' lang='lat' dir='ltr'>gratia</span> 
     </span>
    </p>
   </div>
   <div class='ocr_carea' id='block_1_12' title="bbox 53 2643 1113 2696">
    <p class='ocr_par' dir='ltr' id='par_1_14' title="bbox 53 2643 1113 2696">
     <span class='ocr_line' id='line_1_44' title="bbox 53 2643 1113 2696; baseline -0.002 -14"><span class='ocrx_word' id='word_1_303' title='bbox 53 2655 55 2666; x_wconf 73' lang='lat'><strong><em>¹</em></strong></span> <span class='ocrx_word' id='word_1_304' title='bbox 94 2643 142 2682; x_wconf 77' lang='lat' dir='ltr'>ad</span> <span class='ocrx_word' id='word_1_305' title='bbox 158 2643 239 2694; x_wconf 88' lang='lat' dir='ltr'>ejus</span> <span class='ocrx_word' id='word_1_306' title='bbox 255 2644 512 2695; x_wconf 84' lang='lat' dir='ltr'>dejectionem</span> <span class='ocrx_word' id='word_1_307' title='bbox 530 2643 681 2696; x_wconf 83' lang='lat' dir='ltr'>(neque</span> <span class='ocrx_word' id='word_1_308' title='bbox 698 2644 799 2680; x_wconf 89' lang='lat' dir='ltr'>enim</span> <span class='ocrx_word' id='word_1_309' title='bbox 824 2657 899 2681; x_wconf 89' lang='lat' dir='ltr'>una</span> <span class='ocrx_word' id='word_1_310' title='bbox 918 2644 1010 2680; x_wconf 92' lang='lat' dir='ltr'>mihi</span> <span class='ocrx_word' id='word_1_311' title='bbox 1032 2658 1113 2681; x_wconf 87' lang='lat' dir='ltr'>esse</span> 
     </span>
    </p>
   </div>
   <div class='ocr_carea' id='block_1_13' title="bbox 94 2705 1118 3061">
    <p class='ocr_par' dir='ltr' id='par_1_15' title="bbox 94 2705 1118 3061">
     <span class='ocr_line' id='line_1_45' title="bbox 94 2705 1114 2758; baseline -0.001 -15"><span class='ocrx_word' id='word_1_312' title='bbox 94 2705 267 2758; x_wconf 82' lang='lat' dir='ltr'>videtur)</span> <span class='ocrx_word' id='word_1_313' title='bbox 289 2720 368 2743; x_wconf 91' lang='lat' dir='ltr'>non</span> <span class='ocrx_word' id='word_1_314' title='bbox 401 2714 459 2743; x_wconf 90' lang='lat' dir='ltr'>est</span> <span class='ocrx_word' id='word_1_315' title='bbox 488 2719 617 2743; x_wconf 88' lang='lat' dir='ltr'>meum</span> <span class='ocrx_word' id='word_1_316' title='bbox 649 2705 794 2743; x_wconf 85' lang='lat' dir='ltr'>dictare</span> <span class='ocrx_word' id='word_1_317' title='bbox 825 2705 1001 2756; x_wconf 87' lang='lat' dir='ltr'>sapienti.</span> <span class='ocrx_word' id='word_1_318' title='bbox 1036 2709 1114 2743; x_wconf 72' lang='lat' dir='ltr'>Nec</span> 
     </span>
     <span class='ocr_line' id='line_1_46' title="bbox 95 2766 1114 2817; baseline -0.001 -13"><span class='ocrx_word' id='word_1_319' title='bbox 95 2767 255 2805; x_wconf 90' lang='lat' dir='ltr'>multum</span> <span class='ocrx_word' id='word_1_320' title='bbox 287 2776 420 2805; x_wconf 90' lang='lat' dir='ltr'>nostra</span> <span class='ocrx_word' id='word_1_321' title='bbox 450 2767 630 2813; x_wconf 87' lang='lat' dir='ltr'>interest,</span> <span class='ocrx_word' id='word_1_322' title='bbox 654 2781 731 2817; x_wconf 87' lang='lat' dir='ltr'>qua</span> <span class='ocrx_word' id='word_1_323' title='bbox 761 2775 869 2817; x_wconf 86' lang='lat' dir='ltr'>parte</span> <span class='ocrx_word' id='word_1_324' title='bbox 903 2766 1020 2803; x_wconf 87' lang='lat' dir='ltr'>arbor</span> <span class='ocrx_word' id='word_1_325' title='bbox 1052 2767 1114 2803; x_wconf 89' lang='lat' dir='ltr'>in—</span> 
     </span>
     <span class='ocr_line' id='line_1_47' title="bbox 97 2825 1112 2875; baseline -0.001 -10"><span class='ocrx_word' id='word_1_326' title='bbox 97 2825 288 2866; x_wconf 84' lang='lat' dir='ltr'>fructuosa</span> <span class='ocrx_word' id='word_1_327' title='bbox 307 2828 437 2875; x_wconf 87' lang='lat' dir='ltr'>cadat,</span> <span class='ocrx_word' id='word_1_328' title='bbox 459 2827 673 2865; x_wconf 91' lang='lat' dir='ltr'>dummodo</span> <span class='ocrx_word' id='word_1_329' title='bbox 695 2827 818 2865; x_wconf 84' lang='lat' dir='ltr'>cadat.</span> <span class='ocrx_word' id='word_1_330' title='bbox 843 2827 938 2864; x_wconf 84' lang='lat' dir='ltr'>Dico</span> <span class='ocrx_word' id='word_1_331' title='bbox 962 2836 1086 2865; x_wconf 88' lang='lat' dir='ltr'>tamen</span> <span class='ocrx_word' id='word_1_332' title='bbox 1103 2857 1112 2874; x_wconf 93' lang='lat'>,</span> 
     </span>
     <span class='ocr_line' id='line_1_48' title="bbox 97 2888 1115 2940; baseline -0.001 -14"><span class='ocrx_word' id='word_1_333' title='bbox 97 2888 163 2938; x_wconf 83' lang='lat' dir='ltr'>qui</span> <span class='ocrx_word' id='word_1_334' title='bbox 177 2888 248 2926; x_wconf 89' lang='lat' dir='ltr'>sibi</span> <span class='ocrx_word' id='word_1_335' title='bbox 267 2889 551 2940; x_wconf 88' lang='lat' dir='ltr'>possessionem</span> <span class='ocrx_word' id='word_1_336' title='bbox 569 2888 738 2925; x_wconf 85' lang='lat' dir='ltr'>vindicat</span> <span class='ocrx_word' id='word_1_337' title='bbox 758 2889 987 2925; x_wconf 58' lang='lat' dir='ltr'>furtivarum</span> <span class='ocrx_word' id='word_1_338' title='bbox 1010 2903 1115 2926; x_wconf 82' lang='lat' dir='ltr'>com—</span> 
     </span>
     <span class='ocr_line' id='line_1_49' title="bbox 98 2949 1118 2997; baseline 0 -11"><span class='ocrx_word' id='word_1_339' title='bbox 98 2949 239 2987; x_wconf 84' lang='lat' dir='ltr'>mercio</span> <span class='ocrx_word' id='word_1_340' title='bbox 279 2951 519 2997; x_wconf 84' lang='lat' dir='ltr'>litterarum,</span> <span class='ocrx_word' id='word_1_341' title='bbox 554 2963 687 2987; x_wconf 89' lang='lat' dir='ltr'>nonne</span> <span class='ocrx_word' id='word_1_342' title='bbox 724 2950 784 2986; x_wconf 90' lang='lat' dir='ltr'>fur</span> <span class='ocrx_word' id='word_1_343' title='bbox 820 2957 877 2986; x_wconf 92' lang='lat' dir='ltr'>est</span> <span class='ocrx_word' id='word_1_344' title='bbox 911 2958 950 2986; x_wconf 86' lang='lat' dir='ltr'>et</span> <span class='ocrx_word' id='word_1_345' title='bbox 992 2949 1118 2986; x_wconf 78' lang='lat' dir='ltr'>latro?</span> 
     </span>
     <span class='ocr_line' id='line_1_50' title="bbox 98 3009 1118 3061; baseline 0 -13"><span class='ocrx_word' id='word_1_346' title='bbox 98 3009 271 3061; x_wconf 89' lang='lat' dir='ltr'>Denique</span> <span class='ocrx_word' id='word_1_347' title='bbox 300 3011 367 3049; x_wconf 87' lang='lat' dir='ltr'>ubi</span> <span class='ocrx_word' id='word_1_348' title='bbox 403 3012 538 3049; x_wconf 88' lang='lat' dir='ltr'>asserit</span> <span class='ocrx_word' id='word_1_349' title='bbox 572 3010 752 3049; x_wconf 86' lang='lat' dir='ltr'>habuisse</span> <span class='ocrx_word' id='word_1_350' title='bbox 788 3024 828 3048; x_wconf 83' lang='lat' dir='ltr'>se</span> <span class='ocrx_word' id='word_1_351' title='bbox 862 3011 1118 3048; x_wconf 88' lang='lat' dir='ltr'>clandestinas</span> 
     </span>
    </p>
   </div>
   <div class='ocr_carea' id='block_1_14' title="bbox 1168 317 2199 790">
    <p class='ocr_par' dir='ltr' id='par_1_16' title="bbox 1168 317 2199 790">
     <span class='ocr_line' id='line_1_51' title="bbox 1168 317 2190 368; baseline 0.006 -15"><span class='ocrx_word' id='word_1_352' title='bbox 1168 326 1205 353; x_wconf 85' lang='lat' dir='ltr'>ct</span> <span class='ocrx_word' id='word_1_353' title='bbox 1225 317 1364 354; x_wconf 86' lang='lat' dir='ltr'>summi</span> <span class='ocrx_word' id='word_1_354' title='bbox 1386 317 1583 355; x_wconf 87' lang='lat' dir='ltr'>Pontilicis</span> <span class='ocrx_word' id='word_1_355' title='bbox 1605 318 1831 354; x_wconf 86' lang='lat' dir='ltr'>criminator</span> <span class='ocrx_word' id='word_1_356' title='bbox 1854 334 1861 354; x_wconf 92' lang='lat'>:</span> <span class='ocrx_word' id='word_1_357' title='bbox 1890 319 1920 355; x_wconf 88' lang='lat' dir='ltr'>si</span> <span class='ocrx_word' id='word_1_358' title='bbox 1947 320 2102 368; x_wconf 77' lang='lat' dir='ltr'>falsum3</span> <span class='ocrx_word' id='word_1_359' title='bbox 2123 323 2190 359; x_wconf 89' lang='lat' dir='ltr'>de-</span> 
     </span>
     <span class='ocr_line' id='line_1_52' title="bbox 1168 377 2191 428; baseline 0.005 -14"><span class='ocrx_word' id='word_1_360' title='bbox 1168 377 1234 414; x_wconf 90' lang='lat' dir='ltr'>bet</span> <span class='ocrx_word' id='word_1_361' title='bbox 1260 377 1412 424; x_wconf 88' lang='lat' dir='ltr'>audire,</span> <span class='ocrx_word' id='word_1_362' title='bbox 1451 377 1651 424; x_wconf 79' lang='lat' dir='ltr'>Occidisti,</span> <span class='ocrx_word' id='word_1_363' title='bbox 1684 386 1720 415; x_wconf 89' lang='lat' dir='ltr'>et</span> <span class='ocrx_word' id='word_1_364' title='bbox 1756 378 1971 428; x_wconf 84' lang='lat' dir='ltr'>possedisti.</span> <span class='ocrx_word' id='word_1_365' title='bbox 2002 383 2053 418; x_wconf 89' lang='lat' dir='ltr'>Os</span> <span class='ocrx_word' id='word_1_366' title='bbox 2088 383 2191 419; x_wconf 89' lang='lat' dir='ltr'>enim</span> 
     </span>
     <span class='ocr_line' id='line_1_53' title="bbox 1169 437 2196 488; baseline 0.004 -14"><span class='ocrx_word' id='word_1_367' title='bbox 1169 437 1274 488; x_wconf 87' lang='lat' dir='ltr'>quod</span> <span class='ocrx_word' id='word_1_368' title='bbox 1309 438 1506 484; x_wconf 84' lang='lat' dir='ltr'>mentitur,</span> <span class='ocrx_word' id='word_1_369' title='bbox 1529 438 1670 474; x_wconf 88' lang='lat' dir='ltr'>occidit</span> <span class='ocrx_word' id='word_1_370' title='bbox 1694 439 1860 475; x_wconf 87' lang='lat' dir='ltr'>animam</span> <span class='ocrx_word' id='word_1_371' title='bbox 1875 445 1898 475; x_wconf 86' lang='lat'>¹.</span> <span class='ocrx_word' id='word_1_372' title='bbox 1922 439 1995 477; x_wconf 86' lang='lat' dir='ltr'>Sed</span> <span class='ocrx_word' id='word_1_373' title='bbox 2025 440 2124 478; x_wconf 88' lang='lat' dir='ltr'>absit</span> <span class='ocrx_word' id='word_1_374' title='bbox 2153 451 2196 479; x_wconf 90' lang='lat' dir='ltr'>ut</span> 
     </span>
     <span class='ocr_line' id='line_1_54' title="bbox 1170 499 2195 552; baseline 0.003 -16"><span class='ocrx_word' id='word_1_375' title='bbox 1170 508 1277 536; x_wconf 82' lang='lat' dir='ltr'>tanta</span> <span class='ocrx_word' id='word_1_376' title='bbox 1298 499 1344 536; x_wconf 85' lang='lat' dir='ltr'>de</span> <span class='ocrx_word' id='word_1_377' title='bbox 1377 499 1441 536; x_wconf 88' lang='lat' dir='ltr'>tali</span> <span class='ocrx_word' id='word_1_378' title='bbox 1471 499 1557 535; x_wconf 66' lang='lat' dir='ltr'>viro</span> <span class='ocrx_word' id='word_1_379' title='bbox 1589 499 1768 536; x_wconf 87' lang='lat' dir='ltr'>credatur</span> <span class='ocrx_word' id='word_1_380' title='bbox 1795 499 2018 550; x_wconf 86' lang='lat' dir='ltr'>duplicitas,</span> <span class='ocrx_word' id='word_1_381' title='bbox 2052 511 2195 552; x_wconf 85' lang='lat' dir='ltr'>quanta</span> 
     </span>
     <span class='ocr_line' id='line_1_55' title="bbox 1170 560 2197 611; baseline 0.004 -14"><span class='ocrx_word' id='word_1_382' title='bbox 1170 560 1218 597; x_wconf 88' lang='lat' dir='ltr'>ab</span> <span class='ocrx_word' id='word_1_383' title='bbox 1249 561 1323 597; x_wconf 89' lang='lat' dir='ltr'>isto</span> <span class='ocrx_word' id='word_1_384' title='bbox 1354 560 1389 597; x_wconf 90' lang='lat' dir='ltr'>ei</span> <span class='ocrx_word' id='word_1_385' title='bbox 1420 560 1648 610; x_wconf 87' lang='lat' dir='ltr'>imponitur.</span> <span class='ocrx_word' id='word_1_386' title='bbox 1681 564 1827 611; x_wconf 73' lang='lat' dir='ltr'>Nempe</span> <span class='ocrx_word' id='word_1_387' title='bbox 1854 563 2105 600; x_wconf 89' lang='lat' dir='ltr'>Innocentius</span> <span class='ocrx_word' id='word_1_388' title='bbox 2136 564 2197 601; x_wconf 89' lang='lat' dir='ltr'>hic</span> 
     </span>
     <span class='ocr_line' id='line_1_56' title="bbox 1170 621 2197 674; baseline 0.002 -15"><span class='ocrx_word' id='word_1_389' title='bbox 1170 631 1251 659; x_wconf 87' lang='lat' dir='ltr'>erat</span> <span class='ocrx_word' id='word_1_390' title='bbox 1273 637 1280 658; x_wconf 73' lang='grc' dir='ltr'>ε</span> <span class='ocrx_word' id='word_1_391' title='bbox 1305 621 1366 658; x_wconf 90' lang='lat' dir='ltr'>cui</span> <span class='ocrx_word' id='word_1_392' title='bbox 1400 622 1430 658; x_wconf 90' lang='lat' dir='ltr'>si</span> <span class='ocrx_word' id='word_1_393' title='bbox 1460 635 1531 672; x_wconf 84' lang='lat' dir='ltr'>pro</span> <span class='ocrx_word' id='word_1_394' title='bbox 1558 634 1596 658; x_wconf 86' lang='lat' dir='ltr'>se</span> <span class='ocrx_word' id='word_1_395' title='bbox 1619 622 1856 672; x_wconf 83' lang='lat' dir='ltr'>respondere</span> <span class='ocrx_word' id='word_1_396' title='bbox 1882 622 2034 668; x_wconf 86' lang='lat' dir='ltr'>liceret,</span> <span class='ocrx_word' id='word_1_397' title='bbox 2059 625 2197 674; x_wconf 85' lang='lat' dir='ltr'>procul</span> 
     </span>
     <span class='ocr_line' id='line_1_57' title="bbox 1171 682 2199 733; baseline 0.002 -13"><span class='ocrx_word' id='word_1_398' title='bbox 1171 683 1289 721; x_wconf 90' lang='lat' dir='ltr'>dubio</span> <span class='ocrx_word' id='word_1_399' title='bbox 1320 683 1465 720; x_wconf 82' lang='lat' dir='ltr'>diceret</span> <span class='ocrx_word' id='word_1_400' title='bbox 1488 682 1600 729; x_wconf 84' lang='lat' dir='ltr'>huic,</span> <span class='ocrx_word' id='word_1_401' title='bbox 1623 683 1712 732; x_wconf 84' lang='lat' dir='ltr'>quia</span> <span class='ocrx_word' id='word_1_402' title='bbox 1732 686 1813 733; x_wconf 85' lang='lat' dir='ltr'>Ego</span> <span class='ocrx_word' id='word_1_403' title='bbox 1831 683 1957 733; x_wconf 88' lang='lat' dir='ltr'>palam</span> <span class='ocrx_word' id='word_1_404' title='bbox 1978 684 2017 720; x_wconf 88' lang='lat' dir='ltr'>in</span> <span class='ocrx_word' id='word_1_405' title='bbox 2045 693 2080 721; x_wconf 89' lang='lat' dir='ltr'>te</span> <span class='ocrx_word' id='word_1_406' title='bbox 2110 684 2199 722; x_wconf 91' lang='lat' dir='ltr'>dedi</span> 
     </span>
     <span class='ocr_line' id='line_1_58' title="bbox 1171 744 2124 790; baseline 0 -8"><span class='ocrx_word' id='word_1_407' title='bbox 1171 746 1400 782; x_wconf 82' lang='lat' dir='ltr'>sententiam</span> <span class='ocrx_word' id='word_1_408' title='bbox 1415 773 1424 790; x_wconf 91' lang='lat'>,</span> <span class='ocrx_word' id='word_1_409' title='bbox 1446 753 1483 781; x_wconf 93' lang='lat' dir='ltr'>et</span> <span class='ocrx_word' id='word_1_410' title='bbox 1504 744 1542 781; x_wconf 94' lang='lat' dir='ltr'>in</span> <span class='ocrx_word' id='word_1_411' title='bbox 1565 745 1718 782; x_wconf 85' lang='lat' dir='ltr'>occulto</span> <span class='ocrx_word' id='word_1_412' title='bbox 1741 746 1895 782; x_wconf 88' lang='lat' dir='ltr'>locutus</span> <span class='ocrx_word' id='word_1_413' title='bbox 1912 758 1997 782; x_wconf 88' lang='lat' dir='ltr'>sum</span> <span class='ocrx_word' id='word_1_414' title='bbox 2016 746 2124 782; x_wconf 81' lang='lat' dir='ltr'>nihil.</span> 
     </span>
    </p>
   </div>
   <div class='ocr_carea' id='block_1_15' title="bbox 1300 885 2199 899">
    <p class='ocr_par' dir='ltr' id='par_1_17' title="bbox 1300 885 2199 899">
     <span class='ocr_line' id='line_1_59' title="bbox 1300 885 2199 899; baseline 0.004 -6"><span class='ocrx_word' id='word_1_415' title='bbox 1300 885 1488 894; x_wconf 60' lang='lat' dir='ltr'>===x======x==</span> <span class='ocrx_word' id='word_1_416' title='bbox 1494 885 1575 894; x_wconf 55' lang='lat' dir='ltr'>vxsxx=</span> <span class='ocrx_word' id='word_1_417' title='bbox 1582 885 1606 894; x_wconf 64' lang='lat' dir='ltr'>xx</span> <span class='ocrx_word' id='word_1_418' title='bbox 1614 885 1681 894; x_wconf 63' lang='lat'>=====</span> <span class='ocrx_word' id='word_1_419' title='bbox 1688 886 2179 897; x_wconf 45' lang='grc' dir='ltr'>ιιιιιιιιιιῑνιιικικινικιιικιῑιιιιιι</span> <span class='ocrx_word' id='word_1_420' title='bbox 2188 889 2199 899; x_wconf 59' lang='lat' dir='ltr'><strong>u</strong></span> 
     </span>
    </p>
   </div>
   <div class='ocr_carea' id='block_1_16' title="bbox 1326 991 2046 1059">
    <p class='ocr_par' dir='ltr' id='par_1_18' title="bbox 1326 991 2046 1059">
     <span class='ocr_line' id='line_1_60' title="bbox 1326 991 2046 1059; baseline 0.003 -3"><span class='ocrx_word' id='word_1_421' title='bbox 1326 1001 1706 1058; x_wconf 74' lang='lat' dir='ltr'>EPISTULA</span> <span class='ocrx_word' id='word_1_422' title='bbox 1759 991 2046 1059; x_wconf 76' lang='lat' dir='ltr'>CCXL1.¹&#39;</span> 
     </span>
    </p>
   </div>
   <div class='ocr_carea' id='block_1_17' title="bbox 1177 1146 2197 1241">
    <p class='ocr_par' dir='ltr' id='par_1_19' title="bbox 1177 1146 2197 1241">
     <span class='ocr_line' id='line_1_61' title="bbox 1177 1146 2197 1194; baseline 0.003 -13"><span class='ocrx_word' id='word_1_423' title='bbox 1177 1159 1223 1181; x_wconf 72' lang='lat' dir='ltr'>AD</span> <span class='ocrx_word' id='word_1_424' title='bbox 1258 1158 1531 1182; x_wconf 67' lang='lat' dir='ltr'>HILDEFONSL‘M</span> <span class='ocrx_word' id='word_1_425' title='bbox 1571 1158 1746 1181; x_wconf 72' lang='lat' dir='ltr'>COMITEM</span> <span class='ocrx_word' id='word_1_426' title='bbox 1782 1146 2115 1194; x_wconf 68' lang='lat' dir='ltr'>§.xNCTl-AEGID11*,</span> <span class='ocrx_word' id='word_1_427' title='bbox 2149 1161 2197 1184; x_wconf 81' lang='lat' dir='ltr'>DE</span> 
     </span>
     <span class='ocr_line' id='line_1_62' title="bbox 1483 1218 1895 1241; baseline 0.002 -1"><span class='ocrx_word' id='word_1_428' title='bbox 1483 1218 1654 1241; x_wconf 72' lang='lat' dir='ltr'>HENRxco</span> <span class='ocrx_word' id='word_1_429' title='bbox 1683 1219 1895 1241; x_wconf 72' lang='lat' dir='ltr'>HAERETICO.</span> 
     </span>
    </p>
   </div>
   <div class='ocr_carea' id='block_1_18' title="bbox 1171 1325 2204 1535">
    <p class='ocr_par' dir='ltr' id='par_1_20' title="bbox 1171 1325 2204 1535">
     <span class='ocr_line' id='line_1_63' title="bbox 1171 1325 2203 1371; baseline 0.001 -13"><span class='ocrx_word' id='word_1_430' title='bbox 1171 1325 1366 1364; x_wconf 79' lang='lat' dir='ltr'>Henricum,</span> <span class='ocrx_word' id='word_1_431' title='bbox 1397 1326 1481 1357; x_wconf 84' lang='lat' dir='ltr'>Petri</span> <span class='ocrx_word' id='word_1_432' title='bbox 1512 1326 1613 1357; x_wconf 75' lang='lat' dir='ltr'>Rrusii</span> <span class='ocrx_word' id='word_1_433' title='bbox 1640 1325 1780 1357; x_wconf 54' lang='lat' dir='ltr'>hieretici</span> <span class='ocrx_word' id='word_1_434' title='bbox 1810 1338 2041 1366; x_wconf 81' lang='lat' dir='ltr'>successorem,</span> <span class='ocrx_word' id='word_1_435' title='bbox 2073 1329 2203 1371; x_wconf 84' lang='lat' dir='ltr'>ejusque</span> 
     </span>
     <span class='ocr_line' id='line_1_64' title="bbox 1219 1381 2204 1426; baseline 0.002 -14"><span class='ocrx_word' id='word_1_436' title='bbox 1219 1382 1316 1425; x_wconf 86' lang='lat' dir='ltr'>impia</span> <span class='ocrx_word' id='word_1_437' title='bbox 1336 1381 1501 1423; x_wconf 76' lang='lat' dir='ltr'>dogmata,</span> <span class='ocrx_word' id='word_1_438' title='bbox 1519 1388 1550 1413; x_wconf 90' lang='lat' dir='ltr'>et</span> <span class='ocrx_word' id='word_1_439' title='bbox 1570 1382 1693 1424; x_wconf 87' lang='lat' dir='ltr'>impura</span> <span class='ocrx_word' id='word_1_440' title='bbox 1709 1382 1850 1413; x_wconf 83' lang='lat' dir='ltr'>facinora</span> <span class='ocrx_word' id='word_1_441' title='bbox 1872 1382 2039 1421; x_wconf 80' lang='lat' dir='ltr'>describit,</span> <span class='ocrx_word' id='word_1_442' title='bbox 2060 1394 2204 1426; x_wconf 77' lang='lat' dir='ltr'>pungens</span> 
     </span>
     <span class='ocr_line' id='line_1_65' title="bbox 1221 1437 2204 1482; baseline 0.001 -13"><span class='ocrx_word' id='word_1_443' title='bbox 1221 1438 1394 1476; x_wconf 83' lang='lat' dir='ltr'>Comitem,</span> <span class='ocrx_word' id='word_1_444' title='bbox 1414 1437 1500 1479; x_wconf 86' lang='lat' dir='ltr'>quod</span> <span class='ocrx_word' id='word_1_445' title='bbox 1522 1438 1618 1469; x_wconf 80' lang='lat' dir='ltr'>taleni</span> <span class='ocrx_word' id='word_1_446' title='bbox 1644 1438 1676 1468; x_wconf 90' lang='lat' dir='ltr'>iu</span> <span class='ocrx_word' id='word_1_447' title='bbox 1701 1448 1757 1469; x_wconf 84' lang='lat' dir='ltr'>sua</span> <span class='ocrx_word' id='word_1_448' title='bbox 1783 1438 1901 1469; x_wconf 89' lang='lat' dir='ltr'>ditione</span> <span class='ocrx_word' id='word_1_449' title='bbox 1932 1438 2048 1470; x_wconf 85' lang='lat' dir='ltr'>sineret</span> <span class='ocrx_word' id='word_1_450' title='bbox 2074 1439 2204 1482; x_wconf 86' lang='lat' dir='ltr'>impune</span> 
     </span>
     <span class='ocr_line' id='line_1_66' title="bbox 1221 1492 1366 1535; baseline 0 -11"><span class='ocrx_word' id='word_1_451' title='bbox 1221 1492 1366 1535; x_wconf 81' lang='lat' dir='ltr'>grassari.</span> 
     </span>
    </p>
   </div>
   <div class='ocr_carea' id='block_1_19' title="bbox 1177 1599 2215 3062">
    <p class='ocr_par' dir='ltr' id='par_1_21' title="bbox 1177 1599 2215 3062">
     <span class='ocr_line' id='line_1_67' title="bbox 1234 1599 2196 1650; baseline 0 -12"><span class='ocrx_word' id='word_1_452' title='bbox 1234 1602 1265 1638; x_wconf 90' lang='lat' dir='ltr'>l.</span> <span class='ocrx_word' id='word_1_453' title='bbox 1303 1603 1455 1649; x_wconf 86' lang='lat' dir='ltr'>Quanta</span> <span class='ocrx_word' id='word_1_454' title='bbox 1480 1599 1698 1637; x_wconf 72' lang='lat' dir='ltr'>audivimus</span> <span class='ocrx_word' id='word_1_455' title='bbox 1730 1609 1768 1637; x_wconf 87' lang='lat' dir='ltr'>et</span> <span class='ocrx_word' id='word_1_456' title='bbox 1798 1600 2053 1650; x_wconf 64' lang='lat' dir='ltr'>cognovimus</span> <span class='ocrx_word' id='word_1_457' title='bbox 2076 1602 2196 1648; x_wconf 86' lang='lat' dir='ltr'>mala,</span> 
     </span>
     <span class='ocr_line' id='line_1_68' title="bbox 1179 1662 2204 1713; baseline 0.002 -14"><span class='ocrx_word' id='word_1_458' title='bbox 1179 1675 1266 1712; x_wconf 83' lang='lat' dir='ltr'>quae</span> <span class='ocrx_word' id='word_1_459' title='bbox 1305 1663 1344 1699; x_wconf 91' lang='lat' dir='ltr'>in</span> <span class='ocrx_word' id='word_1_460' title='bbox 1379 1662 1556 1699; x_wconf 84' lang='lat' dir='ltr'>Ecclesiis</span> <span class='ocrx_word' id='word_1_461' title='bbox 1588 1662 1658 1699; x_wconf 87' lang='lat' dir='ltr'>Dei</span> <span class='ocrx_word' id='word_1_462' title='bbox 1686 1662 1798 1708; x_wconf 83' lang='lat' dir='ltr'>fecit,</span> <span class='ocrx_word' id='word_1_463' title='bbox 1835 1671 1871 1699; x_wconf 85' lang='lat' dir='ltr'>et</span> <span class='ocrx_word' id='word_1_464' title='bbox 1905 1663 1993 1699; x_wconf 86' lang='lat' dir='ltr'>facit</span> <span class='ocrx_word' id='word_1_465' title='bbox 2029 1663 2204 1713; x_wconf 85' lang='lat' dir='ltr'>quotidie</span> 
     </span>
     <span class='ocr_line' id='line_1_69' title="bbox 1179 1723 2206 1761; baseline 0.001 -1"><span class='ocrx_word' id='word_1_466' title='bbox 1179 1723 1372 1761; x_wconf 90' lang='lat' dir='ltr'>Henricus</span> <span class='ocrx_word' id='word_1_467' title='bbox 1400 1723 1652 1760; x_wconf 63' lang='lat' dir='ltr'>haeretieusc?</span> <span class='ocrx_word' id='word_1_468' title='bbox 1681 1727 1866 1760; x_wconf 64' lang='lat' dir='ltr'>Versatur</span> <span class='ocrx_word' id='word_1_469' title='bbox 1886 1723 1925 1760; x_wconf 91' lang='lat' dir='ltr'>in</span> <span class='ocrx_word' id='word_1_470' title='bbox 1949 1732 2050 1760; x_wconf 86' lang='lat' dir='ltr'>terra</span> <span class='ocrx_word' id='word_1_471' title='bbox 2079 1734 2206 1761; x_wconf 66' lang='lat' dir='ltr'>vestra</span> 
     </span>
     <span class='ocr_line' id='line_1_70' title="bbox 2061 1785 2206 1822; baseline 0 0"><span class='ocrx_word' id='word_1_472' title='bbox 2061 1785 2128 1822; x_wconf 87' lang='lat' dir='ltr'>sed</span> <span class='ocrx_word' id='word_1_473' title='bbox 2158 1785 2206 1822; x_wconf 88' lang='lat' dir='ltr'>ad</span> 
     </span>
     <span class='ocr_line' id='line_1_71' title="bbox 1177 1846 2206 1897; baseline -0.001 -12"><span class='ocrx_word' id='word_1_474' title='bbox 1177 1848 1336 1886; x_wconf 91' lang='lat' dir='ltr'>Domini</span> <span class='ocrx_word' id='word_1_475' title='bbox 1371 1847 1702 1897; x_wconf 84' lang='lat' dir='ltr'>designationem,</span> <span class='ocrx_word' id='word_1_476' title='bbox 1735 1861 1756 1883; x_wconf 89' lang='lat' dir='ltr'>a</span> <span class='ocrx_word' id='word_1_477' title='bbox 1798 1846 1988 1883; x_wconf 84' lang='lat' dir='ltr'>fructibus</span> <span class='ocrx_word' id='word_1_478' title='bbox 2019 1846 2101 1896; x_wconf 84' lang='lat' dir='ltr'>ejus</span> <span class='ocrx_word' id='word_1_479' title='bbox 2137 1860 2206 1884; x_wconf 90' lang='lat' dir='ltr'>co-</span> 
     </span>
     <span class='ocr_line' id='line_1_72' title="bbox 1178 1908 2207 1960; baseline -0.002 -13"><span class='ocrx_word' id='word_1_480' title='bbox 1178 1909 1398 1960; x_wconf 82' lang='lat' dir='ltr'>gnoscimus</span> <span class='ocrx_word' id='word_1_481' title='bbox 1424 1910 1530 1946; x_wconf 92' lang='lat' dir='ltr'>illum</span> <span class='ocrx_word' id='word_1_482' title='bbox 1547 1915 1573 1946; x_wconf 85' lang='lat'>².</span> <span class='ocrx_word' id='word_1_483' title='bbox 1601 1909 1771 1945; x_wconf 85' lang='lat' dir='ltr'>Basilicae</span> <span class='ocrx_word' id='word_1_484' title='bbox 1794 1908 1876 1945; x_wconf 91' lang='lat' dir='ltr'>sine</span> <span class='ocrx_word' id='word_1_485' title='bbox 1899 1908 2098 1958; x_wconf 82' lang='lat' dir='ltr'>plebibus,</span> <span class='ocrx_word' id='word_1_486' title='bbox 2127 1909 2207 1959; x_wconf 89' lang='lat' dir='ltr'>ple-</span> 
     </span>
     <span class='ocr_line' id='line_1_73' title="bbox 1179 1969 2208 2014; baseline -0.002 -6"><span class='ocrx_word' id='word_1_487' title='bbox 1179 1970 1245 2008; x_wconf 85' lang='lat' dir='ltr'>bes</span> <span class='ocrx_word' id='word_1_488' title='bbox 1271 1971 1354 2008; x_wconf 83' lang='lat' dir='ltr'>sine</span> <span class='ocrx_word' id='word_1_489' title='bbox 1383 1969 1672 2014; x_wconf 86' lang='lat' dir='ltr'>sacerdotibus,</span> <span class='ocrx_word' id='word_1_490' title='bbox 1715 1969 1936 2006; x_wconf 86' lang='lat' dir='ltr'>sacerdotes</span> <span class='ocrx_word' id='word_1_491' title='bbox 1968 1969 2049 2006; x_wconf 86' lang='lat' dir='ltr'>sine</span> <span class='ocrx_word' id='word_1_492' title='bbox 2079 1969 2208 2006; x_wconf 84' lang='lat' dir='ltr'>debita</span> 
     </span>
     <span class='ocr_line' id='line_1_74' title="bbox 1180 2030 2208 2081; baseline -0.002 -11"><span class='ocrx_word' id='word_1_493' title='bbox 1180 2032 1399 2070; x_wconf 74' lang='lat' dir='ltr'>reverentia</span> <span class='ocrx_word' id='word_1_494' title='bbox 1422 2040 1530 2077; x_wconf 89' lang='lat' dir='ltr'>sunt,</span> <span class='ocrx_word' id='word_1_495' title='bbox 1555 2039 1592 2068; x_wconf 90' lang='lat' dir='ltr'>et</span> <span class='ocrx_word' id='word_1_496' title='bbox 1618 2031 1699 2068; x_wconf 88' lang='lat' dir='ltr'>sine</span> <span class='ocrx_word' id='word_1_497' title='bbox 1729 2030 1880 2069; x_wconf 81' lang='lat' dir='ltr'>Christo</span> <span class='ocrx_word' id='word_1_498' title='bbox 1903 2030 2071 2081; x_wconf 86' lang='lat' dir='ltr'>denique</span> <span class='ocrx_word' id='word_1_499' title='bbox 2093 2031 2208 2069; x_wconf 88' lang='lat' dir='ltr'>Chri-</span> 
     </span>
     <span class='ocr_line' id='line_1_75' title="bbox 1180 2093 2208 2142; baseline -0.001 -12"><span class='ocrx_word' id='word_1_500' title='bbox 1180 2094 1305 2131; x_wconf 88' lang='lat' dir='ltr'>stiani.</span> <span class='ocrx_word' id='word_1_501' title='bbox 1325 2093 1505 2129; x_wconf 78' lang='lat' dir='ltr'>Ecclesiae</span> <span class='ocrx_word' id='word_1_502' title='bbox 1523 2105 1728 2142; x_wconf 66' lang='lat' dir='ltr'>synagogae</span> <span class='ocrx_word' id='word_1_503' title='bbox 1751 2101 1982 2142; x_wconf 84' lang='lat' dir='ltr'>reputantur</span> <span class='ocrx_word' id='word_1_504' title='bbox 2001 2107 2008 2129; x_wconf 91' lang='lat'>:</span> <span class='ocrx_word' id='word_1_505' title='bbox 2028 2101 2208 2130; x_wconf 88' lang='lat' dir='ltr'>sanctua-</span> 
     </span>
     <span class='ocr_line' id='line_1_76' title="bbox 1180 2154 2208 2203; baseline 0 -12"><span class='ocrx_word' id='word_1_506' title='bbox 1180 2155 1280 2191; x_wconf 87' lang='lat' dir='ltr'>rium</span> <span class='ocrx_word' id='word_1_507' title='bbox 1300 2154 1371 2191; x_wconf 90' lang='lat' dir='ltr'>Dei</span> <span class='ocrx_word' id='word_1_508' title='bbox 1405 2162 1580 2190; x_wconf 86' lang='lat' dir='ltr'>sanctum</span> <span class='ocrx_word' id='word_1_509' title='bbox 1615 2166 1696 2190; x_wconf 84' lang='lat' dir='ltr'>esse</span> <span class='ocrx_word' id='word_1_510' title='bbox 1730 2162 1891 2202; x_wconf 86' lang='lat' dir='ltr'>negatur</span> <span class='ocrx_word' id='word_1_511' title='bbox 1923 2168 1929 2189; x_wconf 92' lang='lat'>:</span> <span class='ocrx_word' id='word_1_512' title='bbox 1960 2156 2208 2203; x_wconf 79' lang='lat' dir='ltr'>Sacramenta</span> 
     </span>
     <span class='ocr_line' id='line_1_77' title="bbox 1180 2214 2208 2252; baseline -0.001 0"><span class='ocrx_word' id='word_1_513' title='bbox 1180 2228 1261 2252; x_wconf 88' lang='lat' dir='ltr'>non</span> <span class='ocrx_word' id='word_1_514' title='bbox 1291 2228 1399 2251; x_wconf 85' lang='lat' dir='ltr'>sacra</span> <span class='ocrx_word' id='word_1_515' title='bbox 1426 2223 1632 2251; x_wconf 86' lang='lat' dir='ltr'>censentur</span> <span class='ocrx_word' id='word_1_516' title='bbox 1663 2228 1670 2250; x_wconf 90' lang='lat'><strong>:</strong></span> <span class='ocrx_word' id='word_1_517' title='bbox 1695 2214 1776 2250; x_wconf 86' lang='lat' dir='ltr'>dies</span> <span class='ocrx_word' id='word_1_518' title='bbox 1798 2214 1943 2251; x_wconf 64' lang='lat' dir='ltr'>festivis</span> <span class='ocrx_word' id='word_1_519' title='bbox 1973 2215 2208 2252; x_wconf 84' lang='lat' dir='ltr'>frustrantur</span> 
     </span>
     <span class='ocr_line' id='line_1_78' title="bbox 1180 2275 2204 2326; baseline 0.001 -14"><span class='ocrx_word' id='word_1_520' title='bbox 1180 2276 1390 2313; x_wconf 84' lang='lat' dir='ltr'>solemniis.</span> <span class='ocrx_word' id='word_1_521' title='bbox 1413 2276 1636 2312; x_wconf 75' lang='lat' dir='ltr'>Moriuntur</span> <span class='ocrx_word' id='word_1_522' title='bbox 1652 2275 1830 2312; x_wconf 87' lang='lat' dir='ltr'>homines</span> <span class='ocrx_word' id='word_1_523' title='bbox 1851 2276 1889 2312; x_wconf 91' lang='lat' dir='ltr'>in</span> <span class='ocrx_word' id='word_1_524' title='bbox 1912 2276 2079 2326; x_wconf 89' lang='lat' dir='ltr'>peccatis</span> <span class='ocrx_word' id='word_1_525' title='bbox 2100 2276 2177 2313; x_wconf 89' lang='lat' dir='ltr'>suis</span> <span class='ocrx_word' id='word_1_526' title='bbox 2197 2291 2204 2313; x_wconf 93' lang='lat'>:</span> 
     </span>
     <span class='ocr_line' id='line_1_79' title="bbox 1181 2336 2205 2387; baseline 0 -13"><span class='ocrx_word' id='word_1_527' title='bbox 1181 2337 1388 2387; x_wconf 86' lang='lat' dir='ltr'>rapiuntur</span> <span class='ocrx_word' id='word_1_528' title='bbox 1409 2337 1546 2373; x_wconf 79' lang='lat' dir='ltr'>animae</span> <span class='ocrx_word' id='word_1_529' title='bbox 1566 2337 1706 2387; x_wconf 87' lang='lat' dir='ltr'>passim</span> <span class='ocrx_word' id='word_1_530' title='bbox 1723 2336 1771 2373; x_wconf 89' lang='lat' dir='ltr'>ad</span> <span class='ocrx_word' id='word_1_531' title='bbox 1789 2336 1957 2373; x_wconf 86' lang='lat' dir='ltr'>tribunal</span> <span class='ocrx_word' id='word_1_532' title='bbox 1979 2338 2205 2383; x_wconf 81' lang='lat' dir='ltr'>terrificum,</span> 
     </span>
     <span class='ocr_line' id='line_1_80' title="bbox 1181 2397 2209 2449; baseline -0.001 -14"><span class='ocrx_word' id='word_1_533' title='bbox 1181 2399 1274 2435; x_wconf 72' lang='lat' dir='ltr'>heu!</span> <span class='ocrx_word' id='word_1_534' title='bbox 1300 2412 1370 2435; x_wconf 89' lang='lat' dir='ltr'>nec</span> <span class='ocrx_word' id='word_1_535' title='bbox 1399 2398 1628 2449; x_wconf 86' lang='lat' dir='ltr'>poenitentia</span> <span class='ocrx_word' id='word_1_536' title='bbox 1660 2398 1920 2443; x_wconf 89' lang='lat' dir='ltr'>reconciliati,</span> <span class='ocrx_word' id='word_1_537' title='bbox 1944 2412 2015 2435; x_wconf 89' lang='lat' dir='ltr'>nec</span> <span class='ocrx_word' id='word_1_538' title='bbox 2037 2407 2170 2435; x_wconf 85' lang='lat' dir='ltr'>sancta</span> <span class='ocrx_word' id='word_1_539' title='bbox 2189 2397 2209 2421; x_wconf 71' lang='lat'>‘¹</span> 
     </span>
     <span class='ocr_line' id='line_1_81' title="bbox 1181 2460 2210 2498; baseline -0.002 0"><span class='ocrx_word' id='word_1_540' title='bbox 1181 2461 1457 2498; x_wconf 89' lang='lat' dir='ltr'>communione</span> <span class='ocrx_word' id='word_1_541' title='bbox 1496 2460 1648 2496; x_wconf 87' lang='lat' dir='ltr'>muniti.</span> <span class='ocrx_word' id='word_1_542' title='bbox 1691 2460 1865 2497; x_wconf 71' lang='lat' dir='ltr'>Parvulis</span> <span class='ocrx_word' id='word_1_543' title='bbox 1901 2460 2210 2498; x_wconf 86' lang='lat' dir='ltr'>Christianorum</span> 
     </span>
     <span class='ocr_line' id='line_1_82' title="bbox 1182 2520 2212 2570; baseline -0.002 -12"><span class='ocrx_word' id='word_1_544' title='bbox 1182 2522 1323 2560; x_wconf 89' lang='lat' dir='ltr'>Christi</span> <span class='ocrx_word' id='word_1_545' title='bbox 1342 2520 1614 2558; x_wconf 84' lang='lat' dir='ltr'>intercluditur</span> <span class='ocrx_word' id='word_1_546' title='bbox 1636 2521 1733 2567; x_wconf 71' lang='lat' dir='ltr'>vita,</span> <span class='ocrx_word' id='word_1_547' title='bbox 1763 2520 1855 2557; x_wconf 91' lang='lat' dir='ltr'>dum</span> <span class='ocrx_word' id='word_1_548' title='bbox 1880 2521 2066 2570; x_wconf 88' lang='lat' dir='ltr'>Baptismi</span> <span class='ocrx_word' id='word_1_549' title='bbox 2093 2533 2212 2570; x_wconf 88' lang='lat' dir='ltr'>nega-</span> 
     </span>
     <span class='ocr_line' id='line_1_83' title="bbox 1428 2582 2208 2632; baseline -0.001 -13"><span class='ocrx_word' id='word_1_550' title='bbox 1428 2598 1435 2619; x_wconf 88' lang='lat'>:</span> <span class='ocrx_word' id='word_1_551' title='bbox 1460 2596 1530 2619; x_wconf 83' lang='lat' dir='ltr'>nce</span> <span class='ocrx_word' id='word_1_552' title='bbox 1562 2583 1673 2619; x_wconf 86' lang='lat' dir='ltr'>saluti</span> <span class='ocrx_word' id='word_1_553' title='bbox 1703 2583 1970 2632; x_wconf 85' lang='lat' dir='ltr'>propinquare</span> <span class='ocrx_word' id='word_1_554' title='bbox 2005 2582 2208 2628; x_wconf 88' lang='lat' dir='ltr'>sinuntur,</span> 
     </span>
     <span class='ocr_line' id='line_1_84' title="bbox 1183 2643 2213 2694; baseline -0.002 -12"><span class='ocrx_word' id='word_1_555' title='bbox 1183 2645 1382 2683; x_wconf 70' lang='lat' dir='ltr'>Salvatore</span> <span class='ocrx_word' id='word_1_556' title='bbox 1404 2644 1492 2681; x_wconf 88' lang='lat' dir='ltr'>licet</span> <span class='ocrx_word' id='word_1_557' title='bbox 1519 2644 1578 2694; x_wconf 87' lang='lat' dir='ltr'>pie</span> <span class='ocrx_word' id='word_1_558' title='bbox 1598 2644 1786 2680; x_wconf 85' lang='lat' dir='ltr'>clamante</span> <span class='ocrx_word' id='word_1_559' title='bbox 1804 2657 1876 2694; x_wconf 89' lang='lat' dir='ltr'>pro</span> <span class='ocrx_word' id='word_1_560' title='bbox 1895 2644 1948 2680; x_wconf 88' lang='lat' dir='ltr'>eis</span> <span class='ocrx_word' id='word_1_561' title='bbox 1967 2658 1974 2679; x_wconf 91' lang='lat'>:</span> <span class='ocrx_word' id='word_1_562' title='bbox 1995 2644 2136 2688; x_wconf 69' lang='lat' dir='ltr'>Sinioe,</span> <span class='ocrx_word' id='word_1_563' title='bbox 2157 2643 2213 2680; x_wconf 90' lang='lat' dir='ltr'>in-</span> 
     </span>
     <span class='ocr_line' id='line_1_85' title="bbox 1182 2703 2211 2757; baseline -0.002 -14"><span class='ocrx_word' id='word_1_564' title='bbox 1182 2707 1287 2757; x_wconf 88' lang='lat' dir='ltr'>quit,</span> <span class='ocrx_word' id='word_1_565' title='bbox 1320 2708 1504 2755; x_wconf 63' lang='lat' dir='ltr'>parvulos</span> <span class='ocrx_word' id='word_1_566' title='bbox 1542 2711 1676 2742; x_wconf 70' lang='lat' dir='ltr'>venire</span> <span class='ocrx_word' id='word_1_567' title='bbox 1711 2707 1766 2741; x_wconf 76' lang='lat' dir='ltr'>ml</span> <span class='ocrx_word' id='word_1_568' title='bbox 1806 2719 1864 2741; x_wconf 80' lang='lat' dir='ltr'>me</span> <span class='ocrx_word' id='word_1_569' title='bbox 1881 2703 1907 2742; x_wconf 72' lang='lat'>3.</span> <span class='ocrx_word' id='word_1_570' title='bbox 1953 2708 2106 2754; x_wconf 83' lang='lat' dir='ltr'>Ergone</span> <span class='ocrx_word' id='word_1_571' title='bbox 2144 2704 2211 2755; x_wconf 86' lang='lat' dir='ltr'>qui</span> 
     </span>
     <span class='ocr_line' id='line_1_86' title="bbox 1182 2765 2211 2816; baseline -0.002 -12"><span class='ocrx_word' id='word_1_572' title='bbox 1182 2768 1360 2804; x_wconf 89' lang='lat' dir='ltr'>homines</span> <span class='ocrx_word' id='word_1_573' title='bbox 1381 2776 1418 2804; x_wconf 90' lang='lat' dir='ltr'>ct</span> <span class='ocrx_word' id='word_1_574' title='bbox 1447 2766 1627 2816; x_wconf 84' lang='lat' dir='ltr'>jumenta</span> <span class='ocrx_word' id='word_1_575' title='bbox 1664 2766 1845 2813; x_wconf 71' lang='lat' dir='ltr'>salvavit,</span> <span class='ocrx_word' id='word_1_576' title='bbox 1881 2765 2211 2815; x_wconf 81' lang='lat' dir='ltr'>quemadmodum</span> 
     </span>
     <span class='ocr_line' id='line_1_87' title="bbox 1187 2827 2215 2878; baseline -0.001 -13"><span class='ocrx_word' id='word_1_577' title='bbox 1187 2828 1458 2878; x_wconf 69' lang='lat' dir='ltr'>multiplicavit</span> <span class='ocrx_word' id='word_1_578' title='bbox 1478 2827 1783 2864; x_wconf 85' lang='lat' dir='ltr'>misericordiam</span> <span class='ocrx_word' id='word_1_579' title='bbox 1805 2841 1912 2864; x_wconf 87' lang='lat' dir='ltr'>suam</span> <span class='ocrx_word' id='word_1_580' title='bbox 1938 2830 2061 2873; x_wconf 85' lang='lat' dir='ltr'>Deus,</span> <span class='ocrx_word' id='word_1_581' title='bbox 2082 2827 2130 2864; x_wconf 87' lang='lat' dir='ltr'>ad</span> <span class='ocrx_word' id='word_1_582' title='bbox 2151 2840 2215 2864; x_wconf 89' lang='lat' dir='ltr'>so-</span> 
     </span>
     <span class='ocr_line' id='line_1_88' title="bbox 1187 2888 2215 2939; baseline -0.003 -12"><span class='ocrx_word' id='word_1_583' title='bbox 1187 2890 1245 2927; x_wconf 86' lang='lat' dir='ltr'>los</span> <span class='ocrx_word' id='word_1_584' title='bbox 1267 2898 1397 2927; x_wconf 88' lang='lat' dir='ltr'>tamen</span> <span class='ocrx_word' id='word_1_585' title='bbox 1419 2890 1646 2926; x_wconf 87' lang='lat' dir='ltr'>innocentes</span> <span class='ocrx_word' id='word_1_586' title='bbox 1674 2902 1752 2926; x_wconf 91' lang='lat' dir='ltr'>non</span> <span class='ocrx_word' id='word_1_587' title='bbox 1773 2889 1920 2939; x_wconf 89' lang='lat' dir='ltr'>patitur</span> <span class='ocrx_word' id='word_1_588' title='bbox 1941 2888 2115 2925; x_wconf 86' lang='lat' dir='ltr'>eamdem</span> <span class='ocrx_word' id='word_1_589' title='bbox 2140 2897 2215 2925; x_wconf 88' lang='lat' dir='ltr'>tam</span> 
     </span>
     <span class='ocr_line' id='line_1_89' title="bbox 1187 2949 2215 3001; baseline -0.002 -14"><span class='ocrx_word' id='word_1_590' title='bbox 1187 2951 1348 2987; x_wconf 88' lang='lat' dir='ltr'>multam</span> <span class='ocrx_word' id='word_1_591' title='bbox 1370 2950 1674 2988; x_wconf 87' lang='lat' dir='ltr'>misericordiam</span> <span class='ocrx_word' id='word_1_592' title='bbox 1699 2950 1934 3001; x_wconf 69' lang='lat' dir='ltr'>pervenire?</span> <span class='ocrx_word' id='word_1_593' title='bbox 1956 2949 2056 2998; x_wconf 87' lang='lat' dir='ltr'>Quid</span> <span class='ocrx_word' id='word_1_594' title='bbox 2070 2979 2082 2995; x_wconf 86' lang='lat'>,</span> <span class='ocrx_word' id='word_1_595' title='bbox 2106 2963 2215 2999; x_wconf 77' lang='lat' dir='ltr'>quae—</span> 
     </span>
     <span class='ocr_line' id='line_1_90' title="bbox 1189 3011 2214 3062; baseline -0.002 -13"><span class='ocrx_word' id='word_1_596' title='bbox 1189 3025 1252 3058; x_wconf 87' lang='lat' dir='ltr'>so,</span> <span class='ocrx_word' id='word_1_597' title='bbox 1268 3011 1362 3062; x_wconf 92' lang='lat' dir='ltr'>quid</span> <span class='ocrx_word' id='word_1_598' title='bbox 1378 3011 1527 3049; x_wconf 79' lang='lat' dir='ltr'>invidet</span> <span class='ocrx_word' id='word_1_599' title='bbox 1545 3012 1718 3062; x_wconf 74' lang='lat' dir='ltr'>parvulis</span> <span class='ocrx_word' id='word_1_600' title='bbox 1736 3012 1975 3050; x_wconf 74' lang='lat' dir='ltr'>Salvatorem</span> <span class='ocrx_word' id='word_1_601' title='bbox 1993 3011 2214 3061; x_wconf 73' lang='lat' dir='ltr'>parvulum,</span> 
     </span>
    </p>
   </div>
   <div class='ocr_carea' id='block_1_20' title="bbox 146 3151 1229 3193">
    <p class='ocr_par' dir='ltr' id='par_1_22' title="bbox 146 3151 1229 3193">
     <span class='ocr_line' id='line_1_91' title="bbox 146 3151 1229 3193; baseline 0.001 -11"><span class='ocrx_word' id='word_1_602' title='bbox 146 3155 159 3172; x_wconf 88' lang='lat'><em>¹</em></span> <span class='ocrx_word' id='word_1_603' title='bbox 179 3153 298 3193; x_wconf 84' lang='lat' dir='ltr'>Sap.1‚</span> <span class='ocrx_word' id='word_1_604' title='bbox 320 3154 374 3183; x_wconf 80' lang='lat'>11.</span> <span class='ocrx_word' id='word_1_605' title='bbox 401 3171 448 3175; x_wconf 89' lang='lat'>-—</span> <span class='ocrx_word' id='word_1_606' title='bbox 469 3151 938 3190; x_wconf 80' lang='lat' dir='ltr'>2Mauh.v11,15,16.—</span> <span class='ocrx_word' id='word_1_607' title='bbox 959 3151 972 3175; x_wconf 80' lang='lat'>3</span> <span class='ocrx_word' id='word_1_608' title='bbox 994 3152 1044 3183; x_wconf 87' lang='lat' dir='ltr'>Id.</span> <span class='ocrx_word' id='word_1_609' title='bbox 1064 3164 1146 3191; x_wconf 73' lang='lat' dir='ltr'>xix,</span> <span class='ocrx_word' id='word_1_610' title='bbox 1176 3155 1229 3183; x_wconf 73' lang='lat'>14.</span> 
     </span>
    </p>
   </div>
   <div class='ocr_carea' id='block_1_21' title="bbox 145 3209 2211 3255">
    <p class='ocr_par' dir='ltr' id='par_1_23' title="bbox 145 3209 2211 3255">
     <span class='ocr_line' id='line_1_92' title="bbox 145 3209 2211 3255; baseline -0.001 -12"><span class='ocrx_word' id='word_1_611' title='bbox 145 3215 162 3232; x_wconf 78' lang='lat'><strong>³</strong></span> <span class='ocrx_word' id='word_1_612' title='bbox 181 3213 304 3255; x_wconf 81' lang='lat' dir='ltr'>Nempe</span> <span class='ocrx_word' id='word_1_613' title='bbox 317 3212 498 3245; x_wconf 77' lang='lat' dir='ltr'>Willelmus</span> <span class='ocrx_word' id='word_1_614' title='bbox 515 3212 654 3244; x_wconf 87' lang='lat' dir='ltr'>decanus</span> <span class='ocrx_word' id='word_1_615' title='bbox 668 3212 877 3245; x_wconf 86' lang='lat' dir='ltr'>Eboracensis</span> <span class='ocrx_word' id='word_1_616' title='bbox 891 3237 898 3251; x_wconf 91' lang='lat'>‚</span> <span class='ocrx_word' id='word_1_617' title='bbox 922 3213 1010 3255; x_wconf 85' lang='lat' dir='ltr'>cujus</span> <span class='ocrx_word' id='word_1_618' title='bbox 1031 3219 1228 3244; x_wconf 84' lang='lat' dir='ltr'>sacramento</span> <span class='ocrx_word' id='word_1_619' title='bbox 1242 3224 1274 3244; x_wconf 88' lang='lat' dir='ltr'>se</span> <span class='ocrx_word' id='word_1_620' title='bbox 1291 3222 1427 3255; x_wconf 82' lang='lat' dir='ltr'>purgare</span> <span class='ocrx_word' id='word_1_621' title='bbox 1443 3211 1586 3242; x_wconf 74' lang='lat' dir='ltr'>voluerat</span> <span class='ocrx_word' id='word_1_622' title='bbox 1606 3212 1785 3243; x_wconf 52' lang='lat' dir='ltr'>XVillelmus</span> <span class='ocrx_word' id='word_1_623' title='bbox 1806 3213 1964 3247; x_wconf 64' lang='lat' dir='ltr'>intrusus,</span> <span class='ocrx_word' id='word_1_624' title='bbox 1989 3222 2081 3254; x_wconf 78' lang='lat' dir='ltr'>snpra</span> <span class='ocrx_word' id='word_1_625' title='bbox 2101 3211 2131 3241; x_wconf 85' lang='lat' dir='ltr'>in</span> <span class='ocrx_word' id='word_1_626' title='bbox 2149 3209 2211 3252; x_wconf 84' lang='lat' dir='ltr'>epi-</span> 
     </span>
    </p>
   </div>
   <div class='ocr_carea' id='block_1_22' title="bbox 101 3259 998 3310">
    <p class='ocr_par' dir='ltr' id='par_1_24' title="bbox 101 3259 998 3310">
     <span class='ocr_line' id='line_1_93' title="bbox 101 3259 998 3310; baseline 0.003 -15"><span class='ocrx_word' id='word_1_627' title='bbox 101 3264 186 3296; x_wconf 77' lang='lat' dir='ltr'>stolis</span> <span class='ocrx_word' id='word_1_628' title='bbox 200 3267 266 3298; x_wconf 82' lang='lat'>235</span> <span class='ocrx_word' id='word_1_629' title='bbox 279 3291 287 3305; x_wconf 94' lang='lat'>,</span> <span class='ocrx_word' id='word_1_630' title='bbox 309 3270 388 3299; x_wconf 82' lang='lat'>236.</span> <span class='ocrx_word' id='word_1_631' title='bbox 411 3285 458 3290; x_wconf 84' lang='lat'>—-</span> <span class='ocrx_word' id='word_1_632' title='bbox 475 3259 491 3283; x_wconf 70' lang='lat' dir='ltr'>b</span> <span class='ocrx_word' id='word_1_633' title='bbox 509 3267 631 3310; x_wconf 88' lang='lat' dir='ltr'>Scripta</span> <span class='ocrx_word' id='word_1_634' title='bbox 649 3277 733 3298; x_wconf 88' lang='lat' dir='ltr'>anno</span> <span class='ocrx_word' id='word_1_635' title='bbox 753 3266 871 3300; x_wconf 84' lang='lat' dir='ltr'>Christi</span> <span class='ocrx_word' id='word_1_636' title='bbox 895 3269 998 3300; x_wconf 73' lang='lat'>1147.</span> 
     </span>
    </p>
   </div>
   <div class='ocr_carea' id='block_1_23' title="bbox 108 3431 159 3454">
    <p class='ocr_par' dir='ltr' id='par_1_25' title="bbox 108 3431 159 3454">
     <span class='ocr_line' id='line_1_94' title="bbox 108 3431 159 3454; baseline 0 -8"><span class='ocrx_word' id='word_1_637' title='bbox 108 3431 159 3454; x_wconf 52' lang='lat' dir='ltr'>“s</span> 
     </span>
    </p>
   </div>
   <div class='ocr_carea' id='block_1_24' title="bbox 127 3318 2006 3364">
    <p class='ocr_par' dir='ltr' id='par_1_26' title="bbox 127 3318 2006 3364">
     <span class='ocr_line' id='line_1_95' title="bbox 127 3318 2006 3364; baseline -0.002 -12"><span class='ocrx_word' id='word_1_638' title='bbox 127 3343 131 3349; x_wconf 86' lang='lat'><em>.</em></span> <span class='ocrx_word' id='word_1_639' title='bbox 146 3324 162 3341; x_wconf 72' lang='lat'>⁸</span> <span class='ocrx_word' id='word_1_640' title='bbox 179 3321 228 3352; x_wconf 88' lang='lat' dir='ltr'>De</span> <span class='ocrx_word' id='word_1_641' title='bbox 243 3321 382 3354; x_wconf 85' lang='lat' dir='ltr'>Henrico</span> <span class='ocrx_word' id='word_1_642' title='bbox 395 3345 404 3361; x_wconf 83' lang='lat'>,</span> <span class='ocrx_word' id='word_1_643' title='bbox 422 3321 690 3364; x_wconf 85' lang='lat' dir='ltr'>Henricianisque</span> <span class='ocrx_word' id='word_1_644' title='bbox 711 3321 867 3354; x_wconf 83' lang='lat' dir='ltr'>haereticis</span> <span class='ocrx_word' id='word_1_645' title='bbox 884 3320 951 3353; x_wconf 85' lang='lat' dir='ltr'>fuse</span> <span class='ocrx_word' id='word_1_646' title='bbox 968 3322 1087 3364; x_wconf 75' lang='lat' dir='ltr'>egimus</span> <span class='ocrx_word' id='word_1_647' title='bbox 1105 3321 1136 3353; x_wconf 90' lang='lat' dir='ltr'>in</span> <span class='ocrx_word' id='word_1_648' title='bbox 1158 3321 1347 3354; x_wconf 77' lang='lat' dir='ltr'>Praefatione</span> <span class='ocrx_word' id='word_1_649' title='bbox 1363 3320 1456 3363; x_wconf 75' lang='lat' dir='ltr'>hujus</span> <span class='ocrx_word' id='word_1_650' title='bbox 1475 3318 1569 3355; x_wconf 76' lang='lat' dir='ltr'>lonii,</span> <span class='ocrx_word' id='word_1_651' title='bbox 1591 3319 1609 3362; x_wconf 61' lang='grc' dir='ltr'><strong>ς</strong></span> <span class='ocrx_word' id='word_1_652' title='bbox 1629 3324 1660 3350; x_wconf 78' lang='lat' dir='ltr'>G.</span> <span class='ocrx_word' id='word_1_653' title='bbox 1683 3339 1720 3343; x_wconf 97' lang='lat'>—</span> <span class='ocrx_word' id='word_1_654' title='bbox 1745 3320 1759 3341; x_wconf 79' lang='lat'>⁴¹</span> <span class='ocrx_word' id='word_1_655' title='bbox 1778 3320 1886 3359; x_wconf 82' lang='lat' dir='ltr'>Alias,</span> <span class='ocrx_word' id='word_1_656' title='bbox 1904 3330 2006 3350; x_wconf 64' lang='lat' dir='ltr'>saci-a.</span> 
     </span>
    </p>
   </div>
  </div>
 </body>
</html>
