<?xml version="1.0" encoding="UTF-8"?>
<!DOCTYPE html PUBLIC "-//W3C//DTD XHTML 1.0 Transitional//EN"
    "http://www.w3.org/TR/xhtml1/DTD/xhtml1-transitional.dtd">
<html xmlns="http://www.w3.org/1999/xhtml" xml:lang="en" lang="en">
 <head>
  <title>
</title>
<meta http-equiv="Content-Type" content="text/html;charset=utf-8" />
  <meta name='ocr-system' content='tesseract 3.04.00' />
  <meta name='ocr-capabilities' content='ocr_page ocr_carea ocr_par ocr_line ocrx_word'/>
</head>
<body>
  <div class='ocr_page' id='page_1' title='image "./operaomniapostho01bernuoft/operaomniapostho01bernuoft_0158.png"; bbox 0 0 2533 3920; ppageno 0'>
   <div class='ocr_carea' id='block_1_1' title="bbox 366 176 435 220">
    <p class='ocr_par' dir='ltr' id='par_1_1' title="bbox 366 176 435 220">
     <span class='ocr_line' id='line_1_1' title="bbox 366 176 435 220; baseline 0 -8"><span class='ocrx_word' id='word_1_1' title='bbox 366 176 413 220; x_wconf 72' lang='lat'>29</span> <span class='ocrx_word' id='word_1_2' title='bbox 425 177 435 212; x_wconf 85' lang='grc'>1</span> 
     </span>
    </p>
   </div>
   <div class='ocr_carea' id='block_1_2' title="bbox 1127 177 1682 213">
    <p class='ocr_par' dir='ltr' id='par_1_2' title="bbox 1127 177 1682 213">
     <span class='ocr_line' id='line_1_2' title="bbox 1127 177 1682 213; baseline 0.002 -1"><span class='ocrx_word' id='word_1_3' title='bbox 1127 178 1162 212; x_wconf 89' lang='lat' dir='ltr'>S.</span> <span class='ocrx_word' id='word_1_4' title='bbox 1194 177 1447 212; x_wconf 82' lang='lat' dir='ltr'>BERNARDI</span> <span class='ocrx_word' id='word_1_5' title='bbox 1479 178 1682 213; x_wconf 84' lang='lat' dir='ltr'>ABBATIS</span> 
     </span>
    </p>
   </div>
   <div class='ocr_carea' id='block_1_3' title="bbox 2368 176 2442 213">
    <p class='ocr_par' dir='ltr' id='par_1_3' title="bbox 2368 176 2442 213">
     <span class='ocr_line' id='line_1_3' title="bbox 2368 176 2442 213; baseline 0 -1"><span class='ocrx_word' id='word_1_6' title='bbox 2368 176 2442 213; x_wconf 77' lang='lat'>292</span> 
     </span>
    </p>
   </div>
   <div class='ocr_carea' id='block_1_4' title="bbox 366 252 2446 366">
    <p class='ocr_par' dir='ltr' id='par_1_4' title="bbox 366 252 2446 366">
     <span class='ocr_line' id='line_1_4' title="bbox 366 252 2444 305; baseline 0 -15"><span class='ocrx_word' id='word_1_7' title='bbox 366 254 510 304; x_wconf 83' lang='lat' dir='ltr'>quippe</span> <span class='ocrx_word' id='word_1_8' title='bbox 538 254 672 305; x_wconf 83' lang='lat' dir='ltr'>spiritu</span> <span class='ocrx_word' id='word_1_9' title='bbox 693 255 757 304; x_wconf 90' lang='lat' dir='ltr'>qui</span> <span class='ocrx_word' id='word_1_10' title='bbox 777 262 941 304; x_wconf 82' lang='lat' dir='ltr'>aguntur</span> <span class='ocrx_word' id='word_1_11' title='bbox 958 283 968 299; x_wconf 90' lang='lat'>,</span> <span class='ocrx_word' id='word_1_12' title='bbox 993 254 1030 290; x_wconf 86' lang='lat' dir='ltr'>hi</span> <span class='ocrx_word' id='word_1_13' title='bbox 1061 253 1127 290; x_wconf 86' lang='lat' dir='ltr'>filii</span> <span class='ocrx_word' id='word_1_14' title='bbox 1153 262 1265 301; x_wconf 84' lang='lat' dir='ltr'>sunt,</span> <span class='ocrx_word' id='word_1_15' title='bbox 1297 252 1562 292; x_wconf 75' lang='lat' dir='ltr'>nec¹¹²videat</span> <span class='ocrx_word' id='word_1_16' title='bbox 1595 255 1828 291; x_wconf 86' lang='lat' dir='ltr'>illuminatus</span> <span class='ocrx_word' id='word_1_17' title='bbox 1856 252 1961 302; x_wconf 84' lang='lat' dir='ltr'>quod</span> <span class='ocrx_word' id='word_1_18' title='bbox 1995 252 2135 302; x_wconf 80' lang='lat' dir='ltr'>diligat.</span> <span class='ocrx_word' id='word_1_19' title='bbox 2170 252 2360 301; x_wconf 80' lang='lat' dir='ltr'><strong>Quidnam</strong></span> <span class='ocrx_word' id='word_1_20' title='bbox 2389 263 2444 291; x_wconf 88' lang='lat' dir='ltr'>est</span> 
     </span>
     <span class='ocr_line' id='line_1_5' title="bbox 370 314 2446 366; baseline 0 -15"><span class='ocrx_word' id='word_1_21' title='bbox 370 323 531 364; x_wconf 85' lang='lat' dir='ltr'>paterno</span> <span class='ocrx_word' id='word_1_22' title='bbox 546 328 704 366; x_wconf 87' lang='lat' dir='ltr'>prorsus</span> <span class='ocrx_word' id='word_1_23' title='bbox 717 315 871 352; x_wconf 89' lang='lat' dir='ltr'>arcendi</span> <span class='ocrx_word' id='word_1_24' title='bbox 885 315 1055 352; x_wconf 89' lang='lat' dir='ltr'>consilio.</span> <span class='ocrx_word' id='word_1_25' title='bbox 1069 314 1221 352; x_wconf 80' lang='lat' dir='ltr'>Habent</span> <span class='ocrx_word' id='word_1_26' title='bbox 1237 328 1374 364; x_wconf 83' lang='lat' dir='ltr'><strong>nempe</strong></span> <span class='ocrx_word' id='word_1_27' title='bbox 1394 316 1427 349; x_wconf 83' lang='lat' dir='ltr'><strong>A</strong></span> <span class='ocrx_word' id='word_1_28' title='bbox 1441 315 1561 352; x_wconf 75' lang='lat' dir='ltr'>illud?</span> <span class='ocrx_word' id='word_1_29' title='bbox 1584 316 1843 351; x_wconf 63' lang='lat' dir='ltr'>Misericordia</span> <span class='ocrx_word' id='word_1_30' title='bbox 1861 318 2013 350; x_wconf 80' lang='lat' dir='ltr'><em>Domini</em></span> <span class='ocrx_word' id='word_1_31' title='bbox 2031 314 2078 349; x_wconf 81' lang='lat' dir='ltr'>ab</span> <span class='ocrx_word' id='word_1_32' title='bbox 2097 323 2237 349; x_wconf 78' lang='lat' dir='ltr'>oeeerno</span> <span class='ocrx_word' id='word_1_33' title='bbox 2249 343 2260 359; x_wconf 84' lang='lat'>,</span> <span class='ocrx_word' id='word_1_34' title='bbox 2280 323 2315 349; x_wconf 75' lang='lat' dir='ltr'>ct</span> <span class='ocrx_word' id='word_1_35' title='bbox 2334 328 2446 363; x_wconf 75' lang='lat' dir='ltr'>usqae</span> 
     </span>
    </p>
   </div>
   <div class='ocr_carea' id='block_1_5' title="bbox 372 374 1382 1021">
    <p class='ocr_par' dir='ltr' id='par_1_5' title="bbox 372 374 1375 532">
     <span class='ocr_line' id='line_1_6' title="bbox 372 374 1374 425; baseline -0.001 -14"><span class='ocrx_word' id='word_1_36' title='bbox 372 376 412 410; x_wconf 91' lang='lat' dir='ltr'>in</span> <span class='ocrx_word' id='word_1_37' title='bbox 441 388 479 411; x_wconf 85' lang='lat' dir='ltr'>se</span> <span class='ocrx_word' id='word_1_38' title='bbox 500 384 715 411; x_wconf 88' lang='lat' dir='ltr'>manentem</span> <span class='ocrx_word' id='word_1_39' title='bbox 736 375 930 425; x_wconf 87' lang='lat' dir='ltr'>spiritum,</span> <span class='ocrx_word' id='word_1_40' title='bbox 960 375 1026 424; x_wconf 86' lang='lat' dir='ltr'>qui</span> <span class='ocrx_word' id='word_1_41' title='bbox 1048 382 1240 411; x_wconf 80' lang='lat' dir='ltr'>scrutatur</span> <span class='ocrx_word' id='word_1_42' title='bbox 1261 374 1374 410; x_wconf 91' lang='lat' dir='ltr'>etiam</span> 
     </span>
     <span class='ocr_line' id='line_1_7' title="bbox 373 434 1375 485; baseline 0 -15"><span class='ocrx_word' id='word_1_43' title='bbox 373 435 566 485; x_wconf 86' lang='lat' dir='ltr'>profunda</span> <span class='ocrx_word' id='word_1_44' title='bbox 595 435 678 472; x_wconf 83' lang='lat' dir='ltr'>Dei.</span> <span class='ocrx_word' id='word_1_45' title='bbox 708 435 883 484; x_wconf 89' lang='lat' dir='ltr'>Denique</span> <span class='ocrx_word' id='word_1_46' title='bbox 917 434 1009 484; x_wconf 90' lang='lat' dir='ltr'>quid</span> <span class='ocrx_word' id='word_1_47' title='bbox 1044 434 1220 483; x_wconf 83' lang='lat' dir='ltr'>ignorent</span> <span class='ocrx_word' id='word_1_48' title='bbox 1235 464 1244 481; x_wconf 94' lang='lat'>,</span> <span class='ocrx_word' id='word_1_49' title='bbox 1278 447 1375 483; x_wconf 89' lang='lat' dir='ltr'>quos</span> 
     </span>
     <span class='ocr_line' id='line_1_8' title="bbox 375 494 928 532; baseline 0 -2"><span class='ocrx_word' id='word_1_50' title='bbox 375 495 505 532; x_wconf 88' lang='lat' dir='ltr'>unctio</span> <span class='ocrx_word' id='word_1_51' title='bbox 526 495 637 532; x_wconf 88' lang='lat' dir='ltr'>docet</span> <span class='ocrx_word' id='word_1_52' title='bbox 658 495 704 532; x_wconf 87' lang='lat' dir='ltr'>de</span> <span class='ocrx_word' id='word_1_53' title='bbox 725 494 928 531; x_wconf 74' lang='lat' dir='ltr'>omnibus?</span> 
     </span>
    </p>

    <p class='ocr_par' dir='ltr' id='par_1_6' title="bbox 376 554 1382 1021">
     <span class='ocr_line' id='line_1_9' title="bbox 433 554 1379 604; baseline -0.001 -13"><span class='ocrx_word' id='word_1_54' title='bbox 433 555 469 591; x_wconf 82' lang='lat'>4.</span> <span class='ocrx_word' id='word_1_55' title='bbox 487 559 551 592; x_wconf 76' lang='lat' dir='ltr'>Vae</span> <span class='ocrx_word' id='word_1_56' title='bbox 565 555 686 602; x_wconf 79' lang='lat' dir='ltr'>vobis,</span> <span class='ocrx_word' id='word_1_57' title='bbox 702 555 768 591; x_wconf 84' lang='lat' dir='ltr'>filii</span> <span class='ocrx_word' id='word_1_58' title='bbox 783 555 895 604; x_wconf 77' lang='lat' dir='ltr'>liujus</span> <span class='ocrx_word' id='word_1_59' title='bbox 912 555 1051 601; x_wconf 82' lang='lat' dir='ltr'>saeculi,</span> <span class='ocrx_word' id='word_1_60' title='bbox 1068 568 1088 591; x_wconf 87' lang='lat' dir='ltr'>a</span> <span class='ocrx_word' id='word_1_61' title='bbox 1105 563 1230 591; x_wconf 82' lang='lat' dir='ltr'>vestra</span> <span class='ocrx_word' id='word_1_62' title='bbox 1249 554 1379 603; x_wconf 87' lang='lat' dir='ltr'>insipi-</span> 
     </span>
     <span class='ocr_line' id='line_1_10' title="bbox 376 614 1378 664; baseline -0.001 -14"><span class='ocrx_word' id='word_1_63' title='bbox 376 622 463 650; x_wconf 86' lang='lat' dir='ltr'>ente</span> <span class='ocrx_word' id='word_1_64' title='bbox 484 614 707 664; x_wconf 87' lang='lat' dir='ltr'>prudentia,</span> <span class='ocrx_word' id='word_1_65' title='bbox 728 615 944 664; x_wconf 79' lang='lat' dir='ltr'>ignorantes</span> <span class='ocrx_word' id='word_1_66' title='bbox 965 614 1139 664; x_wconf 85' lang='lat' dir='ltr'>spiritum</span> <span class='ocrx_word' id='word_1_67' title='bbox 1157 615 1378 659; x_wconf 89' lang='lat' dir='ltr'>salutarem,</span> 
     </span>
     <span class='ocr_line' id='line_1_11' title="bbox 378 673 1380 725; baseline -0.001 -15"><span class='ocrx_word' id='word_1_68' title='bbox 378 687 448 710; x_wconf 90' lang='lat' dir='ltr'>nec</span> <span class='ocrx_word' id='word_1_69' title='bbox 463 675 733 725; x_wconf 77' lang='lat' dir='ltr'>participantes</span> <span class='ocrx_word' id='word_1_70' title='bbox 749 675 907 711; x_wconf 88' lang='lat' dir='ltr'>consilio</span> <span class='ocrx_word' id='word_1_71' title='bbox 919 704 927 720; x_wconf 92' lang='lat'>,</span> <span class='ocrx_word' id='word_1_72' title='bbox 946 673 1050 724; x_wconf 91' lang='lat' dir='ltr'>quod</span> <span class='ocrx_word' id='word_1_73' title='bbox 1066 675 1169 710; x_wconf 89' lang='lat' dir='ltr'>solus</span> <span class='ocrx_word' id='word_1_74' title='bbox 1186 674 1254 710; x_wconf 90' lang='lat' dir='ltr'>soli</span> <span class='ocrx_word' id='word_1_75' title='bbox 1270 677 1380 710; x_wconf 86' lang='lat' dir='ltr'>Pater</span> 
     </span>
     <span class='ocr_line' id='line_1_12' title="bbox 379 733 1378 783; baseline -0.001 -14"><span class='ocrx_word' id='word_1_76' title='bbox 379 742 525 769; x_wconf 86' lang='lat' dir='ltr'>eructat</span> <span class='ocrx_word' id='word_1_77' title='bbox 545 734 659 779; x_wconf 90' lang='lat' dir='ltr'>Filio,</span> <span class='ocrx_word' id='word_1_78' title='bbox 684 742 845 783; x_wconf 85' lang='lat' dir='ltr'>excepto</span> <span class='ocrx_word' id='word_1_79' title='bbox 866 734 926 769; x_wconf 84' lang='lat' dir='ltr'>cui</span> <span class='ocrx_word' id='word_1_80' title='bbox 946 733 1112 769; x_wconf 82' lang='lat' dir='ltr'>voluerit</span> <span class='ocrx_word' id='word_1_81' title='bbox 1131 733 1246 770; x_wconf 88' lang='lat' dir='ltr'>Filius</span> <span class='ocrx_word' id='word_1_82' title='bbox 1267 745 1378 768; x_wconf 85' lang='lat' dir='ltr'>reve-</span> 
     </span>
     <span class='ocr_line' id='line_1_13' title="bbox 378 792 1382 842; baseline -0.001 -14"><span class='ocrx_word' id='word_1_83' title='bbox 378 792 466 829; x_wconf 89' lang='lat' dir='ltr'>lare.</span> <span class='ocrx_word' id='word_1_84' title='bbox 489 793 580 841; x_wconf 89' lang='lat' dir='ltr'>Quis</span> <span class='ocrx_word' id='word_1_85' title='bbox 608 793 788 842; x_wconf 75' lang='lat' dir='ltr'>cognovit</span> <span class='ocrx_word' id='word_1_86' title='bbox 816 806 967 829; x_wconf 87' lang='lat' dir='ltr'>sensum</span> <span class='ocrx_word' id='word_1_87' title='bbox 989 793 1172 829; x_wconf 75' lang='lat' dir='ltr'>Domini?</span> <span class='ocrx_word' id='word_1_88' title='bbox 1204 800 1268 828; x_wconf 89' lang='lat' dir='ltr'>aut</span> <span class='ocrx_word' id='word_1_89' title='bbox 1297 792 1382 841; x_wconf 89' lang='lat' dir='ltr'>quis</span> 
     </span>
     <span class='ocr_line' id='line_1_14' title="bbox 376 850 1381 901; baseline -0.002 -13"><span class='ocrx_word' id='word_1_90' title='bbox 376 853 612 889; x_wconf 78' lang='lat' dir='ltr'>consiliarius</span> <span class='ocrx_word' id='word_1_91' title='bbox 629 852 709 901; x_wconf 86' lang='lat' dir='ltr'>ejus</span> <span class='ocrx_word' id='word_1_92' title='bbox 725 853 794 889; x_wconf 90' lang='lat' dir='ltr'>fuit</span> <span class='ocrx_word' id='word_1_93' title='bbox 809 854 843 888; x_wconf 81' lang='lat'>¹?</span> <span class='ocrx_word' id='word_1_94' title='bbox 858 856 941 889; x_wconf 69' lang='lat' dir='ltr'>Non</span> <span class='ocrx_word' id='word_1_95' title='bbox 959 851 1135 901; x_wconf 82' lang='lat' dir='ltr'>equidem</span> <span class='ocrx_word' id='word_1_96' title='bbox 1152 852 1298 897; x_wconf 87' lang='lat' dir='ltr'>nullus,</span> <span class='ocrx_word' id='word_1_97' title='bbox 1316 850 1381 887; x_wconf 88' lang='lat' dir='ltr'>sed</span> 
     </span>
     <span class='ocr_line' id='line_1_15' title="bbox 377 911 1379 961; baseline -0.001 -13"><span class='ocrx_word' id='word_1_98' title='bbox 377 925 485 948; x_wconf 85' lang='lat' dir='ltr'>rarus</span> <span class='ocrx_word' id='word_1_99' title='bbox 515 927 523 949; x_wconf 92' lang='lat'>:</span> <span class='ocrx_word' id='word_1_100' title='bbox 552 914 621 949; x_wconf 87' lang='lat' dir='ltr'>soli</span> <span class='ocrx_word' id='word_1_101' title='bbox 651 926 739 949; x_wconf 89' lang='lat' dir='ltr'>sane</span> <span class='ocrx_word' id='word_1_102' title='bbox 759 913 824 961; x_wconf 87' lang='lat' dir='ltr'>qui</span> <span class='ocrx_word' id='word_1_103' title='bbox 844 912 1028 948; x_wconf 81' lang='lat' dir='ltr'>veraciter</span> <span class='ocrx_word' id='word_1_104' title='bbox 1049 911 1173 948; x_wconf 79' lang='lat' dir='ltr'>dicere</span> <span class='ocrx_word' id='word_1_105' title='bbox 1194 919 1379 961; x_wconf 86' lang='lat' dir='ltr'>possunt,</span> 
     </span>
     <span class='ocr_line' id='line_1_16' title="bbox 382 974 1382 1021; baseline -0.004 -13"><span class='ocrx_word' id='word_1_106' title='bbox 382 975 603 1021; x_wconf 72' lang='lat' dir='ltr'>Unigenitas</span> <span class='ocrx_word' id='word_1_107' title='bbox 617 977 682 1020; x_wconf 74' lang='lat' dir='ltr'>qui</span> <span class='ocrx_word' id='word_1_108' title='bbox 699 981 752 1008; x_wconf 77' lang='lat' dir='ltr'>est</span> <span class='ocrx_word' id='word_1_109' title='bbox 769 977 808 1007; x_wconf 79' lang='lat' dir='ltr'>in</span> <span class='ocrx_word' id='word_1_110' title='bbox 825 976 910 1007; x_wconf 77' lang='lat' dir='ltr'>sinu</span> <span class='ocrx_word' id='word_1_111' title='bbox 927 974 1073 1016; x_wconf 79' lang='lat' dir='ltr'>Patris,</span> <span class='ocrx_word' id='word_1_112' title='bbox 1093 976 1172 1018; x_wconf 76' lang='lat' dir='ltr'>ipse</span> <span class='ocrx_word' id='word_1_113' title='bbox 1193 975 1382 1005; x_wconf 76' lang='lat' dir='ltr'>enarravit</span> 
     </span>
    </p>
   </div>
   <div class='ocr_carea' id='block_1_6' title="bbox 2162 372 2446 411">
    <p class='ocr_par' dir='ltr' id='par_1_7' title="bbox 2162 372 2446 411">
     <span class='ocr_line' id='line_1_17' title="bbox 2162 372 2446 411; baseline 0.004 -3"><span class='ocrx_word' id='word_1_114' title='bbox 2162 372 2188 408; x_wconf 73' lang='lat'>8.</span> <span class='ocrx_word' id='word_1_115' title='bbox 2220 373 2277 411; x_wconf 77' lang='lat' dir='ltr'>Ab</span> <span class='ocrx_word' id='word_1_116' title='bbox 2307 383 2446 410; x_wconf 62' lang='grc' dir='ltr'><em>(εἶσι-[ιο</em></span> 
     </span>
    </p>
   </div>
   <div class='ocr_carea' id='block_1_7' title="bbox 1443 379 2454 1023">
    <p class='ocr_par' dir='ltr' id='par_1_8' title="bbox 1443 379 2454 1023">
     <span class='ocr_line' id='line_1_18' title="bbox 1443 379 2145 423; baseline -0.003 -13"><span class='ocrx_word' id='word_1_117' title='bbox 1443 380 1480 410; x_wconf 77' lang='lat' dir='ltr'>in</span> <span class='ocrx_word' id='word_1_118' title='bbox 1499 385 1700 420; x_wconf 67' lang='lat' dir='ltr'>(eternum,</span> <span class='ocrx_word' id='word_1_119' title='bbox 1733 389 1844 423; x_wconf 77' lang='lat' dir='ltr'>super</span> <span class='ocrx_word' id='word_1_120' title='bbox 1874 379 2046 409; x_wconf 60' lang='lat' dir='ltr'>effluentes</span> <span class='ocrx_word' id='word_1_121' title='bbox 2065 388 2145 409; x_wconf 81' lang='lat' dir='ltr'>eum</span> 
     </span>
     <span class='ocr_line' id='line_1_19' title="bbox 1444 434 2448 485; baseline 0 -15"><span class='ocrx_word' id='word_1_122' title='bbox 1444 444 1603 485; x_wconf 88' lang='lat' dir='ltr'>propter</span> <span class='ocrx_word' id='word_1_123' title='bbox 1620 434 1992 485; x_wconf 68' lang='lat' dir='ltr'>praedestinationem</span> <span class='ocrx_word' id='word_1_124' title='bbox 2005 462 2014 478; x_wconf 92' lang='lat'>,</span> <span class='ocrx_word' id='word_1_125' title='bbox 2033 435 2071 469; x_wconf 86' lang='lat' dir='ltr'>in</span> <span class='ocrx_word' id='word_1_126' title='bbox 2089 443 2270 469; x_wconf 73' lang='lat' dir='ltr'>oetermcm</span> <span class='ocrx_word' id='word_1_127' title='bbox 2288 442 2448 483; x_wconf 86' lang='lat' dir='ltr'>propter</span> 
     </span>
     <span class='ocr_line' id='line_1_20' title="bbox 1445 493 2448 542; baseline -0.001 -11"><span class='ocrx_word' id='word_1_128' title='bbox 1445 494 1775 531; x_wconf 84' lang='lat' dir='ltr'>beatificationem.</span> <span class='ocrx_word' id='word_1_129' title='bbox 1798 494 1926 531; x_wconf 76' lang='lat' dir='ltr'>Altera</span> <span class='ocrx_word' id='word_1_130' title='bbox 1947 506 2079 529; x_wconf 87' lang='lat' dir='ltr'>carens</span> <span class='ocrx_word' id='word_1_131' title='bbox 2097 493 2309 542; x_wconf 81' lang='lat' dir='ltr'>principio,</span> <span class='ocrx_word' id='word_1_132' title='bbox 2332 493 2448 530; x_wconf 87' lang='lat' dir='ltr'>altera</span> 
     </span>
     <span class='ocr_line' id='line_1_21' title="bbox 1446 549 2449 603; baseline -0.002 -12"><span class='ocrx_word' id='word_1_133' title='bbox 1446 555 1616 591; x_wconf 89' lang='lat' dir='ltr'>nesciens</span> <span class='ocrx_word' id='word_1_134' title='bbox 1639 555 1762 590; x_wconf 79' lang='lat' dir='ltr'>linem.</span> <span class='ocrx_word' id='word_1_135' title='bbox 1785 553 1978 603; x_wconf 86' lang='lat' dir='ltr'>Siquidem</span> <span class='ocrx_word' id='word_1_136' title='bbox 1999 565 2095 602; x_wconf 88' lang='lat' dir='ltr'>quos</span> <span class='ocrx_word' id='word_1_137' title='bbox 2112 551 2159 588; x_wconf 85' lang='lat' dir='ltr'>ab</span> <span class='ocrx_word' id='word_1_138' title='bbox 2179 560 2324 588; x_wconf 87' lang='lat' dir='ltr'>aeterno</span> <span class='ocrx_word' id='word_1_139' title='bbox 2351 549 2449 601; x_wconf 82' lang='lat' dir='ltr'>prae-</span> 
     </span>
     <span class='ocr_line' id='line_1_22' title="bbox 1447 611 2450 661; baseline -0.003 -10"><span class='ocrx_word' id='word_1_140' title='bbox 1447 615 1631 661; x_wconf 86' lang='lat' dir='ltr'>destinat,</span> <span class='ocrx_word' id='word_1_141' title='bbox 1663 614 1701 650; x_wconf 89' lang='lat' dir='ltr'>in</span> <span class='ocrx_word' id='word_1_142' title='bbox 1734 622 1918 650; x_wconf 80' lang='lat' dir='ltr'>aeternum</span> <span class='ocrx_word' id='word_1_143' title='bbox 1950 611 2159 656; x_wconf 85' lang='lat' dir='ltr'>beatificat,</span> <span class='ocrx_word' id='word_1_144' title='bbox 2191 611 2450 649; x_wconf 86' lang='lat' dir='ltr'>intercedente</span> 
     </span>
     <span class='ocr_line' id='line_1_23' title="bbox 1446 670 2450 720; baseline -0.004 -9"><span class='ocrx_word' id='word_1_145' title='bbox 1446 688 1535 711; x_wconf 85' lang='lat' dir='ltr'>sane</span> <span class='ocrx_word' id='word_1_146' title='bbox 1560 675 1684 711; x_wconf 91' lang='lat' dir='ltr'>media</span> <span class='ocrx_word' id='word_1_147' title='bbox 1707 675 1907 711; x_wconf 68' lang='lat' dir='ltr'>vocatione</span> <span class='ocrx_word' id='word_1_148' title='bbox 1934 686 2010 709; x_wconf 90' lang='lat' dir='ltr'>una</span> <span class='ocrx_word' id='word_1_149' title='bbox 2040 685 2127 708; x_wconf 90' lang='lat' dir='ltr'>cum</span> <span class='ocrx_word' id='word_1_150' title='bbox 2154 670 2450 720; x_wconf 83' lang='lat' dir='ltr'>justificatione,</span> 
     </span>
     <span class='ocr_line' id='line_1_24' title="bbox 1449 730 2451 780; baseline -0.004 -9"><span class='ocrx_word' id='word_1_151' title='bbox 1449 734 1634 771; x_wconf 74' lang='lat' dir='ltr'>duntaxat</span> <span class='ocrx_word' id='word_1_152' title='bbox 1661 736 1699 770; x_wconf 86' lang='lat' dir='ltr'>in</span> <span class='ocrx_word' id='word_1_153' title='bbox 1717 734 1868 770; x_wconf 86' lang='lat' dir='ltr'>adultis.</span> <span class='ocrx_word' id='word_1_154' title='bbox 1888 733 1948 770; x_wconf 83' lang='lat' dir='ltr'>Sic</span> <span class='ocrx_word' id='word_1_155' title='bbox 1967 733 2014 769; x_wconf 89' lang='lat' dir='ltr'>ad</span> <span class='ocrx_word' id='word_1_156' title='bbox 2037 740 2164 768; x_wconf 86' lang='lat' dir='ltr'>ortum</span> <span class='ocrx_word' id='word_1_157' title='bbox 2185 731 2282 768; x_wconf 89' lang='lat' dir='ltr'>Solis</span> <span class='ocrx_word' id='word_1_158' title='bbox 2297 730 2451 780; x_wconf 88' lang='lat' dir='ltr'>justitiae</span> 
     </span>
     <span class='ocr_line' id='line_1_25' title="bbox 1449 790 2452 840; baseline -0.005 -9"><span class='ocrx_word' id='word_1_159' title='bbox 1449 803 1725 832; x_wconf 88' lang='lat' dir='ltr'>sacramentum</span> <span class='ocrx_word' id='word_1_160' title='bbox 1751 793 2016 830; x_wconf 89' lang='lat' dir='ltr'>absconditum</span> <span class='ocrx_word' id='word_1_161' title='bbox 2036 806 2057 829; x_wconf 89' lang='lat' dir='ltr'>a</span> <span class='ocrx_word' id='word_1_162' title='bbox 2077 791 2221 828; x_wconf 81' lang='lat' dir='ltr'>saeculis</span> <span class='ocrx_word' id='word_1_163' title='bbox 2239 790 2286 827; x_wconf 90' lang='lat' dir='ltr'>de</span> <span class='ocrx_word' id='word_1_164' title='bbox 2303 790 2452 840; x_wconf 85' lang='lat' dir='ltr'>praede-</span> 
     </span>
     <span class='ocr_line' id='line_1_26' title="bbox 1448 850 2454 902; baseline -0.006 -10"><span class='ocrx_word' id='word_1_165' title='bbox 1448 856 1594 892; x_wconf 88' lang='lat' dir='ltr'>stinatis</span> <span class='ocrx_word' id='word_1_166' title='bbox 1610 864 1647 892; x_wconf 91' lang='lat' dir='ltr'>et</span> <span class='ocrx_word' id='word_1_167' title='bbox 1662 853 1941 899; x_wconf 79' lang='lat' dir='ltr'>beatificandis,</span> <span class='ocrx_word' id='word_1_168' title='bbox 1959 866 2152 902; x_wconf 81' lang='lat' dir='ltr'>emergere</span> <span class='ocrx_word' id='word_1_169' title='bbox 2167 850 2454 900; x_wconf 88' lang='lat' dir='ltr'>quodammodo</span> 
     </span>
     <span class='ocr_line' id='line_1_27' title="bbox 1447 912 2452 964; baseline -0.004 -13"><span class='ocrx_word' id='word_1_170' title='bbox 1447 915 1580 964; x_wconf 86' lang='lat' dir='ltr'>incipit</span> <span class='ocrx_word' id='word_1_171' title='bbox 1595 929 1641 951; x_wconf 88' lang='lat' dir='ltr'>ex</span> <span class='ocrx_word' id='word_1_172' title='bbox 1668 915 1805 964; x_wconf 81' lang='lat' dir='ltr'>abysso</span> <span class='ocrx_word' id='word_1_173' title='bbox 1822 914 2064 958; x_wconf 65' lang='lat' dir='ltr'>aeternitatis,</span> <span class='ocrx_word' id='word_1_174' title='bbox 2091 913 2181 949; x_wconf 91' lang='lat' dir='ltr'>dum</span> <span class='ocrx_word' id='word_1_175' title='bbox 2201 912 2363 961; x_wconf 88' lang='lat' dir='ltr'>quisque</span> <span class='ocrx_word' id='word_1_176' title='bbox 2382 925 2452 948; x_wconf 71' lang='lat' dir='ltr'>vo-</span> 
     </span>
     <span class='ocr_line' id='line_1_28' title="bbox 1448 973 2452 1023; baseline -0.002 -13"><span class='ocrx_word' id='word_1_177' title='bbox 1448 983 1552 1010; x_wconf 89' lang='lat' dir='ltr'>catus</span> <span class='ocrx_word' id='word_1_178' title='bbox 1579 988 1649 1023; x_wconf 86' lang='lat' dir='ltr'>per</span> <span class='ocrx_word' id='word_1_179' title='bbox 1677 976 1873 1020; x_wconf 89' lang='lat' dir='ltr'>timorem,</span> <span class='ocrx_word' id='word_1_180' title='bbox 1898 973 2129 1022; x_wconf 80' lang='lat' dir='ltr'>justificatus</span> <span class='ocrx_word' id='word_1_181' title='bbox 2158 986 2227 1022; x_wconf 88' lang='lat' dir='ltr'>per</span> <span class='ocrx_word' id='word_1_182' title='bbox 2255 985 2424 1008; x_wconf 88' lang='lat' dir='ltr'>amorem</span> <span class='ocrx_word' id='word_1_183' title='bbox 2442 1001 2452 1018; x_wconf 90' lang='lat'>‚</span> 
     </span>
    </p>
   </div>
   <div class='ocr_carea' id='block_1_8' title="bbox 376 1029 2454 1084">
    <p class='ocr_par' dir='ltr' id='par_1_9' title="bbox 376 1029 2454 1084">
     <span class='ocr_line' id='line_1_29' title="bbox 376 1029 2454 1084; baseline -0.001 -17"><span class='ocrx_word' id='word_1_184' title='bbox 376 1032 481 1067; x_wconf 74' lang='lat' dir='ltr'>nohis</span> <span class='ocrx_word' id='word_1_185' title='bbox 495 1039 520 1069; x_wconf 88' lang='lat'>².</span> <span class='ocrx_word' id='word_1_186' title='bbox 539 1036 604 1069; x_wconf 85' lang='lat' dir='ltr'>Vae</span> <span class='ocrx_word' id='word_1_187' title='bbox 622 1031 767 1069; x_wconf 84' lang='lat' dir='ltr'>mundo</span> <span class='ocrx_word' id='word_1_188' title='bbox 782 1044 803 1067; x_wconf 83' lang='lat' dir='ltr'>a</span> <span class='ocrx_word' id='word_1_189' title='bbox 822 1031 994 1080; x_wconf 80' lang='lat' dir='ltr'>strepitu.</span> <span class='ocrx_word' id='word_1_190' title='bbox 1014 1031 1158 1067; x_wconf 81' lang='lat' dir='ltr'>Clamat</span> <span class='ocrx_word' id='word_1_191' title='bbox 1174 1030 1212 1065; x_wconf 78' lang='lat' dir='ltr'>in</span> <span class='ocrx_word' id='word_1_192' title='bbox 1226 1029 1380 1078; x_wconf 78' lang='lat' dir='ltr'>populis</span> <span class='ocrx_word' id='word_1_193' title='bbox 1400 1035 1427 1068; x_wconf 90' lang='lat' dir='ltr'>B</span> <span class='ocrx_word' id='word_1_194' title='bbox 1448 1034 1645 1084; x_wconf 70' lang='lat' dir='ltr'>praesumit</span> <span class='ocrx_word' id='word_1_195' title='bbox 1661 1047 1699 1070; x_wconf 78' lang='lat' dir='ltr'>se</span> <span class='ocrx_word' id='word_1_196' title='bbox 1715 1047 1869 1083; x_wconf 80' lang='lat' dir='ltr'>quoque</span> <span class='ocrx_word' id='word_1_197' title='bbox 1887 1047 1967 1070; x_wconf 83' lang='lat' dir='ltr'>esse</span> <span class='ocrx_word' id='word_1_198' title='bbox 1990 1033 2035 1069; x_wconf 81' lang='lat' dir='ltr'>de</span> <span class='ocrx_word' id='word_1_199' title='bbox 2053 1045 2214 1069; x_wconf 79' lang='lat' dir='ltr'>numero</span> <span class='ocrx_word' id='word_1_200' title='bbox 2229 1031 2428 1068; x_wconf 80' lang='lat' dir='ltr'>beatorum</span> <span class='ocrx_word' id='word_1_201' title='bbox 2444 1061 2454 1078; x_wconf 73' lang='lat'>,</span> 
     </span>
    </p>
   </div>
   <div class='ocr_carea' id='block_1_9' title="bbox 374 1089 1383 1800">
    <p class='ocr_par' dir='ltr' id='par_1_10' title="bbox 374 1089 1383 1800">
     <span class='ocr_line' id='line_1_30' title="bbox 375 1089 1382 1139; baseline -0.002 -13"><span class='ocrx_word' id='word_1_202' title='bbox 375 1090 477 1126; x_wconf 88' lang='lat' dir='ltr'>idem</span> <span class='ocrx_word' id='word_1_203' title='bbox 493 1090 719 1139; x_wconf 84' lang='lat' dir='ltr'>Unigenitus</span> <span class='ocrx_word' id='word_1_204' title='bbox 733 1118 742 1135; x_wconf 86' lang='lat'>‚</span> <span class='ocrx_word' id='word_1_205' title='bbox 763 1098 943 1139; x_wconf 79' lang='lat' dir='ltr'>tanquam</span> <span class='ocrx_word' id='word_1_206' title='bbox 961 1090 1086 1138; x_wconf 80' lang='lat' dir='ltr'>magni</span> <span class='ocrx_word' id='word_1_207' title='bbox 1106 1089 1254 1125; x_wconf 86' lang='lat' dir='ltr'>consilii</span> <span class='ocrx_word' id='word_1_208' title='bbox 1271 1101 1382 1138; x_wconf 81' lang='lat' dir='ltr'>ange-</span> 
     </span>
     <span class='ocr_line' id='line_1_31' title="bbox 376 1150 1381 1198; baseline -0.002 -12"><span class='ocrx_word' id='word_1_209' title='bbox 376 1151 433 1187; x_wconf 85' lang='lat' dir='ltr'>lus</span> <span class='ocrx_word' id='word_1_210' title='bbox 451 1165 459 1187; x_wconf 90' lang='lat'><strong>:</strong></span> <span class='ocrx_word' id='word_1_211' title='bbox 485 1152 560 1196; x_wconf 79' lang='lat' dir='ltr'>Qui</span> <span class='ocrx_word' id='word_1_212' title='bbox 577 1150 687 1186; x_wconf 77' lang='lat' dir='ltr'>habet</span> <span class='ocrx_word' id='word_1_213' title='bbox 701 1163 811 1186; x_wconf 78' lang='lat' dir='ltr'>aures</span> <span class='ocrx_word' id='word_1_214' title='bbox 829 1152 1030 1193; x_wconf 77' lang='lat' dir='ltr'>audiendi,</span> <span class='ocrx_word' id='word_1_215' title='bbox 1056 1152 1199 1185; x_wconf 70' lang='lat' dir='ltr'>audiat.</span> <span class='ocrx_word' id='word_1_216' title='bbox 1218 1152 1265 1185; x_wconf 88' lang='lat' dir='ltr'>Et</span> <span class='ocrx_word' id='word_1_217' title='bbox 1280 1162 1381 1198; x_wconf 92' lang='lat' dir='ltr'>quo-</span> 
     </span>
     <span class='ocr_line' id='line_1_32' title="bbox 375 1209 1382 1260; baseline -0.002 -13"><span class='ocrx_word' id='word_1_218' title='bbox 375 1211 476 1248; x_wconf 85' lang='lat' dir='ltr'>niam</span> <span class='ocrx_word' id='word_1_219' title='bbox 498 1210 633 1260; x_wconf 85' lang='lat' dir='ltr'>dignos</span> <span class='ocrx_word' id='word_1_220' title='bbox 654 1224 733 1247; x_wconf 90' lang='lat' dir='ltr'>non</span> <span class='ocrx_word' id='word_1_221' title='bbox 752 1211 900 1247; x_wconf 74' lang='lat' dir='ltr'>invenit</span> <span class='ocrx_word' id='word_1_222' title='bbox 919 1223 1053 1247; x_wconf 85' lang='lat' dir='ltr'>sensus</span> <span class='ocrx_word' id='word_1_223' title='bbox 1068 1239 1078 1256; x_wconf 89' lang='lat'>,</span> <span class='ocrx_word' id='word_1_224' title='bbox 1100 1210 1239 1260; x_wconf 89' lang='lat' dir='ltr'>quibus</span> <span class='ocrx_word' id='word_1_225' title='bbox 1260 1209 1382 1246; x_wconf 87' lang='lat' dir='ltr'>Patris</span> 
     </span>
     <span class='ocr_line' id='line_1_33' title="bbox 375 1269 1383 1320; baseline -0.002 -12"><span class='ocrx_word' id='word_1_226' title='bbox 375 1271 588 1308; x_wconf 86' lang='lat' dir='ltr'>committat</span> <span class='ocrx_word' id='word_1_227' title='bbox 606 1284 809 1318; x_wconf 86' lang='lat' dir='ltr'>arcanum,</span> <span class='ocrx_word' id='word_1_228' title='bbox 841 1271 934 1307; x_wconf 81' lang='lat' dir='ltr'>texit</span> <span class='ocrx_word' id='word_1_229' title='bbox 954 1270 1156 1320; x_wconf 81' lang='lat' dir='ltr'>parabolas</span> <span class='ocrx_word' id='word_1_230' title='bbox 1176 1269 1295 1307; x_wconf 88' lang='lat' dir='ltr'>turbis</span> <span class='ocrx_word' id='word_1_231' title='bbox 1309 1300 1318 1318; x_wconf 87' lang='lat'>‚</span> <span class='ocrx_word' id='word_1_232' title='bbox 1341 1278 1383 1306; x_wconf 90' lang='lat' dir='ltr'>ut</span> 
     </span>
     <span class='ocr_line' id='line_1_34' title="bbox 376 1331 1382 1377; baseline -0.001 -9"><span class='ocrx_word' id='word_1_233' title='bbox 376 1332 571 1368; x_wconf 85' lang='lat' dir='ltr'>audientes</span> <span class='ocrx_word' id='word_1_234' title='bbox 589 1345 667 1368; x_wconf 92' lang='lat' dir='ltr'>non</span> <span class='ocrx_word' id='word_1_235' title='bbox 685 1331 842 1368; x_wconf 88' lang='lat' dir='ltr'>audiant</span> <span class='ocrx_word' id='word_1_236' title='bbox 854 1361 862 1377; x_wconf 92' lang='lat'>,</span> <span class='ocrx_word' id='word_1_237' title='bbox 884 1339 921 1367; x_wconf 90' lang='lat' dir='ltr'>et</span> <span class='ocrx_word' id='word_1_238' title='bbox 938 1331 1112 1368; x_wconf 82' lang='lat' dir='ltr'>videntes</span> <span class='ocrx_word' id='word_1_239' title='bbox 1131 1344 1210 1367; x_wconf 92' lang='lat' dir='ltr'>non</span> <span class='ocrx_word' id='word_1_240' title='bbox 1236 1331 1382 1367; x_wconf 89' lang='lat' dir='ltr'>intelli-</span> 
     </span>
     <span class='ocr_line' id='line_1_35' title="bbox 376 1391 1383 1441; baseline -0.002 -14"><span class='ocrx_word' id='word_1_241' title='bbox 376 1400 477 1441; x_wconf 74' lang='lat' dir='ltr'>gant.</span> <span class='ocrx_word' id='word_1_242' title='bbox 511 1394 696 1429; x_wconf 81' lang='lat' dir='ltr'>Caeterum</span> <span class='ocrx_word' id='word_1_243' title='bbox 723 1391 832 1427; x_wconf 90' lang='lat' dir='ltr'>amici</span> <span class='ocrx_word' id='word_1_244' title='bbox 862 1404 1032 1428; x_wconf 88' lang='lat' dir='ltr'>seorsum</span> <span class='ocrx_word' id='word_1_245' title='bbox 1055 1391 1237 1437; x_wconf 87' lang='lat' dir='ltr'>audiunt,</span> <span class='ocrx_word' id='word_1_246' title='bbox 1275 1391 1383 1426; x_wconf 83' lang='lat' dir='ltr'>Vobis</span> 
     </span>
     <span class='ocr_line' id='line_1_36' title="bbox 376 1450 1383 1500; baseline 0.001 -13"><span class='ocrx_word' id='word_1_247' title='bbox 376 1452 505 1488; x_wconf 77' lang='lat' dir='ltr'>clatum</span> <span class='ocrx_word' id='word_1_248' title='bbox 523 1462 579 1488; x_wconf 80' lang='lat' dir='ltr'>est</span> <span class='ocrx_word' id='word_1_249' title='bbox 591 1465 695 1487; x_wconf 68' lang='lat' dir='ltr'><em>120⁸oe</em></span> <span class='ocrx_word' id='word_1_250' title='bbox 711 1454 921 1498; x_wconf 69' lang='lat' dir='ltr'>170¹steritcm</span> <span class='ocrx_word' id='word_1_251' title='bbox 939 1455 1043 1499; x_wconf 73' lang='lat' dir='ltr'>regni</span> <span class='ocrx_word' id='word_1_252' title='bbox 1058 1454 1130 1487; x_wconf 73' lang='lat' dir='ltr'>Dei</span> <span class='ocrx_word' id='word_1_253' title='bbox 1139 1450 1152 1473; x_wconf 82' lang='lat'>3</span> <span class='ocrx_word' id='word_1_254' title='bbox 1168 1466 1175 1488; x_wconf 91' lang='grc'>;</span> <span class='ocrx_word' id='word_1_255' title='bbox 1193 1450 1331 1500; x_wconf 84' lang='lat' dir='ltr'>quibus</span> <span class='ocrx_word' id='word_1_256' title='bbox 1346 1459 1383 1488; x_wconf 85' lang='lat' dir='ltr'>et</span> 
     </span>
     <span class='ocr_line' id='line_1_37' title="bbox 376 1511 1383 1560; baseline -0.001 -13"><span class='ocrx_word' id='word_1_257' title='bbox 376 1511 572 1560; x_wconf 85' lang='lat' dir='ltr'>loquitur,</span> <span class='ocrx_word' id='word_1_258' title='bbox 599 1513 723 1546; x_wconf 77' lang='lat' dir='ltr'>Nolite</span> <span class='ocrx_word' id='word_1_259' title='bbox 762 1515 921 1554; x_wconf 74' lang='lat' dir='ltr'>timere,</span> <span class='ocrx_word' id='word_1_260' title='bbox 946 1514 1114 1559; x_wconf 76' lang='lat' dir='ltr'>pusillas</span> <span class='ocrx_word' id='word_1_261' title='bbox 1144 1524 1266 1559; x_wconf 75' lang='lat' dir='ltr'>grex,</span> <span class='ocrx_word' id='word_1_262' title='bbox 1294 1516 1383 1559; x_wconf 78' lang='lat' dir='ltr'>quia</span> 
     </span>
     <span class='ocr_line' id='line_1_38' title="bbox 376 1571 1380 1620; baseline 0.002 -14"><span class='ocrx_word' id='word_1_263' title='bbox 376 1574 602 1619; x_wconf 65' lang='lat' dir='ltr'>complacuit</span> <span class='ocrx_word' id='word_1_264' title='bbox 629 1573 738 1606; x_wconf 82' lang='lat' dir='ltr'>Patri</span> <span class='ocrx_word' id='word_1_265' title='bbox 762 1580 884 1606; x_wconf 79' lang='lat' dir='ltr'>vestro</span> <span class='ocrx_word' id='word_1_266' title='bbox 915 1573 1008 1606; x_wconf 79' lang='lat' dir='ltr'>dare</span> <span class='ocrx_word' id='word_1_267' title='bbox 1035 1571 1142 1607; x_wconf 72' lang='lat' dir='ltr'>vobis</span> <span class='ocrx_word' id='word_1_268' title='bbox 1176 1584 1328 1620; x_wconf 79' lang='lat' dir='ltr'>regnum</span> <span class='ocrx_word' id='word_1_269' title='bbox 1352 1571 1380 1608; x_wconf 65' lang='lat'>4&#39;.</span> 
     </span>
     <span class='ocr_line' id='line_1_39' title="bbox 374 1629 1383 1680; baseline 0.001 -15"><span class='ocrx_word' id='word_1_270' title='bbox 374 1630 448 1678; x_wconf 87' lang='lat' dir='ltr'>Qui</span> <span class='ocrx_word' id='word_1_271' title='bbox 465 1638 552 1667; x_wconf 88' lang='lat' dir='ltr'>sunt</span> <span class='ocrx_word' id='word_1_272' title='bbox 570 1629 633 1665; x_wconf 77' lang='lat' dir='ltr'>hi?</span> <span class='ocrx_word' id='word_1_273' title='bbox 654 1630 793 1678; x_wconf 73' lang='lat' dir='ltr'>[tique</span> <span class='ocrx_word' id='word_1_274' title='bbox 813 1642 910 1678; x_wconf 88' lang='lat' dir='ltr'>quos</span> <span class='ocrx_word' id='word_1_275' title='bbox 928 1631 1121 1679; x_wconf 79' lang='lat' dir='ltr'>praescivit</span> <span class='ocrx_word' id='word_1_276' title='bbox 1136 1638 1174 1666; x_wconf 90' lang='lat' dir='ltr'>et</span> <span class='ocrx_word' id='word_1_277' title='bbox 1189 1630 1383 1680; x_wconf 86' lang='lat' dir='ltr'>praedesti-</span> 
     </span>
     <span class='ocr_line' id='line_1_40' title="bbox 375 1690 1382 1739; baseline 0.001 -13"><span class='ocrx_word' id='word_1_278' title='bbox 375 1691 480 1726; x_wconf 79' lang='lat' dir='ltr'>navit</span> <span class='ocrx_word' id='word_1_279' title='bbox 504 1690 719 1726; x_wconf 79' lang='lat' dir='ltr'>conformes</span> <span class='ocrx_word' id='word_1_280' title='bbox 752 1690 834 1726; x_wconf 84' lang='lat' dir='ltr'>fieri</span> <span class='ocrx_word' id='word_1_281' title='bbox 861 1690 1037 1739; x_wconf 82' lang='lat' dir='ltr'>imaginis</span> <span class='ocrx_word' id='word_1_282' title='bbox 1057 1691 1139 1728; x_wconf 86' lang='lat' dir='ltr'>Filii</span> <span class='ocrx_word' id='word_1_283' title='bbox 1163 1692 1241 1737; x_wconf 84' lang='lat' dir='ltr'>sui,</span> <span class='ocrx_word' id='word_1_284' title='bbox 1267 1700 1309 1727; x_wconf 89' lang='lat' dir='ltr'>ut</span> <span class='ocrx_word' id='word_1_285' title='bbox 1335 1691 1382 1727; x_wconf 90' lang='lat' dir='ltr'>sit</span> 
     </span>
     <span class='ocr_line' id='line_1_41' title="bbox 374 1749 1379 1800; baseline 0.002 -16"><span class='ocrx_word' id='word_1_286' title='bbox 374 1749 455 1799; x_wconf 76' lang='lat' dir='ltr'>ipse</span> <span class='ocrx_word' id='word_1_287' title='bbox 477 1749 753 1798; x_wconf 77' lang='lat' dir='ltr'>primogenitus</span> <span class='ocrx_word' id='word_1_288' title='bbox 776 1749 814 1784; x_wconf 90' lang='lat' dir='ltr'>in</span> <span class='ocrx_word' id='word_1_289' title='bbox 835 1750 962 1786; x_wconf 90' lang='lat' dir='ltr'>multis</span> <span class='ocrx_word' id='word_1_290' title='bbox 983 1749 1175 1786; x_wconf 84' lang='lat' dir='ltr'>fratribus.</span> <span class='ocrx_word' id='word_1_291' title='bbox 1200 1754 1379 1800; x_wconf 81' lang='lat' dir='ltr'>Magnum</span> 
     </span>
    </p>
   </div>
   <div class='ocr_carea' id='block_1_10' title="bbox 1448 1093 2457 1802">
    <p class='ocr_par' dir='ltr' id='par_1_11' title="bbox 1448 1093 2457 1802">
     <span class='ocr_line' id='line_1_42' title="bbox 1449 1093 2455 1142; baseline -0.002 -12"><span class='ocrx_word' id='word_1_292' title='bbox 1449 1095 1571 1130; x_wconf 87' lang='lat' dir='ltr'>sciens</span> <span class='ocrx_word' id='word_1_293' title='bbox 1598 1094 1776 1130; x_wconf 87' lang='lat' dir='ltr'>nimirum</span> <span class='ocrx_word' id='word_1_294' title='bbox 1805 1094 1893 1142; x_wconf 89' lang='lat' dir='ltr'>quia</span> <span class='ocrx_word' id='word_1_295' title='bbox 1918 1107 2014 1142; x_wconf 84' lang='lat' dir='ltr'>quos</span> <span class='ocrx_word' id='word_1_296' title='bbox 2037 1093 2277 1142; x_wconf 72' lang='lat' dir='ltr'>justificavit,</span> <span class='ocrx_word' id='word_1_297' title='bbox 2306 1093 2392 1129; x_wconf 88' lang='lat' dir='ltr'>illos</span> <span class='ocrx_word' id='word_1_298' title='bbox 2418 1100 2455 1129; x_wconf 89' lang='lat' dir='ltr'>et</span> 
     </span>
     <span class='ocr_line' id='line_1_43' title="bbox 1449 1151 2452 1202; baseline -0.002 -13"><span class='ocrx_word' id='word_1_299' title='bbox 1449 1153 1703 1202; x_wconf 71' lang='lat' dir='ltr'>magnificavit</span> <span class='ocrx_word' id='word_1_300' title='bbox 1717 1161 1745 1189; x_wconf 61' lang='lat'>³¹.</span> <span class='ocrx_word' id='word_1_301' title='bbox 1762 1153 1863 1201; x_wconf 86' lang='lat' dir='ltr'>Quid</span> <span class='ocrx_word' id='word_1_302' title='bbox 1880 1153 2008 1189; x_wconf 79' lang='lat' dir='ltr'>enim?</span> <span class='ocrx_word' id='word_1_303' title='bbox 2025 1151 2130 1188; x_wconf 90' lang='lat' dir='ltr'>audit</span> <span class='ocrx_word' id='word_1_304' title='bbox 2147 1164 2184 1188; x_wconf 90' lang='lat' dir='ltr'>se</span> <span class='ocrx_word' id='word_1_305' title='bbox 2199 1151 2350 1197; x_wconf 75' lang='lat' dir='ltr'>vocari,</span> <span class='ocrx_word' id='word_1_306' title='bbox 2367 1165 2452 1188; x_wconf 84' lang='lat' dir='ltr'>cum</span> 
     </span>
     <span class='ocr_line' id='line_1_44' title="bbox 1451 1211 2452 1261; baseline -0.003 -11"><span class='ocrx_word' id='word_1_307' title='bbox 1451 1214 1586 1250; x_wconf 88' lang='lat' dir='ltr'>timore</span> <span class='ocrx_word' id='word_1_308' title='bbox 1623 1213 1870 1260; x_wconf 74' lang='lat' dir='ltr'>concutitur3</span> <span class='ocrx_word' id='word_1_309' title='bbox 1900 1212 2014 1250; x_wconf 84' lang='lat' dir='ltr'>sentit</span> <span class='ocrx_word' id='word_1_310' title='bbox 2043 1221 2080 1249; x_wconf 90' lang='lat' dir='ltr'>et</span> <span class='ocrx_word' id='word_1_311' title='bbox 2105 1211 2334 1261; x_wconf 85' lang='lat' dir='ltr'>justificari,</span> <span class='ocrx_word' id='word_1_312' title='bbox 2368 1225 2452 1248; x_wconf 90' lang='lat' dir='ltr'>cum</span> 
     </span>
     <span class='ocr_line' id='line_1_45' title="bbox 1449 1271 2453 1324; baseline -0.003 -14"><span class='ocrx_word' id='word_1_313' title='bbox 1449 1287 1579 1310; x_wconf 88' lang='lat' dir='ltr'>amore</span> <span class='ocrx_word' id='word_1_314' title='bbox 1601 1273 1846 1324; x_wconf 85' lang='lat' dir='ltr'>perfunditur</span> <span class='ocrx_word' id='word_1_315' title='bbox 1870 1288 1878 1309; x_wconf 91' lang='lat'>:</span> <span class='ocrx_word' id='word_1_316' title='bbox 1908 1281 1945 1310; x_wconf 91' lang='lat' dir='ltr'>et</span> <span class='ocrx_word' id='word_1_317' title='bbox 1966 1272 2012 1309; x_wconf 89' lang='lat' dir='ltr'>de</span> <span class='ocrx_word' id='word_1_318' title='bbox 2031 1272 2335 1322; x_wconf 79' lang='lat' dir='ltr'>magnificatione</span> <span class='ocrx_word' id='word_1_319' title='bbox 2355 1271 2453 1308; x_wconf 80' lang='lat' dir='ltr'>disfi-</span> 
     </span>
     <span class='ocr_line' id='line_1_46' title="bbox 1451 1332 2454 1383; baseline -0.001 -14"><span class='ocrx_word' id='word_1_320' title='bbox 1451 1333 1536 1370; x_wconf 77' lang='lat' dir='ltr'>det?</span> <span class='ocrx_word' id='word_1_321' title='bbox 1564 1333 1741 1370; x_wconf 88' lang='lat' dir='ltr'>Initiatur</span> <span class='ocrx_word' id='word_1_322' title='bbox 1754 1361 1763 1378; x_wconf 93' lang='lat'>,</span> <span class='ocrx_word' id='word_1_323' title='bbox 1783 1333 2029 1383; x_wconf 74' lang='lat' dir='ltr'>provehitur3</span> <span class='ocrx_word' id='word_1_324' title='bbox 2054 1341 2091 1369; x_wconf 92' lang='lat' dir='ltr'>et</span> <span class='ocrx_word' id='word_1_325' title='bbox 2109 1332 2155 1369; x_wconf 93' lang='lat' dir='ltr'>de</span> <span class='ocrx_word' id='word_1_326' title='bbox 2175 1332 2255 1369; x_wconf 89' lang='lat' dir='ltr'>sol-a</span> <span class='ocrx_word' id='word_1_327' title='bbox 2273 1345 2454 1368; x_wconf 82' lang='lat' dir='ltr'>eonsum-</span> 
     </span>
     <span class='ocr_line' id='line_1_47' title="bbox 1451 1392 2455 1443; baseline -0.001 -14"><span class='ocrx_word' id='word_1_328' title='bbox 1451 1393 1617 1429; x_wconf 88' lang='lat' dir='ltr'>matione</span> <span class='ocrx_word' id='word_1_329' title='bbox 1633 1392 1874 1442; x_wconf 78' lang='lat' dir='ltr'>desperabit?</span> <span class='ocrx_word' id='word_1_330' title='bbox 1889 1396 2035 1443; x_wconf 70' lang='lat' dir='ltr'>Nempe</span> <span class='ocrx_word' id='word_1_331' title='bbox 2052 1393 2082 1429; x_wconf 88' lang='lat' dir='ltr'>si</span> <span class='ocrx_word' id='word_1_332' title='bbox 2096 1393 2246 1429; x_wconf 88' lang='lat' dir='ltr'>initium</span> <span class='ocrx_word' id='word_1_333' title='bbox 2261 1392 2455 1442; x_wconf 76' lang='lat' dir='ltr'>sapientiae</span> 
     </span>
     <span class='ocr_line' id='line_1_48' title="bbox 1452 1452 2455 1502; baseline 0.001 -14"><span class='ocrx_word' id='word_1_334' title='bbox 1452 1453 1565 1489; x_wconf 89' lang='lat' dir='ltr'>timor</span> <span class='ocrx_word' id='word_1_335' title='bbox 1585 1453 1756 1498; x_wconf 89' lang='lat' dir='ltr'>Domini,</span> <span class='ocrx_word' id='word_1_336' title='bbox 1778 1453 1815 1489; x_wconf 92' lang='lat' dir='ltr'>in</span> <span class='ocrx_word' id='word_1_337' title='bbox 1838 1466 1914 1502; x_wconf 90' lang='lat' dir='ltr'>quo</span> <span class='ocrx_word' id='word_1_338' title='bbox 1933 1452 2032 1489; x_wconf 91' lang='lat' dir='ltr'>dicta</span> <span class='ocrx_word' id='word_1_339' title='bbox 2053 1461 2110 1489; x_wconf 85' lang='lat' dir='ltr'>est</span> <span class='ocrx_word' id='word_1_340' title='bbox 2131 1466 2212 1490; x_wconf 90' lang='lat' dir='ltr'>esse</span> <span class='ocrx_word' id='word_1_341' title='bbox 2237 1461 2368 1489; x_wconf 87' lang='lat' dir='ltr'>nostra</span> <span class='ocrx_word' id='word_1_342' title='bbox 2383 1466 2455 1489; x_wconf 75' lang='lat' dir='ltr'>vo-</span> 
     </span>
     <span class='ocr_line' id='line_1_49' title="bbox 1450 1512 2457 1563; baseline 0 -14"><span class='ocrx_word' id='word_1_343' title='bbox 1450 1513 1547 1549; x_wconf 90' lang='lat' dir='ltr'>catio</span> <span class='ocrx_word' id='word_1_344' title='bbox 1563 1527 1572 1558; x_wconf 88' lang='lat'>;</span> <span class='ocrx_word' id='word_1_345' title='bbox 1590 1512 1681 1561; x_wconf 88' lang='lat' dir='ltr'>quid</span> <span class='ocrx_word' id='word_1_346' title='bbox 1702 1512 1772 1548; x_wconf 92' lang='lat' dir='ltr'>nisi</span> <span class='ocrx_word' id='word_1_347' title='bbox 1790 1521 1995 1562; x_wconf 80' lang='lat' dir='ltr'>provectus</span> <span class='ocrx_word' id='word_1_348' title='bbox 2012 1513 2050 1549; x_wconf 92' lang='lat' dir='ltr'>in</span> <span class='ocrx_word' id='word_1_349' title='bbox 2068 1513 2255 1563; x_wconf 85' lang='lat' dir='ltr'>sapientia</span> <span class='ocrx_word' id='word_1_350' title='bbox 2274 1521 2330 1549; x_wconf 89' lang='lat' dir='ltr'>est</span> <span class='ocrx_word' id='word_1_351' title='bbox 2349 1526 2457 1549; x_wconf 87' lang='lat' dir='ltr'>amor</span> 
     </span>
     <span class='ocr_line' id='line_1_50' title="bbox 1451 1572 2456 1622; baseline 0.001 -14"><span class='ocrx_word' id='word_1_352' title='bbox 1451 1572 1549 1619; x_wconf 89' lang='lat' dir='ltr'>Dei,</span> <span class='ocrx_word' id='word_1_353' title='bbox 1583 1572 1614 1608; x_wconf 87' lang='lat' dir='ltr'>is</span> <span class='ocrx_word' id='word_1_354' title='bbox 1640 1572 1825 1608; x_wconf 82' lang='lat' dir='ltr'>duntaxat</span> <span class='ocrx_word' id='word_1_355' title='bbox 1854 1573 1918 1622; x_wconf 89' lang='lat' dir='ltr'>qui</span> <span class='ocrx_word' id='word_1_356' title='bbox 1948 1573 2100 1609; x_wconf 81' lang='lat' dir='ltr'>interim</span> <span class='ocrx_word' id='word_1_357' title='bbox 2129 1586 2177 1609; x_wconf 82' lang='lat' dir='ltr'>ex</span> <span class='ocrx_word' id='word_1_358' title='bbox 2203 1572 2278 1609; x_wconf 88' lang='lat' dir='ltr'>fide</span> <span class='ocrx_word' id='word_1_359' title='bbox 2302 1581 2381 1618; x_wconf 84' lang='lat' dir='ltr'>est,</span> <span class='ocrx_word' id='word_1_360' title='bbox 2409 1586 2456 1609; x_wconf 85' lang='lat' dir='ltr'>ex</span> 
     </span>
     <span class='ocr_line' id='line_1_51' title="bbox 1448 1631 2454 1682; baseline -0.002 -14"><span class='ocrx_word' id='word_1_361' title='bbox 1448 1646 1525 1682; x_wconf 88' lang='lat' dir='ltr'>quo</span> <span class='ocrx_word' id='word_1_362' title='bbox 1555 1640 1591 1668; x_wconf 88' lang='lat' dir='ltr'>et</span> <span class='ocrx_word' id='word_1_363' title='bbox 1623 1641 1752 1668; x_wconf 89' lang='lat' dir='ltr'>nostra</span> <span class='ocrx_word' id='word_1_364' title='bbox 1786 1633 1825 1668; x_wconf 85' lang='lat' dir='ltr'>fit</span> <span class='ocrx_word' id='word_1_365' title='bbox 1850 1631 2070 1681; x_wconf 85' lang='lat' dir='ltr'>justificatio</span> <span class='ocrx_word' id='word_1_366' title='bbox 2089 1633 2103 1667; x_wconf 72' lang='grc' dir='ltr'>Ρ</span> <span class='ocrx_word' id='word_1_367' title='bbox 2133 1631 2234 1679; x_wconf 87' lang='lat' dir='ltr'>Quid</span> <span class='ocrx_word' id='word_1_368' title='bbox 2263 1631 2352 1667; x_wconf 88' lang='lat' dir='ltr'>item</span> <span class='ocrx_word' id='word_1_369' title='bbox 2384 1631 2454 1667; x_wconf 88' lang='lat' dir='ltr'>nisi</span> 
     </span>
     <span class='ocr_line' id='line_1_52' title="bbox 1448 1692 2456 1742; baseline -0.001 -13"><span class='ocrx_word' id='word_1_370' title='bbox 1448 1693 1726 1729; x_wconf 87' lang='lat' dir='ltr'>consummatio</span> <span class='ocrx_word' id='word_1_371' title='bbox 1743 1693 1780 1728; x_wconf 90' lang='lat' dir='ltr'>in</span> <span class='ocrx_word' id='word_1_372' title='bbox 1799 1693 1982 1742; x_wconf 87' lang='lat' dir='ltr'>sapientia</span> <span class='ocrx_word' id='word_1_373' title='bbox 2000 1701 2056 1729; x_wconf 83' lang='lat' dir='ltr'>est</span> <span class='ocrx_word' id='word_1_374' title='bbox 2071 1693 2173 1742; x_wconf 89' lang='lat' dir='ltr'>ipsa,</span> <span class='ocrx_word' id='word_1_375' title='bbox 2192 1705 2306 1741; x_wconf 85' lang='lat' dir='ltr'>quam</span> <span class='ocrx_word' id='word_1_376' title='bbox 2322 1692 2361 1728; x_wconf 90' lang='lat' dir='ltr'>in</span> <span class='ocrx_word' id='word_1_377' title='bbox 2383 1693 2456 1728; x_wconf 88' lang='lat' dir='ltr'>fine</span> 
     </span>
     <span class='ocr_line' id='line_1_53' title="bbox 1448 1752 2456 1802; baseline 0 -14"><span class='ocrx_word' id='word_1_378' title='bbox 1448 1766 1644 1802; x_wconf 90' lang='lat' dir='ltr'>speramus</span> <span class='ocrx_word' id='word_1_379' title='bbox 1659 1782 1668 1797; x_wconf 92' lang='lat'>,</span> <span class='ocrx_word' id='word_1_380' title='bbox 1690 1753 1736 1789; x_wconf 88' lang='lat' dir='ltr'>dc</span> <span class='ocrx_word' id='word_1_381' title='bbox 1753 1753 1880 1789; x_wconf 76' lang='lat' dir='ltr'>divina</span> <span class='ocrx_word' id='word_1_382' title='bbox 1896 1753 1960 1790; x_wconf 87' lang='lat' dir='ltr'>illa</span> <span class='ocrx_word' id='word_1_383' title='bbox 1976 1761 2013 1789; x_wconf 91' lang='lat' dir='ltr'>et</span> <span class='ocrx_word' id='word_1_384' title='bbox 2030 1752 2164 1789; x_wconf 86' lang='lat' dir='ltr'>deifica</span> <span class='ocrx_word' id='word_1_385' title='bbox 2181 1752 2327 1789; x_wconf 86' lang='lat' dir='ltr'>visione</span> <span class='ocrx_word' id='word_1_386' title='bbox 2344 1753 2456 1801; x_wconf 80' lang='lat' dir='ltr'>glori-</span> 
     </span>
    </p>
   </div>
   <div class='ocr_carea' id='block_1_11' title="bbox 375 1809 2456 1862">
    <p class='ocr_par' dir='ltr' id='par_1_12' title="bbox 375 1809 2456 1862">
     <span class='ocr_line' id='line_1_54' title="bbox 375 1809 2456 1862; baseline 0.002 -17"><span class='ocrx_word' id='word_1_387' title='bbox 375 1818 638 1858; x_wconf 88' lang='lat' dir='ltr'>secretumque</span> <span class='ocrx_word' id='word_1_388' title='bbox 655 1809 823 1845; x_wconf 88' lang='lat' dir='ltr'>innotuit</span> <span class='ocrx_word' id='word_1_389' title='bbox 837 1809 1050 1846; x_wconf 90' lang='lat' dir='ltr'>consilium.</span> <span class='ocrx_word' id='word_1_390' title='bbox 1066 1810 1381 1846; x_wconf 74' lang='lat' dir='ltr'>NovitDominus</span> <span class='ocrx_word' id='word_1_391' title='bbox 1401 1816 1427 1851; x_wconf 92' lang='lat' dir='ltr'>C</span> <span class='ocrx_word' id='word_1_392' title='bbox 1449 1814 1602 1850; x_wconf 74' lang='lat' dir='ltr'>ficatio?</span> <span class='ocrx_word' id='word_1_393' title='bbox 1636 1814 1695 1850; x_wconf 82' lang='lat' dir='ltr'>Sic</span> <span class='ocrx_word' id='word_1_394' title='bbox 1723 1813 1883 1862; x_wconf 68' lang='lat' dir='ltr'>abyssus</span> <span class='ocrx_word' id='word_1_395' title='bbox 1912 1813 2090 1862; x_wconf 76' lang='lat' dir='ltr'>abyssum</span> <span class='ocrx_word' id='word_1_396' title='bbox 2120 1813 2273 1849; x_wconf 78' lang='lat' dir='ltr'>invocat</span> <span class='ocrx_word' id='word_1_397' title='bbox 2301 1813 2340 1849; x_wconf 90' lang='lat' dir='ltr'>in</span> <span class='ocrx_word' id='word_1_398' title='bbox 2361 1826 2456 1849; x_wconf 79' lang='lat' dir='ltr'>voce</span> 
     </span>
    </p>
   </div>
   <div class='ocr_carea' id='block_1_12' title="bbox 368 1867 1384 2579">
    <p class='ocr_par' dir='ltr' id='par_1_13' title="bbox 368 1867 1384 2579">
     <span class='ocr_line' id='line_1_55' title="bbox 376 1867 1381 1918; baseline 0.001 -14"><span class='ocrx_word' id='word_1_399' title='bbox 376 1869 441 1918; x_wconf 84' lang='lat' dir='ltr'>qui</span> <span class='ocrx_word' id='word_1_400' title='bbox 468 1877 557 1905; x_wconf 89' lang='lat' dir='ltr'>sunt</span> <span class='ocrx_word' id='word_1_401' title='bbox 577 1867 658 1917; x_wconf 85' lang='lat' dir='ltr'>ejus</span> <span class='ocrx_word' id='word_1_402' title='bbox 678 1883 685 1905; x_wconf 93' lang='lat'><strong>:</strong></span> <span class='ocrx_word' id='word_1_403' title='bbox 709 1868 774 1905; x_wconf 90' lang='lat' dir='ltr'>sed</span> <span class='ocrx_word' id='word_1_404' title='bbox 795 1868 899 1917; x_wconf 91' lang='lat' dir='ltr'>quod</span> <span class='ocrx_word' id='word_1_405' title='bbox 922 1877 1057 1905; x_wconf 87' lang='lat' dir='ltr'>notum</span> <span class='ocrx_word' id='word_1_406' title='bbox 1086 1878 1167 1905; x_wconf 90' lang='lat' dir='ltr'>erat</span> <span class='ocrx_word' id='word_1_407' title='bbox 1185 1870 1276 1915; x_wconf 88' lang='lat' dir='ltr'>Dei,</span> <span class='ocrx_word' id='word_1_408' title='bbox 1299 1883 1381 1906; x_wconf 92' lang='lat' dir='ltr'>ma-</span> 
     </span>
     <span class='ocr_line' id='line_1_56' title="bbox 373 1927 1381 1978; baseline 0.002 -15"><span class='ocrx_word' id='word_1_409' title='bbox 373 1928 590 1964; x_wconf 83' lang='lat' dir='ltr'>nifestatum</span> <span class='ocrx_word' id='word_1_410' title='bbox 605 1936 660 1963; x_wconf 85' lang='lat' dir='ltr'>est</span> <span class='ocrx_word' id='word_1_411' title='bbox 681 1927 915 1965; x_wconf 88' lang='lat' dir='ltr'>hominibus.</span> <span class='ocrx_word' id='word_1_412' title='bbox 932 1932 1009 1965; x_wconf 84' lang='lat' dir='ltr'>Nec</span> <span class='ocrx_word' id='word_1_413' title='bbox 1026 1928 1118 1965; x_wconf 88' lang='lat' dir='ltr'>alios</span> <span class='ocrx_word' id='word_1_414' title='bbox 1138 1942 1227 1965; x_wconf 89' lang='lat' dir='ltr'>sane</span> <span class='ocrx_word' id='word_1_415' title='bbox 1249 1929 1381 1978; x_wconf 80' lang='lat' dir='ltr'>digna-</span> 
     </span>
     <span class='ocr_line' id='line_1_57' title="bbox 374 1987 1378 2039; baseline 0.002 -15"><span class='ocrx_word' id='word_1_416' title='bbox 374 1997 435 2024; x_wconf 85' lang='lat' dir='ltr'>tur</span> <span class='ocrx_word' id='word_1_417' title='bbox 449 1987 543 2024; x_wconf 85' lang='lat' dir='ltr'>tanti</span> <span class='ocrx_word' id='word_1_418' title='bbox 557 1987 850 2037; x_wconf 81' lang='lat' dir='ltr'>participatione</span> <span class='ocrx_word' id='word_1_419' title='bbox 868 1988 1061 2036; x_wconf 77' lang='lat' dir='ltr'>mysterii,</span> <span class='ocrx_word' id='word_1_420' title='bbox 1086 1989 1157 2026; x_wconf 88' lang='lat' dir='ltr'>nisi</span> <span class='ocrx_word' id='word_1_421' title='bbox 1171 2002 1236 2026; x_wconf 88' lang='lat' dir='ltr'>eos</span> <span class='ocrx_word' id='word_1_422' title='bbox 1252 1990 1357 2039; x_wconf 88' lang='lat' dir='ltr'>ipsos</span> <span class='ocrx_word' id='word_1_423' title='bbox 1369 2019 1378 2036; x_wconf 92' lang='lat'>,</span> 
     </span>
     <span class='ocr_line' id='line_1_58' title="bbox 372 2048 1379 2100; baseline 0.003 -16"><span class='ocrx_word' id='word_1_424' title='bbox 372 2061 468 2097; x_wconf 90' lang='lat' dir='ltr'>quos</span> <span class='ocrx_word' id='word_1_425' title='bbox 488 2061 576 2084; x_wconf 92' lang='lat' dir='ltr'>suos</span> <span class='ocrx_word' id='word_1_426' title='bbox 594 2048 785 2097; x_wconf 84' lang='lat' dir='ltr'>praescivit</span> <span class='ocrx_word' id='word_1_427' title='bbox 801 2056 838 2084; x_wconf 88' lang='lat' dir='ltr'>et</span> <span class='ocrx_word' id='word_1_428' title='bbox 853 2048 1150 2098; x_wconf 69' lang='lat' dir='ltr'>praedestinavit.</span> <span class='ocrx_word' id='word_1_429' title='bbox 1172 2054 1266 2087; x_wconf 73' lang='lat' dir='ltr'>Nam</span> <span class='ocrx_word' id='word_1_430' title='bbox 1285 2064 1379 2100; x_wconf 87' lang='lat' dir='ltr'>quos</span> 
     </span>
     <span class='ocr_line' id='line_1_59' title="bbox 372 2107 1376 2158; baseline 0.003 -14"><span class='ocrx_word' id='word_1_431' title='bbox 372 2107 679 2157; x_wconf 63' lang='lat' dir='ltr'>praedestinavit,</span> <span class='ocrx_word' id='word_1_432' title='bbox 703 2108 774 2145; x_wconf 88' lang='lat' dir='ltr'>hos</span> <span class='ocrx_word' id='word_1_433' title='bbox 790 2117 828 2145; x_wconf 90' lang='lat' dir='ltr'>et</span> <span class='ocrx_word' id='word_1_434' title='bbox 849 2109 1011 2145; x_wconf 81' lang='lat' dir='ltr'>vocavit.</span> <span class='ocrx_word' id='word_1_435' title='bbox 1032 2110 1125 2158; x_wconf 86' lang='lat' dir='ltr'>Quis</span> <span class='ocrx_word' id='word_1_436' title='bbox 1144 2110 1246 2147; x_wconf 89' lang='lat' dir='ltr'>enim</span> <span class='ocrx_word' id='word_1_437' title='bbox 1268 2124 1376 2157; x_wconf 87' lang='lat' dir='ltr'>sane,</span> 
     </span>
     <span class='ocr_line' id='line_1_60' title="bbox 373 2168 1380 2220; baseline 0.004 -16"><span class='ocrx_word' id='word_1_438' title='bbox 373 2169 443 2204; x_wconf 82' lang='lat' dir='ltr'>nisi</span> <span class='ocrx_word' id='word_1_439' title='bbox 470 2177 648 2214; x_wconf 73' lang='lat' dir='ltr'>vocatus,</span> <span class='ocrx_word' id='word_1_440' title='bbox 674 2168 720 2204; x_wconf 91' lang='lat' dir='ltr'>ad</span> <span class='ocrx_word' id='word_1_441' title='bbox 748 2169 818 2205; x_wconf 84' lang='lat' dir='ltr'>Dei</span> <span class='ocrx_word' id='word_1_442' title='bbox 841 2169 994 2205; x_wconf 88' lang='lat' dir='ltr'>accedat</span> <span class='ocrx_word' id='word_1_443' title='bbox 1024 2170 1249 2207; x_wconf 77' lang='lat' dir='ltr'>consilium?</span> <span class='ocrx_word' id='word_1_444' title='bbox 1274 2175 1380 2220; x_wconf 87' lang='lat' dir='ltr'>Quos</span> 
     </span>
     <span class='ocr_line' id='line_1_61' title="bbox 373 2228 1378 2282; baseline 0.005 -18"><span class='ocrx_word' id='word_1_445' title='bbox 373 2236 499 2264; x_wconf 87' lang='lat' dir='ltr'>autem</span> <span class='ocrx_word' id='word_1_446' title='bbox 516 2228 684 2274; x_wconf 71' lang='lat' dir='ltr'>vocavit,</span> <span class='ocrx_word' id='word_1_447' title='bbox 703 2229 772 2265; x_wconf 83' lang='lat' dir='ltr'>hos</span> <span class='ocrx_word' id='word_1_448' title='bbox 789 2238 825 2265; x_wconf 90' lang='lat' dir='ltr'>et</span> <span class='ocrx_word' id='word_1_449' title='bbox 837 2229 1070 2279; x_wconf 70' lang='lat' dir='ltr'>justificavit.</span> <span class='ocrx_word' id='word_1_450' title='bbox 1088 2231 1220 2268; x_wconf 87' lang='lat' dir='ltr'>Oritur</span> <span class='ocrx_word' id='word_1_451' title='bbox 1235 2233 1378 2282; x_wconf 88' lang='lat' dir='ltr'>quippe</span> 
     </span>
     <span class='ocr_line' id='line_1_62' title="bbox 373 2288 1379 2343; baseline 0.006 -20"><span class='ocrx_word' id='word_1_452' title='bbox 373 2288 458 2334; x_wconf 84' lang='lat' dir='ltr'>Sol,</span> <span class='ocrx_word' id='word_1_453' title='bbox 482 2301 559 2324; x_wconf 90' lang='lat' dir='ltr'>non</span> <span class='ocrx_word' id='word_1_454' title='bbox 592 2288 623 2325; x_wconf 89' lang='lat' dir='ltr'>is</span> <span class='ocrx_word' id='word_1_455' title='bbox 645 2289 710 2338; x_wconf 84' lang='lat' dir='ltr'>qui</span> <span class='ocrx_word' id='word_1_456' title='bbox 741 2289 912 2339; x_wconf 87' lang='lat' dir='ltr'>quotidie</span> <span class='ocrx_word' id='word_1_457' title='bbox 944 2290 1037 2327; x_wconf 89' lang='lat' dir='ltr'>oriri</span> <span class='ocrx_word' id='word_1_458' title='bbox 1063 2291 1231 2328; x_wconf 88' lang='lat' dir='ltr'>cernitur</span> <span class='ocrx_word' id='word_1_459' title='bbox 1263 2306 1379 2343; x_wconf 91' lang='lat' dir='ltr'>super</span> 
     </span>
     <span class='ocr_line' id='line_1_63' title="bbox 374 2347 1378 2399; baseline 0.007 -16"><span class='ocrx_word' id='word_1_460' title='bbox 374 2347 498 2384; x_wconf 87' lang='lat' dir='ltr'>bonos</span> <span class='ocrx_word' id='word_1_461' title='bbox 529 2356 566 2384; x_wconf 87' lang='lat' dir='ltr'>et</span> <span class='ocrx_word' id='word_1_462' title='bbox 599 2349 739 2395; x_wconf 84' lang='lat' dir='ltr'>malos,</span> <span class='ocrx_word' id='word_1_463' title='bbox 763 2349 948 2399; x_wconf 89' lang='lat' dir='ltr'>siquidem</span> <span class='ocrx_word' id='word_1_464' title='bbox 978 2351 1067 2387; x_wconf 86' lang='lat' dir='ltr'>solis</span> <span class='ocrx_word' id='word_1_465' title='bbox 1098 2352 1144 2388; x_wconf 88' lang='lat' dir='ltr'>ad</span> <span class='ocrx_word' id='word_1_466' title='bbox 1178 2353 1378 2390; x_wconf 86' lang='lat' dir='ltr'>consilium</span> 
     </span>
     <span class='ocr_line' id='line_1_64' title="bbox 372 2408 1377 2461; baseline 0.007 -18"><span class='ocrx_word' id='word_1_467' title='bbox 372 2408 542 2444; x_wconf 74' lang='lat' dir='ltr'>vocatis*</span> <span class='ocrx_word' id='word_1_468' title='bbox 555 2408 778 2457; x_wconf 86' lang='lat' dir='ltr'>prophetica</span> <span class='ocrx_word' id='word_1_469' title='bbox 790 2411 1102 2459; x_wconf 89' lang='lat' dir='ltr'>pronuntiatione</span> <span class='ocrx_word' id='word_1_470' title='bbox 1117 2413 1354 2461; x_wconf 84' lang='lat' dir='ltr'>promittitur</span> <span class='ocrx_word' id='word_1_471' title='bbox 1369 2428 1377 2450; x_wconf 73' lang='grc' dir='ltr'>ε</span> 
     </span>
     <span class='ocr_line' id='line_1_65' title="bbox 379 2465 1384 2517; baseline 0.009 -17"><span class='ocrx_word' id='word_1_472' title='bbox 379 2467 513 2512; x_wconf 81' lang='lat' dir='ltr'>Vobis,</span> <span class='ocrx_word' id='word_1_473' title='bbox 546 2468 689 2517; x_wconf 89' lang='lat' dir='ltr'>inquit,</span> <span class='ocrx_word' id='word_1_474' title='bbox 715 2474 781 2517; x_wconf 79' lang='lat' dir='ltr'>qui</span> <span class='ocrx_word' id='word_1_475' title='bbox 807 2465 945 2506; x_wconf 66' lang='lat' dir='ltr'>timetis</span> <span class='ocrx_word' id='word_1_476' title='bbox 974 2473 1118 2515; x_wconf 84' lang='lat' dir='ltr'>Deum,</span> <span class='ocrx_word' id='word_1_477' title='bbox 1153 2476 1291 2508; x_wconf 80' lang='lat' dir='ltr'>orietur</span> <span class='ocrx_word' id='word_1_478' title='bbox 1318 2475 1384 2509; x_wconf 81' lang='lat' dir='ltr'>Sol</span> 
     </span>
     <span class='ocr_line' id='line_1_66' title="bbox 368 2525 1380 2579; baseline 0.007 -18"><span class='ocrx_word' id='word_1_479' title='bbox 368 2527 532 2571; x_wconf 71' lang='lat' dir='ltr'>justicioe</span> <span class='ocrx_word' id='word_1_480' title='bbox 546 2525 573 2563; x_wconf 81' lang='lat'>⁵.</span> <span class='ocrx_word' id='word_1_481' title='bbox 605 2527 850 2565; x_wconf 85' lang='lat' dir='ltr'>Manentibus</span> <span class='ocrx_word' id='word_1_482' title='bbox 880 2530 994 2579; x_wconf 77' lang='lat' dir='ltr'>igitur</span> <span class='ocrx_word' id='word_1_483' title='bbox 1028 2531 1065 2567; x_wconf 91' lang='lat' dir='ltr'>in</span> <span class='ocrx_word' id='word_1_484' title='bbox 1097 2530 1263 2568; x_wconf 86' lang='lat' dir='ltr'>tenebris</span> <span class='ocrx_word' id='word_1_485' title='bbox 1296 2532 1380 2569; x_wconf 83' lang='lat' dir='ltr'>filiis</span> 
     </span>
    </p>
   </div>
   <div class='ocr_carea' id='block_1_13' title="bbox 373 2646 1382 3180">
    <p class='ocr_par' dir='ltr' id='par_1_14' title="bbox 373 2646 1382 3054">
     <span class='ocr_line' id='line_1_67' title="bbox 377 2646 1380 2700; baseline 0.007 -19"><span class='ocrx_word' id='word_1_486' title='bbox 377 2647 473 2682; x_wconf 80' lang='lat' dir='ltr'>filius</span> <span class='ocrx_word' id='word_1_487' title='bbox 501 2646 548 2683; x_wconf 90' lang='lat' dir='ltr'>de</span> <span class='ocrx_word' id='word_1_488' title='bbox 575 2655 761 2697; x_wconf 87' lang='lat' dir='ltr'>potestate</span> <span class='ocrx_word' id='word_1_489' title='bbox 789 2648 1055 2694; x_wconf 88' lang='lat' dir='ltr'>tenebrarum,</span> <span class='ocrx_word' id='word_1_490' title='bbox 1089 2650 1118 2686; x_wconf 89' lang='lat' dir='ltr'>si</span> <span class='ocrx_word' id='word_1_491' title='bbox 1152 2659 1276 2687; x_wconf 90' lang='lat' dir='ltr'>tamen</span> <span class='ocrx_word' id='word_1_492' title='bbox 1300 2651 1380 2700; x_wconf 89' lang='lat' dir='ltr'>jam</span> 
     </span>
     <span class='ocr_line' id='line_1_68' title="bbox 377 2706 1380 2758; baseline 0.006 -17"><span class='ocrx_word' id='word_1_493' title='bbox 377 2706 537 2742; x_wconf 82' lang='lat' dir='ltr'>fidenter</span> <span class='ocrx_word' id='word_1_494' title='bbox 558 2709 638 2743; x_wconf 89' lang='lat' dir='ltr'>Deo</span> <span class='ocrx_word' id='word_1_495' title='bbox 668 2707 794 2744; x_wconf 87' lang='lat' dir='ltr'>dicere</span> <span class='ocrx_word' id='word_1_496' title='bbox 820 2716 947 2757; x_wconf 88' lang='lat' dir='ltr'>potest</span> <span class='ocrx_word' id='word_1_497' title='bbox 967 2724 974 2745; x_wconf 76' lang='grc' dir='ltr'>ε</span> <span class='ocrx_word' id='word_1_498' title='bbox 998 2711 1194 2758; x_wconf 77' lang='lat' dir='ltr'>Particeps</span> <span class='ocrx_word' id='word_1_499' title='bbox 1215 2725 1281 2758; x_wconf 67' lang='lat' dir='ltr'>ego</span> <span class='ocrx_word' id='word_1_500' title='bbox 1301 2725 1380 2747; x_wconf 81' lang='lat' dir='ltr'>sum</span> 
     </span>
     <span class='ocr_line' id='line_1_69' title="bbox 377 2767 1381 2820; baseline 0.009 -21"><span class='ocrx_word' id='word_1_501' title='bbox 377 2771 540 2801; x_wconf 75' lang='lat' dir='ltr'>omnium</span> <span class='ocrx_word' id='word_1_502' title='bbox 577 2771 784 2803; x_wconf 76' lang='lat' dir='ltr'>timentium</span> <span class='ocrx_word' id='word_1_503' title='bbox 816 2778 850 2803; x_wconf 81' lang='lat' dir='ltr'>te</span> <span class='ocrx_word' id='word_1_504' title='bbox 864 2767 891 2804; x_wconf 74' lang='lat'>⁶.</span> <span class='ocrx_word' id='word_1_505' title='bbox 938 2769 1050 2806; x_wconf 78' lang='lat' dir='ltr'>Vides</span> <span class='ocrx_word' id='word_1_506' title='bbox 1080 2771 1167 2819; x_wconf 89' lang='lat' dir='ltr'>quia</span> <span class='ocrx_word' id='word_1_507' title='bbox 1200 2772 1381 2820; x_wconf 62' lang='lat' dir='ltr'>praecedit</span> 
     </span>
     <span class='ocr_line' id='line_1_70' title="bbox 378 2825 1382 2881; baseline 0.008 -21"><span class='ocrx_word' id='word_1_508' title='bbox 378 2825 514 2870; x_wconf 83' lang='lat' dir='ltr'>timor,</span> <span class='ocrx_word' id='word_1_509' title='bbox 546 2834 588 2862; x_wconf 91' lang='lat' dir='ltr'>ut</span> <span class='ocrx_word' id='word_1_510' title='bbox 608 2836 788 2876; x_wconf 84' lang='lat' dir='ltr'>sequatur</span> <span class='ocrx_word' id='word_1_511' title='bbox 812 2827 1062 2876; x_wconf 80' lang='lat' dir='ltr'>justificatio?</span> <span class='ocrx_word' id='word_1_512' title='bbox 1087 2830 1260 2867; x_wconf 87' lang='lat' dir='ltr'>Forsitan</span> <span class='ocrx_word' id='word_1_513' title='bbox 1292 2844 1382 2881; x_wconf 77' lang='lat' dir='ltr'>ergo</span> 
     </span>
     <span class='ocr_line' id='line_1_71' title="bbox 377 2885 1382 2941; baseline 0.008 -20"><span class='ocrx_word' id='word_1_514' title='bbox 377 2885 513 2922; x_wconf 90' lang='lat' dir='ltr'>timore</span> <span class='ocrx_word' id='word_1_515' title='bbox 537 2899 743 2931; x_wconf 77' lang='lat' dir='ltr'>vocamur,</span> <span class='ocrx_word' id='word_1_516' title='bbox 773 2901 903 2925; x_wconf 89' lang='lat' dir='ltr'>amore</span> <span class='ocrx_word' id='word_1_517' title='bbox 925 2887 1190 2937; x_wconf 85' lang='lat' dir='ltr'>justificamur.</span> <span class='ocrx_word' id='word_1_518' title='bbox 1209 2892 1382 2941; x_wconf 89' lang='lat' dir='ltr'>Denique</span> 
     </span>
     <span class='ocr_line' id='line_1_72' title="bbox 373 2945 1382 3002; baseline 0.009 -22"><span class='ocrx_word' id='word_1_519' title='bbox 373 2945 498 2994; x_wconf 84' lang='lat' dir='ltr'>justus</span> <span class='ocrx_word' id='word_1_520' title='bbox 531 2958 577 2981; x_wconf 84' lang='lat' dir='ltr'>ex</span> <span class='ocrx_word' id='word_1_521' title='bbox 609 2946 683 2982; x_wconf 87' lang='lat' dir='ltr'>fide</span> <span class='ocrx_word' id='word_1_522' title='bbox 715 2947 855 2993; x_wconf 68' lang='lat' dir='ltr'>vix-ur,</span> <span class='ocrx_word' id='word_1_523' title='bbox 886 2949 949 2985; x_wconf 87' lang='lat' dir='ltr'>illa</span> <span class='ocrx_word' id='word_1_524' title='bbox 980 2951 1116 2999; x_wconf 85' lang='lat' dir='ltr'>procul</span> <span class='ocrx_word' id='word_1_525' title='bbox 1145 2950 1262 2988; x_wconf 89' lang='lat' dir='ltr'>dubio</span> <span class='ocrx_word' id='word_1_526' title='bbox 1297 2966 1382 3002; x_wconf 89' lang='lat' dir='ltr'>quae</span> 
     </span>
     <span class='ocr_line' id='line_1_73' title="bbox 377 3005 866 3054; baseline 0.006 -13"><span class='ocrx_word' id='word_1_527' title='bbox 377 3014 559 3054; x_wconf 86' lang='lat' dir='ltr'>operatur</span> <span class='ocrx_word' id='word_1_528' title='bbox 584 3018 629 3041; x_wconf 84' lang='lat' dir='ltr'>ex</span> <span class='ocrx_word' id='word_1_529' title='bbox 653 3005 866 3044; x_wconf 89' lang='lat' dir='ltr'>dilectione.</span> 
     </span>
    </p>

    <p class='ocr_par' dir='ltr' id='par_1_15' title="bbox 377 3065 1382 3180">
     <span class='ocr_line' id='line_1_74' title="bbox 430 3065 1382 3122; baseline 0.007 -20"><span class='ocrx_word' id='word_1_530' title='bbox 430 3067 464 3102; x_wconf 88' lang='lat'>5.</span> <span class='ocrx_word' id='word_1_531' title='bbox 490 3065 629 3103; x_wconf 84' lang='lat' dir='ltr'>Audiat</span> <span class='ocrx_word' id='word_1_532' title='bbox 656 3066 782 3116; x_wconf 87' lang='lat' dir='ltr'>itaque</span> <span class='ocrx_word' id='word_1_533' title='bbox 813 3067 850 3104; x_wconf 90' lang='lat' dir='ltr'>in</span> <span class='ocrx_word' id='word_1_534' title='bbox 884 3068 942 3105; x_wconf 91' lang='lat' dir='ltr'>sui</span> <span class='ocrx_word' id='word_1_535' title='bbox 971 3070 1172 3107; x_wconf 78' lang='lat' dir='ltr'>vocatione</span> <span class='ocrx_word' id='word_1_536' title='bbox 1203 3081 1382 3122; x_wconf 89' lang='lat' dir='ltr'>peccator</span> 
     </span>
     <span class='ocr_line' id='line_1_75' title="bbox 377 3124 1377 3180; baseline 0.008 -19"><span class='ocrx_word' id='word_1_537' title='bbox 377 3125 481 3175; x_wconf 91' lang='lat' dir='ltr'>quod</span> <span class='ocrx_word' id='word_1_538' title='bbox 500 3124 629 3162; x_wconf 91' lang='lat' dir='ltr'>timeat</span> <span class='ocrx_word' id='word_1_539' title='bbox 646 3140 654 3163; x_wconf 75' lang='lat' dir='ltr'><strong><em>z</em></strong></span> <span class='ocrx_word' id='word_1_540' title='bbox 673 3135 709 3163; x_wconf 89' lang='lat' dir='ltr'>et</span> <span class='ocrx_word' id='word_1_541' title='bbox 726 3127 777 3164; x_wconf 89' lang='lat' dir='ltr'>sic</span> <span class='ocrx_word' id='word_1_542' title='bbox 798 3128 981 3165; x_wconf 87' lang='lat' dir='ltr'>accedens</span> <span class='ocrx_word' id='word_1_543' title='bbox 999 3129 1045 3166; x_wconf 85' lang='lat' dir='ltr'>ad</span> <span class='ocrx_word' id='word_1_544' title='bbox 1060 3131 1184 3168; x_wconf 88' lang='lat' dir='ltr'>Solem</span> <span class='ocrx_word' id='word_1_545' title='bbox 1201 3130 1377 3180; x_wconf 67' lang='lat' dir='ltr'>justitiae,</span> 
     </span>
    </p>
   </div>
   <div class='ocr_carea' id='block_1_14' title="bbox 1446 1871 2458 2522">
    <p class='ocr_par' dir='ltr' id='par_1_16' title="bbox 1446 1871 2456 2208">
     <span class='ocr_line' id='line_1_76' title="bbox 1446 1871 2456 1922; baseline -0.001 -13"><span class='ocrx_word' id='word_1_546' title='bbox 1446 1882 1718 1910; x_wconf 84' lang='lat' dir='ltr'>cataractarum</span> <span class='ocrx_word' id='word_1_547' title='bbox 1745 1887 1920 1920; x_wconf 86' lang='lat' dir='ltr'>suarum,</span> <span class='ocrx_word' id='word_1_548' title='bbox 1943 1887 2028 1910; x_wconf 89' lang='lat' dir='ltr'>cum</span> <span class='ocrx_word' id='word_1_549' title='bbox 2053 1873 2090 1909; x_wconf 90' lang='lat' dir='ltr'>in</span> <span class='ocrx_word' id='word_1_550' title='bbox 2119 1881 2265 1909; x_wconf 87' lang='lat' dir='ltr'>terrore</span> <span class='ocrx_word' id='word_1_551' title='bbox 2285 1871 2456 1922; x_wconf 88' lang='lat' dir='ltr'>judicio-</span> 
     </span>
     <span class='ocr_line' id='line_1_77' title="bbox 1447 1933 2456 1978; baseline -0.001 -9"><span class='ocrx_word' id='word_1_552' title='bbox 1447 1946 1531 1969; x_wconf 89' lang='lat' dir='ltr'>rum</span> <span class='ocrx_word' id='word_1_553' title='bbox 1553 1947 1711 1970; x_wconf 90' lang='lat' dir='ltr'>suorum</span> <span class='ocrx_word' id='word_1_554' title='bbox 1736 1935 1920 1970; x_wconf 87' lang='lat' dir='ltr'>immensa</span> <span class='ocrx_word' id='word_1_555' title='bbox 1943 1933 2007 1970; x_wconf 90' lang='lat' dir='ltr'>illa</span> <span class='ocrx_word' id='word_1_556' title='bbox 2031 1933 2240 1978; x_wconf 80' lang='lat' dir='ltr'>aeternitas,</span> <span class='ocrx_word' id='word_1_557' title='bbox 2261 1940 2299 1969; x_wconf 89' lang='lat' dir='ltr'>et</span> <span class='ocrx_word' id='word_1_558' title='bbox 2315 1940 2456 1969; x_wconf 85' lang='lat' dir='ltr'>aeterna</span> 
     </span>
     <span class='ocr_line' id='line_1_78' title="bbox 1447 1992 2455 2042; baseline -0.001 -14"><span class='ocrx_word' id='word_1_559' title='bbox 1447 1993 1703 2038; x_wconf 86' lang='lat' dir='ltr'>immensitas,</span> <span class='ocrx_word' id='word_1_560' title='bbox 1728 1992 1836 2042; x_wconf 88' lang='lat' dir='ltr'>cujus</span> <span class='ocrx_word' id='word_1_561' title='bbox 1859 1993 2055 2042; x_wconf 83' lang='lat' dir='ltr'>sapientiae</span> <span class='ocrx_word' id='word_1_562' title='bbox 2080 2005 2157 2028; x_wconf 92' lang='lat' dir='ltr'>non</span> <span class='ocrx_word' id='word_1_563' title='bbox 2182 2000 2239 2028; x_wconf 90' lang='lat' dir='ltr'>est</span> <span class='ocrx_word' id='word_1_564' title='bbox 2254 2003 2455 2037; x_wconf 88' lang='lat' dir='ltr'>numerus,</span> 
     </span>
     <span class='ocr_line' id='line_1_79' title="bbox 1447 2050 2456 2101; baseline 0.001 -14"><span class='ocrx_word' id='word_1_565' title='bbox 1447 2065 1514 2087; x_wconf 88' lang='lat' dir='ltr'>cor</span> <span class='ocrx_word' id='word_1_566' title='bbox 1540 2051 1705 2088; x_wconf 87' lang='lat' dir='ltr'>hominis</span> <span class='ocrx_word' id='word_1_567' title='bbox 1727 2065 1890 2101; x_wconf 84' lang='lat' dir='ltr'>pravum</span> <span class='ocrx_word' id='word_1_568' title='bbox 1924 2060 1962 2088; x_wconf 91' lang='lat' dir='ltr'>et</span> <span class='ocrx_word' id='word_1_569' title='bbox 1990 2050 2237 2088; x_wconf 86' lang='lat' dir='ltr'>inscrutabile</span> <span class='ocrx_word' id='word_1_570' title='bbox 2267 2051 2362 2087; x_wconf 88' lang='lat' dir='ltr'>mira</span> <span class='ocrx_word' id='word_1_571' title='bbox 2391 2064 2456 2088; x_wconf 88' lang='lat' dir='ltr'>sua</span> 
     </span>
     <span class='ocr_line' id='line_1_80' title="bbox 1446 2109 2455 2161; baseline 0 -15"><span class='ocrx_word' id='word_1_572' title='bbox 1446 2109 1617 2148; x_wconf 89' lang='lat' dir='ltr'>bonitate</span> <span class='ocrx_word' id='word_1_573' title='bbox 1634 2120 1672 2148; x_wconf 89' lang='lat' dir='ltr'>et</span> <span class='ocrx_word' id='word_1_574' title='bbox 1688 2112 1859 2161; x_wconf 84' lang='lat' dir='ltr'>potentia</span> <span class='ocrx_word' id='word_1_575' title='bbox 1876 2110 2005 2148; x_wconf 89' lang='lat' dir='ltr'>educit</span> <span class='ocrx_word' id='word_1_576' title='bbox 2022 2112 2061 2148; x_wconf 88' lang='lat' dir='ltr'>in</span> <span class='ocrx_word' id='word_1_577' title='bbox 2080 2110 2303 2148; x_wconf 89' lang='lat' dir='ltr'>admirabile</span> <span class='ocrx_word' id='word_1_578' title='bbox 2325 2109 2455 2147; x_wconf 90' lang='lat' dir='ltr'>lumen</span> 
     </span>
     <span class='ocr_line' id='line_1_81' title="bbox 1448 2184 1573 2208; baseline 0 -1"><span class='ocrx_word' id='word_1_579' title='bbox 1448 2184 1573 2208; x_wconf 86' lang='lat' dir='ltr'>suum.</span> 
     </span>
    </p>

    <p class='ocr_par' dir='ltr' id='par_1_17' title="bbox 1446 2231 2458 2522">
     <span class='ocr_line' id='line_1_82' title="bbox 1501 2231 2455 2282; baseline -0.002 -13"><span class='ocrx_word' id='word_1_580' title='bbox 1501 2234 1536 2269; x_wconf 83' lang='lat'>6.</span> <span class='ocrx_word' id='word_1_581' title='bbox 1553 2231 1667 2269; x_wconf 80' lang='lat' dir='ltr'>Verbi</span> <span class='ocrx_word' id='word_1_582' title='bbox 1687 2232 1818 2282; x_wconf 85' lang='lat' dir='ltr'>gratia,</span> <span class='ocrx_word' id='word_1_583' title='bbox 1831 2244 2020 2281; x_wconf 87' lang='lat' dir='ltr'>ponamus</span> <span class='ocrx_word' id='word_1_584' title='bbox 2035 2231 2230 2270; x_wconf 86' lang='lat' dir='ltr'>hominem</span> <span class='ocrx_word' id='word_1_585' title='bbox 2244 2231 2284 2268; x_wconf 86' lang='lat' dir='ltr'>in</span> <span class='ocrx_word' id='word_1_586' title='bbox 2300 2232 2455 2276; x_wconf 87' lang='lat' dir='ltr'>saeculo,</span> 
     </span>
     <span class='ocr_line' id='line_1_83' title="bbox 1446 2291 2458 2340; baseline -0.002 -11"><span class='ocrx_word' id='word_1_587' title='bbox 1446 2293 1571 2330; x_wconf 87' lang='lat' dir='ltr'>saeculi</span> <span class='ocrx_word' id='word_1_588' title='bbox 1594 2293 1718 2329; x_wconf 87' lang='lat' dir='ltr'>adhuc</span> <span class='ocrx_word' id='word_1_589' title='bbox 1739 2301 1776 2329; x_wconf 91' lang='lat' dir='ltr'>et</span> <span class='ocrx_word' id='word_1_590' title='bbox 1804 2305 1880 2329; x_wconf 89' lang='lat' dir='ltr'>suae</span> <span class='ocrx_word' id='word_1_591' title='bbox 1901 2291 2025 2328; x_wconf 89' lang='lat' dir='ltr'>carnis</span> <span class='ocrx_word' id='word_1_592' title='bbox 2045 2303 2175 2328; x_wconf 86' lang='lat' dir='ltr'>amore</span> <span class='ocrx_word' id='word_1_593' title='bbox 2195 2299 2404 2337; x_wconf 86' lang='lat' dir='ltr'>retentum,</span> <span class='ocrx_word' id='word_1_594' title='bbox 2419 2298 2458 2340; x_wconf 81' lang='lat' dir='ltr'>et</span> 
     </span>
     <span class='ocr_line' id='line_1_84' title="bbox 1447 2350 2456 2401; baseline -0.003 -10"><span class='ocrx_word' id='word_1_595' title='bbox 1447 2367 1533 2391; x_wconf 90' lang='lat' dir='ltr'>cum</span> <span class='ocrx_word' id='word_1_596' title='bbox 1551 2353 1740 2390; x_wconf 86' lang='lat' dir='ltr'>terrestris</span> <span class='ocrx_word' id='word_1_597' title='bbox 1759 2352 1924 2389; x_wconf 86' lang='lat' dir='ltr'>hominis</span> <span class='ocrx_word' id='word_1_598' title='bbox 1944 2351 2146 2401; x_wconf 83' lang='lat' dir='ltr'>imaginem</span> <span class='ocrx_word' id='word_1_599' title='bbox 2169 2360 2317 2401; x_wconf 89' lang='lat' dir='ltr'>portet,</span> <span class='ocrx_word' id='word_1_600' title='bbox 2346 2350 2456 2389; x_wconf 80' lang='lat' dir='ltr'>incu-</span> 
     </span>
     <span class='ocr_line' id='line_1_85' title="bbox 1447 2411 2455 2462; baseline -0.001 -11"><span class='ocrx_word' id='word_1_601' title='bbox 1447 2413 1599 2451; x_wconf 87' lang='lat' dir='ltr'>bantem</span> <span class='ocrx_word' id='word_1_602' title='bbox 1621 2413 1802 2458; x_wconf 88' lang='lat' dir='ltr'>terrenis,</span> <span class='ocrx_word' id='word_1_603' title='bbox 1826 2412 1878 2449; x_wconf 91' lang='lat' dir='ltr'>nil</span> <span class='ocrx_word' id='word_1_604' title='bbox 1911 2412 1957 2448; x_wconf 91' lang='lat' dir='ltr'>de</span> <span class='ocrx_word' id='word_1_605' title='bbox 1977 2411 2193 2449; x_wconf 85' lang='lat' dir='ltr'>coelestibus</span> <span class='ocrx_word' id='word_1_606' title='bbox 2212 2412 2455 2462; x_wconf 83' lang='lat' dir='ltr'>cogitantem.</span> 
     </span>
     <span class='ocr_line' id='line_1_86' title="bbox 1447 2472 2455 2522; baseline -0.002 -12"><span class='ocrx_word' id='word_1_607' title='bbox 1447 2474 1540 2522; x_wconf 87' lang='lat' dir='ltr'>Quis</span> <span class='ocrx_word' id='word_1_608' title='bbox 1573 2473 1673 2509; x_wconf 86' lang='lat' dir='ltr'>hunc</span> <span class='ocrx_word' id='word_1_609' title='bbox 1706 2486 1783 2509; x_wconf 90' lang='lat' dir='ltr'>non</span> <span class='ocrx_word' id='word_1_610' title='bbox 1804 2472 1931 2509; x_wconf 86' lang='lat' dir='ltr'>videat</span> <span class='ocrx_word' id='word_1_611' title='bbox 1950 2472 2155 2509; x_wconf 81' lang='lat' dir='ltr'>horrendis</span> <span class='ocrx_word' id='word_1_612' title='bbox 2183 2472 2455 2509; x_wconf 82' lang='lat' dir='ltr'>circumfusum</span> 
     </span>
    </p>
   </div>
   <div class='ocr_carea' id='block_1_15' title="bbox 375 2531 2533 2645">
    <p class='ocr_par' dir='ltr' id='par_1_18' title="bbox 375 2531 2533 2645">
     <span class='ocr_line' id='line_1_87' title="bbox 1449 2531 2533 2582; baseline -0.003 -11"><span class='ocrx_word' id='word_1_613' title='bbox 1449 2533 1633 2578; x_wconf 87' lang='lat' dir='ltr'>tenebris,</span> <span class='ocrx_word' id='word_1_614' title='bbox 1658 2533 1728 2570; x_wconf 88' lang='lat' dir='ltr'>nisi</span> <span class='ocrx_word' id='word_1_615' title='bbox 1744 2532 1808 2582; x_wconf 90' lang='lat' dir='ltr'>qui</span> <span class='ocrx_word' id='word_1_616' title='bbox 1822 2533 1861 2569; x_wconf 91' lang='lat' dir='ltr'>in</span> <span class='ocrx_word' id='word_1_617' title='bbox 1879 2532 2010 2569; x_wconf 86' lang='lat' dir='ltr'>eadem</span> <span class='ocrx_word' id='word_1_618' title='bbox 2028 2533 2161 2568; x_wconf 84' lang='lat' dir='ltr'>mortis</span> <span class='ocrx_word' id='word_1_619' title='bbox 2178 2531 2313 2569; x_wconf 90' lang='lat' dir='ltr'>umbra</span> <span class='ocrx_word' id='word_1_620' title='bbox 2328 2532 2458 2569; x_wconf 81' lang='lat' dir='ltr'>sedet?</span> <span class='ocrx_word' id='word_1_621' title='bbox 2506 2550 2508 2555; x_wconf 95' lang='lat'>·</span> <span class='ocrx_word' id='word_1_622' title='bbox 2530 2549 2533 2558; x_wconf 74' lang='lat'>‹</span> 
     </span>
     <span class='ocr_line' id='line_1_88' title="bbox 375 2586 2530 2645; baseline 0.004 -24"><span class='ocrx_word' id='word_1_623' title='bbox 375 2586 595 2623; x_wconf 80' lang='lat' dir='ltr'>diffidentiae</span> <span class='ocrx_word' id='word_1_624' title='bbox 611 2616 620 2633; x_wconf 86' lang='lat'>‚</span> <span class='ocrx_word' id='word_1_625' title='bbox 646 2587 774 2624; x_wconf 73' lang='lat' dir='ltr'>evadit</span> <span class='ocrx_word' id='word_1_626' title='bbox 796 2589 834 2624; x_wconf 89' lang='lat' dir='ltr'>in</span> <span class='ocrx_word' id='word_1_627' title='bbox 858 2603 997 2626; x_wconf 79' lang='lat' dir='ltr'>novam</span> <span class='ocrx_word' id='word_1_628' title='bbox 1020 2590 1117 2627; x_wconf 85' lang='lat' dir='ltr'>hanc</span> <span class='ocrx_word' id='word_1_629' title='bbox 1143 2591 1265 2628; x_wconf 89' lang='lat' dir='ltr'>lucem</span> <span class='ocrx_word' id='word_1_630' title='bbox 1288 2592 1380 2629; x_wconf 84' lang='lat' dir='ltr'>lucis</span> <span class='ocrx_word' id='word_1_631' title='bbox 1399 2598 1432 2631; x_wconf 93' lang='lat' dir='ltr'>D</span> <span class='ocrx_word' id='word_1_632' title='bbox 1449 2595 1592 2644; x_wconf 90' lang='lat' dir='ltr'>quippe</span> <span class='ocrx_word' id='word_1_633' title='bbox 1624 2593 1683 2630; x_wconf 90' lang='lat' dir='ltr'>cui</span> <span class='ocrx_word' id='word_1_634' title='bbox 1715 2594 1863 2630; x_wconf 88' lang='lat' dir='ltr'>nullum</span> <span class='ocrx_word' id='word_1_635' title='bbox 1897 2592 2020 2629; x_wconf 87' lang='lat' dir='ltr'>adhuc</span> <span class='ocrx_word' id='word_1_636' title='bbox 2050 2606 2127 2629; x_wconf 88' lang='lat' dir='ltr'>suae</span> <span class='ocrx_word' id='word_1_637' title='bbox 2153 2593 2284 2630; x_wconf 88' lang='lat' dir='ltr'>salutis</span> <span class='ocrx_word' id='word_1_638' title='bbox 2303 2593 2454 2643; x_wconf 84' lang='lat' dir='ltr'>signum</span> <span class='ocrx_word' id='word_1_639' title='bbox 2506 2617 2530 2645; x_wconf 63' lang='lat'>1&#39;</span> 
     </span>
    </p>
   </div>
   <div class='ocr_carea' id='block_1_16' title="bbox 1447 2650 2507 2702">
    <p class='ocr_par' dir='ltr' id='par_1_19' title="bbox 1447 2650 2507 2702">
     <span class='ocr_line' id='line_1_89' title="bbox 1447 2650 2507 2702; baseline 0 -12"><span class='ocrx_word' id='word_1_640' title='bbox 1447 2654 1628 2699; x_wconf 76' lang='lat' dir='ltr'>eluxerit3</span> <span class='ocrx_word' id='word_1_641' title='bbox 1647 2653 1706 2690; x_wconf 89' lang='lat' dir='ltr'>cui</span> <span class='ocrx_word' id='word_1_642' title='bbox 1727 2653 1889 2689; x_wconf 81' lang='lat' dir='ltr'>necdum</span> <span class='ocrx_word' id='word_1_643' title='bbox 1908 2652 1947 2688; x_wconf 91' lang='lat' dir='ltr'>in</span> <span class='ocrx_word' id='word_1_644' title='bbox 1968 2653 2096 2702; x_wconf 88' lang='lat' dir='ltr'>aliquo</span> <span class='ocrx_word' id='word_1_645' title='bbox 2122 2652 2273 2689; x_wconf 85' lang='lat' dir='ltr'>interna</span> <span class='ocrx_word' id='word_1_646' title='bbox 2297 2661 2456 2690; x_wconf 83' lang='lat' dir='ltr'>testetur</span> <span class='ocrx_word' id='word_1_647' title='bbox 2504 2650 2507 2655; x_wconf 60' lang='lat'>¹</span> 
     </span>
    </p>
   </div>
   <div class='ocr_carea' id='block_1_17' title="bbox 1446 2713 2455 3185">
    <p class='ocr_par' dir='ltr' id='par_1_20' title="bbox 1446 2713 2455 3185">
     <span class='ocr_line' id='line_1_90' title="bbox 1447 2713 2454 2763; baseline 0.001 -14"><span class='ocrx_word' id='word_1_648' title='bbox 1447 2714 1645 2763; x_wconf 83' lang='lat' dir='ltr'>inspiratio</span> <span class='ocrx_word' id='word_1_649' title='bbox 1659 2742 1668 2758; x_wconf 93' lang='lat'>,</span> <span class='ocrx_word' id='word_1_650' title='bbox 1699 2727 1745 2750; x_wconf 88' lang='lat' dir='ltr'>an</span> <span class='ocrx_word' id='word_1_651' title='bbox 1766 2713 1859 2749; x_wconf 90' lang='lat' dir='ltr'>boni</span> <span class='ocrx_word' id='word_1_652' title='bbox 1889 2713 1935 2750; x_wconf 88' lang='lat' dir='ltr'>de</span> <span class='ocrx_word' id='word_1_653' title='bbox 1955 2726 1994 2750; x_wconf 89' lang='lat' dir='ltr'>se</span> <span class='ocrx_word' id='word_1_654' title='bbox 2015 2713 2211 2763; x_wconf 88' lang='lat' dir='ltr'>quidpiam</span> <span class='ocrx_word' id='word_1_655' title='bbox 2232 2721 2375 2750; x_wconf 84' lang='lat' dir='ltr'>aeterna</span> <span class='ocrx_word' id='word_1_656' title='bbox 2400 2721 2454 2750; x_wconf 85' lang='lat' dir='ltr'>te-</span> 
     </span>
     <span class='ocr_line' id='line_1_91' title="bbox 1448 2772 2455 2824; baseline 0 -15"><span class='ocrx_word' id='word_1_657' title='bbox 1448 2782 1535 2809; x_wconf 88' lang='lat' dir='ltr'>neat</span> <span class='ocrx_word' id='word_1_658' title='bbox 1556 2773 1854 2824; x_wconf 72' lang='lat' dir='ltr'>praedestinatio.</span> <span class='ocrx_word' id='word_1_659' title='bbox 1873 2779 1922 2811; x_wconf 84' lang='lat' dir='ltr'>At</span> <span class='ocrx_word' id='word_1_660' title='bbox 1939 2787 2030 2810; x_wconf 83' lang='lat' dir='ltr'>vero</span> <span class='ocrx_word' id='word_1_661' title='bbox 2047 2774 2077 2810; x_wconf 91' lang='lat' dir='ltr'>si</span> <span class='ocrx_word' id='word_1_662' title='bbox 2094 2786 2259 2824; x_wconf 86' lang='lat' dir='ltr'>superna</span> <span class='ocrx_word' id='word_1_663' title='bbox 2274 2786 2360 2810; x_wconf 90' lang='lat' dir='ltr'>eum</span> <span class='ocrx_word' id='word_1_664' title='bbox 2381 2772 2455 2809; x_wconf 89' lang='lat' dir='ltr'>mi-</span> 
     </span>
     <span class='ocr_line' id='line_1_92' title="bbox 1449 2833 2454 2883; baseline -0.001 -13"><span class='ocrx_word' id='word_1_665' title='bbox 1449 2835 1586 2870; x_wconf 85' lang='lat' dir='ltr'>seratio</span> <span class='ocrx_word' id='word_1_666' title='bbox 1621 2834 1820 2883; x_wconf 78' lang='lat' dir='ltr'>dignanter</span> <span class='ocrx_word' id='word_1_667' title='bbox 1851 2834 2083 2883; x_wconf 88' lang='lat' dir='ltr'>quandoque</span> <span class='ocrx_word' id='word_1_668' title='bbox 2113 2833 2347 2883; x_wconf 86' lang='lat' dir='ltr'>respexerit,</span> <span class='ocrx_word' id='word_1_669' title='bbox 2382 2833 2454 2869; x_wconf 90' lang='lat' dir='ltr'>im—</span> 
     </span>
     <span class='ocr_line' id='line_1_93' title="bbox 1449 2893 2454 2944; baseline -0.001 -14"><span class='ocrx_word' id='word_1_670' title='bbox 1449 2894 1667 2943; x_wconf 82' lang='lat' dir='ltr'>miseritque</span> <span class='ocrx_word' id='word_1_671' title='bbox 1698 2894 1875 2944; x_wconf 87' lang='lat' dir='ltr'>spiritum</span> <span class='ocrx_word' id='word_1_672' title='bbox 1907 2893 2237 2944; x_wconf 82' lang='lat' dir='ltr'>compunctioniS,</span> <span class='ocrx_word' id='word_1_673' title='bbox 2267 2902 2454 2942; x_wconf 88' lang='lat' dir='ltr'>quatenus</span> 
     </span>
     <span class='ocr_line' id='line_1_94' title="bbox 1446 2951 2454 3004; baseline -0.001 -15"><span class='ocrx_word' id='word_1_674' title='bbox 1446 2953 1667 3003; x_wconf 77' lang='lat' dir='ltr'>ingemiscat</span> <span class='ocrx_word' id='word_1_675' title='bbox 1697 2962 1733 2990; x_wconf 90' lang='lat' dir='ltr'>et</span> <span class='ocrx_word' id='word_1_676' title='bbox 1756 2953 1975 3004; x_wconf 83' lang='lat' dir='ltr'>resipiscat,</span> <span class='ocrx_word' id='word_1_677' title='bbox 2008 2961 2129 2990; x_wconf 87' lang='lat' dir='ltr'>mutet</span> <span class='ocrx_word' id='word_1_678' title='bbox 2150 2953 2267 2989; x_wconf 73' lang='lat' dir='ltr'>vitam</span> <span class='ocrx_word' id='word_1_679' title='bbox 2285 2981 2294 2997; x_wconf 94' lang='lat'>,</span> <span class='ocrx_word' id='word_1_680' title='bbox 2325 2951 2454 2988; x_wconf 83' lang='lat' dir='ltr'>domet</span> 
     </span>
     <span class='ocr_line' id='line_1_95' title="bbox 1449 3011 2450 3063; baseline -0.002 -13"><span class='ocrx_word' id='word_1_681' title='bbox 1449 3027 1620 3060; x_wconf 88' lang='lat' dir='ltr'>carnem,</span> <span class='ocrx_word' id='word_1_682' title='bbox 1649 3022 1748 3050; x_wconf 90' lang='lat' dir='ltr'>amet</span> <span class='ocrx_word' id='word_1_683' title='bbox 1775 3014 1995 3063; x_wconf 82' lang='lat' dir='ltr'>proximum</span> <span class='ocrx_word' id='word_1_684' title='bbox 2013 3042 2024 3059; x_wconf 90' lang='lat'>‚</span> <span class='ocrx_word' id='word_1_685' title='bbox 2063 3013 2200 3050; x_wconf 89' lang='lat' dir='ltr'>clamet</span> <span class='ocrx_word' id='word_1_686' title='bbox 2229 3011 2276 3049; x_wconf 87' lang='lat' dir='ltr'>ad</span> <span class='ocrx_word' id='word_1_687' title='bbox 2303 3015 2450 3057; x_wconf 89' lang='lat' dir='ltr'>Deum,</span> 
     </span>
     <span class='ocr_line' id='line_1_96' title="bbox 1447 3073 2450 3125; baseline -0.002 -14"><span class='ocrx_word' id='word_1_688' title='bbox 1447 3083 1716 3125; x_wconf 87' lang='lat' dir='ltr'>proponatque</span> <span class='ocrx_word' id='word_1_689' title='bbox 1731 3075 1778 3111; x_wconf 90' lang='lat' dir='ltr'>de</span> <span class='ocrx_word' id='word_1_690' title='bbox 1793 3083 1931 3111; x_wconf 85' lang='lat' dir='ltr'>caetero</span> <span class='ocrx_word' id='word_1_691' title='bbox 1947 3074 2075 3110; x_wconf 84' lang='lat' dir='ltr'>vivere</span> <span class='ocrx_word' id='word_1_692' title='bbox 2091 3076 2186 3119; x_wconf 91' lang='lat' dir='ltr'>Deo,</span> <span class='ocrx_word' id='word_1_693' title='bbox 2199 3086 2277 3110; x_wconf 90' lang='lat' dir='ltr'>non</span> <span class='ocrx_word' id='word_1_694' title='bbox 2291 3073 2450 3110; x_wconf 87' lang='lat' dir='ltr'>saeculo:</span> 
     </span>
     <span class='ocr_line' id='line_1_97' title="bbox 1448 3132 2452 3185; baseline -0.002 -14"><span class='ocrx_word' id='word_1_695' title='bbox 1448 3147 1494 3170; x_wconf 82' lang='lat' dir='ltr'>ex</span> <span class='ocrx_word' id='word_1_696' title='bbox 1515 3148 1589 3184; x_wconf 89' lang='lat' dir='ltr'>qua</span> <span class='ocrx_word' id='word_1_697' title='bbox 1618 3134 1754 3171; x_wconf 89' lang='lat' dir='ltr'>deinde</span> <span class='ocrx_word' id='word_1_698' title='bbox 1780 3134 1937 3185; x_wconf 90' lang='lat' dir='ltr'>superni</span> <span class='ocrx_word' id='word_1_699' title='bbox 1958 3134 2113 3171; x_wconf 91' lang='lat' dir='ltr'>luminis</span> <span class='ocrx_word' id='word_1_700' title='bbox 2142 3133 2305 3184; x_wconf 88' lang='lat' dir='ltr'>gratuita</span> <span class='ocrx_word' id='word_1_701' title='bbox 2321 3132 2452 3169; x_wconf 86' lang='lat' dir='ltr'>visita-</span> 
     </span>
    </p>
   </div>
   <div class='ocr_carea' id='block_1_18' title="bbox 375 3261 2450 3353">
    <p class='ocr_par' dir='ltr' id='par_1_21' title="bbox 375 3261 2450 3353">
     <span class='ocr_line' id='line_1_98' title="bbox 430 3261 2450 3305; baseline 0.002 -16"><span class='ocrx_word' id='word_1_702' title='bbox 430 3263 438 3278; x_wconf 91' lang='lat'>¹</span> <span class='ocrx_word' id='word_1_703' title='bbox 461 3261 553 3290; x_wconf 80' lang='lat' dir='ltr'>Rom.</span> <span class='ocrx_word' id='word_1_704' title='bbox 566 3270 621 3298; x_wconf 81' lang='lat' dir='ltr'>xx,</span> <span class='ocrx_word' id='word_1_705' title='bbox 637 3262 692 3292; x_wconf 78' lang='grc'>34.</span> <span class='ocrx_word' id='word_1_706' title='bbox 715 3280 759 3283; x_wconf 84' lang='grc'>-</span> <span class='ocrx_word' id='word_1_707' title='bbox 776 3266 788 3282; x_wconf 83' lang='lat'><em>²</em></span> <span class='ocrx_word' id='word_1_708' title='bbox 804 3262 1408 3304; x_wconf 68' lang='lat' dir='ltr'>Joan.1‚18.—3Luc.v111‚8,10.</span> <span class='ocrx_word' id='word_1_709' title='bbox 1432 3286 1474 3290; x_wconf 87' lang='lat'>—</span> <span class='ocrx_word' id='word_1_710' title='bbox 1492 3268 1573 3299; x_wconf 61' lang='lat'>4111.</span> <span class='ocrx_word' id='word_1_711' title='bbox 1596 3281 1664 3305; x_wconf 75' lang='grc' dir='ltr'>ιιι,</span> <span class='ocrx_word' id='word_1_712' title='bbox 1694 3271 1747 3300; x_wconf 84' lang='lat'>32.</span> <span class='ocrx_word' id='word_1_713' title='bbox 1765 3288 1810 3291; x_wconf 93' lang='lat'>——</span> <span class='ocrx_word' id='word_1_714' title='bbox 1830 3266 1998 3300; x_wconf 84' lang='lat' dir='ltr'>⁵Malach.</span> <span class='ocrx_word' id='word_1_715' title='bbox 2022 3278 2068 3305; x_wconf 80' lang='lat' dir='ltr'>tv,</span> <span class='ocrx_word' id='word_1_716' title='bbox 2086 3271 2117 3298; x_wconf 89' lang='lat'>2.</span> <span class='ocrx_word' id='word_1_717' title='bbox 2137 3264 2210 3290; x_wconf 74' lang='lat'>—6</span> <span class='ocrx_word' id='word_1_718' title='bbox 2227 3266 2309 3297; x_wconf 83' lang='lat' dir='ltr'>Psal.</span> <span class='ocrx_word' id='word_1_719' title='bbox 2327 3275 2450 3299; x_wconf 81' lang='lat' dir='ltr'>cxvm.</span> 
     </span>
     <span class='ocr_line' id='line_1_99' title="bbox 375 3312 1563 3353; baseline 0.008 -12"><span class='ocrx_word' id='word_1_720' title='bbox 375 3314 427 3341; x_wconf 73' lang='lat'>613.</span> <span class='ocrx_word' id='word_1_721' title='bbox 446 3330 485 3333; x_wconf 54' lang='grc'>-«</span> <span class='ocrx_word' id='word_1_722' title='bbox 504 3318 516 3341; x_wconf 75' lang='lat'>&#39;5</span> <span class='ocrx_word' id='word_1_723' title='bbox 536 3315 629 3343; x_wconf 78' lang='lat' dir='ltr'>Rom.</span> <span class='ocrx_word' id='word_1_724' title='bbox 650 3325 674 3349; x_wconf 88' lang='lat'>1,</span> <span class='ocrx_word' id='word_1_725' title='bbox 699 3316 804 3344; x_wconf 63' lang='lat' dir='ltr'>w.—</span> <span class='ocrx_word' id='word_1_726' title='bbox 825 3312 1152 3353; x_wconf 45' lang='grc' dir='ltr'>81)5(’11.οιι,17.Ἠ</span> <span class='ocrx_word' id='word_1_727' title='bbox 1170 3321 1287 3348; x_wconf 66' lang='lat' dir='ltr'>aRom.</span> <span class='ocrx_word' id='word_1_728' title='bbox 1319 3330 1398 3353; x_wconf 70' lang='lat' dir='ltr'>xxii,</span> <span class='ocrx_word' id='word_1_729' title='bbox 1426 3322 1478 3351; x_wconf 67' lang='lat'>29.</span> <span class='ocrx_word' id='word_1_730' title='bbox 1512 3325 1563 3351; x_wconf 61' lang='grc' dir='ltr'>ΙΝ).</span> 
     </span>
    </p>
   </div>
  </div>
 </body>
</html>
