2533 3920
366 230 440 268 263

365 306 613 359 progredior;
645 313 683 342 et
718 303 808 340 (lum
849 303 963 352 cupio
999 299 1066 337 tibi
1101 298 1368 337 commendare
1384 296 1417 316 ⁹⁰

365 368 576 413 silentium,
600 373 733 402 contra
764 363 955 400 silentium
987 374 1055 412 per
1089 359 1373 409 multiloquium
1395 360 1423 393 A

364 442 507 480 pugno.
529 426 753 466 Guerricum
776 432 948 460 nostrum
963 422 992 468 *,
1010 421 1056 458 de
1081 419 1189 469 cujus
1209 431 1373 456 conver-

367 491 510 528 satione
527 496 565 525 et
581 485 805 537 poenitentia
825 482 1013 520 consolari
1031 480 1221 518 desideras
1234 509 1242 525 ,
1255 492 1375 529 quan-

366 560 446 587 tum
479 562 524 586 ex
556 545 742 584 fructibus
777 545 858 594 ejus
889 542 1185 594 perpendimus,
1219 539 1373 576 noveris

365 615 447 648 Deo
479 609 591 658 digne
624 605 861 650 conversari,
895 604 1105 653 dignosque
1137 600 1372 652 poenitentiae

366 671 488 708 facere
524 670 679 705 fructus,
714 665 903 704 Libellum
934 672 1084 709 autem,
1110 675 1224 712 quem
1255 674 1275 697 a
1313 673 1373 696 me

365 731 507 780 exigis,
537 741 655 779 penes
685 739 745 763 me
783 724 899 762 modo
932 736 1009 760 non
1044 721 1178 759 habeo.
1210 720 1374 769 Quidam

366 791 467 827 enim
485 789 626 826 amicus
643 795 772 823 noster
787 784 922 821 eodem
944 783 1042 829 zelo,
1059 794 1136 831 quo
1156 790 1195 817 tu
1213 780 1374 829 flagitas,

367 850 433 887 diu
454 857 510 886 est
528 846 632 897 quod
657 845 758 896 apud
779 857 818 881 se
838 844 945 880 illum
968 841 1122 878 detinet.
1143 839 1213 877 Sed
1235 852 1282 875 ne
1304 847 1376 876 tuae

365 909 516 960 pietatis
537 914 552 929 ²¹
575 906 802 956 petitionem
829 903 932 940 abire
964 901 1087 951 patiar
1116 900 1275 936 omnino
1297 899 1377 935 fru-

366 977 542 1012 stratam,
571 966 686 1002 alium
712 976 836 1013 nuper
856 976 877 998 a
896 975 956 998 me
983 960 1148 1005 editum,
1171 960 1209 995 in
1236 957 1378 995 Laudi-

365 1028 437 1064 bus
466 1024 630 1074 Virginis
659 1023 789 1059 matris
802 1020 833 1068 ¹³,
858 1020 927 1057 tibi
958 1019 1173 1057 transmitto
1200 1033 1208 1056 ε
1235 1030 1348 1068 quem
1366 1045 1376 1063 ,

366 1088 455 1138 quia
475 1085 556 1135 ejus
570 1084 765 1134 exemplar
781 1095 858 1119 non
883 1090 993 1118 teneo
1007 1109 1016 1126 ‚
1040 1093 1134 1129 rogo
1154 1088 1195 1116 ut
1212 1087 1379 1129 quanto-
1396 1079 1423 1113 B

366 1149 445 1185 cius
466 1146 512 1183 ad
531 1158 590 1182 me
608 1145 795 1190 remittas;
813 1143 893 1190 vel,
910 1142 939 1178 si
958 1141 1143 1178 maturius
1159 1139 1374 1184 adveneris,

366 1209 446 1259 ipse
470 1206 617 1243 deferas
646 1213 784 1241 tecum.

381 1351 869 1364 ===s¹========vss====v=vs===st=2=s==
1307 1347 1376 1356 §mxu

592 1472 964 1531 EPISTOLA
1007 1469 1153 1529 XC.c

748 1635 793 1656 AD
829 1634 1006 1657 EUMDEM.

368 1762 478 1794 Amori
503 1760 623 1792 sincero
643 1770 708 1790 non
730 1769 808 1801 opus
827 1768 892 1789 esse
909 1755 1038 1799 prolixis
1056 1756 1167 1788 litteris
1179 1781 1186 1795 ‚
1207 1763 1259 1788 aut
1275 1756 1380 1787 multis

415 1815 520 1847 verbis
549 1825 556 1846 :
589 1824 683 1856 seque
711 1824 728 1844 e
754 1811 931 1843 valetudine
962 1810 1191 1853 propemodum
1217 1810 1381 1852 desperata

417 1870 645 1901 convalescere.
1399 1869 1426 1905 C

429 1993 460 2028 1.
477 1993 615 2027 Breves
635 1986 816 2024 brevibus
843 1983 992 2023 reddidi
1019 1985 1181 2031 litteras,
1211 1984 1380 2021 occasio-

371 2065 457 2088 nem
498 2051 630 2101 utique
666 2049 835 2085 breviter
874 2045 1108 2084 rescribendi
1146 2045 1192 2082 de
1228 2053 1379 2082 tuarum

369 2112 556 2149 brevitate
576 2111 740 2148 libenter
759 2109 960 2159 accipiens.
984 2111 1032 2144 Et
1050 2120 1140 2143 vere
1162 2105 1254 2156 quid
1271 2104 1381 2154 juvat

370 2183 499 2215 veras,
523 2178 578 2216 et,
606 2177 648 2206 ut
676 2168 862 2204 veraciter
882 2166 1070 2216 loqueris,
1100 2174 1259 2202 {eternas
1287 2164 1381 2201 ami-

371 2231 476 2268 citias
494 2230 602 2268 vanis
622 2238 734 2278 atque
756 2227 984 2264 transitoriis
999 2226 1174 2275 jactitare
1191 2224 1382 2261 verbulis?

371 2290 615 2340 Quantalibet
661 2301 840 2326 versuum
883 2287 1100 2323 diversitate
1119 2314 1128 2332 ,
1173 2283 1382 2321 verborum

372 2350 668 2400 multiplicitate,
690 2348 919 2398 scriptorum
939 2346 1123 2382 varietate
1153 2353 1257 2381 tuam
1289 2343 1382 2380 mihi

373 2411 592 2448 charitatem
615 2417 803 2446 ostentare
826 2420 891 2445 seu
915 2405 1185 2443 commendare
1205 2404 1355 2441 coneris
1369 2432 1379 2449 ‚

373 2472 496 2508 minus
519 2479 620 2508 certe
643 2470 766 2507 sentio
791 2477 826 2505 te
852 2468 1066 2518 exprimere
1087 2479 1201 2516 quam
1228 2465 1352 2514 diligis
1372 2479 1382 2502 ε

373 2532 550 2582 idemque
578 2539 619 2568 tu
644 2531 690 2567 de
710 2543 770 2567 me
798 2528 997 2566 sentiendo
1017 2540 1094 2564 non
1116 2526 1267 2563 falleris.
1288 2528 1384 2562 Cum

373 2601 446 2629 tuae
477 2593 613 2628 litterae
643 2591 680 2627 in
709 2603 845 2627 manus
871 2597 1020 2626 nostras
1053 2594 1264 2632 venerunt,
1286 2594 1322 2622 te
1344 2585 1384 2620 in

373 2653 488 2689 corde
515 2660 647 2689 nostro
668 2651 734 2700 qui
755 2663 817 2687 eas
838 2649 1014 2694 miseras,
1037 2647 1277 2684 invenerunt.
1308 2648 1385 2682 Has
1404 2645 1438 2679 D

373 2725 526 2763 quoque
553 2719 703 2748 nostras
730 2723 799 2746 nec
828 2722 888 2745 me
914 2708 995 2744 sine
1017 2715 1052 2743 te
1074 2705 1239 2743 scribere
1261 2713 1386 2742 certus

374 2785 479 2817 sum,
503 2784 572 2807 nce
599 2779 635 2806 te
661 2770 740 2806 sine
770 2782 830 2805 me
857 2766 1010 2804 conlido
1030 2767 1231 2803 lecturum.
1258 2763 1387 2802 Labo-

374 2844 502 2868 ramus
522 2829 676 2879 quidem
708 2837 869 2877 uterque
898 2827 944 2863 ad
972 2826 1197 2863 alterutrum
1232 2824 1386 2873 scripti-

376 2891 490 2928 tando
508 2920 517 2937 ,
545 2890 750 2939 fatigantur
774 2897 809 2924 et
837 2887 959 2923 nuntii
985 2886 1140 2922 alterius
1159 2884 1204 2921 ad
1226 2885 1386 2921 alterum

375 2951 513 3000 scripta
543 2948 732 3000 portando
761 2963 768 2984 ε
797 2947 863 2984 sed
896 2946 1083 2996 numquid
1113 2945 1268 2995 spiritus
1299 2958 1385 2995 gra-

375 3019 516 3047 vantur
544 3008 744 3046 amando?
775 3010 930 3045 Cessent
972 3007 1087 3056 igitur
1123 3019 1208 3055 quae
1243 3004 1386 3055 absque

375 3070 506 3107 labore
532 3083 608 3106 non
639 3076 801 3119 possunt
831 3066 1000 3112 actitari3
1025 3074 1062 3103 ct
1085 3065 1178 3102 illud
1203 3066 1385 3115 frequen-

377 3137 478 3166 tetur
498 3157 508 3176 ,
527 3127 630 3178 quod
666 3134 809 3177 quanto
840 3125 1020 3162 attentius
1053 3125 1253 3174 satagitur,
1281 3132 1386 3160 tanto

376 3189 503 3226 minus
533 3195 681 3225 constat
710 3186 889 3223 laborari.
917 3186 1138 3234 Quiescant,
1163 3185 1318 3235 inquam
1336 3213 1346 3230 ,
1367 3197 1387 3220 a

1133 224 1168 260 S.
1199 222 1454 258 BERNARDI
1483 221 1684 257 ABBATIS

2369 214 2440 253 264

1436 297 1617 335 dictando
1634 294 1803 345 ingenia,
1824 290 1922 329 labia
1942 305 1963 328 a
1983 290 2287 337 confabulando,
2309 304 2331 328 a
2349 293 2443 329 scri-

1439 357 1567 395 bendo
1583 356 1713 406 digiti,
1728 368 1749 391 a
1764 352 2013 390 discurrendo
2031 351 2183 388 nuntii*
2199 367 2206 388 :
2226 364 2304 387 non
2319 359 2443 390 autem

1440 419 1639 469 quiescant
1670 415 1786 453 corda
1816 414 1876 450 die
1904 427 1947 450 ac
1977 421 2087 449 nocte
2108 412 2283 449 meditari
2302 413 2340 448 in
2364 413 2447 463 lege

1439 478 1614 524 Domini,
1631 490 1716 527 quae
1730 484 1785 513 est
1801 474 1972 511 charitas.
1990 477 2023 511 A
2039 486 2116 522 quo
2133 473 2287 522 negotio
2303 481 2447 522 quanto

1441 539 1647 589 quietiores
1681 549 1811 574 sumus
1825 565 1834 581 ,
1870 543 1974 571 tanto
2014 534 2140 570 minus
2175 533 2404 583 quiescimus
2434 549 2444 571 :

1439 609 1660 650 quantoque
1699 597 1962 648 occupatiores
1995 607 2125 632 sumus
2153 594 2193 630 in
2222 594 2308 640 illo,
2342 601 2449 632 tanto
2503 622 2505 628 ,

1440 673 1511 697 nos
1545 660 1752 710 quietiores
1783 658 1967 694 sentimus
1998 669 2043 692 ex
2073 655 2151 691 illo.
2180 657 2383 701 Amemus,
2410 662 2448 692 et

1441 734 1634 765 amemur3
1656 721 1694 757 in
1713 720 1832 757 altero
1847 717 1979 763 nobis,
2000 717 2039 753 in
2059 716 2179 753 altero
2200 714 2340 751 nostris
2355 727 2450 752 con-

1443 782 1620 819 sulentes.
1644 784 1736 817 Nam
1759 792 1855 829 quos
1878 789 2069 822 amamus,
2098 775 2138 812 in
2159 774 2251 825 ipsis
2277 773 2451 824 profecto

1443 841 1716 890 requiescimus
1744 855 1751 877 z

1444 913 1514 937 nos
1534 901 1572 936 in
1594 899 1705 935 nobis
1724 899 1892 948 requiem
1913 909 2104 947 paramus.
2121 899 2244 933 Porro
2264 906 2391 931 amare
2411 893 2450 930 in

1443 965 1547 1005 Deo,
1568 959 1787 996 charitatem
1808 958 1948 995 habere
1966 965 2023 994 est
2043 971 2051 993 :
2073 955 2227 993 studere
2248 967 2341 991 vero
2360 966 2452 1004 pro-
2499 970 2515 989 =.

1444 1029 1532 1071 pter
1553 1022 1675 1056 Deum
1697 1017 1835 1063 amari,
1859 1017 2031 1054 charitati
2051 1015 2194 1054 servire
2214 1023 2281 1052 est.

1778 852 1798 875 a
1826 837 1966 888 quibus
1990 845 2116 874 autem
2144 847 2329 879 amamur,
2360 833 2464 883 ipsis>
2515 852 2527 873 J.

1499 1082 1533 1119 2.
1561 1079 1634 1119 Sed
1653 1078 1743 1129 quid
1762 1091 1832 1128 ego
1852 1077 1972 1114 facio?
1993 1080 2073 1126 Ego
2094 1075 2308 1126 promissor
2325 1073 2455 1110 brevi·
2497 1060 2513 1104 f·

1444 1141 1551 1187 tatis,
1566 1139 1646 1190 jam
1673 1137 1834 1175 tenebor
1864 1135 2094 1188 prolixitatis
2123 1133 2329 1172 exhibitor.
2348 1133 2385 1171 Si
2407 1133 2454 1171 de

1442 1203 1558 1239 fratre
1586 1199 1774 1239 Guerrico
1802 1197 2017 1242 desideras,
2040 1196 2119 1233 imo
2146 1194 2237 1244 quia
2263 1193 2453 1232 desideras
2496 1207 2497 1214 ¹

1442 1262 1538 1299 scire
1552 1290 1562 1307 ‚
1583 1260 1635 1297 sic
1656 1259 1775 1296 currit
1795 1271 1872 1295 non
1895 1257 2001 1307 quasi
2017 1256 2056 1293 in
2076 1255 2263 1292 incertum
2278 1282 2288 1299 ,
2313 1253 2366 1290 sic
2382 1267 2455 1304 pu-

1441 1330 1532 1372 gnat
1552 1334 1631 1358 non
1658 1319 1764 1370 quasi
1790 1331 1916 1355 aerem
1935 1315 2156 1354 verberans.
2178 1313 2250 1352 Sed
2271 1313 2469 1363 quoniam>

1445 1382 1514 1420 scit
1544 1393 1669 1430 neque
1701 1379 1908 1429 pugnantis
1942 1390 2042 1423 esse,
2082 1388 2206 1425 neque
2241 1373 2454 1421 currentis,

1447 1442 1513 1479 sed
1533 1440 1745 1478 miserentis
1764 1439 1857 1486 Dei;
1882 1439 2008 1488 ipsum
2030 1445 2137 1486 rogat
2157 1449 2178 1472 a
2197 1443 2233 1472 te
2255 1435 2357 1471 orari
2383 1447 2457 1484 pro

1447 1516 1510 1548 se,
1534 1510 1721 1552 quatenus
1747 1500 1812 1550 qui
1836 1498 1914 1548 jain
1941 1497 2100 1534 donavit
2118 1496 2152 1533 ei
2174 1504 2212 1532 et
2230 1507 2400 1545 pugnare
2419 1501 2456 1531 et
2491 1508 2496 1513 ·

1449 1576 1602 1600 currere
1615 1592 1624 1608 ,
1654 1561 1718 1598 det
1738 1569 1775 1597 et
1795 1560 1949 1596 vincere
1973 1566 2010 1595 et
2030 1556 2246 1608 pervenire.
2268 1553 2455 1592 Abbatem
2489 1570 2494 1592 t

1448 1632 1618 1661 vestrum
1643 1621 1756 1667 mihi,
1777 1633 1855 1657 non
1878 1627 2025 1656 tantum
2052 1625 2214 1668 propter
2236 1624 2297 1663 te,
2326 1614 2392 1652 sed
2419 1622 2458 1652 et
2493 1617 2511 1668 Ι)

1445 1692 1606 1735 propter
1623 1695 1727 1720 suam
1749 1681 1890 1718 bonam
1915 1681 2053 1723 famam
2075 1676 2358 1722 charissimum,
2376 1688 2458 1712 σοι·-
2491 1675 2495 1685 ’

1447 1744 1493 1781 de
1520 1756 1606 1780 meo
1637 1751 1675 1779 et
1703 1755 1769 1779 ore
1799 1750 1864 1778 tuo
1893 1740 2038 1785 saluto,
2067 1736 2345 1788 gratantissime
2370 1747 2456 1772 eum

1446 1805 1598 1841 visurus
1618 1802 1683 1839 illo
1706 1810 1743 1838 et
1764 1809 1937 1851 tempore
1964 1807 2002 1836 et
2028 1799 2114 1835 loco
2136 1810 2214 1847 quo
2237 1795 2455 1846 promisisti.
2488 1791 2491 1793 ’

1446 1864 1610 1902 Notifico
1630 1863 1742 1900 etiam
1765 1860 1854 1907 tibi,
1871 1859 1977 1910 quod
2001 1867 2038 1896 et
2059 1871 2161 1895 nunc
2181 1856 2377 1907 paulisper
2395 1867 2460 1905 ag-
2508 1886 2509 1889 ,

1445 1932 1598 1975 gravata
1616 1935 1733 1959 manu
1749 1920 1903 1958 Domini
1922 1932 2038 1969 super
2055 1931 2134 1964 me,
2151 1917 2339 1967 impulsus
2356 1928 2458 1953 ever·
2484 1952 2487 1961 s
2506 1940 2509 1946 ·

1446 1998 1509 2021 sus
1530 1997 1612 2021 sum
1633 1991 1676 2019 ut
1697 1980 1871 2018 caderem
1885 2008 1895 2026 ‚
1912 1979 1965 2015 ita
1988 1986 2030 2015 ut
2058 1977 2183 2014 securi
2215 1976 2263 2013 ad
2293 1975 2458 2013 radicem
2499 2014 2509 2020 Δ

1446 2045 1694 2081 infructuosae
1713 2039 1861 2077 arboris
1876 2037 2050 2089 corporis
2067 2037 2141 2074 mei
2157 2035 2352 2087 apposita,
2365 2034 2459 2084 jam-
2482 2054 2512 2087 S*

1443 2105 1600 2155 jamque
1624 2101 1768 2139 succidi
1787 2108 1997 2137 metuerem
2020 2114 2028 2136 ε
2053 2111 2141 2135 cum
2165 2110 2254 2134 ecce
2285 2096 2358 2133 tuis
2386 2108 2457 2132 cae-
2481 2094 2509 2140 ζμ

1448 2173 1696 2212 terorumque
1727 2160 1935 2198 amicorum
1969 2167 2192 2196 nostrorum
2221 2154 2460 2193 orationibus

1449 2233 1486 2261 et
1506 2224 1576 2260 liac
1606 2223 1688 2260 vice
1717 2222 1802 2272 pius
1827 2219 2016 2257 Dominus
2042 2217 2215 2269 pepercit
2244 2216 2357 2263 mihi,
2391 2213 2460 2253 sub
2500 2247 2502 2249 .

1450 2297 1517 2335 spe
1536 2292 1661 2320 tamen
1683 2280 1860 2332 promissi
1881 2279 2026 2316 fructus
2046 2278 2086 2315 in
2105 2278 2248 2314 futuro.

1449 2437 1632 2448 zsms=v=u¹v=ae
1638 2434 2013 2446 ιιιικικωιιινΛ-«ιιιινιιιο
2019 2430 2393 2443 ιειικιιςκιιιιιῑιιικνιιιιαι

1652 2566 2024 2623 EPlSTOLA
2076 2553 2259 2620 XCU

1568 2725 1613 2746 m
1641 2723 1796 2747 snmus
1824 2721 2021 2746 scnssxomz
2047 2717 2312 2744 concnmxros
2324 2704 2354 2741 *.

1453 2837 1594 2870 Abbates
1622 2838 1735 2869 excitat
1761 2837 1801 2869 ad
1827 2843 1952 2869 strenue
1970 2835 2144 2868 curandum
2166 2834 2347 2877 negotium,
2376 2830 2495 2875 cuium·

1502 2903 1592 2923 causa
1630 2898 1856 2923 convenerunt.
1894 2891 2038 2923 Studium
2071 2889 2230 2933 profectus
2262 2886 2344 2919 serio
2376 2893 2492 2917 com-·‘

1499 2946 1625 2978 mendat
1651 2958 1658 2978 ε
1681 2946 1724 2977 nil
1744 2945 1932 2977 morandum
1944 2970 1952 2984 ,
1972 2945 1997 2976 si
2014 2944 2110 2986 tepidi
2132 2942 2260 2986 quidam
2275 2947 2306 2974 et
2323 2935 2457 2972 dissoluti

1498 3002 1603 3033 forsan
1620 3002 1791 3033 detrectent
1805 3007 1836 3032 et
1846 3000 2096 3032 obmurmurent.

1452 3123 1688 3161 Reverendis
1708 3120 1921 3160 Abbatibus
1941 3119 2042 3170 apud
2064 3119 2304 3157 Suessionem
2327 3119 2365 3156 in
2388 3130 2456 3156 no·

1507 3184 1608 3220 mine
1629 3181 1785 3220 Domini
1813 3179 2069 3230 congregatis,
2096 3191 2228 3216 servus
2256 3175 2457 3215 sanctitatis
2487 3190 2489 3200 ⁴

423 3328 436 3343 ὃ
455 3321 541 3353 Alias
556 3346 563 3359 ,
581 3319 796 3364 benignitatis.
818 3339 856 3342 -
873 3321 888 3340 ¹¹
905 3320 954 3351 Sic
968 3319 1106 3351 inscribit
1122 3318 1275 3351 llomilias
1291 3328 1384 3361 super
1401 3319 1515 3350 Missas
1533 3325 1587 3349 est.
1613 3337 1652 3340 -
1672 3323 1686 3338 ‘³
1700 3316 1820 3359 Scripta
1839 3316 1918 3347 circa
1936 3325 2052 3346 annum
2075 3316 2085 3346 1
2100 3316 2175 3345 127.

423 3375 438 3395 ¹¹
457 3375 577 3416 Scripta
593 3375 674 3405 circa
691 3385 808 3405 anuum
827 3377 837 3405 1
852 3376 927 3404 130.

2394 2427 2503 2441 tm·0
