2517 3936
47 3163 52 3230 l

49 3264 66 3368 ἓ.

54 3419 60 3496 l

57 3498 64 3630 l

59 3633 66 3724 l

47 3734 69 3817 ‘l

112 162 213 199 1469
771 166 917 200 LIBER
947 167 1011 201 DE
1043 168 1155 202 VITA
1185 169 1221 203 S.
1255 170 1536 208 MALACtlffl-z.
2088 184 2186 222 1270

110 242 236 292 gistri,
259 241 326 278 illo
348 240 502 290 quidem
525 252 603 276 non
629 241 890 289 comperiente
905 270 915 287 ,
942 241 1204 291 cxpansis⁶⁵⁰n
1225 254 1354 282 mento
1381 247 1539 295 perdam
1567 249 1676 287 simul
1695 265 1838 301 omnes,
1859 258 1997 306 quibus
2016 260 2062 297 ab
2079 262 2186 300 initio

111 302 156 339 ad
191 302 328 338 coelum
361 300 559 347 manibus,
582 300 719 350 raptim
745 300 1054 350 quodammodo,
1083 315 1125 339 ac
1144 306 1167 336 A
1192 320 1205 335 υ
1223 314 1442 353 praevcntus
1479 321 1584 351 sum,
1629 309 1910 354 benedictiones
1950 320 2188 359 dulcedinis³

110 361 229 397 veluti
256 359 460 409 jaculatam
491 358 689 396 emittebat
721 359 934 396 orationem
964 375 972 396 z
1004 369 1042 397 et
1068 361 1119 397 sic

111 420 352 457 dissimulans
370 449 380 466 ,
432 420 652 469 magistrum
701 419 828 456 denuo
876 419 1117 469 sequebatur.

110 480 330 518 Istiusmodi
357 480 421 530 pio
455 480 557 516 furto
578 493 675 529 puer
694 480 832 529 saepius
853 479 1037 516 illudebat
1055 494 1120 517 co-

111 541 240 577 mitem
273 540 417 591 pariter
446 548 483 576 et
514 539 750 588 magistrum.
787 543 870 577 Non
902 548 958 577 est
996 540 1121 578 dicere

112 601 264 647 omnia,
288 615 373 651 quae
395 600 476 650 ejus
494 600 684 651 principia
716 601 844 637 colore
872 599 986 637 bonae
1008 600 1122 637 indo-

112 661 156 697 lis
183 660 437 698 decoravere:
460 660 507 697 ad
535 659 681 708 majora
709 668 822 708 atque
854 659 1008 696 utiliora
1036 674 1124 697 cur-

112 721 429 760 rendum.Unum
452 729 576 757 tamen
593 720 715 756 resero
736 719 881 766 adhuc,
898 720 1002 769 quod
1023 721 1095 757 hoc
1111 750 1121 768 ‚

113 795 198 819 meo
223 781 379 832 quidem
400 780 570 830 judicio,
599 793 678 816 non
698 779 815 817 modo
841 779 954 817 bonae
969 809 979 827 ,
1002 781 1065 818 sed
1086 789 1123 818 et

112 855 258 892 magnae
286 841 325 878 in
345 854 469 891 puero
500 840 648 877 dederit
676 840 824 890 insigne
842 841 936 891 spei.
968 842 1122 878 Excitus

112 901 320 953 aliquando
356 901 540 951 opinione
578 899 776 950 cujusdam
808 901 979 951 magistri
1014 901 1124 953 (erat

112 963 215 1000 enim
246 962 414 999 famosus
442 962 479 998 in
507 961 717 1011 disciplinis
732 990 742 1008 ,
766 975 859 1011 quas
880 961 1014 998 dicunt
1032 961 1124 998 libe-

1189 380 1202 395 »
1220 364 1384 413 Resigno
1406 366 1459 402 illi
1480 368 1606 416 potius
1619 397 1628 414 ‚
1644 382 1663 405 a
1683 384 1759 419 quo
1777 384 1884 421 sunt,
1902 386 1938 414 et
1954 393 2012 415 me
2029 383 2182 430 pariter.

1187 440 1201 455 υ
1223 426 1269 460 Et
1290 437 1359 473 ego
1378 425 1478 461 enim
1504 426 1634 475 ipsius.
1664 430 1784 467 Perdo
1807 433 1923 482 ipsam
1957 438 2001 473 ad
2038 448 2185 491 tempus

1188 484 1379 521 »animam
1416 498 1556 532 meam,
1587 500 1634 523 ne
1665 489 1819 537 perdam
1853 493 1890 529 in
1924 506 2118 536 aeternum.
2143 506 2186 538 Et

1188 544 1323 592 »quod
1357 558 1460 591 sum,
1493 554 1530 582 et
1558 560 1642 595 quze.
1674 547 1794 585 habeo
1824 554 1970 601 omnia,
2004 557 2067 594 ubi
2098 561 2186 597 mihi

1189 619 1203 634 υ
1225 616 1334 652 aeque
1361 605 1463 641 salva
1479 634 1487 650 ,
1522 608 1576 642 uti
1598 607 1634 643 in
1663 621 1777 646 manu
1804 615 2005 651 Auctoris?
2028 619 2118 664 Quis
2138 621 2188 657 ita

1190 682 1204 695 »
1224 663 1270 699 ad
1296 664 1524 701 servandum
1555 667 1759 715 sollicitus,
1789 670 1834 706 ad
1856 673 2097 712 retinendum
2117 691 2189 727 po-

1190 740 1204 755 »
1224 731 1325 770 tens,
1353 723 1398 760 ad
1420 726 1697 764 restituendum
1719 728 1867 767 fidelis?
1889 733 2062 771 servabit
2083 744 2163 772 tuto
2180 767 2189 781 ‚

1189 797 1203 812 ι·
1221 782 1393 818 restituet
1413 792 1643 833 opportune.
1666 785 1752 822 Sine
1776 791 2042 829 retractatione
2065 807 2124 831 mc
2142 795 2191 831 do

1192 856 1205 871 ιι
1223 840 1269 876 ad
1290 842 1534 880 serviendum
1564 844 1617 880 illi
1645 845 1691 882 de
1717 846 1827 885 donis
1855 850 1943 888 suis.
1962 855 2045 890 Non
2066 863 2192 904 potest

1192 917 1206 932 »
1228 901 1319 938 mihi
1346 903 1472 953 perire
1493 917 1538 940 ex
1565 905 1764 953 omnibus,
1788 923 1871 959 quae
1891 911 1929 947 in
1952 926 2048 962 opus
2072 916 2191 964 pieta—

1191 961 1268 997 »tis
1303 963 1533 1012 expendero.
1565 969 1677 1017 Ij'orte
1709 976 1746 1004 et
1765 981 1917 1019 sperare
1942 973 2027 1022 plus
2047 975 2188 1025 aliquid

113 1022 254 1074 rales),
275 1022 394 1060 adivit
409 1022 519 1059 illum
542 1021 714 1059 discendi
731 1022 951 1072 cupiditate.
970 1023 1122 1073 Quippe
1143 1021 1170 1056 B
1192 1039 1204 1053 »
1226 1021 1324 1059 licet.
1347 1024 1448 1060 Solet
1473 1024 1633 1062 reddere
1654 1040 1739 1064 cum
1762 1042 1875 1067 usura
1892 1032 1955 1080 qui
1979 1033 2042 1069 dat
2062 1036 2187 1083 gratis.

113 1093 285 1121 extrema
312 1082 392 1133 jam
422 1082 596 1133 pueritiae
627 1091 806 1133 captans,
824 1082 871 1120 ad
896 1097 958 1120 eas
980 1084 1124 1120 litteras

114 1143 328 1183 anhelabat.
361 1143 518 1181 Intrans
545 1156 639 1180 vero
665 1143 846 1190 domum,
872 1143 969 1180 vidit
998 1143 1125 1181 virum

113 1205 307 1243 ludentem
333 1203 490 1251 subula,
521 1203 740 1254 crebrisque
767 1204 976 1241 sulcantem
997 1204 1127 1241 tracti-

113 1265 186 1303 bus
203 1266 332 1303 nescio
350 1278 428 1315 quo
445 1264 604 1301 notabili
625 1264 741 1302 modo
762 1265 958 1315 parietem.
977 1268 1024 1302 Et
1043 1265 1126 1302 solo

114 1327 200 1364 visu
225 1326 395 1363 offensus
422 1337 522 1375 puer
547 1324 686 1371 serius,
717 1325 821 1375 quod
845 1325 1037 1362 levitatem
1067 1339 1130 1362 re-

114 1387 284 1434 doleret,
312 1386 471 1423 resilivit
499 1384 547 1422 ab
575 1398 642 1432 eo,
660 1399 703 1422 ac
728 1385 905 1436 deinceps
925 1386 1031 1423 illum
1058 1399 1129 1423 nec

114 1447 247 1484 videre
264 1446 423 1490 curavit.
441 1449 496 1483 Ita
521 1459 607 1482 cum
626 1454 724 1483 esset
746 1446 1045 1484 studiosissimus
1064 1447 1128 1483 lit-

116 1516 307 1553 terarum,
345 1520 426 1557 prae
453 1506 616 1543 honesto
639 1515 764 1543 tamen
793 1507 937 1557 sprevit
961 1521 1024 1544 eas
1050 1507 1127 1543 vir-

116 1569 206 1605 tutis
237 1576 397 1605 amator.
426 1568 505 1605 Tali
521 1567 688 1617 quodam
709 1567 896 1617 praeludio
916 1580 1013 1618 puer
1032 1580 1128 1617 prae-

116 1628 325 1680 parabatur
355 1628 403 1665 ad
422 1642 531 1675 eum,
560 1628 627 1678 qui
645 1641 685 1665 se
715 1627 894 1665 manebat
917 1629 956 1665 in
978 1628 1127 1665 fortiori

117 1697 252 1736 aetate,
283 1689 506 1726 conflictum
536 1687 726 1738 :jamque
751 1688 833 1738 ipse
863 1688 1125 1726 adversarium

116 1749 366 1801 provocabat.
395 1753 444 1787 Et
473 1750 668 1788 Malachiae
696 1749 851 1800 quidem
882 1751 1048 1800 pueritia
1073 1750 1127 1786 sic

1191 1100 1203 1115 υ
1221 1085 1276 1119 Ita
1301 1092 1367 1120 est.
1395 1085 1515 1121 Etiam
1540 1087 1772 1135 cumulabit,
1793 1098 1830 1126 et
1858 1093 2123 1142 multiplicabit
2151 1096 2187 1132 in

1192 1160 1206 1174 »
1225 1143 1350 1179 anima
1365 1157 1447 1181 mea
1461 1146 1651 1183 virtutem.
1672 1165 1687 1180 »
1704 1152 1793 1186 Haec
1811 1152 2007 1200 cogitavit,
2031 1163 2066 1191 et
2088 1156 2188 1201 fecit,

1195 1202 1317 1239 sciens
1338 1202 1479 1254 absque
1502 1206 1599 1243 facto
1626 1221 1740 1245 vanas
1756 1223 1836 1247 esse
1856 1213 2100 1262 cogitationes
2118 1215 2190 1251 lio-

1194 1275 1353 1299 minum.

1469 1511 1632 1552 Religiosae
1646 1512 1715 1543 vitae
1729 1513 1918 1546 tirocinium.

1249 1625 1283 1662 4.
1331 1630 1419 1664 Erat
1446 1628 1562 1665 homo
1589 1630 1627 1666 in
1662 1631 1811 1668 civitate
1842 1632 2056 1671 Ardmacha
2088 1636 2192 1686 (ipsa

1195 1694 1271 1732 cst,
1292 1687 1327 1723 in
1359 1701 1433 1737 qua
1455 1689 1566 1726 alitus
1594 1699 1648 1727 est
1668 1692 1909 1743 Malachiasll,
1932 1702 1968 1730 et
1994 1694 2108 1732 homo
2129 1697 2191 1733 ille

1194 1756 1365 1794 sanctus,
1400 1758 1436 1785 et
1467 1759 1625 1788 austerae
1654 1751 1861 1789 admodum
1888 1754 1992 1801 vitae,
2014 1755 2192 1792 inexora-

117 1818 214 1847 erat.
231 1814 353 1847 Porro
373 1809 668 1846 adolescentiam
696 1810 809 1846 simili
834 1810 1011 1847 transivit
1039 1810 1130 1847 sim-
1150 1806 1177 1842 C
1198 1806 1284 1844 bilis
1323 1809 1523 1858 castigator
1554 1811 1723 1860 corporis
1758 1813 1833 1858 sui,
1877 1814 2006 1850 cellam
2052 1815 2195 1853 habens

117 1870 286 1923 plicitate
303 1899 313 1915 ,
353 1878 392 1907 et
430 1870 597 1920 puritate
630 1884 638 1906 ε
675 1870 746 1906 nisi
787 1870 892 1919 quod
935 1878 1128 1907 crescente

117 1939 247 1977 aetate,
284 1929 478 1968 crescebat
503 1929 615 1967 simul
642 1930 697 1966 illi
725 1930 911 1980 sapientia
939 1939 976 1967 et
1010 1931 1129 1980 gratia

117 1990 221 2042 apud
237 1994 360 2028 Deum
382 1999 419 2028 et
435 1990 621 2027 homines.

173 2053 209 2090 3.
233 2052 333 2088 Hinc
351 2050 454 2101 jam,
478 2050 516 2088 id
538 2059 594 2088 est
619 2049 666 2087 ab
694 2051 850 2087 ineunte
873 2050 1130 2087 adolescentia

120 2110 203 2161 ejtts
217 2140 226 2157 ,
258 2113 374 2162 coepit
397 2110 632 2147 manifestius
652 2123 839 2160 apparere
860 2110 952 2159 quid
973 2119 1071 2147 esset
1091 2110 1131 2146 in

119 2172 296 2218 homine,
316 2180 353 2209 et
373 2172 490 2222 gratia
508 2171 579 2209 Dei
598 2171 638 2207 in
664 2171 730 2208 illo
755 2184 875 2208 vacua
897 2184 975 2208 non
995 2171 1129 2208 videri.

119 2232 262 2270 Videns
296 2232 396 2269 enim
428 2231 640 2268 industrius
671 2231 917 2276 adolescens,
947 2245 1061 2281 quam
1093 2232 1130 2268 in

121 2292 291 2342 maligno
317 2291 482 2329 mundus
507 2291 656 2342 positus
675 2292 723 2328 sit
742 2298 767 2338 ¹,
787 2300 824 2328 et
845 2293 1015 2342 cogitans
1039 2306 1134 2342 qua-

121 2353 195 2389 lem
212 2353 388 2403 spiritum
405 2353 634 2402 accepisset,
653 2351 801 2389 dicebat
819 2352 919 2389 ‘rntra
940 2366 978 2390 se
995 2368 1002 2389 :
1018 2370 1032 2385 «
1048 2357 1135 2391 Non

125 2430 140 2446 n
161 2421 219 2450 est
246 2413 402 2463 spiritus
426 2411 541 2461 hujus
579 2412 713 2449 mundi
742 2413 824 2449 iste.
859 2413 958 2461 Quid
978 2413 1063 2460 isti,
1099 2422 1136 2450 et

123 2491 139 2506 ι)
154 2473 238 2510 illi?
268 2477 354 2511 Non
383 2481 441 2510 est
468 2473 627 2510 societas
651 2473 759 2510 alteri
779 2473 826 2510 ad
854 2474 1035 2518 alterum,
1055 2487 1135 2511 non

126 2551 142 2567 »
157 2534 245 2584 plus
265 2547 380 2583 quam
404 2533 478 2570 luci
500 2533 547 2570 ad
562 2533 748 2571 tenebras.
767 2537 874 2570 Meus
893 2547 941 2570 ex
959 2537 1041 2572 Deo
1064 2542 1133 2579 est,

1191 1867 1302 1917 juxta
1319 1869 1529 1906 ecclesiam.
1561 1874 1605 1907 In
1626 1884 1668 1907 ea
1689 1871 1878 1917 manebat,
1895 1872 2049 1922 jejuniis
2071 1883 2107 1911 et
2127 1875 2196 1912 ob-

1196 1929 1471 1966 secrationibus
1491 1931 1659 1967 serviens
1681 1931 1739 1967 die
1754 1945 1796 1968 ac
1817 1941 1937 1969 nocte.
1962 1933 2021 1970 Ad
2041 1934 2140 1971 hunc
2159 1949 2196 1971 se

1197 1989 1359 2026 contulit
1378 1991 1593 2036 Malachias,
1618 1992 1776 2028 formam
1794 1993 1880 2029 vitae
1906 2002 2130 2042 accepturus
2150 1994 2196 2031 al)

1197 2061 1266 2094 eo,
1296 2049 1361 2098 qui
1397 2049 1525 2086 vivum
1556 2064 1593 2087 se
1620 2052 1681 2087 tali
1716 2051 1960 2088 damnaverat
1985 2054 2192 2103 sepultura.

1198 2112 1245 2145 Et
1265 2108 1351 2145 vide
1367 2109 1631 2147 humilitatem.
1646 2116 1678 2147 A
1697 2111 1876 2160 primaeva
1893 2120 2000 2148 aetate
2014 2112 2052 2148 in
2070 2123 2197 2150 sancta

1198 2177 1278 2205 arte
1311 2170 1532 2219 magistrum
1566 2170 1578 2220 ζ
1592 2170 1695 2220 quod
1726 2169 1884 2207 dubium
1914 2183 1992 2207 non
2025 2172 2105 2222 est)
2127 2173 2198 2208 ha-

1199 2228 1336 2266 buerat
1359 2233 1481 2266 Deum
1507 2243 1514 2265 ε
1536 2239 1572 2266 et
1598 2244 1682 2266 ecce
1703 2230 1821 2266 factus
1850 2239 1904 2266 est
1929 2229 2055 2267 denuo
2088 2231 2198 2268 disci-

1201 2290 1315 2340 pulus
1332 2291 1498 2328 hominis
1510 2321 1519 2337 ‚
1537 2291 1652 2327 homo
1673 2291 1771 2327 mitis
1795 2299 1831 2326 et
1849 2290 2000 2327 humilis
2017 2291 2142 2328 corde.
2159 2292 2195 2329 Si

1201 2350 1482 2398 nesciebamus,
1501 2351 1573 2388 hoc
1595 2351 1653 2387 vel
1673 2351 1753 2387 solo
1781 2349 1890 2387 nobis
1909 2351 1989 2400 ipse
2008 2350 2195 2400 probavit.

1201 2414 1346 2461 Legant
1370 2412 1462 2457 hoc,
1492 2412 1557 2461 qui
1587 2411 1724 2447 docere
1749 2424 1831 2460 quae
1854 2423 1931 2446 non
1953 2409 2117 2447 didicere
2137 2424 2199 2447 co-

1202 2481 1357 2517 nantur,
1386 2473 1591 2522 discipulos
1611 2471 1681 2509 sibi
1701 2479 1966 2508 coacervantes
1980 2498 1990 2516 ‚
2015 2471 2080 2520 qui
2100 2484 2199 2507 nun-

1203 2546 1316 2582 quam
1348 2533 1521 2582 discipuli
1543 2533 1739 2578 exstitere,
1758 2531 1843 2568 caeci
1864 2531 1976 2567 duces
1999 2544 2196 2567 caecorum.

125 2611 140 2628 »
156 2602 194 2631 et
211 2594 289 2631 seio
309 2607 394 2644 quae
413 2595 453 2631 in
469 2594 534 2632 illo
556 2594 696 2631 donata
712 2603 802 2632 sunt
818 2595 923 2631 mihi.
938 2594 1032 2631 Inde
1044 2594 1136 2631 mihi
1154 2592 1185 2626 D
1207 2592 1407 2629 Malachias
1428 2592 1559 2629 doctus
1577 2606 1596 2628 a
1614 2595 1707 2638 Deo,
1726 2591 1920 2627 doctorem
1942 2591 2059 2627 nihilo
2077 2591 2200 2626 minus

127 2672 143 2688 »
160 2654 313 2692 interim
345 2654 469 2691 adhuc
487 2655 706 2693 innocentia
726 2657 812 2693 vitae
826 2663 841 2679 ³
857 2686 867 2703 ,
894 2655 984 2692 inde
1017 2655 1141 2692 conti-

126 2731 142 2749 »
166 2714 305 2751 nentiae
325 2713 460 2760 decus,
483 2714 572 2752 inde
587 2715 746 2764 justitiae
773 2716 909 2763 fames,
932 2715 1022 2752 inde
1039 2729 1139 2765 quo-

129 2790 146 2806 »
166 2787 242 2823 que
255 2774 319 2810 illa
335 2787 381 2810 eo
398 2775 582 2822 securior,
603 2789 680 2825 quo
699 2777 893 2823 secretior,
918 2776 1036 2826 gloria
1056 2788 1140 2812 mea

130 2851 145 2866 »
166 2841 223 2869 est
237 2862 246 2880 ,
266 2833 526 2870 testimonium
546 2835 788 2871 conscientiae
805 2849 910 2872 meae.
926 2835 985 2873 Nil
1002 2835 1140 2871 horum

131 2908 147 2926 n
168 2892 262 2929 mihi
292 2901 416 2930 tutum
451 2892 522 2930 sub
542 2893 717 2944 principe
742 2894 888 2931 mundi.
913 2894 1061 2932 Deinde
1077 2894 1143 2930 ha-

133 2969 149 2985 »
167 2951 242 2989 beo
263 2952 485 2990 thesaurum
498 2953 602 2990 hunc
620 2953 660 2990 in
680 2954 785 2991 fictili
806 2967 904 2992 vase.
921 2954 1141 2992 Verendum

131 3029 147 3045 »
168 3025 217 3049 ne
230 3012 419 3065 impingat
440 3022 478 3050 et
497 3013 704 3063 frangatur,
722 3022 759 3050 et
778 3014 999 3051 effundatur
1016 3014 1142 3050 oleum

134 3089 150 3106 ³>
169 3073 309 3110 laetitiae
328 3073 433 3124 quod
452 3082 579 3124 porto.
603 3077 647 3110 Et
662 3073 817 3124 quidem
840 3088 919 3111 non
933 3075 1144 3125 impingere

135 3149 150 3165 »
167 3131 268 3169 inter
285 3145 376 3170 saxa
394 3141 433 3170 et
455 3133 635 3183 scopulos
652 3132 822 3171 distortae
840 3142 877 3171 et
897 3135 1145 3173 anfractuosae

136 3208 151 3225 »
171 3191 243 3229 viae
273 3200 310 3229 et
344 3192 433 3230 vitae
460 3191 576 3242 hujus
609 3193 887 3232 difficillimum.
920 3199 1026 3233 Itane
1067 3209 1146 3232 mo-

187 3324 197 3338 ¹
222 3320 342 3349 1Joan.
359 3322 532 3357 v,19.——
554 3326 565 3341 2
584 3320 685 3351 Galat.
702 3332 713 3350 1
730 3327 757 3352 et
778 3332 816 3352 11.

1207 2652 1381 2702 quaesivit
1411 2652 1628 2698 hominem,
1665 2659 1702 2687 et
1726 2650 1878 2700 quidem
1913 2659 2040 2695 caute,
2072 2658 2109 2686 et
2139 2663 2200 2686 sa·

1206 2713 1367 2762 pienter.
1392 2712 1492 2760 Quid
1513 2712 1631 2748 simile
1644 2740 1653 2757 ,
1673 2723 1813 2760 quaeso,
1836 2711 1971 2747 afferre
1991 2709 2142 2759 quibat,
2161 2710 2198 2746 in

1206 2786 1284 2822 quo
1304 2785 1410 2822 aeque
1427 2772 1533 2808 daret
1552 2780 1777 2821 caperetque
1792 2771 2096 2820 experimentum
2114 2783 2203 2820 pro-

1209 2833 1328 2869 fectus
1350 2832 1431 2869 sui?
1458 2832 1495 2868 Si
1523 2831 1714 2868 Malachiae
1737 2830 1953 2879 exemplum
1971 2829 2024 2865 eis
2041 2842 2112 2878 pro
2134 2829 2203 2864 mi-

1208 2893 1313 2930 nimo
1335 2900 1408 2937 est,
1443 2892 1546 2928 Pauli
1577 2903 1673 2940 opus
1694 2890 1902 2927 attendant.
1921 2893 2058 2927 Nonne
2082 2892 2205 2925 Evan-

1208 2954 1347 3003 gelium
1366 2965 1494 2997 suum,
1525 2950 1627 3001 quod
1648 2964 1725 2987 non
1746 2949 1792 2986 ab
1816 2950 1971 2986 homine
1988 2957 2204 2998 acceperat,

1210 3014 1275 3050 sed
1306 3027 1326 3050 a
1354 3012 1526 3057 Christo,
1560 3025 1643 3047 cum
1666 3010 1883 3047 hominibus
1914 3018 2036 3046 tamen
2059 3009 2202 3045 censuit

1211 3071 1483 3110 conferendum
1498 3099 1507 3117 ‚
1528 3084 1575 3107 ne
1593 3071 1689 3107 forte
1707 3071 1745 3107 in
1760 3083 1919 3107 vacuum
1942 3077 2128 3114 curreret,
2143 3075 2206 3103 aut

1211 3132 1437 3170 cucurrisset
1468 3133 1507 3167 ²?
1535 3131 1611 3169 [bi
1640 3131 1702 3168 ille
1735 3144 1888 3168 securus
1921 3142 1996 3166 non
2028 3135 2106 3171 est,
2138 3140 2206 3162 nec

1211 3207 1292 3243 ego.
1322 3193 1358 3230 Si
1385 3192 1470 3242 quis
1497 3192 1570 3228 hoc
1595 3191 1683 3238 scit,
1701 3191 1860 3235 viderit,
1883 3202 1929 3225 ne
1953 3200 2028 3224 non
2052 3195 2125 3223 tam
2147 3199 2206 3223 se-

1468 3324 1480 3337 21
1501 3316 1589 3348 Alias
1601 3340 1608 3353 ‚
1627 3326 1706 3345 mea.
