2517 3920
347 170 442 207 1443

340 257 402 285 tur
424 245 620 284 Zacharias
645 242 748 293 quod
775 241 885 278 fidem
915 240 1060 277 ratione
1085 238 1292 283 tentavit¹3
1311 245 1347 274 et

1105 165 1140 199 S.
1172 161 1424 198 BERNARDI
1454 158 1655 194 ABBATIS

1360 235 1409 254 6⁴5

2324 160 2421 198 1444

1419 249 1505 272 cum
1536 234 1717 284 Spiritum
1748 241 1920 270 sanctum
1954 234 2114 271 fateatur
2136 235 2237 272 Patri
2266 244 2303 273 et
2331 237 2423 275 Filio

340 321 491 345 rursum
531 305 722 343 Abraham
761 301 1051 339 commendatur
1067 329 1076 347 ,
1113 300 1179 350 qui
1214 307 1346 336 contra
1367 297 1393 330 A
1416 293 1801 339 consubstantialem,
1824 302 1934 343 neget
1961 302 2084 330 tamen
2111 307 2157 330 ex
2183 295 2303 332 Patris
2321 296 2426 334 Filii-

340 381 444 419 spem
463 368 499 403 in
517 379 623 416 spem
641 363 802 401 credidit
816 370 841 399 ².

394 430 428 466 2.
449 432 496 464 At
514 435 646 464 contra
669 425 868 473 theologus
890 431 1020 459 noster
1046 436 1052 457 :
1074 440 1087 453 ἰ
1113 420 1232 469 Quid,
1259 437 1272 451 υ
1290 419 1349 454 in-

341 491 445 541 quit,
477 505 491 521 «
524 487 572 525 ad
601 486 812 523 doctrinam
844 484 948 534 loqui
979 482 1151 533 prolicit,
1184 482 1213 518 si
1245 479 1349 529 quod

341 569 355 584 »ι
377 550 515 587 docere
531 547 728 592 volumus,
747 544 889 595 exponi
906 556 980 579 non
1003 550 1128 592 potest
1147 549 1188 577 ut
1204 539 1347 576 intelli-

340 631 355 645 »
376 611 538 662 gatur*?
561 627 575 641 »
595 612 642 646 Et
662 607 713 644 sic
729 606 958 656 promittens
977 604 1212 640 intellectum
1236 600 1347 638 audi-

340 671 487 708 toribus
518 669 613 713 suis,
635 668 673 704 iu
702 666 760 702 his
789 665 901 701 etiam
933 677 1018 713 quae
1053 661 1278 699 sublimiora
1313 667 1350 696 et

340 732 544 770 sacratiora
565 727 758 779 profundo
776 726 840 762 illo
864 726 948 762 sinu
973 737 1088 761 sacrae
1109 723 1197 759 fidei
1224 721 1349 759 conti-

339 801 492 831 nentur,
514 790 623 841 ponit
639 789 677 824 in
699 787 882 824 Trinitate
905 784 1064 835 gradus,
1088 784 1126 820 in
1148 782 1344 832 majestate

340 853 494 896 mosim,
516 862 696 887 numeros
715 848 753 884 in
775 847 996 883 aeternitatc.
1020 844 1194 892 Denique
1211 842 1350 879 consti-

343 915 414 951 tuit
429 931 442 945 c(
455 917 577 950 Deum
595 914 743 947 Patrem
765 908 917 957 plenam
933 918 1012 942 esse
1034 903 1243 954 potentiam
1257 931 1266 947 ,
1289 902 1350 939 Fi-

341 994 355 1007 »
374 974 465 1010 lium
489 969 692 1021 quamdam
719 966 950 1017 potentiam,
967 964 1150 1014 Spiritum
1177 970 1349 1000 sanctum

1417 368 1491 405 que
1513 354 1671 405 prodire
1693 353 1917 391 substantia.
1939 354 2017 391 Nisi
2034 355 2131 392 forte
2147 355 2232 391 illos
2249 355 2426 406 exipsius

1417 415 1626 465 procedere
1656 415 1747 451 velit
1769 430 1776 451 :
1801 415 1905 464 quod
1926 415 2081 464 quidem
2107 415 2322 452 inauditum
2348 426 2424 463 est,

1417 483 1454 511 et
1480 474 1700 512 nefandum.
1722 475 1758 513 Si
1787 483 1913 512 autem
1942 488 2012 512 nec
2036 475 2068 512 is
2095 475 2141 512 de
2160 475 2336 522 illorum,
2359 490 2427 514 nec

1416 535 1468 572 illi
1492 535 1537 572 de
1560 534 1674 584 hujus
1695 534 1905 572 substantia
1922 543 2032 582 sunt;
2054 534 2120 572 ubi
2134 564 2143 581 ,
2165 548 2314 585 quaeso,
2333 549 2426 573 con-

1417 595 1742 632 substantialitas?
1758 598 1835 631 Aut
1850 608 1941 644 ergo
1958 595 2121 632 fateatur
2145 608 2232 632 cum
2248 595 2425 643 Ecclesia,

1417 655 1598 705 Spiritum
1622 663 1795 691 sanctum
1817 654 1863 691 de
1882 654 2093 692 substantia
2109 655 2263 692 illorum
2283 668 2384 703 esse,
2407 670 2427 693 a

1417 715 1557 765 quibus
1592 730 1669 752 non
1702 724 1813 766 negat
1847 715 2076 767 procedere3
2111 724 2177 753 aut
2210 724 2313 753 certe
2342 729 2427 754 cum

1417 776 1509 813 Ario
1531 776 1965 813 consubstantialitatem
1988 776 2170 826 deneget,
2190 785 2229 813 et
2248 776 2429 826 praedicet

1417 844 1547 886 aperte
1567 837 1812 873 creationem.
1835 836 1982 874 Deinde
2001 837 2029 874 si
2051 837 2167 875 Filius
2185 836 2232 873 de
2253 835 2429 874 substan—

1418 896 1468 932 tia
1490 896 1612 933 Patris
1632 905 1700 943 est,
1726 897 1888 947 Spiritus
1920 905 2073 934 sanctus
2099 910 2177 934 non
2203 904 2260 933 est
2282 911 2290 932 :
2318 896 2429 933 diffe-

1417 964 1502 992 rant
1525 969 1678 993 necesse
1698 965 1753 994 est
1775 970 1795 993 a
1815 970 1854 994 se
1880 957 2065 1003 invicem,
2091 970 2170 994 non
2194 958 2318 994 solum
2341 957 2430 1007 quia

339 1051 353 1066 »
376 1032 518 1068 nullam
545 1027 754 1079 potentiam
775 1041 781 1062 :
804 1034 916 1075 atque
943 1024 1015 1060 hoc.
1041 1036 1122 1060 esse
1147 1022 1282 1060 Filium
1302 1021 1349 1058 ad
1369 1019 1394 1054 B
1417 1016 1579 1066 Spiritus
1605 1025 1758 1054 sanctus
1790 1017 1940 1067 genitus
1969 1030 2048 1054 non
2078 1025 2153 1064 est,
2180 1017 2285 1067 quod
2314 1018 2429 1056 Filius

342 1112 354 1123 υ
376 1095 545 1135 Patrem,
561 1087 665 1138 quod
686 1085 889 1136 quamdam
910 1083 1124 1134 potentiam
1143 1081 1191 1118 ad
1211 1089 1350 1131 poten-

340 1171 353 1185 »
377 1152 484 1197 tiam,
507 1148 613 1199 quod
633 1146 796 1197 speciem
816 1145 863 1182 ad
884 1156 1024 1194 genus,
1047 1141 1151 1192 quod
1172 1140 1351 1178 materia-

340 1230 354 1243 »
376 1219 455 1247 tum
473 1209 520 1246 ad
537 1207 732 1245 materiam
750 1234 758 1250 ,
783 1204 886 1255 quod
907 1203 1103 1240 hominem
1120 1201 1167 1238 ad
1187 1201 1349 1247 animal,

341 1289 353 1303 r
376 1269 480 1320 quod
512 1281 653 1305 aereum
683 1266 846 1315 sigillum
877 1263 923 1300 ad
946 1276 995 1300 aes
1009 1263 1038 1298 *.
1058 1280 1073 1295 »
1100 1265 1238 1299 Nonne
1264 1260 1349 1310 plus

338 1345 452 1382 quam
473 1329 585 1367 Arius
602 1328 687 1365 hic?
703 1326 796 1374 Quis
815 1325 896 1361 haec
919 1324 1034 1360 ferat?
1049 1323 1133 1373 quis
1149 1335 1228 1358 non
1249 1322 1350 1358 clau-

339 1393 404 1430 dat
436 1403 546 1428 aures
575 1388 622 1426 ad
649 1400 763 1424 voces
792 1384 1018 1434 sacrilegas?
1040 1383 1125 1433 quis
1154 1395 1231 1420 non
1253 1381 1348 1418 hor-

338 1461 419 1490 reat
440 1451 619 1502 profanas
636 1447 825 1485 novitates
846 1454 883 1483 et
900 1458 1039 1481 vocum
1052 1473 1060 1489 ,
1084 1452 1121 1480 et
1141 1440 1347 1480 sensuum?

337 1512 438 1550 Dicit
458 1511 569 1547 etiam
592 1526 606 1541 «
627 1508 810 1558 Spiritum
835 1514 1009 1543 sanctum
1032 1503 1241 1554 procedere
1259 1503 1347 1552 qui-

340 1592 354 1607 »
377 1573 462 1610 dem
480 1586 526 1609 ex
547 1575 656 1608 Patre
677 1577 715 1606 et
740 1569 856 1614 Filio,
874 1567 940 1604 sed
966 1566 1122 1603 minime
1151 1565 1197 1602 de
1226 1565 1348 1602 Patris

343 1655 355 1665 υ
375 1646 455 1670 esse
475 1632 607 1670 Filiive
633 1629 878 1667 substantia*.
901 1626 1014 1664 [nde
1039 1628 1156 1676 ergo?
1178 1639 1225 1662 an
1252 1625 1348 1661 sorte

339 1708 385 1731 ex
417 1693 555 1738 nihilo,
585 1692 681 1728 sicut
711 1699 748 1727 et
778 1689 1074 1737 universa-quae
1109 1688 1204 1723 facta
1235 1687 1349 1723 sunt?

337 1759 430 1792 Nam
456 1762 492 1790 et
512 1754 592 1803 ipsa
611 1765 656 1788 ex
674 1755 755 1788 Deo
776 1763 855 1786 esse
877 1762 954 1785 non
977 1748 1162 1784 diffitetur
1183 1750 1350 1796 Aposto-

1417 1085 1494 1124 est3
1513 1076 1580 1113 sed
1603 1076 1716 1114 etiam
1746 1077 1851 1127 quod
1872 1078 1988 1116 Filius
2012 1077 2059 1115 de
2080 1077 2292 1115 substantia
2309 1078 2430 1116 Patris
2478 1116 2481 1117 γ

1417 1146 1494 1184 est,
1516 1137 1621 1187 quod
1641 1138 1804 1188 Spiritus
1825 1147 1978 1176 sanctus
2004 1151 2084 1175 non
2104 1147 2173 1176 est.
2197 1142 2320 1187 Quam
2341 1139 2429 1189 qui-

1417 1197 1503 1234 dem
1536 1198 1788 1248 posteriorem
1813 1198 2067 1235 differentiam
2092 1199 2312 1237 Catholica*
2340 1199 2430 1236 huc-

1417 1271 1538 1307 usque
1559 1258 1729 1295 nescivit.
1743 1258 1780 1297 Si
1800 1272 1883 1295 eam
1905 1258 2154 1306 admittimus,
2171 1258 2238 1296 ubi
2255 1259 2430 1306 Trinitas,

1417 1318 1483 1355 ubi
1512 1319 1678 1357 Unitas?
1698 1319 1893 1369 Siquidem
1926 1319 2070 1370 Spiritu
2097 1328 2228 1357 sancto
2255 1319 2430 1369 Filioque

1416 1392 1516 1416 nova
1546 1392 1566 1416 a
1599 1393 1638 1416 se
1666 1379 1969 1417 differentiarum
1998 1380 2272 1417 numerositate
2293 1379 2432 1417 distan-

1418 1438 1538 1487 tibus,
1569 1440 1692 1477 unitas
1725 1440 1932 1491 dissipatur
1954 1441 2197 1491 :praesertim
2227 1454 2314 1478 cum
2342 1440 2431 1478 sub—

1416 1501 1631 1537 stantialem
1660 1514 1740 1538 esse
1763 1509 1892 1551 pateat
1918 1501 2194 1549 differentiam,
2221 1515 2336 1552 quam
2362 1503 2432 1538 iste

1415 1570 1578 1599 conatur
1605 1562 1800 1600 inducere.
1822 1567 1943 1601 Porro
1970 1571 2097 1600 autem
2128 1562 2272 1613 Spiritu
2299 1570 2431 1600 sancto

1416 1636 1435 1659 a
1455 1624 1576 1660 Patris
1596 1623 1757 1673 Filiique
1777 1623 1990 1660 substantia
2005 1623 2208 1661 recedente
2220 1652 2230 1670 ,
2248 1636 2327 1660 non
2344 1623 2431 1660 Tri·-

1417 1684 1513 1720 nitas
1545 1692 1738 1730 remanet,
1768 1683 1834 1720 sed
1870 1683 2042 1721 dualitas.
2078 1687 2210 1733 'Neque
2240 1683 2340 1720 enim
2374 1683 2432 1719 di-

1417 1757 1533 1793 gnum
1559 1752 1616 1779 est
1641 1744 1679 1780 in
1707 1744 1893 1780 Trinitate
1918 1743 2067 1780 admitti
2088 1757 2314 1794 personam,
2346 1756 2431 1793 quae

336 1816 414 1861 lus,
432 1827 501 1850 nec
518 1820 674 1849 veretur
693 1810 818 1846 dicere
845 1824 852 1844 ε
880 1810 944 1843 Ex
964 1822 1036 1856 qno
1057 1812 1186 1842 omnia
1201 1806 1228 1843 ³.
1251 1805 1352 1854 Quid
1373 1808 1399 1843 C
1422 1805 1473 1840 nil
1495 1803 1632 1841 habeat
1649 1805 1687 1841 in
1710 1804 1919 1841 substantia
1940 1818 2144 1841 commune
2163 1818 2248 1840 cum
2265 1803 2432 1854 reliquis.

337 1875 479 1917 igitur?
499 1873 667 1909 dicemus
695 1884 742 1907 ex
759 1874 868 1907 Patre
892 1877 928 1904 et
945 1868 1040 1906 Filio
1063 1867 1245 1916 Spiritum
1264 1880 1353 1903 san-

340 1916 442 1971 citum
475 1947 552 1969 non
574 1933 647 1969 alio
670 1943 828 1981 prorsus
851 1927 1061 1978 procedere
1082 1926 1217 1973 modo,
1237 1939 1351 1975 quam

340 1994 467 2031 onmia
481 2023 489 2038 ,
511 1993 548 2029 id
570 2000 625 2028 est
643 2004 720 2027 non
743 1988 1006 2030 essentialiter,
1031 1986 1095 2023 sed
1115 1985 1350 2031 creabiliter,

342 2070 385 2092 ac
417 2053 576 2105 perinde
607 2060 775 2090 creatum
802 2051 898 2086 sicut
923 2057 959 2084 et
984 2048 1133 2085 omnia?
1151 2056 1215 2083 aut
1243 2060 1346 2083 num-

343 2116 435 2165 quid
470 2115 621 2151 tertium
654 2111 824 2148 inveniet
853 2109 923 2146 sibi
952 2108 1134 2152 modum,
1157 2120 1234 2157 quo
1264 2120 1351 2143 eum

344 2191 390 2214 ex
425 2179 534 2213 Patre
567 2173 738 2222 Filioque
771 2170 981 2221 producat,
1004 2169 1122 2204 homo
1158 2168 1222 2216 qui
1253 2180 1353 2203 nox-a

344 2249 493 2285 semper
530 2233 712 2283 inquirit,
749 2240 785 2267 et
821 2244 905 2280 quae
938 2242 1017 2265 non
1051 2228 1198 2264 invenit
1226 2227 1352 2277 fingit,

343 2296 537 2333 affirmans
564 2307 607 2330 ea
635 2305 718 2342 quae
748 2304 825 2327 non
856 2298 962 2335 sunt,
991 2298 1171 2338 tanquam
1200 2302 1242 2324 ea
1269 2301 1354 2337 quae

346 2356 456 2393 sunt?
485 2359 570 2392 «At
597 2353 628 2390 si
657 2360 774 2398 esset,
792 2369 806 2383 n
840 2350 978 2400 inquit,
1010 2366 1023 2381 «
1060 2349 1106 2385 de
1144 2348 1354 2386 substantia

347 2434 361 2448 ³>
384 2416 526 2460 Patris,
551 2414 726 2464 profecto
748 2412 897 2462 genitus
920 2418 1038 2456 esset,
1060 2418 1096 2446 et
1123 2409 1219 2446 duos
1245 2413 1356 2446 Pater

346 2495 359 2508 ,‚
381 2477 478 2512 lilios
514 2474 683 2511 haberet.
710 2490 724 2505 υ
753 2472 867 2520 Quasi
902 2484 996 2507 vero
1030 2483 1143 2506 omne
1175 2468 1280 2519 quod
1314 2468 1361 2505 de

347 2535 559 2573 substantia
579 2534 704 2583 aliqua
722 2541 799 2579 est,
818 2531 1001 2568 continuo
1023 2530 1147 2580 ipsum
1168 2543 1188 2565 a
1211 2543 1288 2579 quo
1306 2537 1361 2565 est

1420 1864 1577 1901 Desinat
1599 1877 1689 1913 ergo
1707 1865 1868 1914 Spiritus
1888 1864 2008 1901 sancti
2030 1864 2315 1914 processionem
2332 1877 2353 1900 a
2368 1867 2435 1901 Pa-

1422 1925 1486 1960 tris
1506 1924 1666 1974 Filiique
1685 1923 1896 1961 substantia
1911 1938 2110 1974 separare3
2128 1938 2175 1961 ne
2196 1924 2339 1974 duplici
2360 1923 2434 1960 im-

1420 1984 1562 2034 pietate
1588 1997 1791 2021 numerum
1809 1993 1845 2021 et
1862 1985 2039 2021 Trinitati
2055 1984 2222 2030 minuat,
2240 1993 2277 2021 et
2295 1982 2436 2020 tribuat

1419 2043 1565 2081 [nitati
1592 2059 1599 2081 :
1631 2044 1737 2094 quod
1769 2054 1976 2095 utrumque
2006 2045 2098 2082 fides
2129 2043 2265 2082 abnuit
2288 2044 2435 2081 christi-

1419 2119 1503 2142 ana.
1533 2109 1581 2142 Et
1614 2119 1661 2142 ne
1691 2105 1737 2142 de
1768 2120 1807 2143 re
1839 2115 1942 2143 tanta
1975 2107 2065 2143 solis
2098 2106 2230 2143 videar
2259 2106 2436 2143 humanis

1420 2162 1532 2202 inniti
1551 2165 1784 2212 rationibus,
1800 2166 1900 2216 legat
1920 2166 2118 2216 epistolam
2138 2165 2367 2215 Hieronymi
2389 2164 2435 2202 ad

1421 2227 1574 2264 Avitum
1608 2242 1615 2264 :
1641 2235 1678 2263 et
1709 2235 1810 2263 certe
1842 2226 1991 2264 videbit
2023 2227 2122 2263 inter
2156 2234 2312 2263 caeteras
2343 2238 2436 2276 quas

1422 2288 1617 2337 redarguit
1637 2288 1812 2337 Origenis
1829 2287 2107 2337 blasphemias,
2126 2287 2239 2323 etiam
2260 2286 2333 2323 hoc
2350 2299 2434 2323 eum

1423 2347 1674 2385 detestantem
1696 2347 1801 2398 quod
1819 2347 1980 2395 dixerit,
1995 2347 2180 2398 Spiritum
2199 2355 2371 2384 sanctum
2390 2346 2438 2383 de

1422 2408 1633 2446 substantia
1649 2409 1770 2445 Patris
1791 2422 1869 2445 non
1888 2422 1981 2446 esse.
1999 2412 2136 2446 Beatus
2153 2407 2382 2446 Athanasius
2397 2406 2436 2443 in

1428 2468 1526 2505 libro
1557 2469 1604 2505 de
1630 2469 1736 2505 unita
1761 2469 1944 2506 Trinitate
1970 2469 2022 2505 ita
2046 2468 2218 2518 loquitur
2240 2483 2248 2505 ε
2271 2484 2285 2499 «
2307 2467 2435 2506 Solum

1430 2547 1444 2563 »
1464 2533 1586 2568 Deum
1606 2529 1671 2566 ubi
1690 2538 1924 2567 memoratus
1944 2542 2026 2566 sum
2041 2558 2050 2575 ,
2069 2542 2147 2566 non
2168 2528 2287 2565 solam
2305 2540 2438 2578 perso-

350 2597 485 2633 habeat
504 2595 728 2646 genitorem.
751 2597 850 2631 Num
869 2605 961 2629 vero
982 2591 1169 2642 pediculi,
1191 2599 1256 2627 aut
1277 2591 1360 2627 len·
1381 2595 1412 2630 D
1432 2610 1446 2624 »
1470 2604 1557 2627 nam
1581 2592 1700 2628 Patris
1720 2590 1885 2628 indicavi
1907 2605 1915 2627 :
1938 2590 2029 2640 quia
2048 2590 2185 2628 Filium
2202 2597 2239 2626 et
2257 2588 2436 2639 Spiritum

351 2658 415 2694 des
425 2664 455 2703 ³,
473 2665 539 2693 aut
558 2652 816 2706 phlegmatab,
837 2653 897 2690 vel
926 2652 991 2688 filii
1020 2652 1142 2688 carnis
1171 2659 1279 2693 sunt,
1300 2650 1360 2687 vel

352 2733 430 2755 non
453 2727 542 2755 sunt
569 2717 615 2754 de
642 2715 852 2753 substantia
879 2713 1027 2750 carnis?
1048 2721 1113 2750 aut
1140 2725 1288 2749 vermes
1316 2711 1362 2748 de

353 2780 455 2828 ligno
476 2777 632 2829 putrido
653 2775 907 2827 prodeuntes,
931 2773 1084 2811 aliunde
1110 2786 1224 2822 quam
1246 2773 1293 2809 de
1313 2773 1361 2809 li-

355 2840 417 2887 gni
446 2838 655 2875 substantia
688 2845 796 2882 sunt,
819 2836 885 2885 qui
912 2844 1037 2872 tamen
1069 2834 1135 2871 filii
1162 2834 1253 2883 ligni
1282 2847 1360 2871 non

355 2900 467 2934 sunt?
497 2898 569 2934 Sed
606 2906 643 2933 et
675 2898 786 2933 tineae
822 2896 868 2932 de
902 2894 1112 2932 substantia
1142 2907 1361 2944 pannorum

355 2958 603 2995 substantiam
620 2956 775 3002 habent,
797 2956 1081 3006 generationem
1100 2967 1177 2990 non
1195 2953 1360 2990 habent:

358 3027 395 3055 et
415 3018 532 3056 multa
554 3018 591 3053 in
611 3017 712 3053 hunc
734 3016 905 3052 modum.

411 3078 447 3115 3.
468 3078 588 3115 Miror
620 3084 744 3112 autem
779 3076 972 3113 hominem
1007 3085 1161 3113 acutum
1196 3084 1233 3112 et
1264 3076 1364 3112 scio-

356 3141 460 3184 lum,
490 3146 532 3173 ut
565 3135 717 3186 quidem
752 3135 830 3184 ipse
862 3135 932 3171 sibi
963 3135 1128 3181 videtur,
1168 3135 1364 3186 quomodo

407 3273 414 3287 ¹
434 3270 506 3298 Luc.
525 3277 555 3301 i,
578 3266 639 3301 45,
662 3266 703 3294 20
720 3282 756 3284 -
777 3261 1345 3298 ²Rom.1v.18.—31d.x1,:;‹;.

406 3330 417 3343 ²
434 3327 520 3358 Alias
535 3350 542 3361 ,
566 3323 674 3355 lentes.
688 3343 733 3346 —
752 3316 767 3339 ¹'
784 3322 869 3353 Alia>
885 3346 891 3360 ‚
907 3323 1075 3361 fleumata.

1428 2669 1442 2685 »
1464 2660 1635 2688 sanctum
1651 2651 1780 2688 dehac
1796 2651 1878 2701 ipsa
1895 2651 1975 2688 sola
1995 2649 2204 2688 substantia
2222 2649 2343 2687 Patris
2358 2660 2439 2685 esse

1431 2730 1445 2746 »
1465 2726 1543 2750 non
1565 2711 1763 2762 abnegavi.
1791 2729 1805 2745 »
1832 2715 1916 2749 Hoc
1938 2711 2179 2749 Athanasius
