2517 3920
336 193 425 229 1431
965 191 1241 227 ADMONITIO
1270 192 1317 225 IN
1350 189 1649 226 OPUSCULUM
1678 189 1745 223 XI.
2305 185 2403 221 1432

328 270 419 307 talis
447 269 681 320 mysterium
708 267 875 319 explicat
906 266 1146 306 Guillelmus
1173 266 1221 305 de
1255 264 1446 311 conchis,
1477 265 1590 314 cujus
1615 262 1753 301 itidem
1785 275 1934 300 errores
1955 262 2136 300 confutat
2166 262 2406 301 Guillehnus

328 333 725 374 Sancti-Theoderici
748 333 872 381 abbas
887 334 928 370 in
954 332 1119 384 epistola
1141 332 1190 370 ad
1218 330 1480 370 Bernardum.
1507 329 1613 367 Adeo
1633 327 1735 366 nihil
1761 327 1954 366 infelicius
1973 327 2108 366 cadere
2122 329 2163 365 in
2177 327 2412 380 religionem

325 411 453 454 potest
466 431 475 448 ,
496 415 618 452 quam
635 415 727 439 cum
741 399 970 451 philosophi
988 414 1035 437 ex
1055 398 1136 437 sola
1156 399 1307 436 ratione
1327 396 1416 435 fidei
1431 404 1572 434 nostrae
1591 395 1777 446 mysteria
1793 393 1983 445 explicare
2003 402 2208 432 conantur.
2231 430 2234 433 .

382 471 419 507 8.
453 467 512 505 De
537 476 619 505 toto
650 466 857 505 Abaelardi
884 467 1039 518 negotio
1065 463 1284 504 Gaufridus
1321 463 1441 500 sancti
1468 460 1658 500 Bernardi
1684 460 1861 498 notarius
1889 460 1943 497 ita
1968 459 2147 510 loquitur
2174 460 2214 497 in
2242 459 2406 511 epistola

329 533 379 571 ad
400 533 613 571 Henricum
633 531 871 571 cardinalem
891 540 929 570 et
950 531 1178 582 episcopum
1203 528 1470 566 Albanensem
1491 545 1498 565 :
1525 546 1541 562 u
1566 526 1710 564 Audivi
1730 528 1849 566 etiam
1864 557 1873 574 ‚
1892 526 2001 578 quod
2016 540 2133 578 super
2152 525 2406 566 damnatione

332 617 348 632 n
370 599 476 638 Petri
504 597 712 637 Abaelardj
739 597 941 649 diligentia
967 605 1095 635 vestra
1121 594 1315 633 desiderat
1343 593 1499 646 plenius
1524 607 1635 632 nosse
1661 593 1843 632 similiter
1863 594 2097 632 veritatem:
2124 593 2236 643 cujus
2254 591 2407 631 libellos
2452 641 2454 645 ,

333 684 350 699 n
374 666 448 716 piae
467 665 668 703 memoriae
688 663 875 701 dominus
896 662 1151 700 Innocentius
1165 661 1206 698 II
1224 674 1326 711 papa
1342 661 1383 697 in
1399 659 1498 698 urbe
1525 659 1654 697 Roma
1678 668 1717 697 et
1739 660 1778 697 in
1799 658 1954 697 ecclesia
1973 657 2077 697 beati
2100 658 2208 696 Petri
2225 657 2407 697 incendio

334 750 350 765 n
373 731 515 770 celebri
532 729 831 776 condemnavit,
851 727 1061 778 apostolica
1075 727 1308 765 auctoritate
1326 725 1557 764 haereticum
1577 723 1693 762 illum
1707 723 1962 762 denuntians.
1981 723 2089 762 Nam
2105 732 2144 762 et
2165 732 2257 762 ante
2271 723 2408 774 plures

334 815 351 830 n
375 810 498 835 annos
519 794 748 834 venerabilis
765 793 930 844 quidam
949 792 1154 831 cardinalis
1181 801 1220 830 et
1238 791 1388 843 legatus
1413 791 1603 829 Romanae
1623 790 1801 829 Ecclesiae
1816 821 1825 837 ‚
1856 790 1965 829 Cono
1994 791 2156 828 nomine
2173 819 2183 837 ,
2217 789 2409 843 regularis

335 882 352 897 ›-
375 860 579 914 quondam
604 860 812 898 canonicus
834 858 998 897 ecclesiae
1018 856 1325 896 Sancti-Nicolai
1349 856 1397 894 de
1426 857 1590 894 Aruasia
1605 886 1614 903 ,
1640 855 1902 909 Tlieologiam
1920 857 2022 907 ejus,
2045 855 2254 894 suessione
2277 857 2409 894 conci-

335 946 351 960 »
375 927 476 965 lium
502 925 704 964 celebrans
718 954 726 970 ‚
750 923 931 961 similiter
955 931 1290 970 concremaverat,
1316 923 1448 974 ipsum
1468 921 1636 960 Petrum
1662 931 1896 972 praesentem
1912 936 2082 975 arguens
2097 953 2106 970 ‚
2129 931 2169 960 et
2184 923 2409 961 convictum

334 1011 351 1025 ι»
375 992 423 1030 de
439 991 620 1030 haeretica
643 990 837 1041 pravitate
862 988 1141 1027 condemnans.
1164 988 1282 1026 Unde
1303 996 1431 1026 vestro
1457 988 1487 1025 si
1509 986 1699 1038 placuerit
1718 986 1924 1035 desiderio,
1948 1001 2017 1038 per
2044 987 2227 1027 libellum
2253 988 2410 1028 devita

334 1076 350 1090 u
376 1058 497 1095 sancti
514 1055 721 1104 Bernardi,
742 1065 781 1093 et
806 1069 878 1107 per
898 1056 982 1105 ejus
1001 1054 1184 1106 epistolas
1204 1055 1340 1093 missas
1354 1053 1405 1091 ad
1421 1054 1574 1091 curiam
1597 1053 1772 1091 satisfiet.
1796 1054 1935 1092 Inveni
1957 1055 2145 1093 tamenin
2160 1053 2411 1095 Clara-Valle

335 1141 351 1154 n
377 1121 556 1161 libellum
583 1120 790 1171 cujusdam
814 1119 970 1158 abbatis
996 1119 1213 1172 Nigrorum
1247 1119 1551 1167 monachorum,
1584 1133 1665 1171 quo
1688 1134 1837 1158 errores
1864 1120 2043 1171 ejusdem
2067 1121 2175 1160 Petri
2196 1131 2410 1169 notantur,

335 1207 352 1223 »
378 1202 498 1240 quein
520 1197 559 1226 et
578 1187 675 1227 olim
697 1201 761 1226 me
784 1187 922 1226 vidisse
941 1186 1124 1226 recordor
1144 1203 1153 1224 z
1177 1185 1243 1224 sed
1259 1200 1281 1223 a
1301 1184 1438 1224 multis
1458 1185 1591 1232 annis,
1617 1193 1663 1223 ut
1682 1185 1861 1224 custodes
1883 1185 2079 1225 librorum
2104 1196 2304 1235 asserunt,
2326 1197 2412 1226 stu-

335 1274 351 1289 »
375 1254 483 1293 diose
501 1255 708 1306 quaesitus,
730 1255 886 1306 primus
912 1254 1122 1305 quaternio
1151 1266 1230 1290 non
1256 1252 1388 1303 potuit
1414 1251 1597 1290 inveniri.
1623 1250 1790 1302 Propter
1809 1251 1919 1303 quod
1942 1253 2135 1304 propositi
2156 1253 2278 1291 nostri
2298 1262 2356 1292 est
2371 1254 2412 1292 in

334 1339 350 1354 »ι
375 1320 406 1358 F
410 1321 583 1359 ranciam
615 1319 809 1359 destinare
840 1319 890 1358 ad
912 1320 1213 1366 monasterium,
1236 1319 1348 1369 cujus
1369 1317 1491 1356 abbas
1511 1317 1678 1366 exstitit,
1698 1318 1767 1369 qui
1784 1317 1972 1356 eumdem
1990 1317 2143 1356 librum
2162 1319 2384 1370 composuit
2407 1337 2416 1366 3

335 1404 352 1420 »
377 1396 439 1433 et,
459 1387 489 1424 si
516 1399 747 1437 recuperare
766 1395 926 1437 potero,
947 1385 1151 1424 transcribi
1168 1385 1293 1424 facere
1308 1383 1483 1422 codicem
1501 1391 1647 1432 totum,
1666 1392 1705 1422 et
1724 1384 1880 1422 mittere
1896 1383 2020 1423 vohis.
2040 1383 2166 1422 Credo
2184 1385 2290 1422 enim
2305 1384 2415 1436 quod

338 1470 353 1484 »ι
377 1460 512 1490 vestrae
541 1451 783 1503 inquisitioni
817 1450 990 1489 sufficere
1013 1450 1174 1498 debeat,
1196 1459 1242 1488 ut
1259 1448 1503 1503 »cognoscatis
1517 1479 1526 1496 ,
1550 1462 1658 1500 quae,
1687 1448 2032 1500 quemadmodum
2047 1479 2056 1497 ,
2077 1463 2202 1501 quare
2222 1449 2299 1504 sint
2317 1464 2415 1488 con—

335 1535 352 1551 »
376 1518 576 1556 demnata.
608 1538 621 1551 υ
648 1518 845 1556 Hactenus
868 1517 1089 1556 Gaufridus
1117 1532 1163 1556 ex
1188 1516 1346 1555 Chesnii
1384 1515 1498 1554 Notis
1528 1516 1569 1553 in
1600 1514 1881 1553 Abaelardum.
1913 1515 2116 1554 Mittimus
2144 1529 2233 1567 quae
2259 1515 2308 1554 de
2336 1517 2417 1554 viso

332 1583 489 1622 Henrici
518 1584 691 1622 canonici
708 1583 970 1622 Tornacensis
982 1614 991 1631 ,
1009 1583 1059 1621 ad
1074 1583 1209 1622 Patres
1224 1581 1363 1635 synodi
1385 1582 1619 1621 Senonensis
1634 1590 1753 1633 atque
1773 1580 1823 1619 ad
1840 1580 2088 1620 Bernardum
2103 1580 2241 1629 relato,
2258 1595 2418 1620 memo—

331 1657 473 1688 rantur
492 1650 533 1687 in
555 1649 750 1702 Spicilegii
774 1659 883 1688 tomo
904 1649 1160 1697 duodecimo,
1180 1663 1268 1701 pag.
1294 1648 1369 1688 478
1388 1657 1428 1686 et
1443 1656 1643 1699 sequente..

384 1718 423 1754 9.
456 1715 720 1768 Posteaquam
745 1715 827 1754 haec
852 1716 1106 1767 scripseram,
1139 1723 1273 1753 noster
1300 1714 1471 1752 Joannes
1504 1712 1744 1760 Durandus‚
1772 1713 1841 1764 qui
1870 1722 1965 1751 tunc
1994 1712 2132 1750 Romae
2161 1712 2416 1761 versabatur,

334 1796 381 1821 ex
408 1782 596 1822 mendoso
622 1782 752 1821 codice
770 1782 975 1830 Vaticano,
995 1790 1129 1820 notato
1145 1783 1238 1829 663,
1255 1780 1305 1819 ad
1327 1795 1392 1819 me
1407 1780 1623 1818 transmisit
1645 1777 1827 1829 Capitula
1846 1777 2042 1816 haeresum
2055 1777 2162 1816 Petri
2179 1777 2388 1817 Abaelardi
2407 1809 2416 1825 ‚

333 1850 512 1900 sequenti
535 1847 707 1900 epistolae
726 1850 945 1899 preemissa,
974 1847 1057 1886 haec
1076 1848 1160 1899 ipsa
1184 1848 1266 1886 sine
1290 1846 1435 1894 dubio,
1460 1860 1548 1898 quae
1571 1844 1797 1883 Bernardus
1821 1845 1861 1882 in
1891 1844 1969 1882 fine
1990 1843 2157 1894 hujusce
2183 1843 2355 1895 epistolae
2379 1859 2418 1884 se

333 1914 551 1967 collegisse,
575 1928 617 1952 ac
638 1914 816 1953 Pontifici
835 1914 1090 1952 transmisisse
1105 1913 1306 1965 significat.
1331 1911 1478 1951 Idcirco
1497 1926 1543 1950 ea
1558 1910 1632 1949 hoc
1647 1910 1735 1949 loco
1754 1910 1991 1962 praemittere
2007 1910 2136 1948 visum
2151 1918 2208 1948 est
2227 1909 2277 1948 ad
2296 1910 2421 1961 ipsius

336 1980 507 2031 epistolae
528 1979 846 2019 illustrationem.
