2517 3936
89 204 187 241 1369

534 204 821 239 TRACTATI‘S
854 204 917 238 DE
947 203 1131 238 GRATM
1165 202 1221 236 ET
1253 201 1432 236 LIBERO
1465 202 1708 237 ARBi'siuo.

85 280 256 325 boribus,
280 293 431 317 sensum
450 293 541 316 vcro
559 289 595 316 ct
615 280 842 330 appetitum,
861 289 897 317 et
913 293 1018 329 {eque
1039 279 1095 314 vi-
1105 276 1136 295 ⁶⁰

2071 201 2169 237 1370

1141 277 1154 293 ‘¹
1166 290 1264 322 nem,
1280 276 1378 313 sicut
1393 289 1461 311 ncc
1477 276 1666 312 contraria
1679 276 1937 323 innocentem,
1955 285 1991 314 et
2004 277 2075 312 lioc
2092 290 2168 313 non

87 349 161 377 tam
183 354 268 376 cum
289 339 495 389 pecoribus
511 355 520 385 ;
547 339 584 375 id
607 340 710 389 quod
738 340 875 376 dicitur
899 340 1094 384 voluntas,
1116 343 1147 375 Α
1163 337 1212 373 ol)
1234 336 1350 381 aliud,
1369 336 1439 371 nisi
1455 335 1544 383 quia
1561 336 1638 370 llaec
1655 337 1874 379 necessarie,
1892 350 1933 372 ac
1948 345 2086 386 praeter
2103 350 2170 372 vu-

87 413 157 437 nos
173 399 220 436 ab
242 400 412 448 utrisque
429 399 622 436 discernit.
646 398 762 448 Cujus
780 399 988 436 voluntatis
1006 411 1095 434 con-

86 473 231 506 sensus,
243 460 376 509 utique
384 460 636 505 voluntarius,
651 473 727 496 non
745 459 991 504 necessarius,
1007 459 1097 494 dum

87 529 153 558 aut
177 520 305 570 justos
328 520 486 570 probat,
515 529 579 557 aut
602 519 766 568 injustos
782 548 790 564 ,
822 521 934 556 etiam
964 520 1100 555 merito

87 580 219 618 beatos
241 581 328 617 facit
345 581 404 617 vel
428 581 597 617 miseros.
624 583 660 616 Is
678 574 772 627 crgo
790 579 871 615 talis
892 591 1100 614 consensus

88 640 138 678 ob
166 641 376 678 voluntatis
406 639 690 677 inamissibilem
717 638 954 683 libertatem,
980 646 1017 674 et
1037 651 1100 673 ra-

89 701 203 738 tionis
218 700 322 750 quod
347 713 475 737 secum
493 712 644 748 semper
666 706 702 734 et
720 697 862 747 ubique
880 705 1020 747 portat,
1040 697 1101 733 in-

89 759 316 802 declinabile
326 758 514 808 judicium
527 787 536 803 ,
553 771 632 794 non
652 757 864 805 incongrue
882 756 1044 802 dicetur,
1055 765 1102 792 ut

89 820 256 858 arbitror
269 849 279 866 ‚
300 819 464 856 liberum
486 817 684 855 arbitrium
699 846 709 863 ,
728 818 808 867 ipse
824 816 921 853 liber
937 816 994 853 sui
1010 830 1103 866 pro-

91 888 177 930 pter
195 879 433 916 voluntatem
450 907 458 923 ,
478 878 558 928 ipse
580 877 701 927 judex
729 878 787 914 sui
805 885 966 927 propter
986 877 1104 914 ratio-

90 953 191 977 nem.
214 943 259 977 Et
275 939 412 976 merito
428 938 643 975 libertatem
667 938 872 974 comitatur
885 937 1073 987 judicium
1092 952 1099 973 z

90 1000 271 1050 quoniam
290 998 445 1049 quidem
461 998 566 1048 quod
584 997 748 1034 liberum
765 998 823 1034 sui
837 1006 911 1043 est,
928 997 1102 1047 profecto

1164 397 1347 432 luntatcm
1367 406 1478 444 posse
1500 394 1702 443 provenire¹
1723 394 1945 443 probantur.

1530 496 1706 534 CAPUT
1737 496 1813 535 III.

1201 601 1369 643 Triplicem
1387 610 1453 631 esse
1471 600 1645 631 libertatem
1662 624 1669 633 ,
1691 601 1820 630 Natura*
1834 623 1841 637 ‚
1865 599 2000 637 Gratiae,
2024 602 2148 634 Gloriae.

1211 701 1247 736 6.
1265 699 1351 736 Sola
1361 712 1451 748 ergo
1462 699 1652 745 voluntas,
1665 698 1845 748 quoniam
1859 712 1929 748 pro
1942 699 1998 735 sui
2013 699 2178 748 ingenita

1169 760 1359 806 libertate,
1378 768 1442 796 aut
1457 760 1654 796 dissentire
1671 759 1739 796 sibi
1753 789 1762 805 ,
1779 768 1842 796 aut
1857 768 1994 809 prreter
2009 774 2047 796 se
2063 761 2099 796 in
2118 761 2179 796 ali-

1170 834 1246 870 quo
1268 820 1501 866 consentire,
1521 820 1625 856 nulla
1644 820 1681 855 vi
1695 848 1704 865 ,
1728 820 1833 856 nulla
1850 820 1998 869 cogitur
2014 821 2178 856 necessi-

1171 889 1264 927 tate;
1287 894 1364 917 non
1381 880 1573 917 immerito
1588 879 1729 928 justam
1746 880 1806 915 vel
1830 878 2009 928 injustam
2025 908 2034 925 ‚
2057 879 2180 916 beati-

1171 941 1302 978 tudine
1316 955 1382 978 seu
1397 941 1547 977 miseria
1560 940 1710 989 dignam
1724 953 1765 976 ac
1779 952 1954 988 capacem
1968 948 2180 976 creaturam

1171 1002 1388 1047 constituit,
1418 1009 1534 1051 prout
1563 1000 1704 1037 scilicet
1725 999 1881 1048 justitiae
1894 1029 1903 1045 ,
1935 998 2180 1048 injustitiaeve

91 1059 158 1096 ubi
178 1067 331 1110 peccat,
350 1057 404 1095 ibi
428 1071 467 1095 se
481 1057 638 1107 judicat.
658 1061 724 1094 Est
749 1066 876 1094 autem
893 1056 1101 1106 judicium,
1121 1065 1148 1098 B
1169 1062 1417 1098 consenserit.
1433 1065 1677 1110 Quapropter
1690 1059 1908 1108 hujusmodi
1921 1060 2179 1097 voluntarium

92 1119 182 1169 quia
197 1118 300 1168 juste
320 1118 513 1169 profecto,
530 1118 561 1154 si
579 1126 726 1168 peccat,
748 1118 895 1168 patitur
911 1117 1017 1167 quod
1035 1130 1109 1153 no-

93 1181 156 1225 lit,
178 1180 243 1229 qui
265 1192 342 1216 non
362 1186 494 1229 peccat
515 1178 586 1214 nisi
602 1178 705 1215 velit.

147 1241 183 1277 5.
199 1241 387 1277 Caeterum
415 1238 520 1289 quod
533 1238 589 1275 sui
603 1237 764 1274 liberum
777 1251 856 1275 non
875 1251 955 1275 esse
969 1249 1110 1287 cogno—

93 1300 223 1347 scitur,
244 1314 322 1350 quo
342 1308 455 1350 pacto
474 1300 535 1336 vel
555 1299 702 1336 bonum
723 1299 777 1345 ei,
800 1300 858 1335 vel
879 1299 1021 1336 malum
1041 1298 1110 1334 im-

94 1363 274 1411 putatur?
293 1364 460 1398 Excusat
487 1373 626 1410 nempe
652 1368 859 1410 utrumque
889 1358 1106 1397 necessitas.

93 1425 215 1458 Porro
231 1420 299 1458 ubi
313 1420 517 1458 necessitas
530 1429 600 1467 est,
617 1419 773 1457 libertas
787 1434 865 1457 non
883 1429 939 1457 est
956 1434 963 1456 :
982 1418 1050 1456 ubi
1067 1419 1112 1455 li-

94 1480 220 1518 bertas
237 1494 317 1518 non
337 1489 408 1527 est,
429 1493 498 1517 nec
513 1480 707 1526 meritum,
730 1494 772 1516 ac
794 1493 862 1530 per
878 1480 950 1516 hoc
964 1493 1034 1517 nec
1049 1479 1110 1530 ju-

94 1540 250 1578 dicium.
275 1544 449 1590 Excepto
475 1552 565 1576 sane
584 1552 655 1589 per
675 1539 804 1576 onmia
825 1540 998 1589 originali
1019 1554 1110 1591 pec-

95 1609 181 1638 cato
195 1630 206 1648 ,
227 1601 334 1651 quod
355 1601 467 1637 aliam
488 1608 640 1637 constat
668 1599 808 1637 habere
829 1600 1030 1637 rationem.
1054 1604 1110 1638 De

95 1669 233 1699 caetero
247 1660 435 1711 quidquid
448 1661 547 1697 hanc
563 1673 641 1697 non
657 1659 771 1697 habet
791 1661 998 1697 voluntarii
1019 1675 1111 1698 con-

96 1734 228 1759 sensus
243 1720 472 1766 libertatem,
492 1721 629 1770 procul
647 1719 764 1757 dubio
782 1729 819 1757 et
836 1721 973 1758 merito
989 1731 1106 1767 caret,

96 1789 136 1818 et
151 1780 312 1830 judicio.
332 1781 499 1818 Proinde
518 1781 697 1817 universa
717 1793 802 1830 quae
823 1789 912 1817 sunt
931 1781 1110 1828 hominis,

1174 1121 1414 1170 liberumque
1432 1133 1675 1165 consensum,
1693 1133 1738 1156 ex
1760 1133 1835 1169 quo
1853 1128 1890 1156 et
1911 1133 2024 1155 omne
2044 1120 2100 1156 sui
2120 1120 2182 1170 [ex

1175 1181 1232 1218 his
1252 1194 1336 1230 quae
1360 1181 1460 1218 dicta
1481 1180 1588 1231 sunt)
1611 1188 1757 1216 constat
1777 1179 1945 1229 pendere
1969 1179 2180 1228 judicium3

1176 1250 1272 1292 puto
1292 1255 1370 1278 non
1398 1242 1608 1290 incongrue
1631 1240 1667 1276 id
1689 1253 1789 1286 esse,
1808 1248 1850 1276 ut
1867 1253 1979 1289 supra
2002 1240 2181 1276 definivi-

1178 1316 1276 1348 mus,
1295 1301 1400 1352 quod
1414 1302 1509 1338 solet
1524 1301 1685 1337 liberum
1703 1300 1902 1337 arbitrium
1917 1300 2100 1350 appellari
2116 1314 2123 1336 :
2143 1307 2186 1336 ut

1177 1363 1341 1400 liberum
1362 1363 1409 1399 ad
1430 1363 1664 1398 voluntatem
1679 1391 1687 1407 ,
1707 1360 1907 1398 arbitrium
1931 1361 2116 1397 referatur
2138 1361 2183 1397 ad

1177 1424 1378 1461 rationem.
1404 1422 1475 1460 Sed
1492 1436 1580 1459 sane
1597 1422 1758 1459 liberum
1772 1451 1782 1468 ,
1799 1434 1876 1457 non
1903 1421 1966 1457 illa
1988 1420 2160 1458 libertate
2174 1450 2184 1467 ,

1179 1484 1225 1521 tle
1249 1491 1324 1534 qua
1353 1483 1443 1521 dicit
1464 1483 1671 1533 Apostolus
1694 1498 1701 1519 :
1730 1482 1799 1518 L'bz·
1827 1483 1978 1530 spi7·itus
2008 1484 2183 1525 Domini,

1176 1544 1229 1580 ibi
1246 1543 1396 1580 libertas
1408 1551 1434 1581 ¹.
1454 1546 1520 1580 Est
1537 1544 1636 1579 enim
1653 1542 1717 1578 illa
1734 1541 1887 1578 libertas
1905 1554 1925 1577 a
1939 1549 2094 1590 peccato
2106 1569 2115 1586 ,
2134 1540 2184 1576 si-

1178 1612 1240 1640 cut
1261 1603 1351 1640 alibi
1372 1603 1486 1639 dicit:
1510 1602 1597 1637 Cum
1623 1602 1719 1636 enim
1748 1603 1841 1636 servi
1868 1604 1991 1635 essetis
2016 1601 2184 1647 peccalt',

1179 1662 1283 1698 liberi
1293 1662 1423 1710 fitistis
1434 1663 1611 1708 jtcstc'lioe.
1631 1662 1738 1696 Nunc
1755 1668 1878 1695 autem
1898 1658 2046 1694 liberati
2065 1671 2187 1706 apec-

1177 1733 1259 1759 calo
1272 1753 1280 1769 ‚
1298 1728 1388 1759 servi
1409 1731 1529 1758 (intem
1543 1720 1642 1768 ⁸sarii
1658 1723 1735 1756 Deo
1748 1750 1759 1765 ,
1787 1718 1928 1754 habetis
1936 1716 2098 1766 fructum
2116 1731 2185 1753 ve-

1179 1793 1292 1820 strum
1325 1789 1363 1820 in
1395 1782 1726 1828 sanctificationem
1740 1809 1752 1825 ,
1779 1781 1902 1826 finem
1941 1793 2028 1815 vero
2064 1783 2183 1815 vitam

95 1849 238 1891 praeter
268 1841 386 1878 solam
419 1841 655 1877 voluntatem
672 1870 681 1887 ‚
713 1840 760 1877 ab
794 1849 960 1891 utroque
995 1841 1115 1879 libera
1135 1844 1162 1879 C
1179 1854 1361 1880 oecernam
1377 1850 1405 1880 ².
1425 1843 1518 1891 Quis
1536 1855 1629 1878 vero
1647 1841 1684 1876 in
1704 1852 1816 1876 carne
1832 1839 1975 1889 peccati
1993 1852 2013 1874 a
2030 1847 2186 1888 peccato

98 1909 212 1946 sunt,
232 1902 322 1952 quia
351 1901 408 1938 sui
440 1901 560 1937 libera
586 1914 664 1937 non
687 1909 786 1938 sunt.
819 1901 928 1947 Vita,
959 1915 1112 1949 sensus,

98 1962 312 2013 appetitus,
336 1961 542 2007 memoria,
568 1961 765 2011 ingenium
779 1990 788 2007 ,
817 1970 855 1998 et
875 1962 904 1998 si
926 1976 1002 2011 qua
1027 1963 1113 1999 talia

99 2031 212 2068 sunt,
241 2035 288 2058 eo
316 2022 400 2072 ipso
429 2021 630 2071 subjacent
659 2021 900 2069 necessitati,
935 2035 1012 2071 quo
1032 2036 1112 2059 non

98 2082 212 2132 plene
231 2080 384 2119 subdita
408 2090 497 2119 sunt
527 2081 731 2118 voluntati.
764 2085 891 2131 Ipsam
912 2095 1005 2118 vero
1026 2083 1116 2132 quia

99 2141 335 2192 impossibile
348 2150 405 2179 est
419 2141 466 2178 de
484 2155 522 2178 se
535 2142 617 2192 ipsa
633 2140 707 2178 sibi
723 2154 800 2178 non
816 2141 972 2178 obedire
987 2142 1116 2191 (nemo

101 2202 245 2252 quippe
266 2210 331 2239 aut
351 2214 429 2238 non
456 2202 541 2238 vult
562 2201 667 2251 quod
689 2202 772 2238 vult
787 2231 796 2248 ‚
825 2210 891 2238 aut
912 2202 993 2238 vult
1013 2203 1117 2251 quod

101 2275 180 2299 non
198 2262 325 2313 vult),
344 2262 458 2299 etiam
475 2261 712 2311 impossibile
731 2270 787 2298 est
812 2275 878 2298 sua
900 2262 1044 2311 privari
1073 2263 1117 2299 li-

100 2320 261 2358 bertate.
276 2325 407 2359 Potest
421 2321 574 2372 quidem
593 2322 731 2359 mutari
744 2322 934 2369 voluntas,
947 2321 1011 2358 sed
1024 2335 1118 2358 non-

102 2382 175 2419 nisi
199 2382 239 2419 in
265 2383 377 2419 aliam
396 2383 634 2419 voluntatem
650 2412 660 2428 ,
689 2390 731 2418 ut
753 2395 951 2431 nunquam
971 2382 1120 2418 amittat

103 2440 332 2479 libertatem.
354 2445 447 2479 Tam
477 2454 569 2491 ergo
602 2455 681 2478 non
704 2450 831 2492 potest
860 2442 1004 2491 privari
1028 2442 1117 2487 illa,

103 2515 218 2552 quam
239 2515 310 2538 nec
334 2515 374 2538 se
395 2502 489 2552 ipsa.
513 2503 550 2540 Si
579 2503 723 2552 poterit
751 2502 867 2538 homo
885 2502 1089 2551 aliquando
1107 2531 1116 2548 ,

104 2569 170 2598 aut
185 2561 281 2598 nihil
298 2562 457 2599 omnino
478 2563 576 2599 velle
588 2591 597 2609 ,
615 2571 680 2599 aut
697 2562 794 2598 velle
809 2561 969 2610 aliquid,
986 2570 1023 2598 et
1040 2575 1119 2598 non

1181 1905 1252 1942 sibi
1282 1903 1454 1941 vindicat
1474 1902 1718 1939 libertatem?
1738 1902 1818 1936 Hac
1837 1912 1926 1948 ergo
1946 1898 2117 1935 libertate
2135 1898 2191 1934 di-

1181 1973 1283 2002 ctum
1304 1964 1440 2001 merito
1469 1974 1709 2012 nequaquam
1734 1960 1873 2010 opinor
1901 1958 2063 1995 liberum
2092 1957 2193 1994 arbi-

1181 2025 1309 2061 trium.
1325 2028 1392 2061 Est
1407 2024 1497 2059 item
1516 2022 1669 2059 libertas
1686 2034 1707 2057 a
1721 2019 1890 2065 miseria,
1909 2018 1955 2055 de
1971 2031 2045 2068 qua
2060 2018 2189 2055 itidem

1181 2084 1390 2135 Apostolus
1412 2100 1418 2120 :
1441 2086 1495 2119 Et
1511 2087 1611 2132 z‘psa,
1630 2080 1768 2130 inquit,
1791 2088 1959 2115 creatura
1980 2078 2196 2114 liberabitur

1183 2159 1206 2180 α
1222 2150 1391 2181 servitute
1403 2146 1652 2192 corruptionis
1674 2146 1711 2176 in
1729 2139 1932 2175 libertatem
1950 2140 2195 2187 glorioefilio-

1184 2219 1264 2240 rum
1282 2208 1356 2240 Dei
1371 2202 1399 2240 3.
1424 2203 1496 2240 Sed
1517 2201 1706 2251 numquid
1724 2208 1762 2236 et
1782 2200 1892 2236 istam
1919 2198 1991 2236 sibi
2007 2199 2192 2248 quispiam

1183 2265 1222 2300 in
1251 2264 1320 2300 hac
1342 2262 1570 2300 mortalitate
1593 2259 1814 2311 praesumit?
1842 2262 1888 2296 Et
1903 2258 1974 2295 hac
1996 2258 2123 2307 itaque
2150 2258 2195 2293 li-

1184 2324 1318 2360 berum
1337 2323 1529 2359 nominari
1546 2320 1745 2358 arbitrium
1762 2332 1840 2356 non
1857 2318 2046 2355 immerito
2063 2317 2195 2354 abnui-

1187 2398 1282 2421 mus.
1304 2387 1371 2421 Est
1391 2396 1483 2420 vero
1497 2412 1506 2429 ,
1525 2394 1640 2431 quam
1666 2380 1784 2429 magis
1807 2379 1841 2415 ei
1861 2392 2071 2428 congruere
2093 2377 2194 2414 arbi-

1187 2453 1269 2481 tror
1315 2443 1528 2481 libertatem
1548 2472 1558 2488 ,
1599 2455 1711 2491 quam
1758 2440 1882 2477 dicere
1925 2452 2126 2489 possumus
2172 2452 2192 2474 a

1186 2505 1408 2541 necessitate
1426 2533 1435 2550 ‚
1467 2517 1512 2540 eo
1547 2502 1653 2552 quod
1689 2500 1941 2538 necessarium
1978 2499 2192 2535 voluntario

1187 2565 1419 2601 contrarium
1450 2577 1530 2600 esse
1561 2562 1736 2599 videatur
1767 2576 1774 2597 ε
1804 2558 1990 2609 siquidem
2017 2558 2120 2607 quod
2148 2571 2195 2594 ex

104 2622 326 2668 voluntate3
344 2622 486 2672 poterit
506 2630 544 2659 et
563 2635 691 2658 carere
721 2621 895 2658 libertate
924 2622 1117 2658 voluntas.
1137 2629 1169 2662 D
1191 2625 1415 2661 necessitate
1440 2625 1502 2669 fit,
1527 2622 1608 2672 jam
1629 2636 1706 2659 non
1734 2628 1790 2657 est
1815 2633 1862 2655 ex
1882 2618 2097 2664 voluntate,
2118 2625 2155 2653 et
2175 2632 2194 2654 e

105 2683 205 2719 Hinc
222 2691 279 2719 est
294 2681 399 2732 quod
419 2683 561 2719 insanis
574 2710 584 2728 ‚
602 2681 812 2719 infantibus
824 2711 834 2729 ,
850 2682 1019 2731 itemque
1036 2682 1124 2718 dor-

106 2742 333 2789 mientibus,
359 2742 450 2778 nihil
472 2743 577 2791 quod
599 2743 761 2789 faciant,
786 2743 845 2779 vel
869 2743 1037 2789 bonum,
1058 2743 1119 2779 vel

107 2803 264 2849 malum,
279 2803 491 2852 imputatur
508 2817 516 2839 :
534 2803 624 2852 quia
640 2804 820 2840 nimirum
836 2804 933 2840 sicut
949 2817 1024 2840 suae
1040 2817 1119 2840 non

107 2871 196 2900 sunt
220 2871 418 2913 compotes
442 2863 624 2910 rationis,
651 2863 703 2900 sic
727 2876 796 2900 nec
816 2877 928 2900 usum
952 2864 1121 2900 retinent

109 2924 277 2974 propriae
296 2923 505 2960 voluntatis
521 2951 531 2969 ,
553 2936 595 2959 ac
607 2937 678 2973 per
693 2923 766 2960 hoc
783 2937 853 2960 nec
866 2923 1052 2973 judicium
1074 2925 1120 2961 li-

110 2982 279 3020 bertatis.
298 2985 391 3021 Cum
408 2982 524 3032 igitur
538 2983 716 3020 voluntas
733 2984 785 3020 nil
803 2983 965 3020 liberum
982 2983 1120 3021 habeat

111 3042 184 3080 nisi
198 3056 257 3088 se,
280 3043 418 3079 merito
438 3056 516 3079 non
529 3042 724 3092 judicatur
743 3043 813 3079 nisi
833 3057 880 3079 ex
909 3056 960 3080 se.
991 3044 1118 3093 Siqui-

111 3103 196 3139 dem
212 3114 283 3139 nec
299 3102 451 3139 tardum
467 3103 679 3152 ingenium,
699 3117 768 3140 nec
784 3103 906 3140 labilis
923 3103 1120 3148 memoria,

111 3176 181 3200 nec
205 3162 399 3212 inquietus
431 3164 644 3214 appetitus,
671 3177 741 3201 nec
770 3177 901 3200 sensus
935 3162 1117 3208 obtusus,

113 3235 182 3259 nec
207 3223 286 3258 vita
308 3222 511 3272 languens,
531 3237 638 3260 reum
659 3238 728 3274 per
745 3237 783 3261 se
802 3232 973 3261 statuunt
991 3224 1120 3260 homi—

1189 2697 1375 2722 converso
1401 2684 1585 2720 similiter.

1245 2746 1280 2782 7.
1297 2748 1390 2782 Cum
1403 2745 1518 2793 igitur
1529 2773 1539 2789 ,
1555 2749 1671 2792 prout
1686 2739 1838 2776 interim
1853 2737 1977 2787 potuit
1991 2749 2191 2773 occurrere

1186 2803 1310 2850 nobis,
1324 2804 1461 2853 triplex
1480 2803 1526 2839 sit
1546 2800 1656 2838 nobis
1671 2798 1869 2848 proposita
1885 2795 2051 2841 libertas,
2068 2809 2088 2831 a
2102 2809 2193 2845 pec-

1187 2873 1271 2902 cato
1284 2894 1293 2911 ,
1311 2878 1333 2900 a
1349 2863 1497 2899 miseria
1511 2890 1520 2907 ,
1543 2875 1564 2898 a
1579 2859 1822 2904 necessitate;
1841 2857 1939 2892 hanc
1956 2856 2091 2892 ultimo
2108 2856 2192 2893 loco

1187 2924 1351 2974 positam
1368 2922 1529 2959 contulit
1547 2920 1657 2957 nobis
1681 2919 1720 2955 in
1741 2917 1961 2955 conditione
1978 2924 2133 2961 natura,
2153 2916 2192 2952 in

1187 2985 1351 3035 primam
1369 2991 1628 3020 restauramur
1651 2993 1671 3016 a
1691 2979 1809 3029 gratia
1824 3006 1833 3023 ,
1858 2976 1982 3013 media
1998 2975 2109 3014 nobis
2130 2989 2193 3012 re-

1188 3052 1360 3081 servatur
1377 3043 1415 3078 in
1435 3042 1567 3091 patria.
1587 3040 1744 3076 Dicatur
1760 3037 1875 3087 igitur
1894 3037 2018 3087 prima
2042 3035 2194 3072 libertas

1187 3109 1357 3148 Naturae-3
1375 3101 1558 3147 secunda,
1582 3101 1722 3138 Gratiae
1737 3115 1745 3145 3
1766 3099 1895 3144 tertia,
1915 3098 2009 3134 Vitae
2025 3097 2083 3133 vel
2101 3096 2194 3134 Glo-

1187 3163 1264 3200 riae.
1298 3162 1425 3199 Primo
1456 3173 1594 3210 nempe
1624 3160 1662 3196 in
1692 3158 1849 3195 liberam
1884 3157 2116 3192 voluntatem
2151 3168 2192 3190 ac

1187 3222 1441 3259 voluntariam
1471 3220 1683 3258 libertatem
1708 3218 1850 3256 conditi
1876 3228 2026 3261 sumiiS,
2056 3213 2193 3250 nobilis

165 3353 175 3369 ¹
196 3351 227 3378 Π
246 3349 318 3379 Cor.
337 3359 396 3386 m,
423 3351 475 3380 17.
491 3367 534 3372 —
550 3355 563 3371 ²
580 3353 817 3388 n0n1.v1,20‚
843 3354 897 3381 22.
913 3368 958 3372 —-
979 3346 994 3370 3
1014 3350 1168 3388 1d.vm,
1193 3352 1248 3380 21.
