2565 3952
73 124 147 162 545

70 201 298 245 attulerunt,
316 196 456 246 quibus
477 194 653 231 abbatem
671 191 962 230 Sancti-Urbani
979 190 1084 241 (nam

1003 112 1265 147 Erls'1'01.;E.

2096 116 2117 149 s)
2132 114 2173 150 'ui

1099 186 1149 205 ‘³⁴⁵⁰
1161 188 1374 225 debitorem
1397 201 1465 224 vos
1487 188 1586 223 feeit.
1614 187 1740 224 Facite
1756 216 1765 232 ‚
1792 188 1949 237 inquam
1964 217 1972 233 ,
1999 191 2070 226 etsi
2097 205 2173 228 non

71 265 102 302 is
118 270 174 300 est
189 260 257 311 qui
279 257 389 295 militi
411 255 582 293 habitum
606 252 835 303 tradiderat)
853 251 902 289 ab
923 251 1087 288 introitu
1106 254 1137 288 A
1155 250 1246 299 quia
1267 249 1476 299 rogamini,
1496 256 1599 284 certe
1617 248 1708 297 quia
1728 247 1932 296 jubemini.
1958 252 2094 299 Itaque
2111 265 2174 288 re-

69 322 235 362 ecclesiae
253 317 525 368 suspenderet,
554 315 679 352 donec
708 328 746 351 sc
777 322 907 350 vestro
927 326 1087 362 conspe-

71 384 147 422 ctui
168 386 428 433 praesentaret.
447 376 542 414 Inde
558 385 615 413 est
645 375 750 425 quod
769 374 886 412 abbas
905 374 951 411 de
968 374 1085 411 Valli—

71 445 160 489 bus,
190 455 266 492 quo
292 447 450 489 rogante
482 438 545 474 ille
577 437 650 473 hoc
677 436 786 482 feeit,
816 435 867 472 nil
902 435 991 471 mali
1019 448 1085 471 su—

70 506 252 558 spicatus,
292 500 513 551 compulsus
549 507 607 536 est
641 498 680 534 iu
722 511 858 547 magna
894 497 1085 534 anxietate

70 565 184 607 animi
205 565 358 601 fratrem
382 563 544 598 latorem
574 560 822 611 praesentium
852 560 1004 596 mittere
1036 557 1083 595 ad

70 627 184 680 pedes
211 622 484 662 misericordiae
522 630 660 659 vestrae
680 650 689 668 ,
722 629 765 657 ut
796 621 863 671 qui
894 634 964 671 per
994 633 1083 657 eum

69 688 265 728 intricatus
291 693 370 731 est,
398 697 470 735 per
489 697 576 720 eum
606 682 836 734 expediatur
859 697 866 719 :
894 682 924 719 si
955 691 1082 719 tamen

68 751 139 788 hoc
161 757 236 786 tam
264 746 367 796 ipse,
394 758 509 795 quam
528 744 641 781 etiam
665 757 736 781 nos
761 744 821 781 alii
853 744 919 780 filii
941 743 1081 791 vestri,

67 825 90 849 a
106 817 230 848 vestra
249 815 379 845 sancta
399 805 633 844 Paternitate
654 805 897 856 potuerimus
926 818 1084 855 prome-

69 871 152 911 reri.

1153 310 1351 347 vertimini
1373 309 1420 346 ad
1438 308 1641 359 judicium.
1660 312 1738 345 Nec
1761 308 1863 345 enim
1886 308 2046 357 justitiae
2068 312 2174 348 vide-

1155 381 1218 409 tur
1239 385 1342 418 esse,
1362 380 1403 408 ut
1428 371 1486 407 vir
1510 370 1711 420 religiosus
1727 399 1736 416 ,
1759 378 1796 406 et
1819 370 1966 406 amicus
1990 380 2121 408 noster
2139 382 2175 409 et

1152 433 1254 469 filius
1274 441 1414 478 vester,
1440 430 1558 468 abbas
1588 431 1823 468 Caziacensis
1843 459 1852 476 ,
1877 431 1983 480 quod
2000 430 2099 480 juris
2119 441 2176 469 est

1153 493 1376 530 monasterii
1402 493 1460 529 sui
1486 491 1623 542 perdat
1645 500 1808 542 propter
1829 490 1992 528 verbum
2023 492 2176 529 incaute

1152 569 1173 592 a
1187 569 1226 592 se
1244 554 1536 604 inconsulteque
1554 553 1762 604 prolatum,
1780 561 1817 589 et
1839 551 1987 602 absque
2004 553 2174 590 ecclesiae

1151 630 1228 653 suae
1244 629 1413 652 assensu.
1442 618 1671 664 Quanquam
1700 614 1770 650 etsi
1796 614 1850 650 illi
1871 612 1993 650 verbo
2014 615 2175 651 omnino

1150 678 1401 728 pertinaciter
1429 676 1623 714 adhaereat
1651 675 1895 713 adversarius
1913 705 1922 722 ‚
1946 684 2082 726 utpote
2106 676 2175 725 ju-

1151 739 1263 775 stitiae
1279 752 1359 776 non
1376 738 1577 775 conlidens
1593 737 1739 788 3just0,
1754 745 1796 773 ut
1816 745 2010 787 putamus,
2025 736 2175 786 judicio

1150 799 1340 850 praedicto
1362 799 1491 837 abbati
1513 813 1592 836 non
1614 797 1770 836 debebit
1798 797 1934 835 obesse
1963 813 1970 835 :
1996 812 2084 835 cum
2103 798 2175 835 viri

1150 860 1229 908 illi,
1249 861 1288 898 in
1306 875 1472 912 quorum
1492 858 1766 898 conniventiab
1782 873 1841 898 res
1856 860 1981 910 posita
2001 868 2076 906 cst,
2094 873 2173 897 non

1152 923 1409 961 concordasse
1429 953 1438 970 ,
1465 923 1531 961 sed
1567 923 1697 974 potius
1730 922 1955 959 dissensisse
1989 922 2171 959 sciantur.

65 1013 1082 1028 ....................................................................
1103 981 1131 1016 Β
1153 987 1209 1021 Ex
1230 984 1302 1022 hoc
1324 984 1538 1030 credimus,
1562 984 1652 1035 quia
1674 997 1753 1020 non
1776 982 2053 1021 contristabitis
2081 997 2173 1030 nos,

212 1133 590 1190 EPISTOLA
634 1133 922 1191 CCLXII.

112 1295 156 1318 AD
184 1294 343 1316 EUMDEM
375 1293 447 1315 PRO
476 1292 669 1315 MONACHIS
698 1279 1025 1315 MOSOMENSIBL‘S*.

113 1418 197 1452 Non
217 1425 376 1464 possum
398 1411 552 1449 deessea
575 1411 734 1449 domino
755 1411 938 1449 Remensi
955 1412 994 1448 in
1013 1425 1079 1462 pe-

65 1475 194 1513 titione
214 1487 303 1521 sua,
326 1474 540 1524 praesertim
562 1487 649 1510 cum
674 1473 789 1523 digna
810 1473 858 1511 sit
881 1473 1076 1510 exauditu.

63 1535 255 1586 Rogamus
276 1534 441 1586 proinde
457 1564 467 1581 ,
484 1543 522 1572 et
549 1535 656 1572 omni
675 1535 858 1573 instantia
879 1535 1078 1586 supplica-

63 1610 142 1635 mus
162 1610 232 1648 pro
257 1595 495 1647 pauperibus
517 1597 716 1633 monachis
737 1596 1049 1634 Mosomensibus
1066 1626 1076 1643 ,

63 1667 103 1697 ut
127 1658 173 1696 ab
201 1658 455 1709 oppressione
488 1671 606 1708 quam
641 1659 851 1705 sustinent,
875 1659 974 1695 sicut
1006 1672 1077 1709 per

64 1721 220 1758 latorem
263 1720 513 1771 praesentium
557 1733 670 1757 nosse
718 1720 894 1771 poteritis
914 1750 922 1766 ,
959 1720 1075 1757 citius

64 1781 282 1828 liberentur,
300 1789 338 1818 et
358 1780 406 1818 ab
423 1781 477 1818 eis
496 1780 651 1831 injuriae
668 1782 747 1818 sive
769 1781 970 1818 calumniae
992 1795 1075 1818 ma·
1097 1779 1125 1816 C

63 1843 284 1894 lignantium
302 1843 342 1880 in
361 1857 478 1880 manu
494 1852 623 1880 vestra
639 1842 767 1880 valida
784 1843 1075 1893 propulsentur.

65 1907 143 1942 Hoc
162 1904 262 1941 enim
281 1913 337 1942 est
357 1918 429 1955 pro
451 1918 530 1955 quo
552 1918 743 1956 pauperes
761 1904 808 1941 de
829 1905 942 1954 longe
961 1905 1077 1941 misc—

63 1973 150 2002 runt
169 1964 376 2001 clamantes
397 1964 446 2001 ad
463 1978 546 2002 vos.
567 1968 651 2002 Jam
674 1965 787 2015 quale
804 1977 1035 2014 responsum
1057 1977 1077 1999 a

62 2024 166 2063 vobis
186 2034 365 2076 oporteat
385 2026 577 2076 reportari
594 2055 603 2072 ,
620 2025 757 2062 doceat
773 2039 842 2062 vos
863 2025 1076 2062 amantium

65 2095 136 2124 tam
147 2085 315 2137 justitia,
341 2100 456 2138 quam
479 2096 716 2139 paupertas;
746 2095 784 2124 et
809 2087 957 2137 praefati
982 2086 1077 2133 viri,

64 2149 125 2200 qui
141 2163 212 2200 pro
226 2150 280 2187 eis
296 2149 507 2187 intervenit
519 2179 528 2197 ‚
544 2158 581 2188 et
597 2164 666 2187 vos
682 2163 760 2186 non
780 2163 918 2200 parum
935 2148 1078 2198 diligit,

65 2219 282 2248 reverentia.

63 2353 813 2366 uum==2=2=u====ws==s=umunn==⁵=1====u==xnssx=x=
820 2358 900 2366 1=====
908 2358 947 2366 «ιι
955 2358 992 2366 ιιι
999 2357 1046 2366 xxv-
1055 2357 1078 2365 xx

189 2482 574 2541 EPISTOLA
620 2483 938 2542 CCLXIII.

66 2636 238 2663 Emscopo
261 2639 524 2664 SUESSIONENSI
548 2641 621 2664 PRO
645 2642 789 2664 ABBATE
815 2629 1074 2666 CAZIACENSI*.

113 2756 361 2794 Porrexerarn
387 2771 548 2808 preces,
583 2772 669 2796 cum
701 2773 853 2810 possem
882 2760 980 2797 forte
1007 2759 1074 2810 ju-

63 2811 150 2851 bere
167 2843 177 2861 ‚
206 2824 244 2853 et
273 2830 334 2855 me
365 2827 592 2869 putaveram
623 2820 862 2858 exauditum.
885 2821 958 2858 Sed
986 2821 1076 2872 quia

64 2877 229 2926 comperi
261 2891 341 2916 non
373 2879 427 2917 ita
458 2893 562 2926 esse,
591 2881 685 2918 mihi
716 2882 855 2919 videor
885 2896 965 2919 non
994 2882 1074 2932 jam

65 2932 283 2984 simpliciter
322 2939 404 2976 fore
444 2941 782 2992 communiterque
828 2943 1039 2993 petendum
1064 2973 1073 2989 ‚

65 2993 128 3032 sed
147 2996 385 3037 clamandum
413 3001 453 3038 in
477 3003 755 3041 vociferatione
780 3018 787 3039 :
817 3017 944 3054 neque
972 3005 1074 3042 enim

66 3057 226 3096 tenuiter
242 3073 308 3098 seu
326 3064 595 3112 aequanimiter
615 3066 696 3103 fero
720 3066 913 3116 repulsam
929 3096 938 3113 ‚
961 3080 1076 3117 quam

66 3115 244 3158 hactenus
259 3133 440 3174 expertus
461 3139 538 3163 non
561 3140 659 3164 sum.
678 3128 805 3165 Facite
826 3129 956 3178 itaque
973 3128 1080 3179 quod

65 3175 226 3227 debetis,
253 3182 362 3222 facite
393 3186 499 3236 quod
533 3188 693 3226 soletis:
717 3202 804 3226 nam
839 3191 1081 3228 consuetudo

1150 1059 1276 1096 neque
1297 1044 1592 1083 conturbabitis.
1617 1045 1677 1084 Sic
1697 1048 1799 1081 Deus
1820 1044 1986 1081 laetificet
2005 1044 2173 1081 animam

1149 1116 1314 1145 vestram
1327 1136 1336 1153 ,
1353 1108 1406 1144 sic
1422 1120 1492 1144 vos
1512 1106 1560 1144 ab
1578 1107 1684 1144 omni
1701 1105 1995 1158 perturbatione
2016 1119 2175 1143 conser-

1149 1178 1233 1216 vet,
1251 1178 1362 1219 pater
1377 1169 1540 1206 amande
1555 1178 1592 1205 et
1606 1168 1835 1205 honorande
1851 1198 1860 1214 ,
1879 1177 1916 1205 et
1937 1168 1967 1205 si
1990 1168 2173 1205 omnibus

1149 1231 1269 1268 servis
1290 1231 1448 1277 Christi,
1470 1230 1537 1268 sed
1557 1229 1669 1267 nobis
1691 1230 1920 1280 specialiter.

1146 1374 1408 1384 s-u-zxsxsvsxsxzss
1414 1372 2175 1383 =m=sx=======x===nw==xuns.-==w=m=vxv=w====-m======1=-

1274 1492 1655 1551 EPISTOLA
1701 1490 2042 1549 CCLXWJ

1189 1660 1302 1682 PETRI
1334 1657 1606 1681 CLUNIACENSIS
1636 1656 1791 1680 ABBATIS
1821 1657 1869 1678 AD
1900 1657 2130 1679 BERNARDIJM

1565 1719 1751 1740 ABBATEM.

1146 1848 1244 1877 Suum
1274 1856 1347 1887 erga
1366 1844 1563 1876 Bernardum
1584 1844 1775 1875 desiderium
1804 1843 1943 1881 indicat,
1975 1849 2005 1874 et
2032 1844 2064 1875 in
2094 1845 2175 1876 sola-

1193 1901 1271 1932 tium
1301 1900 1451 1932 absentiae
1484 1899 1635 1930 dilectum
1655 1899 1716 1930 sibi
1744 1898 1911 1931 Nicolaum
1944 1899 2027 1930 milti
2055 1899 2172 1930 obnixe

1192 1956 1344 1999 postulat.

1146 2082 1253 2123 Forti
1277 2095 1320 2118 ac
1340 2080 1553 2131 splendidae
1580 2080 1783 2118 monastici
1811 2080 1991 2127 Ordinis,
2015 2080 2093 2117 imo
2115 2089 2171 2117 to-

1203 2143 1276 2180 tius
1290 2142 1469 2180 Ecclesiae
1481 2141 1551 2179 Dei
1567 2142 1772 2188 columnae,
1782 2141 1943 2178 domino
1959 2145 2170 2178 BERNARDO

1202 2203 1466 2242 Clarae—Vallis
1497 2202 1646 2249 abbati,
1667 2206 1815 2240 Pmnrs
1836 2202 1992 2239 humilis
2012 2202 2169 2240 Clunia-

1203 2264 1326 2301 censis
1343 2262 1461 2300 abbas
1475 2293 1484 2310 ,
1509 2263 1669 2300 salutem
1692 2276 1807 2312 quam
1826 2262 2048 2312 repromisit
2068 2266 2171 2300 Deus

1203 2323 1449 2374 diligentibus
1471 2337 1522 2360 se.

1198 2458 1235 2497 Si
1267 2458 1421 2504 liceret,
1445 2456 1475 2494 si
1502 2456 1573 2494 Dei
1603 2455 1806 2507 dispositio
1828 2469 1907 2492 non
1930 2454 2122 2502 obstaret,
2138 2455 2167 2492 si

1144 2521 1183 2557 in
1204 2519 1374 2556 hominis
1394 2527 1584 2570 potestate
1608 2526 1706 2555 esset
1736 2517 1794 2553 via
1814 2516 1918 2566 ejus,
1947 2517 2166 2554 maluissem

1095 2580 1376 2618 Dcharissimae
1409 2578 1641 2616 Beatitudini
1672 2587 1746 2614 tuae
1779 2591 1881 2614 nexu
1910 2577 2167 2615 indissolubili

1144 2641 1361 2686 adhaerere,
1386 2654 1502 2691 quam
1530 2639 1741 2691 principari
1763 2639 1864 2675 inter
1885 2639 2065 2676 mortales
2088 2639 2166 2676 ali-

1145 2702 1259 2748 cubi,
1283 2702 1344 2739 vel
1376 2715 1551 2752 regpare.
1582 2700 1681 2750 Quid
1717 2701 1843 2737 enim?
1875 2713 2006 2737 nonne
2039 2700 2166 2750 regnis

1144 2763 1326 2801 omnibus
1359 2764 1519 2800 terrenis
1549 2763 1721 2814 praeferri
1739 2776 1759 2800 a
1782 2776 1841 2799 me
1872 2761 2031 2799 deberet
2059 2771 2165 2812 grata

1143 2839 1223 2863 non
1245 2825 1371 2862 solum
1391 2824 1637 2869 hominibus,
1661 2823 1727 2861 sed
1748 2832 1785 2861 et
1806 2824 1962 2874 Angelis
1985 2824 2076 2874 ipsis
2097 2837 2165 2860 co-

1144 2886 1330 2924 habitatio
1358 2887 1452 2923 tua?
1473 2886 1679 2924 Concivem
1713 2894 1749 2922 te
1773 2885 1930 2922 illorum
1958 2885 1988 2922 si
2008 2884 2142 2922 dixero
2156 2914 2166 2931 ,

1146 2949 1232 2985 licet
1253 2947 1427 2984 nondum
1452 2960 1538 2997 spes
1556 2947 1594 2984 in
1615 2960 1694 2984 rem
1716 2946 1934 2993 transierit,
1956 2960 2028 2997 per
2048 2947 2165 2983 mise-

1146 3009 1307 3046 ricordis
1328 3008 1400 3046 Dei
1420 3008 1579 3058 gratiam
1601 3008 1767 3045 mendax
1789 3022 1869 3045 non
1890 3022 1969 3045 ero.
1993 3008 2030 3046 Si
2051 3008 2164 3057 plane

1146 3071 1239 3107 mihi
1257 3070 1388 3107 datum
1414 3070 1547 3108 fuisset
1570 3083 1692 3120 usque
1713 3070 1761 3108 ad
1786 3070 1963 3107 ultimum
1986 3069 2163 3119 spiritum

1149 3140 1275 3168 tecum
1297 3131 1356 3168 hic
1376 3144 1457 3168 esse
1470 3161 1480 3179 ,
1498 3131 1656 3169 daretur
1676 3131 1846 3168 fortassis
1868 3130 2028 3181 posthac
2043 3137 2081 3166 et
2096 3128 2163 3165 ubi

1150 3207 1252 3231 esses
1272 3194 1387 3231 etiam
1408 3203 1598 3245 perpetuo
1619 3207 1713 3232 esse.
1731 3197 1817 3243 Quo
1843 3193 1945 3230 enim
1969 3203 2164 3228 currerem

116 3308 131 3325 ²
147 3308 231 3340 Alias
243 3311 369 3344 additur
380 3337 388 3351 ‚
411 3312 528 3348 de11u0.
550 3335 595 3339 —
610 3310 626 3333 ¹²
637 3317 674 3349 Id
691 3324 755 3357 est,
773 3318 915 3351 arbitrio.
933 3340 936 3341 ν
950 3339 975 3343 η
990 3327 1003 3343 ⁰
1029 3321 1152 3365 Scripta
1165 3332 1248 3353 anno
1265 3321 1382 3354 Christi
1402 3323 1502 3353 1149.

226 3381 270 3404 TO
276 3385 300 3406 Ἡ
307 3401 313 3408 .
349 3387 375 3410 1.

1908 3376 1951 3412 18
