2517 3936
110 247 123 282 l
133 245 180 281 23
187 244 207 280 3

455 380 633 419 CAPUT
661 380 718 420 VI
725 382 755 419 Ι.

227 505 403 550 Spiritualis
421 504 602 536 exercitatio
619 503 806 536 fructuosior
822 507 990 548 corporali.

160 621 219 659 13.
238 619 339 669 Quid
356 633 465 669 ergo,
487 618 641 668 inquis?
658 617 803 656 Siccine
822 619 882 655 illa
905 620 1114 669 spiritualia

102 681 331 734 persuades,
349 689 393 717 ut
414 680 527 717 etiam
548 679 647 725 haec,
662 692 747 728 quae
768 692 815 715 ex
833 680 975 729 Regula
997 679 1114 716 habe-

103 756 208 789 mus,
230 741 445 792 corporalia
466 739 645 776 damnes?
661 742 911 789 Nequaquam
932 755 939 776 :
958 740 1024 777 sed
1051 741 1114 776 illa

103 811 257 853 oportet
284 815 415 852 agere,
440 808 477 837 et
502 800 572 837 ista
598 813 675 836 non
706 800 894 837 omittere.
931 801 1112 850 Alioquin

101 877 186 901 cum
214 871 280 900 aut
305 863 376 900 ista
404 861 530 899 omitti
561 874 714 898 necesse
743 869 818 907 est,
841 870 908 898 aut
935 862 1022 908 illa,
1044 862 1114 898 ista

101 925 230 975 potius
246 923 458 960 omittenda
475 930 582 967 sunt,
608 936 722 972 quam
743 922 819 959 illa.
838 925 990 970 Quanto
1011 922 1112 959 enim

100 984 256 1036 spiritus
287 997 452 1034 corpore
488 983 624 1020 melior
654 991 728 1028 est,
763 991 869 1019 tanto
905 983 1114 1033 spiritualis

100 1057 215 1094 quam
238 1043 450 1094 corporalis
473 1042 696 1080 exercitatio
718 1042 962 1079 fructuosior.
979 1046 1035 1079 Tu
1053 1056 1113 1079 er—

99 1117 148 1155 go
163 1117 250 1141 cum
271 1103 318 1140 de
335 1104 473 1140 horum
492 1102 762 1140 observatione
783 1103 904 1139 elatus
920 1132 929 1149 ,
951 1103 1032 1140 aliis
1049 1116 1114 1140 ea-

786 252 813 283 A
821 249 1036 285 POLOGIA
1068 250 1134 285 AD
1165 251 1455 290 GLIILLELML‘
1464 254 1510 289 Μ.

1120 327 1168 344 ⁵⁴³
1184 328 1254 373 rit,
1278 342 1366 365 mox
1388 330 1474 365 ideo
1496 331 1698 380 spiritualis
1719 336 1900 374 efficiatur
1924 354 1930 375 :
1951 352 2034 377 cum
2056 345 2183 392 potius

1135 388 1162 421 A
1182 387 1392 436 spiritualia
1421 389 1661 439 (quanquam
1695 395 1848 432 meliora
1860 397 1869 426 x'‘·
1900 399 1966 435 nisi
1998 414 2064 450 per
2091 404 2181 447 ista,

2084 267 2178 306 1235

1184 448 1248 481 aut
1276 447 1362 491 viX,
1399 456 1463 483 aut
1495 449 1710 487 nullatenus
1745 454 1802 488 vel
1837 457 2093 507 acquirantur,
2123 465 2181 499 vol

1183 504 1442 552 obtineantur,
1459 507 1555 543 sicut
1571 510 1751 559 scriptum
1775 522 1829 548 est
1842 542 1851 558 ,
1869 517 1950 551 Nam
1962 525 2066 563 prius
2087 526 2187 569 quod

1180 569 1394 613 spirituale,
1415 570 1482 602 sed
1503 571 1604 615 qnod
1624 575 1813 615 animale,
1832 576 1962 610 deinde
1988 582 2086 624 'l'“¹‘l
2106 587 2185 628 ,ψί-

1183 628 1356 662 ritzcalffl.
1387 627 1489 663 Sicut
1518 641 1586 665 nec
1614 630 1750 675 Jacob,
1788 633 1856 668 nisi
1901 635 2003 683 prius
2036 640 2184 686 cognita

1181 684 1270 731 Lia,
1293 685 1525 723 desideratos
1546 690 1719 727 Racllelis
1739 693 1937 741 amplexus
1960 698 2095 732 meruit
2119 698 2182 733 ob-

1183 744 1315 782 tinere.
1338 747 1450 784 [nde
1482 761 1612 785 rursus
1642 750 1679 786 in
1713 753 1859 789 Psalmo
1877 782 1886 799 ,
1914 758 2052 791 Sumite
2076 761 2185 804 psal—

1181 819 1301 850 mum,
1331 816 1365 842 el
1396 810 1484 843 (late
1508 811 1779 858 (i‘mpamcm5t
1809 814 1913 862 quod
1954 824 2007 851 est
2038 816 2184 862 dicere,

1182 867 1325 903 Sumite
1357 868 1586 917 spiritualia,
1613 871 1676 907 scd
1707 873 1812 921 prius
1846 873 1930 911 date
1963 878 2186 926 corporalia.

1181 927 1358 976 Optimus
1381 938 1505 965 autem
1529 930 1612 977 illc,
1632 932 1696 980 qui
1721 932 1880 970 discrete
1901 943 1937 971 et
1958 948 2124 985 congrue
2150 945 2187 973 et

1180 986 1260 1023 haec
1284 998 1484 1037 operatur,
1506 999 1541 1027 et
1563 991 1634 1027 illa.

1238 1048 1295 1084 15.
1318 1053 1400 1086 Jam
1422 1063 1514 1086 vero
1531 1051 1689 1101 epistola
1703 1081 1712 1098 ,
1733 1062 1773 1090 ut
1793 1054 1950 1105 epistola
1975 1065 2183 1103 remaneat,

1182 1108 1347 1145 finienda
1381 1119 1482 1157 erat,
1516 1112 1823 1162 quandoquidem
1861 1123 1897 1150 et
1934 1125 2083 1152 nostros
2116 1117 2182 1165 (de

100 1164 186 1203 dem
208 1179 287 1202 non
307 1163 601 1202 observantibus
619 1163 800 1214 derogas;
820 1177 949 1200 nonne
973 1172 1007 1201 te.
1024 1178 1107 1201 ma-
1128 1173 1154 1207 B
1175 1168 1315 1219 quibus
1330 1199 1338 1215 ,
1363 1180 1469 1220 pater
1483 1201 1492 1217 ,
1517 1182 1747 1222 conquestus
1775 1175 1883 1221 estis,
1914 1176 2017 1225 quod
2048 1177 2179 1214 Ordini

98 1226 156 1277 gis
182 1234 500 1276 transgressorem
523 1225 680 1275 Regulae
705 1224 868 1269 indicas,
895 1223 1112 1274 cujuslicet

98 1287 256 1324 minima
290 1286 465 1336 quaedam
500 1295 654 1332 tenens,
676 1286 835 1323 meliora
866 1285 1029 1332 devitas,
1066 1285 1111 1322 de

98 1347 238 1398 quibus
273 1348 413 1385 Paulus
442 1362 450 1384 ε
482 1349 754 1392 AEmalamz'ni,
777 1346 848 1391 ait,
883 1347 1112 1383 charismata

98 1411 258 1445 meliora
272 1415 281 1429 ¹
296 1409 310 1444 Ρ
323 1407 572 1445 Detrahendo
593 1408 737 1458 quippe
756 1406 956 1453 fratribus,
975 1407 1015 1444 in
1035 1421 1112 1457 quo

99 1468 342 1518 temetipsum
376 1468 548 1515 extollis,
584 1467 713 1518 perdis
756 1467 1036 1514 humilitatem,
1075 1468 1112 1504 in

97 1542 176 1579 quo
197 1529 291 1566 alios
311 1527 515 1579 deprimis,
535 1528 759 1565 charitatem
780 1543 787 1565 :
805 1541 890 1578 quae
912 1536 1002 1564 sunt
1021 1541 1112 1578 pro—

98 1589 161 1627 cul
179 1588 299 1626 (lubio
321 1589 547 1626 charismata
572 1589 744 1626 meliora.
762 1592 819 1626 Tu
841 1597 947 1625 tuum
971 1602 1113 1639 corpus

97 1650 230 1688 multis
256 1658 295 1687 et
318 1649 444 1687 nimiis
465 1648 664 1686 laboribus
687 1649 838 1696 atteris,
862 1663 905 1686 ac
926 1650 1112 1700 regulari-

96 1709 169 1748 bus
194 1709 464 1761 asperitatibus
488 1710 696 1747 mortificas
722 1711 896 1748 membra
919 1719 1005 1756 tua,
1027 1724 1112 1760 quae

97 1780 187 1809 sunt
205 1785 322 1823 super
342 1780 496 1809 terram.
515 1775 617 1809 Bene
643 1771 745 1809 facis.
772 1771 845 1809 Sed
869 1772 960 1821 quid
991 1772 1021 1809 si
1050 1772 1113 1809 ille

97 1846 212 1883 quem
233 1833 406 1871 similiter
433 1846 513 1870 non
532 1832 771 1870 laborantem
797 1832 1003 1882 dijudicas,
1025 1846 1112 1870 mo-

97 1893 223 1931 dicum
253 1893 410 1944 quidem
440 1893 582 1931 habeat
612 1894 658 1931 de
687 1894 779 1940 hac,
799 1907 884 1944 quae
907 1893 954 1930 ad
986 1893 1112 1931 modi-

96 1968 184 1992 cum
213 1963 270 1992 est
298 1955 422 2002 utilis,
447 1955 641 2005 corporali
666 1954 843 1991 videlicet
863 1954 1109 1991 exercitatio-
1130 1954 1157 1990 C

97 2027 167 2061 ne3
197 2015 361 2065 amplius
390 2023 516 2052 autem
547 2028 660 2064 quam
693 2023 732 2052 tu
761 2015 808 2052 de
837 2015 919 2060 illa,
952 2028 1037 2064 quae
1065 2014 1112 2051 ad

96 2075 226 2112 omnia
253 2075 374 2121 valet,
397 2075 437 2111 id
461 2083 519 2112 est
538 2075 706 2125 pietate?
727 2074 841 2123 Quis,
868 2088 998 2124 quaeso
1012 2104 1021 2121 ‚
1041 2087 1111 2110 ve—

100 2144 222 2172 strum
242 2136 428 2185 Regulam
461 2135 597 2172 melius
630 2136 830 2172 tenetPAn
863 2148 942 2171 non
975 2135 1111 2171 melius

97 2196 165 2246 qui
182 2196 346 2233 melior?
361 2196 454 2245 Quis
470 2209 564 2232 vero
581 2195 732 2241 melior,
754 2195 936 2232 humilior
958 2208 1005 2231 an
1024 2195 1110 2232 fati-

97 2255 244 2306 gatior?
271 2260 330 2294 An
353 2269 431 2293 non
462 2256 495 2293 is
527 2255 594 2305 qui
620 2269 641 2293 a
671 2255 840 2293 Domino
858 2255 990 2292 didicit
1009 2255 1110 2293 mitis

96 2328 178 2356 esse
197 2324 236 2353 et
254 2316 410 2353 humilis
430 2315 545 2353 corde
560 2322 587 2363 ²,
609 2315 675 2365 qui
699 2324 737 2353 et
757 2329 843 2353 cum
867 2316 986 2354 Maria
1004 2317 1109 2366 opti—

96 2389 197 2414 mam
211 2385 360 2428 partem
377 2377 510 2427 elegit,
527 2390 612 2427 quae
630 2390 707 2413 non
730 2377 925 2414 auferetur
945 2376 992 2413 ab
1012 2375 1110 2413 e03?

153 2436 213 2488 14.-
243 2436 357 2486 Quod
380 2437 410 2474 si
436 2437 623 2487 Regulam
651 2436 699 2473 ab
732 2436 911 2474 omnibus
932 2437 998 2487 qui
1026 2451 1107 2474 eam

94 2497 255 2547 professi
284 2506 394 2542 sunt,
415 2498 468 2535 sic
501 2497 548 2535 ad
578 2498 742 2534 litteram
778 2496 982 2532 tenendam
1016 2509 1110 2533 cen-

95 2570 167 2604 ses,
189 2566 230 2594 ut
250 2558 393 2595 nullam
420 2558 578 2595 omnino
608 2556 930 2607 dispensationem
959 2555 1109 2593 admitti

93 2618 269 2668 patiaris;
296 2619 477 2656 audacter
504 2618 609 2666 dico,
633 2631 703 2655 nec
733 2626 772 2654 tu
805 2631 912 2663 eam,
940 2630 1010 2654 nec
1044 2617 1107 2653 ille

95 2679 244 2716 tenetis.
266 2683 362 2717 Nam
387 2680 456 2717 etsi
482 2680 566 2726 ille,
593 2687 780 2731 quantum
805 2678 960 2728 quidem
988 2678 1109 2728 perti-

94 2747 161 2776 net
197 2739 245 2777 ad
280 2739 568 2777 observationes
600 2753 826 2790 corporeas,
862 2740 900 2775 in
934 2738 1111 2790 pluribus
1130 2742 1164 2776 1)

95 2799 260 2837 offendit
273 2829 283 2847 ,
300 2800 536 2851 impossibile
551 2809 607 2837 est
625 2808 752 2837 tamen
771 2808 806 2836 te
822 2812 978 2849 quoque
995 2800 1055 2836 vel
1071 2799 1109 2835 in

94 2872 173 2897 uno
194 2874 272 2898 non
296 2860 522 2911 transgredi.
542 2861 619 2898 Scis
636 2869 762 2898 autern
780 2860 869 2910 quia
888 2860 1011 2910 quiin
1030 2873 1109 2897 uno

94 2920 279 2968 offendit,
301 2921 472 2958 omnium
497 2929 554 2958 est
582 2934 679 2958 reus.
707 2921 771 2959 Sin
801 2933 893 2957 vero
922 2920 1110 2957 concedas

95 2980 220 3030 aliqua
235 2995 347 3032 posse
362 2981 503 3019 mutari
519 2981 797 3032 dispensatorie
808 3010 818 3027 ‚
839 2982 974 3031 procul
990 2981 1109 3019 dubio

95 3048 133 3077 et:
160 3048 202 3078 tu
227 3041 332 3078 illam
361 3050 488 3088 tenes,
509 3050 548 3079 et
566 3042 650 3088 ille,
675 3054 897 3092 quanquam
918 3040 1110 3078 dissimili-

95 3107 152 3137 ter
174 3114 183 3137 ε
201 3113 288 3138 nam
312 3109 354 3138 tu
373 3101 530 3152 quidem
553 3101 762 3143 districtius
775 3130 784 3147 ,
809 3109 847 3137 at
868 3101 930 3138 ille
951 3101 1109 3138 fortasse

94 3159 306 3198 discretius.
326 3165 458 3212 Neque
479 3162 553 3199 hoc.
575 3161 661 3199 dico
674 3191 684 3208 ,
705 3161 793 3212 quia
817 3161 897 3198 haec
919 3161 1110 3198 exteriora

94 3221 316 3271 negligenda
337 3222 432 3269 sint3
454 3230 519 3259 aut
535 3223 602 3272 qui
619 3236 659 3260 se
679 3223 716 3259 in
732 3222 806 3259 illis
824 3234 903 3258 non
921 3234 1108 3259 exercue—

1178 1239 1304 1267 x‘estro
1327 1230 1589 1283 detraherent)
1606 1234 1712 1280 satis,
1734 1244 1917 1284 quantum
1940 1238 2070 1286 potui,
2095 1238 2181 1274 stilo

1180 1292 1366 1341 corripui3
1385 1302 1420 1329 et
1442 1306 1500 1329 me
1521 1307 1674 1343 quoque
1696 1294 1742 1331 ab
1764 1295 1982 1344 hujusmodi
2005 1298 2093 1334 falsa
2115 1312 2180 1334 su-

1179 1352 1351 1401 spicione
1373 1355 1550 1403 purgavi,
1576 1363 1617 1391 ut
1644 1355 1769 1392 debui.
1794 1356 1863 1394 Sed
1889 1358 2068 1407 qnoniam
2091 1358 2179 1395 dum

1181 1413 1320 1449 nostris
1346 1413 1501 1450 minime
1525 1427 1660 1463 parco,
1679 1416 1872 1453 nonnullis
1895 1417 1939 1454 de
1966 1418 2100 1454 vestris
2123 1419 2184 1454 ni-

1182 1473 1324 1519 mium,
1356 1474 1393 1510 in
1429 1473 1567 1524 quibus
1594 1488 1672 1512 non
1703 1475 1833 1523 decet,
1864 1477 1996 1514 videor
2023 1479 2182 1514 assenti-

1180 1547 1240 1580 re3
1262 1547 1383 1584 pauca
1410 1548 1495 1584 quae
1523 1544 1559 1572 et
1584 1535 1691 1573 vobis
1720 1536 1918 1587 displicere
1945 1538 2125 1587 cognovi,
2149 1547 2185 1574 et

1181 1594 1358 1632 omnibus
1376 1594 1487 1632 bonis
1505 1596 1659 1633 vitanda
1679 1611 1759 1634 esse
1781 1611 1857 1634 non
1876 1597 2011 1635 dubito
2025 1628 2033 1643 ,
2056 1611 2185 1634 neres—

1180 1655 1318 1692 sarium
1345 1670 1431 1693 reor
1453 1656 1684 1707 subjungere
1707 1673 1714 1695 τ
1734 1672 1817 1708 quae
1838 1658 1990 1708 quidem
2012 1658 2079 1695 etsi
2102 1658 2184 1695 fieri

1179 1715 1360 1753 videntur
1393 1717 1431 1753 in
1467 1717 1633 1763 Ordine,
1667 1717 1763 1754 absit
1796 1726 1920 1755 tamen
1955 1726 1995 1754 ut
2026 1718 2100 1754 sint
2137 1717 2183 1754 de

1180 1777 1334 1814 Ordine.
1359 1778 1493 1815 Nullus
1528 1778 1671 1828 quippe
1701 1778 1797 1814 ordo
1827 1778 2021 1828 quidpiam
2051 1778 2184 1827 recipit

1179 1837 1440 1874 inordinatum
1466 1853 1472 1874 :
1496 1838 1597 1887 quod
1620 1852 1712 1875 vero
1740 1838 1998 1875 inordinatum
2021 1847 2098 1883 est,
2121 1851 2184 1874 or-

1180 1897 1230 1934 do
1251 1911 1329 1934 non
1350 1907 1416 1935 est.
1439 1898 1552 1936 Unde
1572 1912 1648 1934 non
1671 1898 1873 1935 adversum
1896 1897 2097 1944 Ordinem,
2118 1896 2184 1933 sed

1179 1973 1250 2009 pro
1287 1959 1430 1996 Ordine
1465 1958 1660 2008 disputare
1695 1958 1887 2009 putandus
1921 1972 2009 2004 ero,
2041 1958 2069 1994 si
2107 1970 2184 1994 non

1180 2020 1384 2065 Ordinem,
1421 2019 1459 2055 in
1493 2018 1731 2065 hominibus,
1770 2018 1834 2055 sed
1866 2019 2062 2055 hominum
2095 2018 2185 2054 vitia

1181 2080 1435 2131 reprehendo.
1457 2084 1504 2117 Et
1535 2079 1688 2129 quidem
1726 2078 1968 2129 diligentibus
2004 2078 2185 2117 Ordinem

1178 2140 1218 2177 in
1240 2141 1309 2178 hac
1334 2153 1374 2177 re
1396 2141 1598 2176 molestum
1625 2153 1684 2176 me
1705 2140 1784 2176 sore
1812 2152 1888 2175 non
1911 2139 2025 2175 timeo
2046 2153 2053 2174 :
2071 2138 2184 2187 quin-

1178 2201 1255 2237 imo
1288 2209 1435 2251 gratum
1477 2201 1612 2250 procul
1643 2199 1758 2237 dubio
1793 2199 1983 2249 accepturi
2020 2206 2128 2243 sunt,
2155 2198 2185 2234 si

1178 2262 1446 2312 persequimur
1474 2262 1578 2311 quod
1608 2270 1645 2298 et
1675 2261 1744 2311 ipsi
1775 2260 1947 2298 oderunt.
1980 2259 2015 2297 Si
2047 2257 2184 2308 quibus

1179 2336 1272 2359 vero
1294 2322 1552 2373 displicuerit,
1572 2322 1641 2372 ipsi
1663 2335 1701 2359 se
1722 2321 1983 2365 manifestant,
2002 2319 2089 2368 quia
2110 2322 2182 2356 Or-

1178 2383 1305 2420 dinem
1337 2397 1413 2420 non
1451 2383 1629 2432 diligunt,
1663 2382 1770 2431 cujus
1804 2382 1935 2430 utique
1970 2379 2184 2429 corruptio-

1177 2457 1284 2489 nem,
1307 2443 1345 2480 id
1370 2451 1427 2480 est
1446 2444 1559 2488 vitia,
1584 2442 1752 2479 damnari
1774 2443 1919 2478 nolunt.
1942 2440 2037 2490 Ipsis
2058 2439 2183 2487 itaque

1176 2503 1271 2540 illud
1300 2503 1577 2553 Gregorianum
1603 2501 1817 2552 respondeo
1841 2515 1848 2537 ι
1868 2518 1882 2532 «
1904 2500 2037 2537 Melius
2061 2506 2115 2534 est
2142 2506 2182 2533 ut

1179 2563 1434 2601 »scandalum
1472 2563 1636 2609 oriatur,
1673 2575 1785 2611 quam
1819 2560 1955 2597 veritas
1990 2558 2182 2606 relinqua-

1178 2643 1190 2657 »
1216 2633 1276 2661 tur
1289 2623 1316 2660 ὅ.
1338 2644 1350 2657 υ

1521 2740 1697 2779 CAPL'T
1725 2740 1840 2780 VIII.

1263 2865 1512 2898 Cluniacensinm
1528 2863 1618 2900 vitia,
1641 2863 1790 2893 virtutum
1806 2861 1930 2892 nomine
1947 2860 2070 2903 palliata
2082 2884 2090 2895 ,

1586 2915 1775 2959 perstringit.

1238 3043 1296 3079 16.
1331 3039 1498 3085 Dicitur,
1527 3047 1565 3075 et
1595 3037 1780 3074 veraciter
1811 3036 1996 3080 ereditur,
2030 3042 2181 3072 sanctos¹

1175 3109 1303 3152 patres
1330 3100 1431 3136 illam
1458 3100 1574 3135 vitam
1601 3097 1830 3143 instituisse3
1849 3105 1885 3133 et
1909 3104 1949 3133 ut
1968 3096 2004 3131 in
2027 3107 2069 3130 ea
2089 3094 2177 3143 pln-

1175 3174 1234 3198 res
1255 3160 1506 3203 salvarentur,
1523 3171 1643 3207 usque
1659 3157 1704 3194 ad
1723 3157 1894 3193 infirmos
1912 3153 2063 3203 Regulae
2083 3160 2177 3188 tem-

1175 3233 1326 3271 perasse
1347 3219 1511 3269 rigorem
1523 3248 1532 3265 ,
1550 3231 1626 3254 non
1642 3217 1823 3266 Regulam
1843 3213 2079 3251 destruxisse.
2098 3209 2176 3246 Ab-

142 3368 153 3383 ¹
173 3366 188 3394 I
204 3364 276 3395 Cor.
296 3375 364 3402 xit,
387 3368 441 3396 31.
458 3384 502 3388 -—
518 3371 529 3387 ²
548 3365 735 3404 Maul1.x=,
758 3370 812 3397 29.
834 3384 872 3387 e-
889 3364 903 3388 3
923 3368 995 3395 Luc.
1015 3376 1054 3401 Χ,
1080 3366 1134 3394 42.
1156 3361 1226 3386 -4
1249 3365 1261 3392 Ι
1282 3363 1352 3392 Cor.
1380 3372 1434 3397 XV,
1465 3362 1519 3390 40.
1549 3377 1580 3380 —
1599 3357 1611 3379 5
1633 3358 1711 3388 Psal.
1733 3367 1837 3391 Lxxx‚
1865 3357 1892 3385 3.
1913 3372 1953 3376 -
1980 3349 1994 3371 ‘³
2017 3348 2129 3380 Homil·
2150 3350 2164 3378 7

96 3414 130 3445 in
146 3415 257 3447 Ezech.
