2517 3920
346 167 445 204 1143
1109 168 1144 203 S.
1175 167 1426 203 BERNARDI
1456 168 1656 203 ABBATIS
2312 170 2413 208 1144
2455 163 2458 166 ⁴

345 305 514 352 auditui,
529 305 558 342 si
574 305 790 342 vehementi
808 314 964 356 stupore
983 306 1205 352 admiratur,
1220 313 1256 342 et
1273 306 1324 341 ait
1340 318 1347 339 :
1371 302 1398 336 A
1417 317 1559 353 vorago
1575 304 1734 353 'quantis
1754 303 1951 342 laboribus
1977 314 2016 342 et
2041 306 2250 357 dispendiis
2264 337 2274 354 ‚
2299 309 2416 346 inter—

345 371 496 416 Ergone
518 366 670 403 beatum
697 367 891 404 hominem
918 367 1068 404 miseria
1094 367 1210 404 facit?
1232 368 1349 404 Caete-

347 443 432 466 rum
464 427 633 478 quisquis
663 425 851 476 ejusmodi
883 441 939 474 es,
964 441 1040 464 non
1073 427 1233 463 diffidas.
1264 429 1349 463 Non

348 488 499 525 miseria
513 516 523 533 ‚
555 486 621 523 sed
656 487 914 524 misericordia
943 488 1031 524 facit
1063 486 1215 523 beatum
1248 500 1256 521 :
1284 484 1349 521 sed

347 548 461 598 hujus
478 547 634 598 propria
656 546 764 584 sedes
784 547 933 584 miseria
954 555 1022 584 est.
1046 550 1123 584 Aut
1143 553 1244 582 certe
1261 544 1350 581 bea-

348 618 427 646 tum
449 608 558 645 faciat
578 608 659 657 ipsa
678 607 846 653 miseria,
869 615 911 643 ut
928 606 1140 643 humiliatio
1162 605 1201 641 in
1218 603 1347 641 humi-

347 670 490 706 litatem
518 675 707 713 transeat,
738 667 937 704 necessitas
964 667 1004 703 in
1032 665 1226 702 virtutem.
1253 665 1348 699 Pla-

348 734 441 765 viam
480 729 755 773 voluntariam,
786 728 934 777 inquit,
964 725 1196 776 segregabis,
1222 728 1321 760 Deus
1333 754 1344 770 ,

349 791 564 826 haereditati
584 797 662 823 τιιιι2
670 803 684 831 ,-
704 796 739 822 et
758 788 951 833 infirmam
970 795 1039 832 est,
1062 795 1100 822 tu
1120 799 1210 821 vero
1219 785 1348 833 perje-

347 854 429 886 cisti
445 863 528 885 eam
541 855 564 884 ¹.
582 847 693 885 Utilis
709 860 866 896 prorsus
881 846 1094 892 infirmitas,
1111 858 1195 895 quae
1211 844 1347 881 medici

348 922 500 947 manum
519 907 677 956 requirit
696 921 703 942 ε
720 915 757 943 et
775 906 978 943 salubriter
991 920 1013 942 a
1027 919 1065 942 se
1082 905 1222 951 deficit,
1233 918 1346 955 quem

346 970 494 1021 perficit
510 972 624 1005 Deus.
645 968 717 1005 Sed
742 967 831 1017 quia
854 981 932 1004 non
954 975 1011 1004 est
1030 967 1092 1004 via
1113 967 1161 1004 ad
1188 979 1347 1015 regnum

345 1029 414 1068 Dei
433 1029 513 1066 sine
529 1027 705 1077 primitiis
726 1027 852 1077 regni,
871 1040 940 1064 nec
957 1040 1111 1078 sperare
1128 1035 1256 1078 potest
1275 1041 1346 1064 coe-

1416 364 1505 400 dum
1525 373 1562 400 et
1583 364 1690 401 famae
1707 365 1765 401 vel
1782 365 1940 402 honoris
1952 395 1962 412 ‚
1981 374 2046 403 aut
2061 367 2174 403 etiam
2194 367 2281 404 vitae
2297 368 2416 418 ipsius

1415 425 1587 474 periculo
1617 429 1880 476 comparatur!
1902 434 1944 463 ut
1966 427 2013 463 ad
2038 427 2232 465 modicum
2255 427 2416 478 flagrans

1415 484 1605 522 sulfureus
1625 499 1747 536 vapor
1767 486 1935 523 furentes
1951 487 2113 523 stimulis
2128 496 2232 538 agat,
2251 496 2289 524 et
2301 501 2414 538 apum

1415 558 1486 594 par
1505 546 1713 583 volantium
1727 576 1736 593 ‚
1758 545 1825 583 ubi
1856 547 1953 584 male
1982 556 2087 597 grata
2117 548 2230 586 mella
2251 547 2415 596 fuderit,

1415 604 1527 642 nimis
1548 606 1667 642 tenaci
1691 605 1800 643 feriat
1814 606 1887 643 icta
1903 606 2020 644 corda
2037 620 2168 645 morsu
2191 622 2199 645 :
2223 606 2334 657 cujus
2349 621 2417 658 ap-

1413 665 1555 714 petitus
1583 666 1783 703 anxietatis
1803 675 1840 703 et
1858 667 2046 704 vecordiae
2059 696 2068 713 ‚
2091 676 2198 706 actus
2223 667 2417 706 abomina—

1414 725 1528 763 tionis
1549 734 1587 763 et
1607 727 1848 776 ignominiae,
1869 728 1993 765 exitus
2017 728 2268 778 poenitudinis
2292 737 2330 766 et
2355 742 2417 766 vc-

1414 786 1606 823 recuudiae
1627 787 1765 837 plenus
1785 801 1865 825 esse
1885 787 2134 838 dignoscitur.

1472 846 1528 883 14.
1564 849 1750 885 Caeterum
1784 849 2002 898 spectacula
2032 863 2131 886 vana
2145 878 2154 896 ‚
2188 862 2301 899 rogo,
2324 850 2416 900 quid

1415 907 1568 956 corpori
1597 916 1802 957 praestant‚
1832 907 1974 958 quidve
2000 909 2135 946 animae
2162 910 2338 947 conferre
2363 911 2420 947 vi-

1415 965 1578 1003 dentur?
1593 970 1644 1003 At
1663 975 1764 1004 certe
1787 968 1881 1005 nihil
1900 968 1940 1005 in
1963 968 2118 1006 homine
2137 969 2200 1007 cui
2221 969 2420 1008 curiositas

1414 1027 1538 1076 prosit
1569 1028 1752 1065 invenies.
1771 1028 1923 1066 Frivola
1952 1042 2112 1079 prorsus
2149 1038 2188 1067 et
2222 1029 2348 1067 inanis
2377 1043 2420 1068 ac

344 1092 437 1128 leste
460 1101 618 1138 regnum
632 1117 641 1134 ,
663 1087 724 1124 cui
753 1100 823 1124 nec
852 1101 967 1137 super
994 1089 1152 1138 propria
1176 1087 1348 1125 membra
1370 1089 1397 1124 B
1414 1086 1613 1136 nugatoria
1635 1088 1845 1125 consolatio
1865 1103 1873 1125 :
1892 1096 1930 1125 et
1949 1088 2078 1125 nescio
2099 1088 2195 1139 quid
2213 1088 2267 1126 illi
2289 1088 2420 1126 durius

346 1149 468 1187 adhuc
489 1161 647 1197 regnare
676 1148 861 1194 (lonatur3
892 1149 1065 1199 sequitur
1086 1163 1163 1186 vox
1194 1148 1349 1196 dicens,

344 1213 456 1246 Beati
469 1214 587 1252 mites,
601 1212 778 1256 quoniam
793 1213 868 1256 [psi
881 1209 1156 1246 haereditabunt
1165 1219 1304 1246 terram
1316 1215 1348 1245 ²:

345 1284 388 1307 ac
406 1271 435 1307 si
452 1268 665 1306 evidentius
685 1267 805 1314 dicat,
825 1269 954 1319 Mitiga
973 1270 1112 1307 efferos
1143 1269 1351 1307 voluntatis

345 1340 496 1375 motus,
521 1337 558 1365 et
583 1327 778 1365 crudelem
806 1327 966 1366 bestiam
993 1343 1258 1367 mansuescere
1283 1344 1349 1367 cu-

346 1406 399 1430 ra.
421 1392 575 1440 Ligatus
592 1401 631 1425 es
658 1403 665 1425 :
692 1388 842 1425 solvere
863 1389 1016 1427 studeas
1043 1389 1148 1440 quod
1169 1404 1349 1441 rumpere

345 1453 504 1490 omnino
526 1464 602 1487 non
623 1450 756 1499 possis.
783 1453 861 1487 Eva
883 1459 944 1487 tua
966 1459 1062 1488 esta.
1085 1452 1168 1489 Vim
1198 1453 1346 1499 facere,

345 1521 411 1551 aut
432 1520 587 1550 eatenus
606 1524 688 1547 eam
712 1510 909 1548 offendere
930 1512 1035 1548 nullo
1059 1512 1175 1550 modo
1200 1527 1348 1563 praeva-

345 1573 452 1611 lebis.

675 1691 852 1730 CAPUT
882 1692 994 1732 VIII.

390 1818 535 1850 Carnales
555 1816 747 1857 voluptates,
769 1821 799 1846 et
819 1815 940 1848 divitias
956 1827 1021 1848 esse
1040 1817 1167 1848 omnino
1188 1829 1299 1855 vanas,

618 1869 742 1901 fallaces
753 1894 760 1907 ‚
779 1876 810 1901 et
827 1877 1071 1903 momentaneas.

402 1988 460 2024 13.
492 1990 568 2024 Nec
600 1998 706 2021 mora
728 2014 737 2030 ‚
765 1986 956 2035 respirans
987 1986 1102 2024 homo
1138 1988 1238 2029 inter
1269 1988 1348 2025 haec

344 2047 484 2093 verba,
508 2055 620 2096 atque
637 2045 674 2081 id
697 2059 852 2095 quoque
871 2047 1016 2084 facilius
1042 2057 1241 2098 reputans,
1262 2049 1349 2086 licet

344 2106 602 2151 verecundus,
623 2105 767 2142 accedit
784 2114 821 2142 et
841 2105 1000 2144 delinire
1024 2109 1157 2158 satagit
1178 2109 1347 2159 viperam

345 2169 628 2206 inflammatam.
661 2166 795 2215 Arguit
825 2167 911 2203 vitae
942 2169 1103 2206 carnalis
1129 2170 1345 2217 illecebras,

344 2239 381 2267 et
402 2228 681 2267 consolationes
701 2227 898 2264 saeculares
919 2229 1142 2278 nugacitatis
1165 2240 1314 2268 accusat
1333 2260 1342 2277 ,

346 2299 523 2338 tanquam
553 2287 708 2335 exiguas
732 2295 769 2322 et
792 2287 987 2337 indignas,
1008 2289 1073 2325 sed
1100 2298 1137 2326 et
1159 2290 1344 2328 brevissi-

344 2364 424 2387 mas
442 2360 597 2398 quoque
623 2355 660 2383 et
682 2348 1021 2396 perniciosissimas
1044 2350 1222 2388 omnibus
1243 2365 1345 2389 ama-

343 2410 490 2448 toribus
512 2408 599 2445 suis.
625 2410 746 2457 Super
767 2408 860 2455 boc,
879 2410 949 2456 ait,
973 2423 1137 2460 nequam
1159 2421 1195 2448 et
1222 2412 1346 2450 inutili

342 2484 454 2508 servo
473 2478 537 2506 tuo
559 2477 596 2505 et
618 2469 699 2518 ipsa
719 2470 847 2506 fatere.
874 2473 949 2507 Nec
972 2471 1074 2508 enim
1096 2471 1253 2510 inficiari
1274 2487 1347 2523 po-

344 2542 416 2578 tes,
439 2544 486 2568 ne
516 2530 553 2566 in
588 2529 739 2565 modico
772 2530 927 2579 quidem
958 2530 1025 2567 tibi
1058 2531 1238 2569 universa
1267 2533 1349 2583 ejus

343 2590 525 2641 obsequia
551 2589 764 2626 satisfacere
792 2589 999 2639 aliquando
1025 2591 1208 2641 potuisse.
1231 2593 1350 2629 Volu-

1415 1147 1618 1198 imprecer,
1634 1162 1745 1198 quam
1772 1158 1815 1186 ut
1838 1162 1990 1200 semper
2009 1148 2146 1187 habeat
2170 1149 2277 1199 quod
2294 1150 2421 1200 requi-

1417 1216 1494 1254 rat,
1517 1209 1582 1259 qui
1596 1208 1780 1259 jucundae
1802 1210 1940 1260 quietis
1959 1208 2124 1261 pacemb
2149 1210 2336 1260 fugitans,
2354 1224 2421 1248 cu-

1417 1268 1517 1306 riosa
1538 1270 1802 1319 inquietudine
1827 1271 2049 1308 delectatur.
2075 1271 2215 1322 Liquet
2241 1284 2332 1308 sane
2361 1272 2420 1308 vel

1417 1341 1464 1365 ex
1484 1329 1558 1366 hoc
1578 1331 1663 1381 ipso
1681 1331 1773 1368 nihil
1794 1331 1851 1369 his
1878 1331 2059 1369 omnibus
2080 1331 2340 1369 delectationis
2360 1331 2421 1368 in-
2447 1327 2452 1333 ’

1416 1402 1516 1435 esse,
1548 1404 1713 1440 quorum
1745 1391 1849 1428 solus
1878 1392 2061 1428 transitus
2077 1390 2199 1442 juvat.
2234 1393 2420 1429 Caeterum

1415 1449 1562 1487 vanitas
1588 1447 1800 1488 vanitatum
1832 1464 1947 1501 quam
1971 1450 2063 1488 nihil
2093 1451 2166 1497 sit,
2190 1451 2251 1488 vel
2273 1464 2319 1488 ex
2339 1451 2423 1501 ipso

1415 1511 1572 1548 nomine
1611 1510 1846 1548 manifestius
1880 1510 2091 1561 judicatur.
2124 1514 2254 1549 Vanus
2291 1511 2423 1560 utique

1415 1571 1538 1618 labor,
1550 1572 1615 1622 qui
1634 1572 1760 1609 studio
1774 1572 1953 1609 vanitatis
1972 1572 2210 1609 assumitur-⁰.
2233 1588 2247 1605 «
2264 1575 2296 1610 Ο
2312 1571 2424 1618 doxa,

1417 1632 1548 1669 »doxa
1571 1661 1580 1678 ,
1605 1651 1618 1665 υ
1638 1633 1689 1670 ait
1715 1633 1887 1684 sapiens,
1909 1650 1923 1666 «
1942 1633 1981 1670 in
2006 1632 2174 1670 millibus
2203 1632 2421 1670 mortalium

1419 1710 1433 1725 υ
1451 1691 1544 1728 nihil
1561 1693 1683 1739 aliud,
1704 1706 1818 1742 quam
1844 1693 1994 1730 aurium
2019 1692 2166 1729 inflatio
2186 1705 2285 1729 vana
2298 1690 2332 1728 3!
2349 1710 2363 1725 »
2377 1695 2424 1730 Et

1419 1760 1544 1789 tamen
1579 1761 1761 1803 quantam
1792 1761 1903 1803 putas
1936 1751 2198 1790 infelicitatem
2230 1752 2311 1789 haec
2342 1752 2421 1802 ipsa

1417 1826 1494 1849 non
1521 1822 1595 1850 tam
1618 1813 1705 1850 felix
1728 1814 1876 1850 vanitas
1890 1842 1900 1859 ,
1928 1827 2043 1863 quam
2064 1826 2162 1850 vana
2183 1813 2340 1850 felicitas
2354 1826 2423 1863 pa-

1369 1876 1395 1912 C
1416 1874 1605 1912 rit?Hinc
1638 1887 1802 1925 namque
1834 1875 1981 1912 caecitas
2016 1873 2162 1921 cordis,
2200 1874 2298 1912 sicut
2328 1874 2423 1911 scri—

1414 1942 1521 1984 ptum
1547 1943 1603 1972 est
1625 1950 1632 1971 :
1656 1937 1799 1984 Populo
1827 1948 1930 1971 'neus
1945 1963 1954 1981 ,
1975 1939 2040 1984 qui
2064 1944 2100 1971 te
2126 1934 2363 1982 beatficant,
2383 1939 2423 1970 in

1415 2008 1575 2031 errorem
1611 2005 1646 2032 te
1678 1998 1863 2032 inducunt
1875 1996 1901 2032 4.
1931 1996 2031 2033 Hinc
2067 1996 2284 2033 cervicosus
2317 1994 2423 2031 furor

1415 2054 1666 2092 animositatis
1682 2085 1691 2102 ,
1723 2056 1812 2093 hinc
1847 2056 2077 2107 suspicionis
2114 2055 2224 2094 labor
2261 2054 2396 2093 anxius
2410 2083 2421 2102 ‚

1415 2114 1503 2152 hinc
1532 2115 1663 2153 livoris
1691 2116 1845 2153 crudele
1872 2125 2107 2154 tormentum
2124 2147 2134 2164 ‚
2157 2125 2196 2154 et
2221 2115 2423 2154 cremantis

1415 2175 1568 2213 invidiae
1590 2177 1778 2223 miserior,
1797 2191 1912 2227 quam
1931 2177 2184 2215 miserabilior
2205 2176 2393 2214 cruciatus
2411 2190 2419 2213 :

1413 2235 1501 2273 hinc
1521 2236 1741 2274 divitiarum
1759 2251 1867 2275 amor
1883 2238 2108 2276 insatiabilis
2126 2238 2240 2288 longe
2260 2236 2422 2288 amplius
2451 2245 2454 2247 '

1412 2296 1602 2334 desiderio
1619 2306 1772 2348 torquet
1790 2298 1955 2336 animam
1970 2327 1980 2345 ,
1998 2312 2112 2349 quam
2135 2298 2333 2348 refrigeret
2351 2309 2421 2334 usu

1413 2371 1482 2394 suo
1498 2373 1507 2404 3
1526 2366 1661 2408 utpote
1682 2372 1844 2408 quarum
1867 2360 2067 2410 acquisitio
2084 2359 2238 2410 quidem
2259 2358 2421 2405 laboris,

1412 2419 1602 2469 possessio
1634 2420 1780 2457 timoris
1795 2448 1805 2466 ‚
1829 2420 1982 2457 amissio
2002 2421 2116 2470 plena
2146 2419 2292 2457 doloris
2312 2419 2422 2456 inve-

1414 2479 1529 2516 nitur.
1563 2483 1763 2517 Postremo
1790 2479 1857 2517 ubi
1885 2481 2015 2517 multae
2036 2492 2130 2531 opes
2147 2509 2157 2527 ,
2176 2478 2287 2516 multi
2309 2478 2420 2516 etiam

1415 2539 1478 2588 qui
1499 2539 1707 2577 comedunt
1726 2553 1788 2577 eas
1804 2539 1838 2577 ⁵:
1861 2548 1899 2576 et
1919 2553 2010 2578 usus
2029 2539 2184 2591 quidem
2203 2538 2420 2575 divitiarum

1416 2599 1518 2650 apud
1540 2600 1652 2646 alios,
1674 2600 1858 2637 divitibus
1871 2601 1997 2637 solum
2014 2612 2156 2639 nomen
2175 2598 2277 2637 cedit
2294 2606 2332 2645 et
2350 2597 2422 2636 sol-

343 2661 426 2701 1)ῐίὶὸ
452 2650 634 2700 gutturi&
663 2663 747 2699 (11¹ae
776 2651 868 2687 tanti
896 2650 1010 2687 hOdie
1038 2651 1258 2697 &estimatum
1283 2654 1348 2690 Vix
1368 2663 1400 2697 D
1417 2660 1588 2697 licitudo.
1607 2664 1654 2698 Et
1671 2660 1709 2697 in
1724 2660 1782 2698 his
1799 2660 1979 2698 omnibus
1995 2674 2067 2711 pro
2087 2668 2163 2697 tam
2179 2659 2344 2710 exiguis,
2359 2665 2423 2695 aut

344 2713 508 2749 duorum
530 2709 678 2747 obtinet
698 2710 936 2748 latitudinem
957 2711 1165 2761 digitorum
1184 2728 1192 2749 :
1211 2722 1247 2749 et
1265 2713 1347 2763 ejus

345 2781 418 2808 tam
436 2770 595 2807 modicae
612 2770 729 2820 partis
744 2778 819 2807 tam
835 2771 971 2820 exigua
989 2772 1189 2809 delectatio
1204 2783 1347 2822 quanta

344 2840 500 2881 paratur
534 2830 790 2867 sollicitudine
809 2860 818 2877 ‚
850 2840 1031 2881 quantam
1064 2833 1202 2870 deinde
1231 2835 1347 2872 mole-

344 2893 451 2929 stiam
474 2892 594 2941 parit?
622 2891 719 2928 Hinc
744 2894 1026 2931 monstruosius
1055 2894 1264 2932 dilatantur
1284 2910 1346 2933 re-

345 2966 412 2993 nes
439 2961 476 2988 et
503 2952 672 2998 humeri,
702 2952 790 2988 hinc
819 2962 1006 2992 tumentes
1035 2956 1135 2992 uteri
1166 2970 1242 2993 non
1269 2965 1344 2994 tam

342 3013 642 3062 impinguantur,
664 3024 777 3059 quam
796 3013 1098 3064 impraegnantur
1113 3030 1133 3052 a
1152 3017 1261 3054 ruina
1280 3033 1287 3054 :
1308 3027 1345 3055 et

345 3073 436 3109 dum
475 3071 597 3109 carnis
631 3084 726 3107 onus
760 3085 844 3109 ossa
874 3087 951 3110 non
986 3077 1198 3125 sustinent,
1231 3078 1344 3116 ctiam

1414 2721 1531 2770 magis
1551 2734 1598 2757 ne
1616 2721 1763 2771 exiguis
1783 2721 1952 2771 quidem,
1974 2721 2040 2758 sed
2060 2721 2188 2767 nullis,
2211 2734 2294 2758 eam
2314 2717 2421 2771 parvi

1413 2779 1582 2830 pendere
1606 2781 1786 2830 gloriam,
1809 2795 1923 2831 quam
1951 2794 2022 2818 nec
2053 2781 2188 2818 oculus
2217 2779 2332 2827 vidit,
2352 2790 2422 2815 nec

1414 2838 1515 2875 auris
1544 2839 1721 2886 audivit,
1749 2853 1819 2876 nec
1857 2839 1897 2876 in
1933 2853 2001 2876 cor
2031 2839 2198 2877 hominis
2231 2837 2420 2883 ascendit,

1413 2912 1498 2949 quae
1522 2900 1755 2950 praeparavit
1780 2903 1883 2937 Deus
1899 2898 2146 2949 diligentibus
2161 2912 2201 2936 se
2215 2928 2226 2946 ‚
2246 2911 2324 2936 non
2345 2906 2419 2935 tam

1411 2960 1640 3010 insipientiae
1660 2974 1774 3010 quam
1795 2960 2029 2998 infidelitatis
2049 2973 2130 2998 esse
2150 2960 2303 2997 videtur
2322 2957 2352 2996 d.

1471 3021 1529 3059 15.
1547 3024 1623 3058 Nec
1652 3021 1844 3059 immerito
1876 3034 1966 3058 sane
1997 3020 2164 3058 mundus
2188 3020 2250 3057 hic
2275 3019 2420 3070 positus

1413 3081 1451 3117 in
1483 3081 1649 3131 maligno
1665 3111 1674 3127 ,
1696 3095 1794 3119 vana
1826 3081 2081 3132 promissione
2107 3080 2254 3118 deludit
2278 3080 2420 3118 animas

394 3212 403 3226 ¹
420 3206 498 3237 Psal-
514 3216 618 3242 LXVH,
645 3207 697 3236 10-
712 3224 756 3228 —
772 3210 784 3226 ²
803 3205 917 3238 Matth.
938 3220 969 3245 ν,
995 3212 1020 3240 4.
1039 3228 1080 3231 -
1099 3207 1110 3230 3
1128 3211 1251 3243 Boetius
1264 3238 1271 3248 ,
1290 3215 1329 3245 de
1348 3216 1586 3252 Consolatione,
1606 3215 1661 3247 lib.
1677 3219 1715 3251 3,
1732 3226 1824 3257 prosa
1840 3220 1871 3247 fi.
1889 3235 1933 3239 —-
1947 3215 1960 3242 4
1979 3217 2049 3248 Isai.
2070 3228 2128 3255 ιιι,
2152 3220 2203 3248 12.
2227 3235 2271 3239 —-
2285 3214 2299 3238 ⁵
2319 3215 2415 3248 Eccle.

343 3272 380 3295 v,
405 3262 454 3291 10.

390 3325 402 3342 a
419 3319 524 3356 Alias,
549 3321 610 3349 Era
630 3325 682 3348 Ιιια
705 3319 764 3349 vila
785 3331 839 3349 css.
861 3338 903 3342 ᾼ
919 3314 933 3335 ¹³
948 3321 1054 3358 Alias,
1073 3323 1148 3353 aeia.
1169 3342 1200 3345 --
1223 3330 1235 3344 “
1252 3325 1357 3363 Alias,
1376 3325 1559 3356 ahsttmilmu
1578 3347 1610 3349 ff
1634 3327 1651 3347 ⁴¹
1674 3327 1758 3358 Alias
1774 3352 1779 3360 ,
1801 3325 2009 3370 rligrwscilm'.
