2565 3952
100 157 173 195 269

1029 149 1297 185 EPISTOLAE.

2127 155 2203 192 ‘270

99 262 115 279 n
136 240 293 280 minima
312 245 561 288 retorquetur
576 243 601 274 ¹.
624 253 640 270 »
661 239 757 274 Item
779 235 860 286 ipse
889 235 927 271 in
949 231 1119 271 Homilia
1134 230 1167 250 ⁹⁹
1187 233 1379 283 comperi,
1401 233 1440 269 in
1461 233 1581 282 gloria
1599 242 1723 270 vestra
1744 245 2020 274 convemrunt.
2044 238 2206 288 Opinio·

98 302 205 342 tertia
231 312 348 350 super
375 297 612 336 Ezechielem
631 311 639 334 :
661 313 676 329 «
703 298 799 333 Sunt
828 295 1027 341 nonnulli,
1050 294 1118 344 qui
1134 295 1167 328 A
1186 306 1275 329 nem
1291 307 1389 344 opus
1404 292 1546 343 probat
1562 306 1632 330 nec
1651 294 1779 330 falsam
1798 295 1928 341 fuisse,
1947 310 2016 333 nec
2032 311 2204 345 vacuam,

100 383 115 398 ‚›
133 363 235 400 bona
251 360 405 411 quidem
422 372 507 409 quae
525 365 736 404 noverunt,
755 365 980 408 operantur,
1000 364 1115 405 atque

100 442 115 458 »
133 424 212 461 haec
233 428 438 472 operantes
465 419 625 456 meliora
643 417 880 464 deliberant3
903 417 968 454 sed
993 425 1118 453 retra-

98 503 114 520 »
135 491 298 529 etanteS,
325 481 484 518 meliora
512 493 597 530 quae
625 478 952 525 deliberaverant,
974 478 1117 515 immu-

99 564 114 581 υ
135 553 225 583 tant.
247 547 294 581 Et
321 542 477 592 quidem
508 540 611 578 bona
639 548 757 590 agunt
777 554 862 590 quae
892 547 1112 590 coeperant,

99 604 198 644 »sed
230 617 251 641 a
281 601 507 640 melioribus
542 615 629 652 quae
664 600 992 647 deliberaverant,
1027 613 1115 637 suc-

100 685 114 700 n
135 664 331 704 cumbunt.
360 664 410 702 Hi
438 663 620 700 nimirum
653 670 742 699 ante
774 662 944 698 humana
971 660 1116 710 judicia

100 745 115 760 »
134 735 232 764 stare
259 724 444 762 videntur
474 724 515 761 in
545 737 685 774 opere3
718 722 784 760 sed
815 731 903 759 ante
933 723 1117 773 omnipo-

101 806 114 821 „
137 787 247 824 tentis
261 786 332 823 Dei
345 785 479 823 oculos
496 784 719 822 ceciderunt
732 784 769 820 in
789 783 1080 821 deliberatione.
1102 802 1116 818 »

151 849 187 886 2.
218 851 275 886 En
305 848 518 898 speculum.
540 850 585 884 In
605 846 680 884 lioc
702 860 780 883 non
803 846 953 882 vultum
976 846 1116 882 nativi-

98 909 202 956 tatis,
225 908 292 946 sed
314 909 456 945 factum
485 907 718 945 reversionis
744 921 822 944 suae
840 906 1086 944 considerent
1107 921 1114 943 :

97 971 157 1008 hic
177 983 216 1007 se
237 969 463 1017 discutiant,
484 969 546 1006 hie
580 982 618 1006 se
649 968 881 1019 dijudicent,
913 968 1118 1018 cogitatio-

1187 367 1274 391 cum
1305 354 1411 404 quod
1432 362 1519 390 ante
1549 363 1740 404 sparserat
1766 354 1909 405 ubique
1931 357 2029 393 fama
2048 359 2182 395 volans
2197 388 2206 405 ,

1186 428 1247 452 res
1267 415 1350 466 ipsa
1374 416 1487 453 saciat
1508 415 1765 452 manifestum.
1796 417 2000 464 Quomodo
2027 432 2130 456 nunc
2146 421 2207 456 vol

1185 476 1352 513 maxime
1374 476 1510 513 claruit
1530 476 1634 512 zelus
1649 475 1808 525 justitiae
1821 506 1830 523 ,
1861 477 2024 514 eminuit
2043 487 2081 515 et
2097 479 2207 516 inva—

1184 536 1256 573 luit
1283 536 1530 573 sacerdotalis
1561 536 1684 586 vigor,
1707 536 1746 573 in
1777 536 2000 575 defensione
2029 538 2209 576 videlicet

1183 610 1421 648 pauperum,
1445 606 1482 634 et
1500 611 1717 648 pauperum
1738 597 1879 648 quibus
1899 612 1978 635 non
1997 608 2078 636 erat
2095 599 2208 649 adju-

1185 656 1298 695 torb!
1317 659 1417 696 Olim
1436 658 1593 709 quidem
1613 672 1732 709 opera
1758 659 2031 697 misericordiae
2052 669 2089 697 et
2105 662 2208 698 elec-

1185 733 1366 769 mosynas
1385 728 1532 758 vestras
1554 719 1760 757 enarrabat
1781 721 1907 758 omnis
1927 722 2095 759 Ecclesia
2117 736 2207 759 san-

1185 790 1336 818 ctorum
1356 796 1363 818 :
1385 781 1450 818 scd
1470 782 1544 818 hoc
1562 780 1673 819 vobis
1691 795 1898 819 commune
1915 796 2000 819 cum
2017 783 2208 833 pluribus,

1184 843 1329 894 quippe
1362 843 1466 893 quod
1501 852 1538 880 ct
1573 858 1594 881 a
1630 844 1777 881 cunctis
1809 843 2061 881 substantiam
2095 844 2210 895 hujus

1185 904 1321 942 mundi
1354 904 1588 942 habentibus
1621 906 1797 955 exigitur.
1831 910 1974 944 Verum
2008 907 2081 944 hoc
2112 921 2210 959 opus

1185 966 1424 1017 episcopale,
1445 966 1519 1003 hoc
1540 975 1710 1017 paternae
1732 967 1883 1018 pietatis
1910 976 1987 1005 tam
2014 969 2207 1019 egregium

97 1030 207 1069 nibus
227 1030 304 1068 suis
334 1029 605 1068 accusantibus
633 1030 713 1067 sive
734 1029 1052 1075 defendentibus,
1084 1037 1122 1065 et
1142 1028 1403 1078 Bspecimen,
1440 1028 1501 1064 hic
1534 1041 1625 1065 vere
1664 1028 1814 1065 divinus
1853 1029 1996 1075 fervor,
2027 1043 2105 1079 quo
2136 1043 2209 1080 pro

96 1091 251 1143 quidem
281 1091 386 1142 apud
414 1091 653 1141 spiritualem
675 1091 741 1141 qui
761 1091 891 1127 onmia
909 1089 1117 1140 dijudicat,

96 1162 132 1191 et
148 1153 230 1204 ipse
246 1166 268 1190 a
285 1153 439 1190 nemine
451 1152 659 1202 judicatur.
674 1152 867 1201 Quidnam
887 1165 978 1189 vero
998 1149 1120 1200 majus

97 1223 162 1252 aut
189 1214 336 1260 minus,
371 1214 548 1265 superius
578 1222 644 1251 aut
671 1213 852 1260 inferius,
876 1213 1017 1249 arctius
1040 1212 1119 1249 sive

102 1275 295 1313 remissius
315 1275 381 1323 sit,
402 1275 508 1325 quod
528 1274 708 1311 videlicet
724 1274 986 1323 reliquerunt,
1003 1286 1051 1309 an
1071 1272 1119 1309 ad

96 1335 200 1387 quod
221 1336 439 1382 redierunt3
464 1348 534 1385 ego
562 1334 720 1385 quidem
738 1334 842 1371 haud
861 1342 1005 1370 temere
1028 1333 1120 1370 deli-

97 1397 251 1444 nierim,
266 1397 338 1448 ipsi
351 1397 533 1434 viderint.
551 1400 600 1434 Et
614 1396 688 1433 hoc
704 1396 778 1433 illis
794 1395 1016 1445 Gregorius.
1035 1393 1119 1431 Tibi

99 1471 208 1504 vero,
231 1466 341 1509 pater
371 1457 604 1504 reverende,
640 1465 716 1494 tam
747 1465 830 1494 tuta
861 1455 1115 1501 certitudine,

97 1531 212 1570 quam
241 1518 345 1556 nuda
370 1518 533 1555 veritate
560 1531 631 1568 ego
650 1517 834 1565 dixerim,
856 1516 1017 1554 omnino
1038 1529 1117 1553 non
1141 1568 1144 1569 ⁷

97 1579 278 1631 expedire
308 1579 487 1631 spiritum
514 1579 615 1617 velle
645 1579 903 1629 exstinguere.
925 1579 1032 1624 Noli,
1055 1577 1116 1614 in—

98 1642 198 1693 quit,
209 1642 413 1692 prohibere
431 1656 513 1678 eam
532 1646 599 1691 qui
611 1650 742 1692 potest
755 1640 847 1677 bene
856 1637 994 1689 facere
1001 1655 1015 1685 ;
1036 1641 1116 1686 secl,

98 1709 132 1741 .ςὶ
161 1706 288 1750 vales,
323 1713 359 1740 et
396 1707 479 1753 ipse
513 1702 606 1740 bene
632 1700 705 1751 sac
727 1708 755 1740 ².
790 1701 959 1741 Gloriari
990 1709 1118 1738 autem

99 1765 216 1816 magis
234 1773 391 1816 oportet
406 1765 447 1802 in
464 1763 704 1815 profectibus
721 1763 888 1801 filiorum
901 1793 910 1810 ,
933 1763 1118 1814 quoniam

1188 1089 1340 1126 tuendis
1362 1089 1437 1126 suis
1454 1089 1690 1140 pauperibus
1705 1090 1768 1127 ille
1790 1090 1927 1140 procul
1945 1089 2063 1127 dubio
2084 1092 2209 1128 zelum

1186 1158 1356 1186 vestrum
1381 1149 1554 1186 accendit
1575 1158 1611 1186 et
1640 1150 1827 1197 accinxit,
1850 1150 1915 1201 qui
1937 1151 2025 1188 facit
2044 1152 2210 1201 Angelos

1187 1223 1277 1246 suos
1293 1210 1470 1260 spiritus,
1489 1218 1526 1246 et
1544 1210 1739 1247 ministros
1757 1225 1846 1248 suos
1863 1211 1991 1261 ignem
2008 1221 2184 1249 urentem
2200 1229 2209 1259 3

1187 1269 1260 1306 hoc
1294 1278 1440 1316 totum,
1475 1270 1651 1320 inquam,
1685 1272 1850 1321 speciale
1879 1274 2053 1320 accessit,
2073 1283 2210 1311 vestrae

1188 1330 1381 1380 dignitatis
1413 1330 1546 1377 decus,
1580 1331 1729 1381 insigne
1768 1332 1903 1379 officii,
1937 1343 2210 1371 ornamentum

1187 1405 1353 1429 coronae.
1373 1391 1489 1429 Aliud
1518 1400 1575 1428 est
1599 1394 1756 1430 relicere
1778 1402 1954 1431 ventrem
1982 1395 2208 1443 esurientis,

1187 1461 1225 1489 et
1247 1452 1349 1489 aliud
1371 1460 1541 1489 sanctam
1573 1453 1697 1490 zelare
1727 1463 2006 1504 paupertatem.
2028 1455 2088 1492 Ibi
2109 1456 2210 1493 enim

1187 1514 1353 1551 servitur
1379 1522 1550 1560 naturae,
1573 1514 1634 1551 hic
1663 1515 1804 1565 gratiae.
1838 1516 2034 1561 Visicaln's,
2058 1518 2209 1568 inquit,

1185 1580 1348 1625 speciem
1373 1585 1494 1620 mam,
1523 1584 1559 1611 et
1585 1590 1659 1612 non
1677 1576 1891 1625 peccabis&
1916 1580 2017 1628 Ergo
2036 1579 2102 1628 qui
2119 1579 2210 1616 alie—

1186 1651 1275 1675 nam
1301 1650 1454 1674 carnem
1479 1637 1602 1685 fovet,
1625 1638 1714 1674 facit
1735 1652 1782 1675 ne
1812 1648 1945 1689 peccet
1964 1654 1971 1676 ε
1994 1640 2060 1690 qui
2081 1648 2209 1677 autem

1186 1699 1348 1736 alienam
1383 1698 1623 1735 sanctitatem
1658 1699 1851 1747 honorat,
1883 1700 2086 1737 fructificat
2126 1701 2209 1740 sibi.

1185 1760 1279 1798 Ideo
1298 1760 1349 1797 ait
1369 1775 1376 1797 :
1399 1759 1571 1797 Desudet
1587 1760 1833 1810 eleemosyna
1850 1761 1890 1797 in
1906 1775 2024 1798 manu
2042 1771 2123 1809 tua,
2146 1762 2212 1800 do-

99 1826 198 1863 filius
213 1825 363 1877 sapiens
380 1825 503 1876 gloria
519 1833 576 1862 est
591 1824 711 1876 patris
725 1824 752 1862 3.
773 1827 830 1861 De
847 1832 986 1861 caetero
1004 1836 1118 1860 nemo
1140 1827 1168 1864 C
1188 1835 1259 1858 nec.
1276 1821 1450 1858 invenias
1463 1828 1476 1843 ⁰
1489 1819 1638 1870 justum
1656 1821 1717 1858 cui
1735 1821 1813 1859 des.
1831 1824 1918 1870 Quo
1935 1822 2086 1860 fructu?
2103 1827 2211 1872 Quo-

100 1886 189 1924 mihi
208 1884 478 1933 molestus‘sit,
500 1885 606 1937 quod
623 1885 813 1936 justitiam
834 1885 905 1923 Dei
927 1898 1006 1922 non
1028 1883 1118 1921 abs—

100 1946 212 1985 condi
230 1947 270 1984 in
296 1946 412 1986 corde
432 1960 520 1984 meo
538 1962 546 1985 :
565 1947 638 1984 nisi
659 1946 766 1998 quod
792 1946 918 1989 minus
940 1946 1116 1991 fortasse,

99 2007 150 2046 ob
168 2007 368 2046 vitandum
389 2007 632 2056 scandalum,
655 2021 769 2059 quam
793 2006 930 2055 debui,
952 2007 1045 2044 dixi.

99 2148 590 2161 ⁴=m====v=mv=v=u==vx==mv=v==v==
596 2149 797 2159 .x=xnx===ux=
803 2147 944 2158 xxvxxx=sxx
950 2148 975 2156 vs
981 2149 988 2157 ι
995 2147 1032 2156 «mm
1038 2147 1092 2156 xvsm

277 2276 657 2333 EPISTULA
716 2276 873 2332 va
905 2273 918 2287 ἃ

795 2313 820 2332 21
886 2319 897 2330 ι

127 2438 172 2461 ΑΒ
198 2438 417 2463 wasnaum
446 2439 779 2463 Ancmssiuscopum
809 2438 1093 2462 Essomcssxsmi.

102 2555 292 2590 charitatem
307 2563 339 2590 et
354 2557 595 2591 beneficentiam
614 2559 682 2602 ejus
706 2569 780 2601 erga
802 2557 980 2601 Religiosos
1000 2556 1121 2588 laudat.

103 2681 203 2718 Patri
217 2681 440 2721 charissimo
456 2691 495 2720 et
507 2682 667 2721 domino
682 2683 897 2721 reverendo
910 2687 940 2722 T
943 2697 1122 2732 cnsrmo,

153 2742 223 2779 Dei
253 2743 372 2793 gratia
399 2743 636 2782 Eboracensi
670 2745 987 2796 archiepiscopo,
1022 2749 1126 2783 BER-

154 2815 298 2842 mnnus
312 2803 431 2842 abbas
444 2805 698 2844 Clarae-Vallis
708 2836 717 2854 ,
734 2806 895 2844 salutem
914 2806 1133 2857 plurimam

154 2862 260 2902 dicit.

156 2997 346 3048 Splendor
364 3001 512 3051 operis,
535 3010 573 3039 et
595 3002 791 3053 opinionis
815 3002 914 3040 odor
934 3002 1052 3049 bene,
1085 3011 1126 3040 ut

1187 1884 1289 1921 niam
1312 1888 1377 1932 qui
1399 1885 1529 1932 recipit
1537 1887 1685 1930 justum
1708 1888 1747 1920 in
1767 1886 1915 1920 nomine
1928 1886 2044 1931 jani,
2070 1899 2211 1922 merce-

1188 1947 1273 1982 dem
1295 1949 1393 1992 susti
1423 1949 1587 1994 accipiet
1599 1942 1624 1981 5.
1658 1945 1860 1983 Solvamus
1879 1945 2044 1996 proinde
2065 1955 2212 1984 natura?

1188 2006 1382 2053 debitum,
1416 2020 1464 2044 ne
1493 2020 1698 2057 peccemus
1721 2021 1729 2043 :
1755 2006 1873 2044 simus
1895 2007 2026 2057 gratiae
2053 2007 2211 2058 coadju-

1188 2076 1311 2115 tores,
1343 2075 1387 2104 ut
1419 2075 1457 2104 et
1490 2067 1699 2117 participes
1734 2067 1818 2104 fieri
1852 2080 2082 2105 mereamur.
2116 2072 2212 2107 Sane

1188 2138 1397 2179 utrumque
1415 2129 1468 2166 ita
1486 2129 1525 2166 in
1547 2127 1658 2165 vobis
1675 2128 1924 2177 admiramur,
1944 2138 1986 2166 ut
2004 2138 2213 2181 utrumque

1189 2190 1321 2228 datum
1344 2189 1455 2227 vobis
1481 2189 1648 2240 desuper
1673 2190 1862 2228 fateamur
1879 2206 1887 2228 t
1906 2200 2096 2241 quatenus
2113 2191 2213 2228 divi-

1188 2252 1248 2289 nis
1267 2251 1447 2288 laudibus
1469 2251 1702 2288 aeternaliter
1718 2251 1936 2299 misceatur,
1956 2252 2146 2303 quidquid
2166 2267 2212 2291 ex

1187 2312 1300 2351 vobis
1322 2312 1586 2363 temporaliter
1602 2312 1892 2350 necessitatibus
1907 2314 2049 2351 nostris
2064 2314 2213 2365 impen-

1189 2374 1308 2422 ditur,
1326 2374 1464 2411 merito
1491 2373 1703 2411 reverende
1723 2382 1762 2410 et
1787 2375 1894 2411 omni
1919 2374 2061 2412 amoris
2087 2376 2212 2413 since-

1191 2436 1304 2473 ritate
1322 2434 1482 2473 colende
1499 2443 1612 2484 atque
1630 2435 1897 2486 amplectende
1915 2443 2038 2486 pater.

1142 2628 1186 2662 D,

120 3132 129 3137 -
155 3144 165 3160 ¹
185 3142 275 3172 Parte
291 3144 415 3186 3,cap.
435 3147 577 3176 28.—²
602 3149 697 3177 Prov.
716 3157 777 3182 111,
798 3144 1304 3186 27.-³1d.x‚1.-4J0b
1323 3157 1355 3184 v,
1375 3146 1428 3176 24.
1448 3162 1493 3166 -
1513 3142 1525 3166 ⁵
1546 3143 1803 3183 3¹1atth.X,41.

155 3200 168 3215 ³
187 3200 308 3243 Scripta
331 3213 414 3235 anno
437 3203 553 3237 Christi
577 3208 678 3238 1132.

155 3244 171 3268 ὴ
187 3253 271 3294 Quid
289 3257 456 3289 Turstinus
480 3259 659 3302 praestiterit
682 3259 712 3290 iu
731 3258 944 3290 defensionem
962 3259 1184 3302 praediciorum
1208 3259 1455 3293 monachorum.
1480 3259 1532 3301 qui
1559 3258 1660 3290 studio
1687 3258 1811 3299 majoris
1843 3256 2039 3299 perfectionis
2076 3254 2113 3287 ad
2140 3264 2211 3285 eum

110 3304 326 3349 confugerant,
340 3309 432 3342 docet
443 3312 540 3355 ipsius
553 3313 685 3356 epistola
703 3325 740 3344 cx
760 3314 938 3346 Mouastico
956 3315 1131 3356 Anglicauo
1145 3314 1308 3346 refert-uda
1324 3320 1393 3357 post
1411 3312 1631 3345 Bernardiuas.

157 3363 171 3380 c
190 3360 293 3401 Alias,
318 3362 435 3396 videas.
