2517 3936
162 212 258 250 1457
639 212 926 248 TRACTATUS
955 213 1020 246 DE
1050 212 1332 248 ERRORIBUS
1362 215 1657 252 AssAizLARm.
2132 222 2227 259 1458

156 289 261 339 quod
284 288 438 326 demum
459 301 528 339 per
546 296 709 325 mortem
733 287 855 324 crucis
878 288 915 324 in
941 301 1008 324 sua
1030 299 1163 324 rever-
1177 286 1471 338 ⁶⁵⁵inipleretur,
1492 305 1589 341 opus
1621 294 1689 330 fuit
1715 294 1926 334 liberatore.
1958 300 2137 348 Oportuit
2163 313 2228 336 au-

157 363 220 387 sus
238 363 245 385 :
263 349 309 386 ad
330 348 368 385 id
388 348 511 385 solum
528 356 638 398 putet
654 356 691 385 et
712 347 880 398 disputet
896 347 1165 396 redigendum,
1185 345 1214 378 A
1235 358 1308 386 tem
1330 350 1482 387 liberari
1500 352 1537 388 in
1560 352 1631 389 hoe
1651 356 1807 401 saeculo,
1832 366 1871 393 ut
1889 357 2027 395 liberos
2047 359 2229 396 haberent

157 419 199 447 ut
222 409 388 447 traderet
408 408 627 446 hominibus
649 409 809 445 formam
835 408 923 444 vitae
944 407 1109 444 vivendo
1129 415 1166 443 et

157 470 352 517 docendo;
390 469 571 520 patiendo
601 477 727 506 autem
767 477 803 505 et
835 467 1037 504 moriendo
1074 466 1165 503 cha-

157 531 277 568 ritatis
294 538 432 567 metam
451 531 676 579 praefigeret.
696 533 797 578 Ergo
813 528 942 564 docuit
957 526 1164 576 justitiam,

156 599 194 628 et
217 605 295 628 non
316 591 441 637 dedit;
463 590 631 627 ostendit
655 589 876 626 charitatem
890 617 900 634 ,
919 587 984 624 sed
1005 600 1084 623 non
1105 587 1165 622 in-

156 651 275 698 sudit;
294 660 332 688 et
351 652 404 688 sic
432 651 546 688 rediit
566 651 603 687 in
625 652 716 687 sua?
735 653 842 686 Itane
868 649 940 685 hoc
967 655 1088 684 totum
1110 655 1166 683 est

156 725 333 761 magnum
354 711 448 748 illud
461 715 621 760 pietatis
641 719 919 746 sacramentum
934 737 945 753 ,
965 710 1066 757 quod
1083 721 1165 742 ma-

153 771 369 820 nifestatum
396 780 449 807 est
469 775 506 807 in
528 784 657 815 carne,
674 771 922 817 justificatum
948 778 1001 804 est
1027 773 1167 818 inspi-

156 836 240 878 riuc,
253 837 435 882 apparuit
446 833 616 880 Angelis,
636 833 890 880 praedicatum
909 838 963 865 est
972 828 1163 877 gentibus,

154 895 336 929 creditum
349 897 452 929 estin
469 894 621 937 mundo,
637 901 864 940 assumptum
880 899 934 926 est
947 892 1118 939 ingloria
1131 891 1166 925 ¹?

153 952 471 1004 Incomparabilis
492 952 641 998 doctor,
664 952 730 1002 qui
750 952 862 988 etiam
884 949 1078 1001 profunda
1096 950 1166 986 Dei

155 1013 228 1051 sibi
244 1014 438 1064 aperiens,
458 1021 496 1050 et
511 1026 555 1050 ea
574 1011 715 1063 quibus
737 1013 820 1049 vult
838 1011 965 1049 lucida
979 1019 1016 1048 et
1033 1009 1165 1060 pervia

1233 411 1269 447 in
1305 411 1443 448 futuro.
1479 412 1623 448 Deinde
1658 414 1771 450 infert
1803 431 1810 451 ;
1846 434 1860 448 «
1889 419 2077 467 Numquid
2116 420 2228 456 etiam

1235 488 1248 502 n
1271 484 1476 520 pauperem
1501 472 1630 518 illum,
1651 473 1715 522 qui
1740 474 1775 510 in
1797 475 1878 511 sinu
1897 476 2055 514 Abrahse
2077 479 2228 527 requie—

1232 547 1246 562 »
1266 530 1413 574 scebat,
1434 531 1530 567 sicut
1550 540 1586 567 et
1613 532 1767 568 divitem
1795 533 2031 582 damnatum,
2058 537 2228 575 diabolus

1235 607 1249 620 υ
1271 590 1481 637 cruciabat3
1500 600 1564 627 aut
1581 592 1691 628 etiam
1710 592 1746 628 in
1766 593 1887 642 ipsum
1907 594 2094 631 Abraham
2111 596 2229 633 domi-

1233 668 1248 683 »
1271 651 1374 687 nium
1387 650 1565 697 habebat,
1584 661 1815 702 caeterosque
1829 654 1990 690 electos?
2008 673 2020 687 »
2036 658 2119 691 Mn
2138 671 2145 692 :
2166 657 2230 692 sed
2271 692 2274 695 ,

1232 709 1447 756 habuisset,
1471 712 1500 747 si
1524 725 1599 748 non
1621 711 1768 749 liberati
1789 713 1946 749 fuissent
1967 713 2039 750 fide
2059 715 2229 760 venturi,

1233 771 1330 808 sicut
1355 771 1401 808 de
1427 771 1510 821 ipso
1539 771 1729 809 Abraham
1756 773 1938 823 scriptum
1964 782 2038 820 est,
2068 775 2234 810 Credidit

1235 830 1424 867 Abraham
1460 834 1558 877 Deo,
1587 841 1623 868 et
1654 842 1857 881 reluctatum
1893 843 1946 870 esc
1978 839 2013 870 ei
2045 837 2098 870 ad
2117 836 2231 880 jasci-

1231 895 1322 926 tiam
1334 889 1366 928 ⁵:
1383 891 1493 938 item,
1507 891 1698 929 Abraham
1716 896 1914 930 exsultavit
1925 903 1962 930 ιιι
1973 896 2120 930 videret
2133 897 2230 930 diem

1233 964 1382 995 metcm5
1404 962 1438 988 et
1461 954 1555 988 vidit
1570 980 1578 993 ‚
1599 962 1636 988 ec
1649 958 1797 1001 gavisus
1817 952 1905 990 estss.
1928 957 2134 1003 Propterea
2151 953 2228 1003 jam

1234 1018 1323 1047 tunc
1353 1013 1505 1062 sanguis
1531 1013 1667 1050 Christi
1694 1013 1848 1051 rorabat
1868 1014 1978 1051 etiam
2006 1019 2162 1061 Lazaro,
2184 1028 2231 1051 ne

155 1075 312 1121 faciens,
330 1075 554 1112 altissimum
566 1081 847 1111 sacramentum
863 1101 872 1119 ,
893 1071 1165 1121 etmysterium
1187 1069 1214 1103 B
1234 1071 1403 1109 flammas
1433 1073 1589 1110 sentiret
1611 1089 1618 1110 :
1640 1074 1743 1124 quod
1771 1083 1807 1111 et
1836 1076 1914 1124 ipse
1945 1075 2165 1112 credidisset
2191 1075 2230 1111 in

153 1134 423 1172 absconditum
443 1148 464 1171 a
481 1134 648 1180 saeculis,
673 1134 725 1170 sic
745 1132 856 1170 nobis
876 1146 944 1170 suo
967 1131 1166 1169 mendacio

153 1196 312 1247 planum
338 1204 376 1233 et
404 1204 580 1246 apertum
604 1194 751 1241 reddit,
777 1202 819 1231 ut
844 1194 1005 1230 transire
1032 1193 1167 1229 leviter

153 1269 225 1306 per
247 1255 343 1292 illud
367 1255 486 1305 possit
512 1255 659 1305 quivis,
682 1254 795 1291 etiam
821 1253 1109 1290 incircumcisus
1130 1259 1167 1288 et

153 1315 401 1353 immundus:
424 1315 532 1365 quasi
552 1315 622 1352 Dei
648 1313 834 1364 sapientia
860 1327 995 1350 cavere
1022 1312 1168 1350 nescie-

154 1377 204 1413 rit
224 1385 289 1413 aut
307 1376 518 1426 neglexerit
537 1375 642 1425 quod
662 1375 743 1425 ipsa
763 1373 980 1425 prohibuit,
1004 1373 1070 1411 sed
1091 1372 1162 1409 de-

154 1435 252 1473 derit
284 1444 323 1472 et
353 1436 434 1486 ipsa
465 1444 638 1472 sanctum
669 1434 846 1478 canibus,
874 1443 911 1472 et
944 1434 1164 1483 margaritas

155 1498 294 1546 porcis,
317 1496 391 1534 Sed
407 1510 482 1534 non
503 1505 560 1534 est
579 1497 644 1534 ita.
667 1500 763 1534 Nam
783 1497 851 1534 etsi
880 1496 1164 1533 manifestatum

154 1566 211 1595 est
230 1558 269 1594 in
295 1571 432 1605 carne,
454 1557 521 1595 sed
544 1566 669 1595 tamen
686 1556 938 1607 justificatum
959 1556 1071 1593 estin
1086 1555 1165 1606 spi-

154 1618 231 1655 ritu
255 1633 263 1656 :
289 1626 332 1655 ut
355 1627 394 1655 et
421 1618 682 1669 spiritualibus
715 1619 926 1668 spiritualia
959 1618 1165 1655 conferan-

155 1685 239 1725 tur3
260 1686 298 1714 et
321 1677 494 1715 animalis
514 1677 632 1714 homo
658 1691 737 1715 non
762 1678 950 1728 percipiat
971 1691 1055 1727 quae
1077 1685 1166 1714 sunt

154 1737 310 1788 spiritus
341 1737 432 1783 Dei;
460 1750 530 1774 nec
560 1737 652 1775 fides
680 1746 810 1775 nostra
841 1738 888 1775 sit
916 1738 954 1774 in
982 1737 1166 1788 sapientia

153 1796 282 1843 verbi,
312 1797 379 1834 sed
411 1797 450 1834 in
483 1798 625 1835 virtute
656 1798 739 1835 Dei.
766 1798 880 1837 Unde
901 1799 1074 1836 Salvator
1096 1798 1165 1843 ait,

1233 1144 1319 1168 eum
1346 1133 1410 1181 qui
1432 1142 1511 1169 erat
1536 1147 1726 1183 passurus.
1749 1135 1808 1171 Sic
1833 1135 1878 1171 de
1907 1135 2085 1171 omnibus
2105 1135 2231 1172 electis

1233 1191 1332 1228 illius
1368 1194 1548 1243 temporis
1583 1194 1842 1241 sentiendum,
1870 1204 1978 1232 natos
2009 1195 2162 1245 quidem
2194 1203 2232 1231 et

1233 1252 1354 1302 ipsos,
1370 1266 1476 1302 aeque
1494 1262 1535 1290 ut
1556 1268 1625 1291 nos
1639 1284 1648 1300 ‚
1667 1254 1736 1291 sub
1758 1263 1942 1305 potestate
1965 1255 2204 1292 tenebrarum
2219 1282 2228 1299 ,

1233 1321 1393 1363 propter
1417 1313 1599 1363 originale
1627 1324 1823 1365 peceatum
1852 1331 1859 1352 :
1882 1315 1946 1352 sed
1967 1323 2094 1351 erutos
2122 1322 2231 1350 ante-

1232 1388 1345 1423 quam
1362 1383 1614 1420 morerentur,
1628 1384 1664 1412 et
1675 1376 1825 1413 nonnisi
1837 1376 1874 1412 in
1890 1376 2069 1424 sanguine
2082 1374 2229 1411 Christi.

1232 1434 1420 1484 Scriptum
1442 1443 1498 1471 est
1517 1435 1618 1471 enim
1630 1436 1644 1450 *
1664 1451 1671 1472 :
1699 1436 1833 1472 Turboe
1851 1445 1972 1472 autem
1989 1449 2073 1483 quse
2085 1447 2233 1482 proece-

1231 1494 1382 1539 debant,
1396 1505 1430 1531 et
1441 1509 1527 1543 quoe
1537 1495 1800 1544 sequebantur,
1818 1495 2033 1532 clamabant
2046 1497 2210 1530 dicentes
2224 1506 2236 1527 .-

1233 1557 1412 1591 Hosamm
1421 1557 1509 1603 filio
1530 1557 1663 1599 David,
1683 1555 1894 1591 benedictus
1908 1560 1972 1603 qui
1986 1558 2090 1590 venit
2104 1558 2142 1589 in
2163 1566 2233 1587 ηο-

1232 1620 1332 1652 mine
1348 1619 1531 1652 Βυηιῐηὶῖ.
1546 1619 1645 1665 Ergo
1659 1616 1809 1653 Christo
1827 1616 1866 1652 in
1881 1613 2182 1659 carnex‘enienti,
2195 1620 2233 1649 et

1231 1683 1435 1724 antequam
1448 1676 1607 1722 veniret,
1620 1684 1656 1712 et
1672 1684 1772 1726 post,
1788 1674 2027 1712 benedictum
2045 1681 2101 1710 est
2117 1686 2138 1709 a
2152 1681 2235 1708 tur-

1232 1734 1290 1772 bis
1311 1735 1603 1773 benedictorum
1626 1751 1633 1772 :
1655 1735 1829 1785 quamvis
1847 1742 2059 1784 praeeuntes
2082 1732 2232 1782 plenam

1233 1797 1388 1833 minime
1409 1805 1498 1832 tunc
1516 1796 1707 1832 consecuti
1723 1795 1797 1832 sint
1810 1793 2112 1832 benedictionem
2126 1820 2135 1837 ,
2158 1804 2233 1828 ser-

159 1859 345 1905 Confiteor
377 1858 445 1895 tibi
457 1887 468 1903 ,
489 1860 625 1903 Pater,
657 1862 819 1895 Domine
849 1862 936 1896 coelc'
963 1869 1001 1896 ec
1028 1869 1163 1906 terroe,
1185 1857 1212 1893 C
1232 1865 1319 1894 vata
1341 1857 1520 1893 nimirum
1538 1856 1608 1892 hac
1633 1854 1883 1905 praerogativa
1909 1852 2071 1903 tempori
2090 1850 2231 1901 gratiae.

154 1922 245 1968 quia
267 1918 496 1956 abscondisti
513 1920 594 1956 lzaec
617 1933 642 1955 a
656 1919 890 1969 sapientibus
914 1930 948 1957 et
964 1922 1165 1969 prudenti-

155 1978 245 2024 bus,
277 1988 314 2016 et
347 1982 517 2016 revelasti
544 1993 589 2016 ea
618 1982 814 2028 parvulis²
835 1989 901 2017 :et
934 1982 1163 2031 Apostolus,

154 2042 264 2087 Etsi,
290 2039 438 2090 inquit,
467 2049 636 2089 opertum
667 2049 722 2077 est
748 2043 988 2091 Evangelium
1021 2056 1165 2087 meum,

155 2106 196 2138 in
216 2102 272 2138 his
288 2111 341 2138 est
358 2110 526 2150 opertum
548 2106 612 2151 qui
626 2111 786 2151 pereunt
799 2099 825 2139 3.

213 2163 272 2200 18.
300 2162 476 2212 Denique
504 2161 690 2199 advertite
719 2162 913 2200 hominem
943 2162 1165 2200 irridentem

155 2236 241 2273 quae
261 2231 348 2261 sunt
363 2223 519 2274 spiritus
539 2223 624 2270 Dei,
640 2224 822 2274 quoniam
844 2224 1005 2261 stultitia
1032 2225 1086 2262 illi
1110 2226 1168 2262 vi-

156 2284 316 2332 dentur3
337 2293 376 2322 et
402 2285 649 2321 insultantem
680 2285 868 2335 Apostolo
900 2284 1071 2335 loquenti
1098 2286 1167 2323 Dei

155 2344 381 2395 sapientiam
399 2344 439 2381 in
460 2344 644 2394 mysterio
669 2344 954 2391 absconditam3
975 2345 1165 2382 invehen-

156 2413 233 2442 tem
253 2405 292 2441 in
310 2405 800 2455 Evangelium,Dominum
820 2404 1163 2456 blasphemantem.

156 2469 277 2515 Quam
306 2465 535 2516 prudentius
558 2466 665 2516 quod
690 2479 768 2503 non
794 2466 897 2503 valet
916 2466 1168 2517 comprehen-

157 2526 266 2573 dere,
283 2526 439 2564 credere
459 2526 701 2576 dignaretur,
722 2540 793 2564 nec
813 2527 972 2565 auderet
991 2536 1166 2565 contem-

156 2601 268 2634 nere,
300 2596 366 2624 aut
396 2588 621 2625 conculcare
651 2601 800 2626 sacrum
834 2589 1166 2639 reverendumque

1595 1966 1772 2006 CAPUT
1801 1966 1914 2006 VIII.

1235 2083 1341 2122 Quare
1372 2077 1515 2111 Christus
1548 2083 1608 2108 tam
1644 2086 1768 2117 gravem
1799 2085 1834 2105 ac
1862 2072 2052 2104 laboriosum
2081 2081 2138 2102 nos
2161 2068 2237 2100 libe-

1282 2133 1372 2164 randi
1394 2131 1522 2163 modum
1544 2130 1733 2173 susceperit,
1758 2140 1830 2160 cuni
1850 2129 1915 2160 sola
1939 2128 2004 2169 ejus
2023 2125 2165 2156 voluntas
2181 2134 2235 2154 seu

1277 2187 1376 2230 jussio
1393 2185 1562 2217 sufficeret.

1293 2287 1351 2323 19.
1372 2284 1519 2323 Deinde
1550 2283 1726 2321 laborans
1751 2281 1887 2318 docere
1918 2287 1954 2316 et
1980 2275 2230 2328 persuadere,

1235 2346 1429 2383 diabolum
1448 2345 1596 2381 nullum
1617 2341 1760 2392 sibijus
1776 2342 1814 2378 in
1831 2339 2022 2376 hominem
2042 2336 2233 2373 vindicare

1234 2407 1404 2458 potuisse
1430 2413 1494 2442 ant
1526 2403 1723 2449 debuisse,
1756 2401 1825 2438 nisi
1855 2398 2039 2449 permissu
2068 2396 2159 2440 Dei,
2197 2401 2234 2430 et

1234 2467 1338 2518 quod
1365 2467 1446 2504 sine
1467 2464 1606 2514 injuria
1632 2462 1770 2499 diaboli
1790 2460 1876 2510 jure
1899 2463 2001 2496 Deus
2028 2454 2231 2507 profugum

1234 2542 1342 2566 suum
1354 2557 1363 2574 ,
1381 2528 1411 2564 si
1424 2527 1537 2563 vellet
1552 2523 1739 2567 misereri,
1758 2528 1929 2571 repetere
1941 2547 1949 2562 ,
1964 2526 2001 2554 et
2017 2516 2098 2553 solo
2112 2513 2232 2551 verbo

1234 2589 1382 2638 eripere
1402 2594 1548 2637 posset,
1576 2584 1680 2634 quasi
1701 2582 1773 2618 hoc
1800 2580 1883 2630 quis
1904 2578 2128 2614 diffiteatur:
2147 2581 2235 2624 post

157 2647 395 2697 mysterium.
414 2651 588 2697 Longum
608 2657 665 2685 est
685 2648 733 2685 ad
755 2662 887 2686 omnes
903 2648 985 2698 ejus
1005 2649 1167 2699 ineptias
1183 2652 1220 2687 D
1237 2649 1355 2686 multa
1381 2645 1582 2696 aliquando
1608 2644 1722 2681 insert
1743 2657 1750 2679 :
1778 2658 1792 2673 «
1813 2644 1904 2688 Quae
1924 2639 2050 2687 itaque
2071 2647 2233 2672 necesm-

157 2717 196 2746 et
225 2707 458 2753 calumnias,
480 2721 574 2757 quas
603 2707 734 2745 divino
756 2709 870 2745 struit
896 2709 1080 2756 consilio,
1105 2722 1167 2745 re-

157 2767 361 2817 spondere.
380 2770 505 2804 Pauca
527 2775 652 2804 tamen
674 2767 817 2815 infero,
835 2782 856 2805 e
872 2768 1012 2818 quibus
1033 2777 1169 2805 caetera

157 2827 407 2865 aestimentur.
446 2831 575 2866 «Cum
614 2828 741 2874 solos,
762 2846 777 2862 »
810 2830 956 2879 inquit,
991 2848 1005 2862 «
1028 2830 1169 2866 electos

159 2906 174 2922 »
196 2887 418 2925 liberaverit
445 2888 617 2926 Christus
632 2917 642 2934 ,
665 2889 860 2938 quomodo
893 2903 958 2927 eos
990 2889 1166 2927 diabolus

158 2967 173 2983 2>
193 2948 432 2999 possidebat,
451 2949 532 2986 sive
551 2949 590 2986 in
611 2949 684 2986 hoc
702 2950 840 2986 saeculo
853 2979 862 2996 ,
880 2950 958 2987 sive
978 2950 1017 2987 in
1038 2950 1167 2987 futuro

158 3026 174 3043 »
194 3008 332 3058 magis,
363 3021 479 3058 quam
512 3008 684 3046 modo*?
711 3010 1035 3060 »Respondemus
1058 3015 1168 3048 :Imo

158 3070 248 3120 quia
275 3069 449 3107 diabolus
483 3071 624 3107 electos
652 3071 722 3107 Dei
754 3070 994 3121 possidebat,
1021 3085 1042 3109 a
1067 3085 1165 3121 quo,

159 3131 255 3168 sicut
287 3130 379 3167 dicit
411 3131 646 3181 Apostolus,
679 3131 820 3181 captivi
858 3130 1088 3168 tenebantur
1121 3130 1168 3167 ad

159 3190 277 3240 ipsius
293 3190 532 3227 voluntatem
545 3189 560 3216 4
583 3206 591 3228 :
611 3199 652 3228 ut
671 3191 741 3228 Dei
759 3191 1001 3241 propositum
1016 3191 1062 3228 de
1079 3191 1169 3241 ipsis

1235 2728 1250 2743 »
1271 2718 1347 2754 tas,
1369 2716 1433 2744 aut
1458 2718 1542 2756 quae
1564 2704 1678 2750 ratio,
1699 2709 1764 2738 aut
1783 2699 1885 2750 quod
1913 2710 2010 2747 opus
2036 2696 2126 2741 fuit,
2147 2707 2233 2731 cum

1236 2789 1250 2804 »
1272 2770 1350 2807 sola
1375 2767 1545 2817 jussione
1580 2777 1646 2801 sua
1664 2792 1673 2809 ,
1695 2761 1823 2798 divina
1853 2757 2042 2795 miseratio
2072 2755 2234 2793 liberare

1238 2829 1464 2866 »hominem
1494 2839 1514 2862 a
1544 2831 1698 2874 peccato
1726 2828 1874 2870 posset,
1895 2825 2053 2868 propter
2084 2814 2235 2852 redem-

1234 2910 1249 2926 »
1271 2891 1442 2941 ptionem
1470 2893 1637 2923 nostram
1657 2882 1791 2921 Filium
1811 2880 1881 2918 Dei
1901 2890 2013 2916 carne
2038 2882 2211 2924 suscepta
2224 2902 2233 2920 ,

1235 2968 1251 2985 »³
1272 2958 1328 2987 tot
1345 2957 1381 2985 et
1399 2954 1518 2984 tantas
1535 2943 1677 2980 inedias
1689 2970 1698 2987 ,
1716 2938 1925 2990 opprobria
1938 2966 1948 2984 ,
1967 2936 2111 2985 flagella
2124 2963 2134 2980 ,
2149 2946 2239 2984 spu-.

1236 3031 1251 3045 »
1275 3020 1328 3055 ta,
1367 3007 1530 3055 denique
1564 3004 1685 3054 ipsam
1719 3000 1840 3038 crucis
1874 2996 2170 3059 ignominiosam.
2193 3000 2231 3058 et

1237 3067 1517 3120 »asperrimam
1551 3071 1713 3101 mortem
1743 3061 1948 3102 sustinere,
1969 3065 2012 3093 ut
2044 3067 2128 3091 cum
2161 3065 2233 3088 1111-

1235 3149 1249 3164 »
1268 3129 1351 3179 quis
1380 3124 1592 3176 patibulum
1615 3122 1819 3159 sustineret
1832 3119 1859 3156 *.
1879 3137 1892 3151 υ
1913 3113 2200 3165 Respondemus
2221 3124 2231 3146 :-

1234 3187 1442 3229 Necessitas
1458 3193 1588 3222 nostra
1605 3183 1696 3228 fuit,
1717 3189 1754 3218 et
1773 3178 1970 3216 necessitas
1990 3175 2084 3210 dura
2099 3170 2234 3207 seden-

211 3330 221 3345 ¹
235 3328 250 3355 Ι
264 3323 344 3355 Tim.
362 3335 422 3362 111,
452 3327 506 3355 16.
528 3343 571 3348 —
590 3330 603 3346 ²
618 3325 735 3357 Matth.
759 3337 794 3356 ιι
808 3350 816 3361 ,
842 3330 895 3357 25.
912 3343 955 3348 -
976 3324 990 3348 3
1005 3328 1035 3356 II
1050 3327 1123 3357 Cor.
1140 3336 1185 3362 ur,
1209 3329 1240 3356 3.
1257 3341 1300 3345 —-
1319 3321 1332 3347 4
1349 3324 1377 3352 ΙΙ
1391 3320 1473 3351 Tim.
1499 3330 1521 3348 11
1536 3342 1542 3353 ,
1567 3322 1620 3347 26.
1641 3336 1680 3339 ω
1704 3313 1717 3336 ⁵
1740 3317 1818 3345 Gen.
1834 3322 1888 3347 ιτ,
1908 3315 1937 3341 ὓ.
1952 3327 1990 3330 -ν
2008 3305 2023 3328 5
2039 3310 2132 3338 Joau.
2154 3312 2211 3332 νηί
2227 3325 2234 3336 ι

163 3381 215 3408 56.
236 3396 268 3398 1
293 3384 304 3407 7
328 3375 442 3407 Matth.
461 3388 520 3406 xxx
535 3401 542 3414 ‚
569 3382 600 3408 9.
