2533 3920
382 206 451 244 127

1137 207 1172 241 S.
1204 206 1457 241 BERNARDI
1485 206 1685 242 ABBATIS

1417 282 1431 300 ⁶
1445 282 1524 332 jam
1543 283 1581 319 in
1607 281 1781 333 pluribus
1803 280 1886 330 ejus
1902 280 2120 318 inflexibilis
2144 281 2260 318 animi
2279 280 2451 319 obstina-

2380 203 2451 239 123

372 351 1353 364 ...................................................................
1355 352 1381 361 a
1398 343 1431 378 A
1447 343 1591 380 tionem
1612 341 1879 392 probavimus,
1898 340 2087 378 incassum
2108 340 2282 377 laborare
2303 354 2371 378 vos
2386 354 2453 377 no„

601 449 976 508 EPISTOLA
1019 447 1141 507 VI.a

583 592 628 613 AD
657 589 864 613 BRUNONEM
895 587 1174 611 COLONIENSEM.

368 699 541 731 Monachos
555 698 706 740 quosdam
718 695 840 727 abbatis
855 695 1051 727 Morimundi
1067 694 1269 737 vagabundos
1283 705 1378 738 opera

531 751 686 783 brunonis
702 750 809 782 reduci
826 749 911 791 cupit
930 749 969 780 ad
988 749 1221 780 monasterium.

366 863 533 901 Domino
554 866 726 899 Brimo-51
747 862 830 898 viro
851 860 1036 907 illustrib,
1060 869 1097 897 et
1117 861 1255 897 dilecto
1277 874 1346 898 suo
1365 889 1374 907 ,

422 924 536 960 frater
553 926 775 959 Benxmncs
790 920 906 957 abbas
925 920 1048 957 dictus
1064 920 1110 956 de
1125 920 1376 965 Clara-Valle,

422 984 580 1019 salutem
597 1011 606 1028 ,
628 990 666 1017 et
686 981 715 1017 si
737 980 828 1029 quid
847 988 973 1030 potest
990 980 1201 1029 peccatoris
1216 979 1350 1015 oratio.

425 1102 456 1137 1.
485 1104 539 1136 Ex
556 1112 633 1148 quo
654 1098 799 1135 dudum
816 1097 946 1135 Remis
964 1097 1085 1133 nostri
1105 1096 1270 1132 invicem
1286 1104 1378 1132 utri-

367 1174 442 1211 que
468 1168 613 1208 gratam
646 1158 816 1208 cepimus
849 1157 1023 1194 notitiam
1037 1185 1047 1202 ,
1078 1170 1157 1193 non
1188 1164 1284 1206 puto
1309 1169 1378 1192 vos

369 1228 507 1256 nostrae
528 1217 680 1267 penitus
707 1217 819 1253 fuisse
839 1214 1036 1265 parvitatis
1055 1213 1232 1251 oblitum.
1251 1217 1299 1251 Et
1327 1213 1377 1250 ob

368 1280 440 1316 hoc
472 1291 549 1314 non
586 1277 715 1313 timide
744 1285 923 1325 tanquam
951 1275 998 1312 ad
1029 1283 1253 1312 ext-:ancum
1268 1304 1277 1321 ‚
1310 1274 1377 1312 sed

369 1337 614 1376 fidentissime
633 1336 759 1373 scribo
780 1336 827 1373 ad
844 1348 912 1372 vos
932 1348 1183 1385 quaecumque
1199 1336 1289 1371 volo
1305 1363 1314 1380 ,
1336 1343 1378 1371 ut

370 1398 417 1435 ad
435 1406 568 1435 notum
588 1405 626 1433 et
646 1396 866 1433 familiarem
887 1403 1075 1432 nostrum.
1097 1394 1291 1432 Arnoldus
1311 1394 1379 1431 ab-

369 1456 437 1495 bas
456 1456 800 1502 Mmimundensis,
829 1455 868 1492 in
897 1468 1011 1505 grave
1037 1455 1152 1492 totius
1170 1455 1289 1492 nostri
1307 1457 1379 1493 Or—

371 1518 469 1555 dinis
492 1517 710 1554 scandalum
727 1544 737 1562 ,
759 1529 869 1553 suum
890 1528 1013 1565 nuper
1029 1515 1302 1552 monasterium
1320 1529 1380 1552 sa—

372 1579 417 1616 tis
435 1576 651 1615 inordinate
671 1576 839 1614 deseruit
859 1591 866 1613 :
889 1577 1032 1626 quippe
1052 1576 1117 1625 qui
1133 1589 1202 1613 nec
1218 1575 1380 1612 coabba-

372 1646 450 1675 tum
468 1651 625 1675 suorum
642 1637 681 1673 in
696 1645 770 1673 tam
793 1636 1018 1686 scrupuloso
1035 1635 1131 1671 facto
1146 1635 1380 1685 exspectavit

370 1697 590 1744 consilium3
612 1709 682 1733 nec
710 1696 848 1745 ipsius,
881 1696 941 1732 cui
963 1695 1193 1745 praecipuam
1216 1694 1380 1731 debebat

372 1756 670 1806 subjectionem,
693 1755 840 1792 abbatis
872 1755 1014 1793 scilicet
1034 1754 1313 1800 Cisterciensis,
1333 1755 1380 1791 li-

370 1817 532 1853 centiam
554 1816 613 1852 vel
627 1828 821 1852 assensum
841 1830 848 1852 ε
871 1814 936 1852 sed
956 1828 1042 1851 cum
1059 1822 1158 1851 esset
1173 1814 1290 1850 homo
1306 1812 1376 1850 sub
1396 1819 1423 1855 C

368 1884 577 1926 potestate,
614 1875 758 1912 habens
783 1884 822 1912 et
848 1876 928 1926 ipse
957 1874 1028 1912 sub
1054 1887 1093 1912 se
1113 1874 1274 1920 milites,
1305 1887 1380 1924 po-

371 1936 514 1973 testatis
541 1936 743 1986 impatiens
778 1935 1009 1985 superioris,
1032 1935 1198 1971 alienum
1223 1934 1378 1984 quidem

365 1995 503 2045 jugum
541 2009 562 2031 a
599 1995 758 2045 propria
801 1995 951 2037 cervice,⁴
988 1993 1176 2044 superbus
1215 1992 1377 2042 abjecit,

371 2067 482 2091 suum
520 2062 645 2091 autem
674 2052 877 2104 superbior
910 2053 950 2090 in
986 2052 1178 2102 subjectos
1207 2052 1374 2089 retinuit.

370 2114 564 2163 Siquidem
586 2114 632 2150 de
654 2127 789 2163 magna
807 2112 1052 2150 multitudine
1073 2111 1351 2148 monachorum
1364 2139 1375 2156 ‚

368 2186 465 2223 quos
485 2173 672 2210 circuiens
692 2186 795 2209 mare
815 2182 853 2210 et
869 2171 1013 2209 aridam
1033 2171 1198 2208 inaniter
1214 2183 1378 2221 congre-

369 2242 497 2283 garat,
519 2247 598 2271 non
619 2234 769 2271 Christo
784 2263 794 2280 ,
811 2233 876 2270 sed
893 2232 984 2279 sibi3
1004 2232 1136 2282 paucis
1149 2230 1355 2268 admodum
1367 2259 1377 2277 ‚

369 2294 504 2343 hisque
530 2293 827 2344 simplicioribus
856 2307 898 2330 ac
930 2291 1211 2330 remissioribus
1240 2291 1381 2328 relictis

370 2353 568 2400 desolatis,
599 2354 776 2392 meliores
798 2367 971 2404 quosque
1000 2361 1037 2390 et
1058 2351 1306 2403 perfectiores
1324 2351 1383 2388 sui

369 2413 491 2450 socios
511 2413 652 2450 erroris
672 2414 887 2463 assumpsit.
908 2417 1011 2451 Inter
1036 2425 1132 2461 quos
1148 2440 1158 2457 ,
1182 2419 1257 2448 tres
1279 2423 1381 2460 quo-

371 2485 456 2509 rum
481 2485 552 2509 nos
574 2473 736 2509 maxime
757 2473 948 2510 ablatione
981 2471 1170 2517 turbavit,
1193 2483 1306 2507 ausus
1326 2478 1383 2506 est

371 2532 484 2569 etiam
505 2533 688 2570 seducere
700 2562 710 2580 ,
727 2541 765 2570 et
777 2546 905 2570 secum
920 2532 1059 2569 ducere
1077 2530 1226 2577 statuit3
1243 2533 1382 2566 Evrar-

373 2591 464 2628 dum
499 2592 675 2629 videlicet
726 2593 880 2630 fratrem
925 2599 1098 2628 nostrum
1116 2597 1151 2636 ⁰,
1190 2597 1228 2625 et
1258 2588 1381 2625 Adam

373 2663 487 2699 quern
519 2650 617 2688 bene
650 2653 791 2699 nostis,
823 2650 1068 2699 nobilemque
1088 2649 1195 2685 illum
1216 2661 1380 2697 puerum

1442 2647 1604 2697 jungere
1636 2663 1643 2685 ε

1445 403 1583 440 lumus.
1606 401 1832 439 Audivimus
1857 408 1983 437 autem
2009 401 2223 438 Evrardum
2248 409 2286 438 et
2309 401 2450 447 Adam,

1443 471 1480 499 et
1498 461 1703 498 nonnullos
1725 460 1895 509 ejusdem
1919 460 2101 497 consortii
2121 460 2216 498 alios
2234 461 2391 508 fratres,
2410 460 2451 497 in

1444 522 1578 559 vestris
1594 522 1716 558 adhuc
1731 520 1902 572 partibus
1915 520 2119 557 demorari.
2138 521 2252 569 Quod
2270 521 2300 557 si
2316 534 2452 558 verum

1445 590 1521 628 est,
1543 590 1697 631 oportet
1718 595 1785 618 vos
1806 594 1871 618 eos
1896 594 1964 630 per
1983 594 2052 617 vos
2072 581 2247 628 interim,
2264 580 2296 617 si
2316 580 2453 630 digna—

1446 640 1571 686 mini,
1601 641 1832 687 convenire,
1867 640 2020 677 flectere
2055 639 2232 690 precibus
2254 669 2264 687 ,
2304 640 2453 677 ratione

1445 700 1674 737 convincere
1688 729 1698 746 ,
1726 708 1763 737 et
1785 699 2043 737 columbinam
2070 713 2205 737 eorum
2227 700 2452 750 simplicita-

1445 768 1519 797 tem
1540 760 1744 810 prudentia
1767 761 1954 797 instruere
1975 761 2221 811 serpentina;
2248 774 2296 798 ne
2315 768 2454 811 putent

1444 820 1700 857 obedientiam
1738 820 1975 857 inobedienti
2011 821 2204 858 adhaerere
2223 850 2233 868 ‚
2264 834 2313 858 ne
2350 820 2452 857 licite

1444 881 1551 929 sequi
1580 894 1618 917 se
1643 894 1754 930 posse
1780 881 1975 918 confidant
1998 890 2197 931 vagantem
2225 881 2355 918 illicite
2373 908 2384 926 ,
2403 893 2453 916 ne

1445 940 1677 976 seducantur
1687 940 1860 977 deserere
1872 941 2086 990 professum
2095 941 2279 979 Ordinem
2292 948 2454 991 propter

1446 999 1707 1036 inordinatum
1751 1000 1947 1037 hominem
1969 1015 1978 1046 3
2013 1013 2100 1037 cum
2134 1001 2261 1051 ipsum
2296 1013 2453 1051 quoque

1352 1095 1359 1102 ,
1397 1058 1425 1091 Β
1446 1058 1622 1107 angelum
1648 1058 1695 1094 de
1721 1059 1817 1094 coelo
1833 1086 1843 1104 ,
1867 1059 1897 1095 si
1920 1058 2022 1096 aliud
2043 1059 2096 1096 eis
2117 1059 2452 1109 evangelizaverit,

1444 1116 1621 1153 dubitare
1652 1130 1730 1153 non
1769 1125 1946 1167 oporteat
1983 1118 2193 1167 apostolica
2228 1118 2453 1155 auctoritate

1444 1177 1643 1214 anathema
1661 1176 1787 1214 dicere
1800 1184 1810 1198 ¹
1822 1175 1840 1200 ‘¹
1858 1192 1866 1214 ε
1885 1185 1923 1214 et
1938 1176 1985 1214 ab
2002 1177 2087 1228 ipso
2112 1178 2325 1215 doceantur
2351 1181 2455 1229 Apo-

1444 1236 1566 1282 stolo‚
1596 1249 1635 1273 se
1666 1235 1713 1273 ab
1744 1236 1849 1273 omni
1884 1237 2000 1274 fratre
2032 1237 2202 1287 inquiete
2233 1236 2453 1275 ambulante

1445 1295 1585 1332 debere
1613 1295 1876 1333 subtrahere2.
1904 1297 1978 1344 Qui
2009 1310 2079 1333 vos
2106 1310 2262 1347 quoque
2293 1297 2451 1343 doceat,

1445 1369 1523 1392 non
1555 1355 1720 1406 superbe
1753 1369 1908 1406 sapere,
1937 1370 2008 1393 nec
2039 1370 2194 1408 sperare
2229 1358 2271 1394 in
2304 1357 2453 1395 incerto

1445 1415 1665 1452 divitiarum
1678 1414 1705 1462 3,
1733 1415 1855 1453 donec
1886 1416 2065 1454 omnibus
2095 1416 2452 1465 abrenuntiantem,

1444 1476 1650 1525 probatum
1686 1474 1757 1512 sibi
1797 1476 1968 1514 Christus
2001 1476 2172 1515 vindicet
2208 1477 2451 1528 discipulum.

1445 1537 1587 1575 Valete.

1444 1652 2454 1664 ιιιιιιιιιιιιιιιιιιιιιιιιιιιιιιιιιιιιιιιιιιιιιιιιιιιιιιιιιιι

1667 1743 2046 1803 EPISTOLA
2089 1742 2239 1802 VII.e

1723 1879 1768 1900 AD
1797 1878 1895 1902 ADAM
1924 1861 2169 1901 nomenoius.

1445 1971 1603 2003 Adamum
1629 1978 1664 2003 ut
1688 1971 1729 2002 ad
1753 1971 1976 2003 monasterium
2006 1971 2057 2002 vel
2080 1980 2165 2001 nunc
2190 1969 2318 2002 tandem
2341 1969 2457 2001 abbate

1491 2030 1615 2055 mortuo
1627 2023 1737 2055 redeat
1749 2047 1756 2061 ,
1768 2023 1912 2055 hortatur
1925 2034 1933 2055 :
1949 2021 2085 2054 ostendit
2094 2045 2102 2060 ‚
2117 2021 2150 2052 in
2162 2021 2217 2054 tali
2229 2031 2322 2053 causa
2335 2021 2456 2052 nullum

1490 2077 1585 2110 fuisse
1611 2078 1798 2109 obedientiae
1825 2078 1997 2109 vinculum.
2025 2079 2162 2107 nemum
2189 2075 2378 2119 respondet,
2402 2085 2457 2106 cur

1493 2132 1625 2164 aliorum
1648 2130 1802 2163 Ordinum
1825 2130 1986 2174 religiosos
2004 2129 2145 2172 recipiat.

1502 2231 1534 2268 1.
1557 2231 1595 2268 Si
1615 2243 1789 2267 maneres
1812 2229 1852 2267 in
1881 2228 2065 2267 charitate
2079 2257 2089 2276 ,
2109 2240 2226 2277 quam
2244 2227 2285 2264 in
2305 2234 2342 2264 te
2363 2225 2455 2263 olim

1447 2298 1512 2328 aut
1537 2290 1716 2328 novimus
1745 2298 1811 2327 aut
1838 2289 2081 2340 putavimUS,
2109 2286 2303 2325 charitatis
2325 2286 2456 2336 profe-

1448 2359 1510 2388 cto
1531 2351 1668 2387 damna
1688 2351 1847 2387 sentires
1863 2377 1872 2395 ‚
1898 2362 1983 2398 quae
2004 2348 2138 2397 utique
2167 2354 2257 2384 sunt
2279 2345 2457 2384 scandala

1448 2410 1690 2461 pusillorum.
1717 2413 1794 2446 Nec
1827 2409 1931 2445 enim
1957 2407 2119 2445 charitas
2144 2406 2365 2444 charitatem
2394 2405 2456 2442 of-

1449 2469 1622 2506 fenderet
1642 2478 1708 2506 aut
1731 2476 2014 2514 contemneret,
2035 2480 2121 2504 cum
2144 2466 2302 2504 sentiret
2329 2465 2457 2502 offen·-

1448 2543 1540 2566 sam.
1553 2533 1647 2567 Nam
1665 2542 1704 2566 se
1719 2529 1840 2579 ipsam
1860 2542 1938 2566 non
1960 2535 2088 2578 potest
2103 2539 2256 2576 negare,
2268 2538 2340 2563 nec
2353 2525 2456 2562 enim

1447 2589 1487 2625 in
1509 2602 1548 2626 se
1571 2589 1690 2625 divisa
1712 2597 1779 2625 est.
1803 2588 1918 2626 Novit
1938 2587 2066 2638 potius
2088 2586 2127 2622 in
2155 2598 2194 2622 se
2218 2585 2339 2622 divisa
2361 2597 2456 2621 con-

1673 2647 1878 2697 conjuncta
1909 2646 2080 2684 dividere
2107 2645 2239 2682 nescit.
2267 2643 2455 2689 Proinde,

374 2710 593 2747 Conradum
607 2739 617 2756 ‚
642 2724 755 2760 quem
774 2720 810 2748 et
830 2710 980 2761 pridem
1000 2722 1078 2746 non
1096 2708 1176 2745 sine
1204 2707 1381 2744 scandalo
1398 2705 1431 2738 D
1449 2716 1491 2745 ut
1507 2708 1584 2744 dixi
1599 2737 1608 2754 ,
1625 2708 1656 2745 si
1673 2717 1844 2745 maneret
1859 2708 1899 2744 in
1917 2716 1952 2744 te
1964 2736 1974 2754 ,
1991 2720 2069 2743 non
2088 2706 2236 2751 sileret,
2255 2717 2334 2742 non
2355 2704 2460 2754 quie—

375 2769 512 2805 tulerat
533 2769 580 2805 de
601 2771 770 2807 Colonia.
789 2774 893 2819 Quos
910 2778 1034 2806 tamen
1047 2797 1057 2815 ,
1077 2768 1106 2804 si
1121 2780 1277 2817 operam
1293 2767 1383 2804 dare

376 2829 593 2875 volueritis,
615 2838 740 2866 vestra
758 2829 985 2866 confidimus
1004 2840 1116 2878 posse
1135 2827 1306 2863 revocari
1329 2826 1382 2862 in-

376 2887 530 2925 dustria.

429 2948 463 2984 2.
488 2951 582 2984 Nam
609 2948 656 2985 dc
682 2949 800 2998 ipsius
824 2947 981 2985 Arnoldi
1007 2946 1273 2991 revocatione,
1297 2946 1385 2995 quia

1451 2776 1596 2809 sceret,
1624 2780 1701 2803 non
1723 2767 2002 2812 dissimularet,
2025 2778 2179 2816 gemens
2206 2773 2244 2802 et
2269 2772 2458 2809 aestuans,

1451 2835 1488 2862 et
1507 2826 1605 2863 intra
1626 2827 1731 2877 pium
1761 2835 1893 2876 peetus
1926 2835 2033 2863 tuum
2064 2825 2199 2876 procul
2229 2823 2348 2861 dubio
2369 2822 2461 2861 sub-

1453 2899 1694 2923 murmurans
1728 2886 1821 2923 illud
1853 2902 1860 2923 :
1894 2889 1986 2934 Quis
2013 2887 2306 2929 scandalizatur,
2335 2893 2371 2920 et
2395 2896 2462 2932 ego

1453 2961 1526 2982 uon
1548 2949 1681 2984 mori?
1700 2947 1895 2997 Siquidem
1914 2947 2076 2996 benigna
2092 2954 2311 2995 est,pacem
2327 2943 2463 2993 diligit,

431 3084 440 3100 ²
456 3081 559 3112 Galat.
576 3092 587 3111 1
599 3104 607 3119 ,
623 3084 653 3113 8.
672 3101 715 3105 —
735 3085 793 3113 211
806 3081 915 3113 Thess.
932 3092 972 3111 111
985 3104 993 3117 ,
1008 3085 1039 3111 ὓ.
1055 3097 1097 3101 —
1112 3077 1125 3099 3
1139 3082 1152 3109 1
1167 3079 1250 3110 Tim.
1262 3088 1317 3116 vx,
1343 3080 1394 3109 17.
1411 3098 1453 3102 -—
1469 3080 1525 3112 411
1541 3083 1612 3113 Cor.
1634 3093 1658 3111 11
1674 3106 1681 3119 ,
1700 3085 1754 3113 29.

423 3141 437 3155 ⁸
456 3139 576 3181 Scripta
597 3151 680 3171 anno
699 3140 813 3173 Christi
832 3144 840 3172 Ι
856 3143 929 3171 125.
947 3157 992 3163 *-
1005 3132 1020 3155 ι’
1034 3143 1063 3170 Is
1080 3144 1187 3180 postea
1204 3137 1397 3170 Coloniensis
1418 3138 1686 3183 archiepiscopus,
1704 3141 1743 3172 ad
1760 3150 1852 3182 quem
1869 3138 2008 3182 epistolae
2023 3141 2056 3176 8,
2076 3140 2158 3169 9.—-
2169 3142 2183 3158 θ
2199 3137 2299 3174 Alias,
2315 3142 2464 3166 vestr-um.

424 3191 439 3211 ‘¹
457 3195 502 3222 lta
519 3193 549 3223 in
563 3194 684 3236 scriptis
699 3194 858 3230 omnibus,
874 3200 901 3224 cl
916 3199 997 3224 reclc
1012 3192 1051 3223 ad
1063 3202 1186 3223 sensum
1200 3191 1362 3234 Apostoli,
1381 3194 1480 3237 ipsum
1505 3192 1650 3235 angelum
1666 3193 1768 3224 dicere
1784 3191 1970 3227 anathema,
1993 3190 2026 3222 id
2040 3196 2086 3222 est
2102 3189 2314 3232 reprobatum.

423 3249 436 3264 ‘
450 3245 571 3287 Scripta
594 3258 675 3277 aimo
697 3247 810 3278 (Ilii-isti
844 3252 939 3277 1126.

425 3290 436 3312 f
455 3300 490 3327 ln
505 3299 610 3329 codice
626 3301 709 3341 regio
723 3299 912 3336 inscribitur,
926 3302 972 3329 De
987 3296 1182 3329 Discrclionae’
1207 3294 1404 3326 obedientia
1424 3296 1498 3324 llaec
1511 3293 1640 3335 Pplslola
1660 3293 1774 3335 §effipia
1793 3291 1850 3323 fuit
1864 3297 1932 3334 pos(
1946 3296 2079 3323 moriem
2093 3288 2226 3322 AHIOldi
2243 3287 2366 3320 abbatis
2378 3310 2385 3322 .
2397 3296 2467 3329 (111ae

373 3350 406 3380 in
424 3350 529 3392 Belgio
542 3352 669 3394 conligit
684 3363 765 3384 aimo
785 3355 794 3383 1
809 3355 883 3383 120.
