2517 3920
354 171 449 206 1155
1112 168 1147 203 S.
1178 167 1430 202 BERNARDI
1460 164 1662 201 ABBATIS
2329 166 2428 203 115ss

348 249 415 287 tibi
433 247 526 298 ipsi,
547 247 577 283 si
598 245 749 283 laboras
771 245 808 281 in
828 244 970 294 gemitu
997 243 1231 294 poenitentiae
1251 241 1489 293 (pri-⁴⁹⁰qua
1503 239 1786 278 dissimulamus
1802 238 1955 275 interim
1972 239 2072 276 illius
2091 241 2192 276 oculi
2210 241 2425 280 mundatio-

346 320 430 344 mus
444 307 504 343 hic
519 305 657 356 gradus
674 303 940 341 misericordiae
955 302 1039 352 est),
1053 301 1351 339 misericordiam
1373 303 1400 336 Α
1420 314 1521 338 116111.
1536 304 1588 337 Ut
1603 299 1704 335 enim
1723 311 1934 348 corporeus
1948 298 2059 336 nobis
2073 300 2175 337 visus
2192 309 2257 337 aut
2270 301 2431 340 humore

345 368 477 417 utique
507 365 762 415 consequeris.
791 363 903 413 Quod
936 363 965 400 si
998 363 1094 399 forte
1128 374 1286 412 magnus
1314 369 1351 397 et

346 429 487 464 multus
508 434 687 477 peccator
705 438 764 471 es,
786 433 823 461 et
845 437 1018 474 magnam
1043 423 1181 472 quaeris
1206 420 1351 457 miseri-

346 488 536 532 cordiam,
567 500 609 522 ac
648 484 928 521 multitudinem
964 482 1273 524 miserationum3
1311 487 1351 515 tu

345 560 499 597 quoque.
516 545 814 583 miscricordiam
831 552 931 579 tuam
949 542 1188 591 magnificare
1202 548 1239 576 et
1253 539 1350 575 mul-

346 608 516 657 tiplicare
543 606 695 651 labora,
728 604 992 642 reconciliatus
1019 610 1100 637 esto
1137 600 1203 636 tibi
1232 599 1305 649 ipsi
1339 613 1347 635 ε

344 680 431 703 113111
456 675 493 703 et
513 665 579 702 tibi
597 664 720 714 gravis
741 664 858 700 factus
873 674 974 706 eras,
998 660 1101 710 quod
1122 659 1268 710 positus
1289 671 1350 695 es-

343 741 401 764 ses
422 727 634 764 contrarius
647 729 741 762 Deo.
759 728 814 761 Ex
837 723 910 759 1106
937 734 1026 758 53116
1050 722 1087 756 in
1114 720 1230 756 domo
1254 732 1348 769 pro-

343 789 427 838 pria
447 788 650 824 reformata
670 798 783 835 pace,
801 782 972 820 eamdem
995 794 1147 818 11666556
1168 788 1222 816 est
1244 780 1351 829 prius

346 862 431 898 erga
460 847 658 898 proximos
677 844 845 888 dilatari,
865 851 907 879 ut
932 841 1136 878 novissime
1157 840 1352 877 osculetur

345 916 380 944 te
411 916 448 944 et
475 908 554 957 ipse
585 905 715 942 osculo
739 903 816 939 oris
849 902 926 947 sui,
947 909 1003 947 et,
1023 900 1349 950 quemadmodum

343 968 525 1016 scriptum
558 973 634 1011 est,
670 963 934 1000 reconciliatus
967 974 1100 1011 11366111
1128 960 1268 998 habeas
1302 960 1350 998 ad

1417 360 1608 405 interiori,
1634 367 1700 395 aut
1719 358 1924 395 exterioris
1946 357 2152 407 injectione
2172 361 2342 410 pulveris
2360 362 2434 400 im*

1418 420 1574 470 peditur
1606 434 1613 455 :
1646 419 1699 456 516
1730 427 1767 455 et
1799 419 1960 455 intuitus
1991 419 2199 469 spiritualis
2238 421 2431 461 interdum

1419 479 1571 529 quidem
1591 479 1760 529 propriae
1783 479 1908 516 carnis
1927 479 2133 526 illecebris,
2151 480 2345 518 interdum
2362 495 2430 519 611-

1417 540 1587 576 riositate
1609 539 1782 577 saeeulari
1811 548 1848 576 et
1869 539 2078 576 ambitione
2105 539 2294 577 turbatur.
2318 543 2430 590 Quod

1416 600 1571 650 quidem
1611 613 1689 636 non
1726 600 1852 636 minus
1886 613 1957 637 nos
1987 600 2230 653 experientia⁴
2253 602 2432 652 propria,

1415 673 1529 710 quam
1546 659 1675 696 divina
1689 660 1828 710 pagina
1844 660 1956 697 docet
1966 689 1976 706 ‚
1993 659 2059 697 ubi
2073 661 2212 711 legitur
2226 661 2407 712 scriptum
2421 676 2432 698 :

1421 722 1561 769 Corpus
1575 724 1678 770 quod
1690 725 1938 770 corrumpitur
1948 749 1960 765 ,
1982 731 2164 771 aggravat
2183 726 2351 758 animam
2360 752 2372 768 ,
2397 732 2433 760 et

1417 782 1597 829 deprimit
1618 789 1766 817 terrena
1786 780 2009 817 inhabitatio
2024 795 2171 817 sensum
2195 784 2311 818 multa
2330 786 2430 831 cogi-

1417 851 1557 878 tantem
1575 840 1603 878 8.
1624 845 1669 878 111
1689 850 1854 891 utroque
1869 850 1994 878 tamen
2013 843 2135 879 solum
2152 842 2258 892 quod
2276 841 2430 880 hebetat

1416 910 1453 939 et
1473 901 1674 938 confundit
1694 900 1894 948 obtutum,
1911 910 2108 952 peccatum
2129 911 2186 939 est
2206 917 2215 939 ε
2237 915 2308 939 1166
2328 902 2429 939 aliud

1416 963 1518 999 inter
1537 963 1691 999 oculum
1710 971 1747 999 et
1762 962 1885 999 lucem
1897 992 1906 1009 ,
1922 963 2023 999 inter
2038 967 2162 1000 Deum
2178 971 2216 1000 et
2233 963 2429 1001 hominem

341 1032 463 1064 Deum
487 1034 511 1062 ¹.
531 1025 686 1062 Dimitte
712 1024 769 1059 his
789 1023 854 1072 qui
883 1023 920 1058 in
949 1031 984 1058 te
1014 1030 1271 1071 peccaverunt
1285 1051 1294 1068 ,
1312 1030 1350 1058 et
1367 1028 1394 1062 Β
1416 1036 1592 1073 separare
1606 1023 1771 1060 videtur.
1790 1022 1981 1071 Quamdiu
2001 1023 2158 1060 enimin
2174 1023 2248 1060 hoc
2266 1036 2429 1074 corpore

343 1087 553 1123 dimittetur
575 1083 641 1120 tibi
661 1082 764 1132 quod
786 1083 866 1132 ipse
890 1081 1075 1131 peccasti,
1104 1081 1195 1117 dum
1218 1095 1350 1118 secura

342 1145 572 1182 conscientia
592 1143 760 1180 oraveris
775 1146 924 1179 Patrem
937 1171 945 1187 ,
961 1150 998 1177 et
1012 1140 1155 1177 dixeris
1172 1156 1179 1178 :
1196 1144 1351 1177 Dimitte

339 1206 445 1242 nobis
471 1205 597 1241 debita
618 1213 757 1248 nostra,
774 1207 869 1238 sicat
888 1212 924 1238 et
957 1216 1024 1237 nos
1043 1204 1267 1238 dimittimus
1284 1204 1351 1238 (le-

346 1265 522 1302 bitoribus
542 1265 674 1299 ilustris
688 1269 714 1298 ².
734 1263 771 1300 Si
794 1263 894 1298 forte
916 1261 1134 1311 quempiam
1153 1261 1352 1298 defrauda-

342 1326 464 1371 veris,
488 1324 604 1361 redde
634 1323 694 1360 vel
725 1323 903 1373 simplum
934 1337 941 1359 ε
973 1321 1076 1372 (1110(1
1109 1330 1281 1371 superest
1306 1322 1352 1358 da

340 1384 574 1435 pauperibus
588 1413 596 1429 ,
618 1391 655 1419 et
675 1382 972 1419 misericordiam
997 1390 1180 1432 praestans
1202 1382 1352 1418 miseri-

341 1445 508 1481 cordiam
525 1444 779 1493 consequeris.
798 1445 833 1481 Si
852 1443 993 1480 fuerint
1005 1452 1161 1493 peccata
1178 1451 1240 1479 tua
1256 1443 1353 1479 sicut

341 1505 557 1550 coccinum,
579 1505 686 1553 quasi
715 1504 779 1540 nix
811 1503 1092 1540 dealbabuntur
1114 1518 1121 1539 :
1145 1511 1182 1540 et
1211 1504 1241 1539 si
1270 1504 1352 1539 fue-

340 1566 417 1601 rint
446 1565 560 1601 rubra
591 1565 697 1614 quasi
729 1565 978 1611 vermiculus,
1014 1565 1119 1600 velut
1149 1565 1235 1601 lana
1267 1564 1351 1601 alba

339 1634 452 1662 erunt
469 1624 494 1662 ³.
513 1629 564 1663 Ut
582 1638 661 1661 non
680 1625 926 1661 confundaris
944 1637 1058 1674 super
1078 1624 1223 1660 cunctis
1240 1624 1351 1660 adin—

341 1685 585 1722 ventionibus
625 1685 696 1722 tuis
736 1684 874 1734 quibus
917 1684 1189 1734 praevaricatus
1223 1697 1280 1729 es,
1311 1684 1350 1719 in

340 1745 479 1795 quibus
496 1759 598 1782 1111116
615 1745 805 1782 erubescis
818 1760 826 1791 3
841 1746 896 1781 fac
912 1746 1208 1794 eleemosynam,
1227 1745 1255 1781 si
1272 1758 1350 1780 non

1418 1096 1566 1130 sumus,
1589 1083 1882 1134 peregrinamur
1913 1097 1934 1120 a
1966 1084 2146 1121 Domino.
2180 1087 2266 1121 Non
2296 1084 2429 1133 utique

1418 1144 1591 1194 corporis
1623 1153 1679 1181 est
1709 1144 1843 1194 culpa,
1873 1143 1989 1194 hujus
2018 1144 2178 1190 scilicet,
2199 1143 2304 1194 quod
2333 1143 2430 1193 geri-

1418 1218 1502 1241 mus
1524 1217 1664 1254 corpus
1687 1204 1821 1241 mortis
1846 1219 1853 1241 :
1873 1204 1991 1254 magis
2009 1212 2134 1241 autem
2164 1203 2267 1254 quod
2293 1216 2431 1253 corpus

1419 1265 1564 1315 peccati
1593 1264 1641 1301 sit
1670 1278 1782 1309 caro,
1806 1265 1844 1301 in
1866 1278 1943 1314 qua
1967 1264 2114 1301 bonum
2145 1277 2224 1301 non
2254 1271 2335 1310 est,
2365 1262 2430 1300 sed

1419 1324 1547 1374 potius
1576 1325 1646 1361 lex.
1664 1325 1821 1374 peccati.
1849 1324 2046 1362 Interdum
2076 1332 2203 1361 tamen
2223 1335 2433 1373 corporeus

1419 1386 1574 1431 oculus,
1597 1398 1675 1421 non
1709 1385 1834 1422 adhue
1867 1386 2009 1422 festuca
2039 1393 2234 1429 manente,
2263 1383 2328 1421 sed
2351 1382 2429 1433 jam

1418 1444 1567 1481 sublata
1594 1446 1653 1481 vel
1686 1445 1909 1492 exsufflata,
1937 1444 2156 1495 aliquandiu
2187 1443 2347 1493 caligare
2371 1445 2432 1480 'vi-

1419 1504 1531 1540 detur
1551 1519 1558 1541 z
1580 1505 1685 1554 quod
1703 1505 1857 1554 quidem
1876 1513 1913 1541 et
1928 1505 2054 1554 ipsum
2071 1505 2109 1541 in
2125 1503 2298 1541 interiori
2319 1503 2431 1540 oculo

1418 1565 1483 1614 qui
1500 1565 1537 1601 in
1558 1565 1694 1614 spiritu
1711 1564 1902 1611 ambulat,
1920 1565 2058 1615 saepius
2074 1564 2282 1615 experitur.
2298 1567 2430 1613 Neque

1418 1626 1518 1661 enim
1547 1624 1613 1661 ubi
1643 1626 1786 1662 ferrum
1824 1625 2053 1672 extraxeris,
2081 1625 2266 1661 continuo
2291 1624 2431 1659 vulnus

1419 1685 1612 1722 redditum
1632 1694 1688 1722 cst
1708 1686 1857 1722 sanitati
1875 1701 1883 1722 ι
1903 1685 1967 1722 sed
1985 1693 2075 1722 tunc
2091 1685 2258 1735 primum
2278 1696 2432 1721 neccsse

1418 1754 1473 1782 est
1507 1745 1692 1782 adhibere
1725 1746 1914 1790 fomenta,
1937 1754 1974 1781 et
2012 1758 2166 1795 operam
2195 1744 2286 1781 dare
2317 1757 2430 1780 cura-

340 1815 449 1856 potes
465 1806 511 1842 de
529 1815 679 1842 terrena
696 1805 928 1851 substantia,
946 1806 992 1841 de
1008 1806 1205 1842 voluntate
1222 1804 1323 1841 bona
1341 1820 1348 1841 :
1369 1813 1394 1848 C
1420 1805 1526 1842 tioni.
1542 1809 1662 1842 *Nemo
1686 1819 1775 1855 ergo
1799 1805 1986 1841 sentinam
2008 1804 2161 1854 ejiciens
2174 1834 2183 1851 ,
2202 1803 2427 1841 mundatum

340 1875 377 1902 et
406 1866 534 1903 omnia
566 1866 709 1902 munda
737 1874 868 1912 erunt,
893 1879 969 1902 non
992 1865 1108 1902 modo
1137 1865 1349 1901 illuminata

341 1926 458 1971 ratio,
489 1934 526 1962 et
558 1934 729 1962 correcta
757 1926 957 1971 voluntas,
990 1925 1055 1962 sed
1088 1925 1168 1975 ipsa
1195 1938 1349 1975 quoque

341 1986 526 2022 memoria
547 1985 689 2022 munda
704 1986 776 2022 erit
797 2002 804 2022 :
829 1994 870 2022 ut
887 1999 932 2021 ex
950 1986 1021 2022 1106
1035 1985 1114 2035 jam
1135 1985 1281 2021 voceris
1302 1985 1348 2020 ad

342 2046 572 2092 Dominum,
609 2055 646 2082 et
685 2046 816 2083 audias
850 2059 983 2081 vocem
1022 2045 1201 2091 dicentis,
1238 2048 1351 2080 Beati

343 2107 480 2141 mundo
502 2108 612 2141 corde
632 2106 659 2142 ⁴.

673 2216 851 2255 CAPUT
881 2216 1016 2255 XVII.

342 2341 457 2373 Oculos
470 2339 571 2371 cordis
583 2341 732 2372 continuo
745 2341 954 2381 mundandos,
973 2348 1008 2373 ut
1023 2346 1109 2374 Deus
1126 2343 1222 2374 videri
1237 2343 1344 2386 possit.

396 2455 458 2492 30.
479 2458 592 2491 Beati
618 2458 755 2491 mundo
785 2458 909 2500 corde,
932 2458 1112 2505 quoniam
1139 2461 1211 2505 ipsi
1232 2460 1348 2493 Deum

343 2513 557 2551 videbunt&
573 2518 709 2564 Magna
728 2515 948 2565 promissio,
973 2517 1107 2554 fratres
1124 2518 1195 2553 mei
1211 2547 1221 2564 ,
1243 2526 1281 2554 et
1295 2526 1352 2554 to—

344 2574 390 2610 tis
411 2573 606 2611 desideriis
628 2575 852 2612 affectanda.
877 2579 969 2613 Haec
994 2577 1095 2613 enim
1113 2578 1233 2626 visio,
1256 2591 1350 2615 con-

343 2633 506 2669 firmatio
527 2641 603 2681 est,
625 2634 721 2671 sicut
743 2638 909 2671 Joannes
929 2636 1124 2686 apostolus
1148 2638 1222 2674 ait:
1241 2639 1351 2674 Nunc

331 2692 412 2737 filii
434 2694 505 2728 Dei
525 2706 664 2739 sumus,
679 2696 748 2730 sed
770 2697 932 2731 nondum
954 2701 1135 2744 apparuit
1154 2701 1248 2745 quid
1272 2703 1350 2734 eri-

344 2764 438 2786 mus.
459 2753 602 2788 Scimus
619 2758 711 2802 quia
730 2768 810 2790 cum
827 2761 1062 2804 apparuerit,
1077 2760 1218 2793 similes
1231 2763 1267 2793 ei
1281 2762 1349 2794 eri-

345 2824 438 2854 mus,
460 2816 550 2859 quia
565 2812 778 2850 videbimus
800 2828 883 2850 eam
904 2820 1014 2851 sicuti
1031 2825 1085 2852 est
1098 2815 1126 2853 ⁶.
1147 2821 1238 2854 Haec
1251 2818 1346 2855 visio

345 2869 423 2906 vita
442 2878 583 2907 aeterna
598 2880 654 2908 est
666 2901 675 2919 ,
693 2873 790 2910 sicut
808 2874 891 2924 ipsa
910 2875 950 2912 in
972 2877 1180 2927 Evangelio
1200 2878 1348 2915 Veritas

345 2929 396 2964 ait
417 2943 425 2965 :
447 2931 539 2965 Hoec
569 2940 622 2966 est
646 2937 726 2968 vila
749 2944 890 2970 oeterlm
902 2964 914 2981 ,
937 2944 978 2971 ut
997 2947 1221 2986 cognoscant
1240 2947 1274 2974 te
1293 2952 1350 2974 so-

346 2991 418 3024 lum
440 3002 567 3025 verum
584 2993 706 3027 Deam
717 3019 729 3036 ‚
754 3003 791 3028 et
809 3008 919 3042 quem
941 3001 1075 3033 misisti
1090 3001 1216 3034 lesam
1241 2999 1349 3035 Chri—

344 3057 440 3083 stum
454 3054 481 3084 7.
499 3048 658 3086 Odibilis
673 3052 820 3089 macula
832 3081 842 3098 ,
859 3067 943 3103 quae
958 3054 1107 3093 beatam
1125 3057 1222 3094 113116
1238 3058 1349 3096 1101115

346 3106 479 3143 adimit
506 3107 693 3145 visionem
709 3137 719 3155 ,
753 3119 790 3147 et
825 3114 1066 3153 exsecrabilis
1099 3118 1348 3168 negligentia,

1416 1879 1495 1902 sese
1527 1866 1705 1916 protinus
1732 1865 1941 1902 arbitretur
1970 1881 1978 1902 :
2007 1866 2181 1915 quinimo
2210 1865 2360 1901 noverit
2391 1877 2429 1901 se

1416 1927 1544 1963 multis
1561 1927 1712 1963 interim
1731 1924 2064 1976 purificationibus
2081 1938 2203 1975 egere.
2218 1928 2296 1962 Nec
2312 1923 2429 1961 modo

1416 1984 1619 2021 lavandum
1643 1999 1760 2035 aqua,
1784 1985 1849 2022 sed
1878 1994 1915 2022 et
1945 1985 2188 2036 purgandum
2217 1993 2254 2021 et
2283 1984 2427 2021 exami—

1418 2045 1588 2082 nandum
1607 2046 1704 2095 igni,
1726 2054 1769 2082 ut
1789 2046 1890 2082 dicat
1911 2060 1919 2082 :
1942 2048 2194 2082 Transivimus
2205 2058 2283 2094 per
2305 2049 2427 2094 ignem

1420 2116 1453 2142 et
1468 2120 1620 2156 aquam,
1640 2115 1675 2143 et
1691 2109 1856 2143 eduxisti
1876 2121 1943 2144 nos
1957 2111 1994 2144 in
2015 2106 2254 2157 refrigerium
2270 2112 2297 2143 9.
2315 2109 2428 2142 Beati

1420 2180 1510 2216 ergo
1539 2169 1678 2203 inundo
1707 2170 1836 2213 corde,
1866 2172 2043 2216 qnoniam
2065 2172 2139 2217 ipsi
2168 2170 2290 2204 Deum
2318 2168 2426 2202 vitle-

1419 2227 1510 2263 bunt
1523 2241 1533 2262 .·
1552 2241 1653 2264 nunc
1668 2227 1823 2278 quidem
1845 2240 1915 2278 per
1930 2229 2128 2278 speculum
2147 2227 2187 2264 in
2210 2227 2425 2276 aenigmate3

1413 2288 1452 2324 in
1477 2288 1607 2325 futuro
1637 2297 1763 2325 autem
1791 2289 1883 2325 facie
1905 2288 1952 2325 ad
1978 2289 2133 2335 faciem,
2153 2287 2219 2325 ubi
2246 2286 2425 2324 nimirum

1416 2348 1523 2384 faciei
1552 2357 1692 2385 nostrae
1712 2348 1826 2385 fuerit
1846 2356 2111 2386 consummata
2135 2346 2358 2393 mundities,
2386 2352 2426 2382 ut

1416 2407 1486 2445 sibi
1517 2421 1599 2445 eam
1633 2407 1812 2445 exhibeat
1850 2408 2078 2458 gloriosam,
2113 2421 2192 2445 non
2222 2405 2424 2444 habentem

1417 2468 1603 2505 maculam
1630 2481 1757 2518 neque
1774 2480 1919 2517 rugam.

1754 2586 1932 2626 CAPUT
1960 2587 2115 2628 XVIII.

1499 2708 1646 2740 Pacificos
1663 2709 1774 2741 merito
1792 2709 1963 2742 beatificari
1982 2710 2109 2742 nomine
2124 2709 2260 2741 filiorum
2275 2708 2345 2740 Dei.

1468 2823 1530 2859 31.
1555 2822 1632 2861 Ubi
1656 2832 1877 2874 opportune
1899 2824 2001 2861 illico
2023 2823 2290 2861 subinfertur:
2311 2823 2422 2858 Beati

1410 2882 1586 2931 pacifici,
1619 2888 1797 2931 quoniam
1822 2884 1901 2930 filii
1932 2887 2005 2919 Dei
2035 2883 2269 2920 vocabuntur
2288 2889 2331 2918 ¹⁰.
2357 2883 2422 2918 Est

1417 2943 1517 2979 enim
1541 2943 1658 2979 homo
1682 2951 1839 2994 pacatus
1854 2972 1864 2990 ,
1887 2944 1953 2994 qui
1975 2942 2078 2980 bona
2099 2956 2172 2994 pro
2201 2942 2312 2980 bonis
2335 2938 2422 2978 red-

1417 3002 1534 3049 dens,
1559 3012 1746 3053 quantum
1770 3003 1807 3040 in
1833 3017 1872 3040 se
1895 3012 1974 3051 est,
1998 3004 2142 3041 nemini
2165 3004 2248 3040 vult
2270 3011 2417 3053 nocere.

1416 3067 1482 3100 Est
1508 3063 1604 3100 alius
1633 3064 1806 3113 patiens,
1839 3064 1904 3114 qui
1928 3077 2006 3101 non
2038 3063 2202 3101 reddens
2231 3062 2327 3099 mala
2349 3071 2419 3110 pro

1417 3123 1553 3169 malis,
1584 3123 1697 3160 etiam
1728 3132 1868 3174 potens
1896 3132 1952 3161 est
1984 3124 2172 3161 sustinere
2204 3128 2415 3159 nocentem.

390 3252 399 3266 ¹
416 3248 508 3277 Rom·
531 3257 560 3283 γ’
586 3250 615 3277 ¹·
642 3266 686 3269 —
712 3254 723 3269 ²
740 3249 855 3280 masth·
885 3262 937 3289 Π»
964 3256 1014 3284 ¹2·
1030 3271 1073 3276 —
1089 3253 1102 3276 ³
1122 3258 1193 3288 15³5-
1213 3270 1240 3296 1,
1263 3263 1314 3291 18·
1331 3280 1373 3283 —
1394 3261 1403 3288 ⁵
1424 3261 1538 3294 Mauh.
1554 3274 1584 3299 v,
1607 3265 1637 3294 8.
1663 3281 1706 3284 —
1735 3259 1847 3293 ⁵1bid.
1869 3281 1915 3285 —-
1931 3260 2082 3295 61J0an.
2103 3273 2162 3300 111,
2187 3265 2217 3292 2.
2236 3266 2308 3290 —-7
2323 3261 2416 3291 Joan·

340 3310 431 3335 xvii,
456 3300 487 3328 3.
504 3316 545 3320 -—
563 3297 576 3320 ⁸
590 3301 662 3341 Sap.
679 3311 733 3338 xx,
755 3305 804 3333 15.
819 3322 862 3326 -
878 3309 894 3332 9
912 3306 990 3337 l‘sal.
1007 3318 1082 3344 mcv,
1110 3312 1161 3340 12.
1178 3330 1219 3332 —
1240 3317 1269 3331 ¹⁰
1293 3313 1405 3344 Martii.
1425 3327 1454 3349 x,
1477 3319 1507 3345 9.
