2517 3936
433 363 610 402 CAPUT
641 361 714 403 VI.

141 477 370 508 Monasterium
392 476 611 508 Beuchoreuse
642 477 815 509 desolatum
843 479 1004 511 instaurat.

131 598 191 634 12.
222 601 269 635 Et
289 598 476 635 Dominus
505 597 658 647 quidem
689 597 727 633 in
746 598 900 647 regione
921 602 1079 635 Lesmo-

75 658 173 695 rensi
191 658 244 695 sic
265 657 506 708 praeparabat
527 657 707 693 dilectum
725 670 837 693 suum
856 658 1082 694 Malachiam

74 718 122 755 ad
153 719 314 769 gloriam
345 718 513 755 nominis
543 717 614 753 sui.
641 720 782 753 Verum
813 718 879 766 qui
903 718 1083 755 miserant

56 792 189 825 -eum,
221 778 378 815 minime
407 777 487 827 jam
523 777 689 813 ferentes
724 776 933 814 absentiam
970 777 1080 826 ejus,

76 838 198 876 missis
233 838 404 888 epistolis
438 845 623 874 revocant
655 837 774 874 illum.
811 841 896 885 Quo
933 837 1082 874 reddito

77 898 154 935 suis
168 927 178 945 ,
197 906 235 935 et
255 897 410 948 quidem
438 897 683 934 instructiore
702 897 749 933 de
771 896 950 934 omnibus
964 927 974 944 ,
997 912 1082 948 quae

76 957 307 1009 oportebat3
328 971 376 995 en
393 970 492 1008 opus
515 971 534 994 a
556 960 637 994 Deo
663 966 862 1007 paratum,
894 967 931 994 et
951 971 1082 995 serva-

77 1027 158 1056 tum
178 1019 386 1056 Malachiae.
411 1019 478 1056 Vir
497 1017 602 1054 dives
620 1026 658 1054 et
680 1027 817 1068 potens
833 1047 842 1064 ‚
869 1022 934 1068 qui
955 1020 1080 1056 locum

726 224 871 258 LIBER
901 224 966 258 DE
994 225 1108 259 VITA
1138 226 1173 259 S.
1205 226 1487 262 MALACtllAE.

1096 298 1127 317 0⁴

1095 345 1128 377 A

2044 240 2141 277 1478

1145 300 1252 345 ratis,
1277 299 1326 336 ob
1343 301 1486 349 insign(¹
1507 303 1694 351 diguitatis
1713 309 1875 358 antiquae
1889 341 1897 357 ,
1917 315 2116 355 Malacliias
2130 349 2138 363 ,

1145 359 1261 395 veluti
1283 360 1485 408 quemdam
1509 363 1789 411 replantaturus
1809 372 2046 422 paradisum,
2067 393 2142 415 am-

1145 419 1279 467 plexus
1301 428 1377 463 cst,
1407 428 1443 456 ct
1475 421 1563 469 quia
1595 423 1711 459 multa
1741 439 1901 475 corpora
1926 444 2141 474 sanctorum

1145 477 1358 515 dormirent
1381 479 1445 515 ibi.
1471 483 1563 516 Nam
1583 489 1624 516 ut
1649 490 1787 520 taccam
1808 487 1868 522 illa
1894 504 1976 537 ‹111ae
1993 494 2028 529 in
2051 509 2143 544 pace

1146 540 1292 588 sepulta
1320 547 1429 584 sunt,
1453 540 1579 576 ferunt
1600 552 1813 591 nongentos
1840 547 1947 585 simul
1982 566 2054 590 una
2085 557 2144 594 dic

1147 611 1166 633 a
1187 598 1320 647 piratis
1341 599 1498 635 occisos.
1523 602 1610 635 Erat
1627 601 1781 649 quidem
1801 604 1931 654 ingens
1955 610 2023 646 loci
2048 614 2146 651 illius

1149 658 1338 707 possessio
1370 673 1377 694 :
1400 657 1466 694 scd
1492 659 1693 697 Malacliias
1721 663 1802 698 solo
1832 674 2032 705 contentus
2065 673 2147 710 loco

1149 726 1294 763 sancto,
1319 726 1415 754 totas
1433 720 1687 767 possessiones
1712 730 1749 757 ct
1768 730 1884 761 terras
1903 727 2008 764 alteri
2029 734 2147 770 cessit,

1150 778 1343 827 Siquidem
1364 792 1384 815 a
1416 786 1590 828 tempore
1608 808 1617 825 ,
1640 794 1716 829 quo
1735 782 1967 823 destructum
1989 799 2043 826 cst
2066 805 2150 827 mo-

1150 839 1380 884 nasterium,
1403 852 1480 874 non
1512 838 1632 875 defuit
1665 841 1730 889 qui
1762 841 1856 879 illud
1892 854 2036 885 teneret
2065 864 2149 889 cum

1148 898 1452 948 possessionibus
1486 899 1573 935 suis.
1613 903 1706 937 Nam
1745 910 1782 938 et
1821 906 2150 948 constituebantur

1148 972 1217 1008 per
1243 959 1466 995 electionem
1495 959 1627 1004 ctiam,
1655 968 1692 996 et
1723 960 1877 1000 abbates
1907 969 2151 1016 appellaban-

1150 1027 1224 1063 tur,
1249 1028 1440 1055 servantes
1465 1020 1638 1065 nomine,
1662 1023 1730 1058 etsi
1755 1036 1832 1060 non
1854 1038 1913 1071 re,
1935 1029 2036 1076 quod
2061 1032 2150 1068 olim

77 1080 252 1116 Benchor
268 1088 305 1116 et
326 1079 586 1130 possessiones
606 1078 687 1128 ejus
720 1079 896 1125 tenebat,
920 1081 1086 1130 inspira·
1105 1077 1133 1110 Β
1154 1079 1357 1115 exstiterat.
1388 1082 1558 1128 Cumque
1586 1080 1788 1118 suaderent
1823 1086 1931 1122 multi
1962 1101 2037 1124 non
2060 1091 2150 1127 alie—

81 1148 141 1176 tus
160 1153 182 1177 a
199 1144 303 1185 Deo,
323 1139 524 1176 confestim
551 1139 590 1175 in
621 1152 735 1175 manu
757 1138 838 1189 ejus
865 1153 932 1177 sua
959 1141 1089 1177 omnia

80 1200 209 1247 dedit,
226 1209 264 1237 et
285 1213 323 1237 se
346 1213 515 1250 quoque.
542 1202 590 1236 Et
606 1200 638 1236 is
661 1201 873 1237 avunculus
893 1200 987 1250 ejus.
1016 1201 1087 1239 Sed

79 1260 274 1297 Malachiae
313 1260 468 1310 spiritus
502 1272 618 1309 quam
661 1260 785 1297 carnis
824 1261 1088 1311 propinquitas

78 1320 200 1370 pluris
220 1320 302 1357 suit.
319 1323 451 1370 Ipsum
480 1332 636 1370 quoque
656 1320 783 1356 locum
801 1320 1018 1366 Benchor*,
1042 1321 1089 1357 de

80 1393 159 1430 quo
189 1379 553 1430 cognominabatur,
574 1380 731 1416 tradidit
758 1381 791 1417 ei
815 1381 994 1431 princeps
1011 1409 1020 1426 ‚
1048 1389 1091 1417 ut

80 1439 285 1477 aedificaret
310 1439 364 1477 ibi
384 1440 657 1477 monasterium
679 1470 688 1486 ,
710 1441 770 1477 vel
803 1442 930 1491 potius
953 1441 1089 1478 reaedi-

81 1502 222 1538 ficaret.
238 1504 384 1551 Nempe
404 1499 687 1537 nobilissimum
709 1501 903 1538 exstiterat
920 1510 1006 1538 ante
1020 1501 1090 1538 sub

80 1559 208 1610 primo
228 1568 335 1610 patre
356 1560 562 1610 Conge110‚
594 1561 714 1597 multa
740 1562 857 1598 millia
887 1563 1090 1599 monacho-

82 1634 167 1657 rum
181 1632 386 1671 generans,
401 1621 612 1657 multorum
632 1622 952 1659 monasteriorum
966 1631 1080 1673 caput

82 1683 209 1718 Locus
241 1693 333 1718 vere
361 1689 515 1717 sanctus
550 1681 814 1732 fecundusque
843 1691 1062 1719 sanctorum
1081 1711 1090 1728 ,

84 1740 346 1790 copiosissime
372 1741 606 1778 fructificans
636 1745 718 1778 Deo
735 1770 745 1787 ,
772 1742 826 1778 ita
858 1751 900 1779 ut
921 1756 1021 1779 unus
1046 1756 1093 1779 ex

85 1800 172 1837 filiis
191 1809 330 1838 sanctae
346 1801 448 1839 illius
466 1802 771 1852 congregationis
788 1832 797 1849 ‚
819 1803 974 1840 nomine
995 1807 1093 1840 Lua-

85 1874 156 1898 nus
173 1889 183 1907 ,
222 1870 377 1899 centum
412 1863 515 1899 solus
556 1863 878 1900 monasteriorum
913 1864 1095 1900 fundator

84 1921 272 1959 exstitisse
297 1922 452 1959 feratur.
474 1922 587 1970 Quod
605 1922 750 1960 idcirco
774 1923 956 1969 dixerim,
979 1932 1021 1960 ut
1047 1937 1094 1960 ex

85 1980 159 2018 hoc
188 1995 268 2019 uno
289 1981 468 2032 conjiciat
492 1983 638 2030 lector,
672 1997 786 2033 quam
817 1984 950 2034 ingens
981 1984 1095 2020 fuerit

86 2042 233 2092 reliqua
247 2042 467 2079 multitudo.
486 2043 661 2093 Denique
678 2044 729 2081 ita
743 2043 987 2090 Hiberniam,
1008 2047 1096 2082 Sco-

87 2101 255 2153 tiamque
277 2104 528 2154 repleverunt
553 2104 747 2153 genimina
767 2104 850 2154 ejus
865 2134 875 2152 ,
896 2113 939 2142 ut
960 2118 1003 2141 ea
1023 2118 1094 2155 po-

87 2161 274 2200 tissimum
294 2171 468 2214 tempora
495 2163 669 2200 Davidici
692 2164 747 2201 illi
765 2164 943 2201 versiculi
958 2163 1095 2214 praeci-

86 2222 186 2259 nisse
203 2223 434 2260 videantur:
457 2225 626 2259 Visitasu·
648 2232 812 2269 terram,
836 2233 872 2259 et
900 2223 1097 2259 inebriasti

88 2297 171 2319 eam
186 2312 197 2328 ,
236 2286 500 2333 multiplicasti
534 2286 764 2332 locupletare
804 2297 899 2319 eam.
935 2286 971 2319 F
973 2286 1096 2319 lumen

88 2347 160 2381 Dei
181 2347 361 2394 repletum
388 2354 442 2380 cst
458 2349 589 2393 aquis,
608 2349 758 2394 parasti
785 2343 907 2384 cibum
933 2347 1097 2390 illorum,

89 2409 268 2453 quoniam
299 2406 353 2440 ita
390 2413 447 2440 est
468 2409 710 2454 praeparatio
745 2405 836 2451 ejus.
879 2406 986 2440 Rlvos
1020 2409 1098 2450 esus

90 2464 263 2510 inebria,
289 2467 500 2514 multiplica
526 2466 721 2514 genimina
747 2470 856 2511 ejecs5
884 2469 923 2500 in
954 2467 1099 2500 stillici-

91 2526 165 2560 diis
197 2525 277 2570 ejus
313 2524 508 2560 loetnbiucr
533 2529 753 2573 germinans
778 2531 801 2560 ¹.
837 2527 886 2561 Et
917 2524 957 2561 in
995 2524 1098 2560 hunc

90 2585 246 2622 modum
265 2585 391 2622 caeteri
407 2585 471 2635 qui
491 2594 716 2635 sequuntur.
731 2589 808 2622 Nec
821 2584 938 2621 modo
950 2585 988 2621 in
1002 2596 1098 2634 prae-

91 2646 185 2682 fatas
203 2673 213 2689 ‚
236 2644 302 2681 sed
327 2653 365 2681 et
384 2645 423 2681 in
449 2653 598 2682 exteras
618 2645 730 2682 etiam
757 2645 931 2694 regiones
946 2673 956 2690 ‚
990 2643 1097 2694 quasi

90 2705 342 2742 inundatione
370 2705 490 2751 facta,
514 2706 578 2742 illa
597 2719 637 2743 se
671 2714 891 2742 sanctorum
924 2706 1099 2742 examina

92 2765 326 2802 effuderunt.
348 2767 378 2802 E
400 2764 540 2814 quibus
567 2764 616 2802 ad
635 2765 702 2802 has
720 2774 869 2802 nostras
886 2766 1099 2804 Gallicanas

92 2834 220 2876 partes
245 2835 399 2863 sanctus
424 2825 684 2864 Columbanus
706 2826 937 2872 ascendens,
968 2830 1099 2863 Luxo-

91 2887 221 2923 viense
251 2887 468 2923 construxit
496 2887 794 2933 monasterium,
830 2887 950 2924 factus
978 2886 1031 2923 ibi
1058 2887 1098 2923 in

92 2954 244 2995 gentem
265 2959 452 2996 magnam.
468 2947 587 2984 Aiunt
608 2955 683 2983 tam
699 2959 873 2996 magnam
895 2947 1008 2983 fuisse
1025 2974 1034 2990 ,
1058 2954 1100 2982 ut

93 3005 385 3043 succedentibus
411 3006 483 3043 sibi
512 3007 679 3043 vicissim
708 3007 859 3053 choris,
897 3006 1101 3043 continua-

94 3074 228 3103 rentur
251 3067 436 3103 solemnia
455 3067 672 3104 divinorum
688 3097 698 3114 ,
718 3068 771 3104 ita
798 3075 839 3104 ut
858 3080 906 3103 ne
926 3079 1100 3103 momen—

94 3135 175 3163 tum
200 3126 355 3175 quidem
373 3126 448 3163 diei
475 3141 518 3164 ac
544 3128 667 3164 noctis
693 3136 846 3164 vacaret
869 3141 890 3163 a
908 3126 1097 3163 laudibus.

151 3186 211 3223 13.
241 3189 331 3223 Haec
352 3186 400 3223 de
419 3187 574 3237 antiqua
605 3187 705 3234 dicta
729 3188 805 3236 sint
824 3186 1100 3224 Benchorensis

92 3246 314 3282 monasterii
332 3246 464 3295 gloria.
496 3251 580 3285 Hoc
601 3248 691 3285 olim
725 3247 961 3284 destructum
991 3260 1011 3282 a
1038 3246 1099 3295 pi-

147 3378 157 3393 ¹
176 3372 256 3404 Psal.
271 3384 362 3413 inv,
385 3377 438 3413 10,
463 3378 515 3406 11.

1113 2639 1148 2673 l)

1155 1152 1245 1175 nare
1273 1139 1551 1188 possessiones,
1589 1140 1652 1176 scd
1682 1150 1801 1178 totum
1842 1145 1952 1182 simul
1988 1149 2152 1186 retinere

1155 1198 1250 1240 sibi,
1273 1211 1350 1234 non
1387 1199 1573 1247 acquievit
1611 1203 1842 1250 paupertatis
1878 1216 2023 1244 amator
2049 1224 2056 1246 :
2086 1211 2151 1247 sed

1156 1259 1243 1295 fecit
1271 1258 1356 1307 eligi
1373 1257 1484 1306 juxta
1512 1272 1657 1295 morem
1678 1262 1741 1310 qui
1767 1276 1827 1299 eas
1858 1273 2024 1315 teneret,
2046 1270 2151 1317 loco,

1156 1327 1199 1354 ut
1234 1317 1505 1369 praedixinms,
1536 1328 1681 1356 retento
1712 1320 1782 1357 sibi
1809 1332 1845 1359 et
1878 1326 1963 1362 suis.
1996 1331 2042 1364 Et
2077 1331 2153 1367 for—

1159 1378 1262 1415 tassis
1284 1378 1516 1424 consultius,
1546 1387 1588 1414 ut
1619 1389 1705 1429 post
1738 1385 1935 1432 apparuit,
1965 1387 2153 1438 integrum

1158 1440 1395 1485 retinuisset,
1417 1439 1446 1475 si
1464 1452 1541 1475 non
1563 1442 1677 1489 magis
1699 1455 1773 1478 suat.²
1795 1448 2052 1494 prospexisset
2082 1451 2155 1488 hu—

1160 1500 1308 1536 militati
1326 1529 1334 1545 ,
1359 1513 1471 1549 quam
1492 1500 1585 1549 paci.

1217 1560 1274 1596 14.
1304 1563 1436 1608 Itaque
1471 1573 1518 1595 ex
1560 1560 1738 1597 mandato
1774 1565 1889 1612 patris
1928 1570 2055 1605 Imarii
2097 1583 2156 1608 as-

1159 1619 1319 1670 sumptis
1351 1632 1478 1655 secum
1513 1619 1645 1657 decem
1679 1622 1827 1660 circiter
1858 1626 2056 1674 fratribus,
2088 1643 2156 1667 ve—

1159 1679 1268 1716 niens
1294 1679 1340 1715 ad
1361 1680 1485 1715 locum
1501 1709 1510 1725 ,
1535 1681 1650 1730 coepit
1675 1681 1869 1720 aedificare.
1895 1686 1971 1723 L'bi
1993 1689 2154 1737 quadam

1160 1739 1220 1776 die
1242 1753 1327 1776 cum
1344 1740 1382 1775 in
1397 1740 1518 1776 securi
1536 1740 1615 1789 ipse
1634 1750 1788 1787 secaret,
1804 1756 1890 1780 casu
1907 1758 1953 1782 ex
1974 1749 2156 1796 operariis

1159 1813 1283 1844 unus,
1316 1800 1380 1837 illo
1414 1799 1587 1836 vibrante
1616 1801 1654 1836 in
1687 1814 1771 1837 aera
1807 1806 1992 1852 securim,
2031 1809 2155 1845 locum

1160 1861 1313 1898 incaute
1335 1859 1558 1909 occupavit,
1579 1873 1655 1909 quo
1683 1860 1780 1897 ictus
1806 1861 2088 1903 destinabatur:
2122 1877 2158 1904 et

1161 1920 1296 1958 cecidit
1320 1933 1435 1969 super
1462 1919 1607 1968 spinam
1635 1919 1737 1956 dorsi
1763 1919 1864 1969 ejus,
1895 1932 1998 1961 tanto
2029 1927 2158 1976 utique

1159 1982 1328 2030 impetu,
1363 1987 1508 2029 quanto
1534 1979 1596 2014 ille
1626 1987 1765 2015 conatu
1793 1981 2002 2033 impingere
2028 1987 2158 2023 valuit.

1162 2040 1314 2078 Corruit
1348 2040 1440 2076 ille:
1474 2051 1671 2075 accurrere
1702 2053 1856 2087 omnes,
1884 2052 2061 2092 putantes
2095 2055 2160 2083 aut

1161 2113 1385 2151 percussum
1404 2099 1451 2136 ad
1469 2107 1629 2135 mortem
1643 2128 1652 2145 ,
1667 2109 1729 2136 aut
1744 2110 1948 2140 mortuum.
1969 2108 2014 2141 Et
2032 2106 2158 2143 tunica

1162 2162 1316 2212 quidem
1341 2161 1454 2198 scissa
1475 2174 1495 2197 a
1512 2173 1660 2197 summo
1681 2174 1799 2210 usque
1819 2162 1995 2200 deorsum
2013 2180 2021 2201 :
2041 2166 2156 2202 homo

1162 2236 1255 2260 vero
1275 2222 1413 2258 illaesus
1433 2221 1608 2257 inventus
1635 2228 1708 2265 est,
1733 2229 1807 2257 tam
1827 2222 1973 2259 modice
1992 2233 2028 2260 et
2052 2238 2158 2261 sum-

1164 2282 1294 2319 matim
1328 2281 1527 2332 perstricta
1566 2289 1671 2326 cute,
1713 2289 1754 2317 ut
1793 2282 1855 2318 vix
1887 2283 1922 2318 in
1959 2285 2156 2333 superficie

1163 2342 1365 2391 vestigium
1394 2348 1606 2390 appareret.
1642 2340 1768 2378 Stabat
1796 2341 1910 2378 homo
1935 2343 2154 2390 incolumis,

1166 2415 1278 2451 quem
1301 2400 1442 2437 securis
1464 2407 1741 2449 prostraverat,
1767 2400 2000 2438 intuentibus
2019 2410 2055 2438 et
2074 2412 2156 2439 stu-

1164 2460 1346 2512 pentibus
1368 2459 1434 2509 qui
1461 2457 1763 2495 circumstabant.
1786 2459 1895 2496 [nde
1923 2469 1960 2496 et
1979 2461 2064 2497 facti
2085 2463 2157 2499 ala-

1165 2522 1328 2565 criores,
1360 2519 1615 2570 promptiores
1647 2519 1782 2555 exinde
1813 2519 1858 2555 ad
1885 2531 1980 2570 opus
2013 2521 2158 2558 inventi

1166 2590 1264 2619 sunt.
1280 2584 1327 2617 Et
1345 2580 1416 2615 hoc
1438 2578 1587 2613 initium
1606 2578 1799 2626 signorum
1814 2579 2016 2616 Malachiae.
2035 2583 2155 2617 Porro

1166 2642 1375 2679 oratorium
1399 2640 1495 2675 intra
1516 2649 1654 2686 paucos
1677 2637 1754 2674 dies
1775 2647 2075 2675 consummatum
2102 2648 2158 2676 est

1166 2703 1212 2739 de
1229 2702 1338 2751 lignis
1357 2699 1508 2750 quidem
1527 2698 1703 2747 laevigatis
1716 2727 1726 2743 ,
1742 2698 1806 2735 sed
1824 2707 1908 2748 apte
1925 2700 2156 2749 firmiterque

1165 2771 1384 2800 contextum
1399 2791 1408 2807 ,
1426 2773 1522 2810 opus
1543 2761 1748 2805 Scoticum,
1769 2759 1970 2809 pulchrum
1987 2759 2086 2796 satis.
2109 2763 2156 2797 Et

1165 2822 1302 2860 exinde
1322 2823 1484 2859 servitur
1501 2826 1582 2858 Deo
1607 2820 1645 2855 in
1663 2832 1726 2864 en,
1753 2817 1847 2853 sicut
1868 2818 1906 2854 in
1933 2817 2066 2855 diebus
2088 2832 2156 2856 an-

1166 2883 1299 2932 tiquis,
1321 2882 1430 2919 simili
1459 2880 1611 2930 quidem
1632 2877 1833 2914 devotione
1847 2905 1857 2923 ,
1881 2877 1949 2914 etsi
1971 2891 2050 2914 non
2074 2880 2156 2929 pari

1164 2956 1336 2980 numero.
1373 2941 1525 2978 Praefuit
1554 2937 1754 2976 Malachias
1788 2936 1873 2972 loco
1900 2937 1954 2973 illi
1985 2945 2156 2987 tempore

1165 3003 1382 3051 aliquanto,
1415 3009 1520 3050 patre
1540 2998 1678 3036 Imario
1700 2997 1751 3033 ita
1773 2996 2046 3042 constituente,
2078 2998 2158 3046 ipse

1166 3071 1312 3107 rector,
1340 3061 1419 3110 ipse
1440 3060 1568 3109 regula
1601 3058 1772 3094 fratrum.
1808 3055 2000 3105 Legebant
2022 3055 2059 3091 in
2082 3057 2157 3092 vita

1166 3121 1247 3171 ejus
1264 3119 1458 3169 quomodo
1476 3124 1806 3161 conversarentur,
1823 3123 1859 3150 et
1877 3115 1954 3163 ipse
1973 3122 2057 3150 ante
2072 3115 2156 3151 illos

1165 3178 1323 3230 praeibat
1339 3179 1377 3215 in
1394 3177 1542 3227 justitia
1557 3185 1594 3213 et
1610 3174 1805 3212 sanctitate
1820 3185 1945 3208 coram
1961 3176 2041 3208 Deo
2058 3187 2066 3207 :
2084 3173 2155 3208 nisi

1166 3239 1269 3289 quod
1298 3246 1436 3288 praeter
1464 3237 1636 3274 instituta
1668 3231 1903 3277 communia,
1936 3230 2053 3266 multa
2080 3231 2155 3266 sin-
