2533 3920
386 222 461 259 [127

388 301 478 347 sibi,
503 309 576 337 tam
598 300 698 336 lente
723 298 876 335 exaudit
904 298 1107 334 clamantes
1130 297 1177 334 ad
1198 310 1236 334 se
1262 298 1299 333 in
1322 297 1392 333 bac
1407 294 1453 313 ¹⁹⁰

777 372 863 395 nam
893 359 982 394 alias
1005 357 1157 407 quidem
1183 358 1322 394 scimus
1351 358 1403 392 l'a-
1421 362 1451 394 A
1467 370 1568 393 nunc
1592 368 1740 392 sermo:
1764 354 1946 390 sustinete
1963 355 2156 391 modicum
2173 356 2265 405 quid
2285 357 2466 407 insipien-

388 374 499 398 eausa
529 361 714 397 duntaxat
740 374 748 395 ε

389 422 534 458 miliare
554 434 634 458 esse
668 420 825 456 domino
854 432 960 463 meo,
997 427 1033 455 ct
1058 419 1133 454 cito
1158 417 1391 466 intelligere,

389 491 425 518 et
446 482 553 517 facile
573 480 755 517 misereri.
775 482 936 527 Propter
955 491 1042 514 eum
1073 477 1138 526 qui
1167 477 1279 525 elegit
1302 488 1391 520 vos,

390 549 427 577 et
456 540 583 590 posuit
611 552 679 576 vos
710 538 897 586 refugium
931 549 1228 586 oppressorum,
1261 534 1392 583 ponite

386 599 464 648 jam
499 598 649 636 tandem
681 598 794 634 finem
822 605 858 633 et
883 596 1034 632 malitiae
1066 594 1327 644 oppressoris,
1359 601 1395 629 et

390 658 585 695 laboribus
596 658 825 694 afflictorum
844 671 851 692 z
867 656 955 705 quia
970 655 1058 692 satis
1073 663 1234 703 utraque
1250 666 1307 689 res
1321 666 1390 689 ve-

390 721 447 756 nit
474 720 513 755 in
545 720 668 756 lucem
703 726 740 754 et
762 716 1117 754 manifestationem.
1149 714 1324 763 Denique
1347 713 1393 750 ad

391 779 611 815 mandatum
637 777 863 827 beneplaciti
893 776 1038 813 domini
1075 776 1148 812 mei
1180 788 1291 810 causa
1315 774 1394 810 dis—

390 852 518 884 cussa,
537 847 574 875 et
591 838 790 875 terminata
806 845 861 873 est
887 851 894 872 :
921 843 1094 885 superest
1112 843 1155 871 ut
1174 835 1292 884 ipsius
1323 848 1394 870 au-

391 900 563 935 ctoritate
585 898 670 934 data
700 897 887 933 sententia
908 897 1170 932 confirmetur.
1194 898 1344 943 Ergone
1364 895 1394 930 si

391 959 537 995 venerit
554 959 668 994 bomo
688 956 850 992 mendax
872 955 1053 991 adversus
1074 962 1266 990 tantorum
1289 954 1394 989 viro-

394 1032 477 1054 rum
500 1016 757 1054 testimonium
779 1015 1044 1065 (Valentinum
1067 1014 1224 1062 loquor,
1243 1021 1280 1049 et
1297 1016 1394 1050 Gra-

392 1077 733 1126 tianopolitanum³
755 1075 781 1124 ),
803 1074 1004 1111 audietur?
1029 1077 1172 1109 Iterum
1200 1073 1394 1122 supplico,

1150 222 1184 257 S.
1216 220 1469 255 BERNARDI
1498 221 1701 255 ABBATIS

2387 221 2464 260 428

1463 297 1634 346 quisquis
1654 304 1708 332 cst
1731 294 1791 331 ille
1805 322 1814 339 ,
1844 294 1903 330 vel
1926 293 2001 331 illa.
2023 297 2210 332 Caeterum
2226 296 2274 333 ad
2291 311 2360 335 vos
2375 298 2464 337 mihi

1459 416 1519 452 tiae
1550 428 1655 452 meae.
1694 414 1791 463 Quia
1815 414 1929 450 semel
1965 415 2080 464 coepi,
2111 416 2247 464 loquar
2269 416 2316 452 ad
2341 417 2465 456 domi-

1459 488 1550 511 num
1573 488 1700 511 meum
1726 489 1733 510 ε
1758 473 1890 509 faciam
1919 474 2008 510 satis
2037 474 2162 510 velex
2192 482 2301 524 parte
2322 476 2402 514 zelo
2427 486 2465 516 et

1461 536 1612 573 affectui
1634 535 1700 584 qui
1722 534 1903 583 loquitur.
1927 537 2011 570 Non
2029 533 2194 570 verebor
2212 543 2380 582 aetatem,
2407 537 2466 575 di-

1461 596 1602 645 gnitate
1621 608 1697 631 non
1720 593 1892 630 terrebor
1905 622 1914 639 ,
1938 607 2015 630 non
2034 593 2246 631 cunctabor
2265 595 2313 631 ad
2328 609 2466 636 nornen

1463 655 1604 704 grande
1625 654 1793 703 magistri
1809 654 1965 703 ngcrii.
1986 656 2080 690 Nam
2097 667 2174 703 quo
2198 655 2377 703 grandius
2396 669 2467 694 no·
2518 660 2520 662 ’

1464 728 1570 760 men,
1606 728 1651 752 eo
1684 713 1865 763 grandius
1895 713 2127 750 scandalum.
2171 718 2377 764 Propterea
2407 729 2467 756 me
2517 743 2519 751 ι

1461 774 1585 823 ipsum
1609 773 1884 823 transgrediar,
1905 782 1943 810 et
1967 787 2033 810 ero
2049 774 2243 824 insipiens.
2270 775 2464 815 Seniorein

1460 833 1670 883 increpabo
1683 862 1691 878 ,
1712 834 1936 883 episcopum
1954 847 2108 882 arguam
2124 863 2133 879 ,
2158 834 2378 883 magistrum
2402 849 2464 874 co—

1462 893 1585 930 nabor
1606 894 1744 929 docere
1761 922 1769 938 ,
1794 894 1995 929 consilium
2014 893 2104 930 dare
2120 894 2294 944 sapienti.
2314 895 2464 934 Nullum

1461 953 1772 1002 praesumptionis
1783 965 1901 1002 genus
1915 961 2116 1003 praetereat
2131 954 2292 990 charitas
2305 962 2343 991 et
2355 967 2466 994 aemu-

1460 1013 1551 1048 latio
1564 1041 1573 1058 ,
1596 1026 1709 1061 quam
1729 1013 1818 1048 olim
1837 1026 1909 1062 pro
1927 1014 2125 1050 sanctitate
2145 1021 2183 1049 et
2204 1013 2324 1062 gloria
2346 1015 2465 1052 nomi-

1462 1073 1520 1109 nis
1550 1073 1668 1109 x'estri
1697 1084 1961 1121 conceperam.
1990 1072 2108 1122 Cujus
2132 1073 2262 1122 gloriae
2288 1073 2465 1112 diffusum

389 1146 425 1174 et
446 1137 490 1173 ad
509 1136 624 1186 pedes
645 1136 788 1172 domini
814 1135 887 1171 mei
909 1147 951 1170 ea
974 1147 1049 1183 qua
1080 1146 1235 1182 possum
1268 1142 1394 1170 mente
1416 1133 1443 1166 B
1461 1133 1758 1181 circumquaque
1778 1132 2012 1182 spiritualem
2031 1132 2211 1178 odorem,
2226 1132 2368 1170 invidia
2383 1133 2465 1171 dia-

389 1197 500 1234 auxia
521 1195 731 1240 descendo,
755 1208 802 1231 ne
821 1194 867 1230 ab
888 1194 1043 1230 homine
1057 1193 1190 1242 iniquo
1207 1201 1244 1229 et
1259 1192 1394 1229 doloso

390 1257 606 1306 religiosum
642 1255 914 1292 monasterium
946 1254 1089 1290 destrui
1118 1253 1295 1303 patiatur.
1329 1256 1395 1289 Et-

389 1318 489 1354 enim
509 1330 585 1353 non
607 1324 736 1367 parcet
753 1324 886 1351 nostro
899 1344 908 1360 ,
927 1314 992 1364 qui
1009 1327 1118 1350 suum
1137 1327 1235 1364 pene
1252 1314 1397 1350 destru-

391 1379 456 1415 xit.
476 1377 587 1415 Unde
608 1376 707 1413 addo
728 1376 837 1413 solita
866 1375 1167 1425 praesumptione
1185 1390 1192 1411 :
1217 1375 1252 1411 Si
1274 1388 1394 1424 puero

388 1446 516 1475 vestro
533 1436 736 1474 crederetis
748 1466 757 1483 ,
776 1436 968 1472 bominem
986 1436 1105 1479 hunc,
1128 1435 1193 1484 qui
1210 1434 1395 1472 beneficio

390 1498 539 1548 pietatis
556 1505 691 1534 vestrae
711 1496 882 1533 abutitur
894 1525 903 1542 ,
925 1496 963 1532 in
981 1497 1188 1532 claustrum
1209 1508 1317 1531 suum
1336 1508 1394 1531 re-

389 1559 609 1604 mitteretis,
630 1566 667 1594 et
690 1556 846 1593 domino
868 1555 995 1592 abbati
1023 1556 1211 1593 Casae-Dei
1233 1555 1394 1592 manda-

388 1619 495 1664 retis,
534 1626 576 1654 ut
609 1617 648 1654 in
681 1616 934 1661 monasterio,
972 1616 1078 1665 quod
1111 1617 1173 1652 ille
1207 1616 1394 1652 inutiliter

390 1686 570 1727 occupat,
590 1677 716 1714 virum
736 1676 953 1725 religiosum
984 1684 1256 1726 promoveret,
1276 1685 1312 1713 et
1334 1690 1396 1713 re-

388 1739 556 1787 gularem
578 1737 772 1774 ordinaret
807 1745 1051 1773 conventum.
1083 1741 1164 1774 Hoc
1198 1737 1310 1786 plane
1335 1736 1396 1773 di-

389 1811 505 1847 gnum
523 1797 740 1847 apostolatu
752 1805 900 1842 vestro,
917 1797 986 1832 hoc
1000 1795 1281 1846 beneplacitum
1298 1800 1395 1842 Deo,

388 1859 461 1895 hoc
476 1858 602 1895 honor
619 1858 776 1894 domino
793 1857 918 1894 abbati
936 1858 1142 1902 Casae-Dei,
1157 1871 1302 1907 suoque
1316 1871 1397 1894 mo-

1462 1192 1540 1229 boli
1568 1192 1844 1242 interpolatum
1880 1205 1961 1229 esse
1991 1192 2051 1229 vel
2086 1192 2258 1237 modice,
2286 1192 2378 1229 mihi
2395 1206 2466 1243 pro

1463 1253 1615 1290 modico
1636 1266 1714 1289 non
1735 1261 1813 1298 est,
1839 1253 1906 1290 sed
1932 1266 2056 1302 neque
2079 1253 2256 1290 Ecclesiae
2272 1253 2360 1299 Dei,
2384 1266 2468 1303 quae

1464 1312 1608 1362 ubique
1637 1321 1712 1349 tam
1746 1312 1887 1350 celebri
1910 1313 2049 1363 gaudio
2081 1313 2120 1350 in
2153 1313 2227 1350 hoc
2260 1312 2468 1352 meridiano
2512 1327 2513 1336 ¹

1463 1374 1606 1410 lumine
1623 1374 1812 1410 exsultare
1832 1373 1990 1411 solebat.

1517 1433 1552 1469 ⁶2.
1581 1436 1723 1470 Verum
1762 1446 1832 1470 vos
1861 1441 2048 1483 quantum
2080 1433 2278 1484 propriam
2309 1433 2466 1482 gloriam

1462 1494 1738 1539 contemnatis,
1762 1494 1851 1530 satis
1871 1502 2040 1544 apparet.
2060 1493 2218 1540 Laudo,
2247 1494 2313 1531 sed
2340 1495 2370 1531 si
2391 1507 2465 1532 non

1462 1567 1582 1603 usque
1617 1553 1664 1590 ad
1707 1553 1886 1603 injuriam
1918 1554 2002 1591 Dei.
2035 1554 2168 1592 Laudo
2207 1562 2245 1591 et
2289 1563 2467 1592 constan-

1462 1613 1577 1658 tiam„
1599 1627 1675 1663 qua
1695 1627 1765 1650 nec.
1798 1614 1956 1651 summis
1990 1613 2244 1664 potestatibus
2266 1613 2398 1650 ceditis
2422 1614 2469 1652 de
2507 1625 2512 1634 ⁴

1457 1673 1546 1724 jure
1565 1682 1716 1719 vestro,
1740 1674 1844 1723 quod
1865 1674 2007 1724 putatis
2029 1689 2038 1711 t
2063 1673 2129 1710 sed
2155 1674 2186 1710 si
2205 1687 2282 1710 non
2304 1675 2467 1724 pertina-

1463 1735 1561 1781 cius,
1589 1748 1701 1784 quam
1728 1734 1965 1771 constantius
1985 1734 2024 1771 id
2045 1734 2102 1784 agi
2133 1748 2155 1771 a
2186 1733 2296 1771 vobis
2318 1734 2468 1772 videre-

1464 1804 1538 1832 tur.
1563 1798 1685 1843 Quam
1714 1795 1935 1845 gloriosius,
1961 1803 1999 1832 et
2021 1803 2123 1832 certe
2151 1795 2317 1832 sanctius
2337 1795 2466 1842 vobis,

1463 1856 1606 1892 illatam
1628 1855 1807 1905 injuriam
1831 1855 1980 1892 fortiter
1996 1855 2256 1901 sustineretis,
2277 1863 2316 1892 et
2335 1856 2468 1893 famam

391 1919 567 1954 nasterio.
590 1918 648 1955 Sic
669 1918 782 1954 etiam
802 1918 1012 1954 liberaretis
1035 1918 1199 1954 animam
1217 1918 1391 1968 praedicti
1411 1917 1438 1952 C
1459 1924 1624 1952 vestram
1663 1915 1709 1952 ad
1737 1916 1896 1965 gloriam
1928 1916 1997 1953 Dei
2029 1915 2270 1953 custodiretis
2293 1917 2308 1952 Ξ)
2346 1928 2468 1966 quan-

391 1979 579 2024 bominis,
602 1988 639 2015 et
660 1979 807 2029 ipsum,
828 1979 888 2015 cui
908 1978 1087 2024 incubat,
1105 1980 1390 2016 monasterium.

811 2110 877 2118 ιιιιε
885 2110 950 2118 ικιι,
956 2110 993 2118 ικκ
999 2110 1397 2119 κιιπιιιακιιπι-ιιικκαικιιικιι

620 2208 991 2265 EPISTOLA
1035 2200 1174 2266 CC.¹'

395 2354 441 2374 Al)
467 2352 683 2374 ,wuolffrnt'n
706 2352 901 2374 {JLGERIUM
924 2351 1220 2375 ANDEGAVENSEM
1248 2352 1399 2376 EPISCO-

455 2413 551 2440 Pru,
581 2413 650 2434 Pno
672 2412 788 2434 GRAVI
820 2413 1007 2443 QCERELA,
1043 2413 1122 2442 QL‘AE
1158 2413 1252 2435 ERAT
1285 2414 1398 2436 INTER

451 2473 561 2495 ll¹SlJM
584 2473 628 2494 ΕΤ
649 2471 871 2495 ΑΒΒᾹΤΙΞΒΑΜ
894 2472 1207 2495 ἘΟΝΤ15ἘΒΒΑῙᾸ)Ι
1226 2460 1254 2496 *-

455 2574 487 2608 l.
508 2576 711 2621 Lacrymas
739 2572 855 2622 magis
875 2585 989 2621 quam
1011 2572 1155 2609 litteras
1183 2572 1273 2609 dare
1294 2572 1398 2610 libet.

397 2636 441 2667 8(
437 2631 468 2666 d
490 2632 616 2680 quoni
611 2645 668 2667 un
686 2631 733 2668 ad
752 2640 928 2668 nentium
950 2632 1063 2681 inops
1085 2641 1141 2669 cst
1161 2632 1204 2668 cl]
1210 2633 1344 2679 aritas;
1363 2642 1401 2669 et

400 2692 464 2726 lias
498 2701 650 2741 ‹›por:t‹t
688 2692 797 2737 duc,
832 2700 870 2728 et
901 2693 982 2728 illas
1009 2705 1086 2728 non
1109 2693 1313 2729 omitteie:

398 2750 529 2796 mnis,
548 2752 627 2788 illas
651 2752 761 2797 mihi,
789 2760 826 2788 et
847 2753 992 2801 pusillis
1020 2753 1147 2789 multis
1174 2753 1247 2789 mei
1273 2754 1405 2790 simili—

399 2810 487 2855 bus,
517 2811 581 2859 qui
605 2811 917 2849 scandalizantur.
950 2813 1081 2850 Dicitis
1116 2813 1271 2850 forsitan
1296 2827 1405 2850 scan-

402 2870 528 2905 dalum
558 2884 632 2905 non
657 2884 736 2906 csse
760 2885 828 2919 per
843 2885 923 2908 ros.
939 2873 1131 2921 Numquid
1155 2882 1316 2923 propter
1337 2888 1405 2911 vos

398 2942 478 2965 csse
501 2928 709 2976 negabitis?
729 2930 847 2966 Facile
864 2939 998 2967 caetera
1017 2941 1209 2980 portarem
1225 2961 1234 2977 ‚
1255 2941 1402 2970 tantum

399 3001 466 3023 κως,
495 3000 572 3023 non
599 2988 728 3023 essetis
759 2988 794 3023 in
819 3002 940 3025 causa.
964 2993 1056 3026 Nam
1083 2991 1120 3026 in
1145 2992 1257 3042 culpa
1275 2992 1402 3030 dicere

399 3060 477 3083 non
498 3046 632 3082 audeo.
667 3050 750 3083 Mn
770 3055 825 3082 cst
846 3061 970 3084 meum
994 3048 1182 3087 discutere
1214 3051 1286 3093 lioc
1314 3068 1321 3089 :
1347 3061 1403 3090 cst

399 3107 464 3156 qui
481 3114 627 3155 quaerat
649 3114 686 3142 et
702 3104 858 3153 judicet.
884 3110 947 3143 Yce
965 3107 1109 3144 homini
1130 3110 1182 3146 illi
1203 3124 1272 3159 per
1287 3125 1401 3160 quem

398 3166 616 3203 scandalum
659 3166 784 3212 venit3
810 3165 995 3215 judicium
1031 3170 1202 3217 profecto
1234 3173 1402 3220 portabit

447 3299 452 3311 ¹
476 3292 766 3328 Manli.x111‚='·l.
793 3310 827 3313 -*
850 3298 860 3312 ²
880 3291 1015 3322 natm-h.
1038 3303 1073 3327 ιι,
1111 3295 1139 3323 7.

443 3361 455 3371 -·
479 3355 493 3379 x
509 3351 556 3382 ide
574 3354 667 3382 N'utas
681 3351 717 3381 ad
733 3351 893 3393 epistulam
915 3354 988 3382 ΗΠ.

1461 1989 1575 2025 quam
1593 1975 1720 2012 nescio
1735 1974 1934 2025 quomodo
1949 1976 2011 2012 vel
2023 1975 2294 2012 conscientiam
2308 1983 2469 2013 vestram

1463 2048 1544 2072 esse
1563 2036 1600 2071 in
1624 2044 1707 2072 tuto
1741 2034 1934 2072 confiditis
1965 2035 2036 2072 sub
2070 2035 2144 2072 hoc
2175 2035 2366 2072 scandalo.
2396 2039 2470 2073 Nec

1464 2095 1565 2132 enim
1596 2104 1752 2133 excusat
1776 2109 1862 2142 vos,
1894 2095 2041 2132 etiamsi
2062 2096 2101 2132 in
2129 2096 2350 2145 quempiam
2380 2095 2470 2133 alte-

1466 2170 1551 2193 rum
1577 2156 1666 2206 jure
1700 2157 1852 2207 culpam
1878 2156 2091 2193 refunditis.
2122 2159 2213 2193 Esto
2237 2155 2340 2206 quod
2379 2155 2469 2194 alius

1467 2217 1634 2253 moverit
1659 2217 1878 2254 scandalum
1903 2232 1911 2254 :
1936 2217 2111 2267 profecto
2132 2229 2376 2267 compescere
2403 2225 2469 2254 vos

1467 2276 1638 2325 potestis.
1660 2277 1769 2314 Nolle
1789 2290 2033 2326 compescere
2045 2305 2054 2322 ,
2070 2277 2150 2313 sine
2171 2277 2282 2327 culpa
2299 2276 2395 2314 erit?
2408 2283 2471 2314 aut
2502 2304 2504 2310 ,

1465 2348 1559 2371 vero
1593 2349 1860 2386 compescere,
1899 2337 1978 2373 sine
2009 2337 2129 2386 gloria
2160 2337 2255 2374 erit?
2279 2337 2419 2374 Malum
2440 2335 2469 2374 si

1467 2395 1697 2445 comprimas
1718 2404 1846 2442 tuum,
1868 2396 2109 2446 reputabitur
2126 2396 2192 2434 tibi
2210 2397 2256 2434 ad
2273 2396 2469 2447 justitiamg

1467 2455 1498 2491 si
1518 2455 1704 2502 alienum,
1737 2456 1784 2493 ad
1811 2457 1982 2506 gloriam.
2005 2457 2246 2507 Quicumque
2277 2455 2471 2495 auctorsit
2498 2478 2522 2493 2v

1468 2515 1657 2561 scandali,
1683 2529 1704 2552 a
1737 2515 1847 2553 vobis
1871 2516 2102 2553 omnimodis
2121 2517 2286 2567 exigitur
2309 2516 2389 2553 tolli
2406 2530 2415 2553 :
2434 2522 2471 2552 et
2499 2540 2501 2542 v

1470 2576 1507 2612 in
1528 2588 1574 2611 eo
1595 2576 1680 2612 loco
1701 2585 1921 2614 excusatum
1949 2576 2131 2624 dicimus,
2153 2578 2184 2614 si
2207 2590 2284 2614 non
2305 2574 2468 2627 potestis.

1467 2640 1524 2673 An
1564 2649 1642 2672 non
1671 2636 1836 2686 denique
1866 2637 2117 2674 ministerium
2140 2646 2195 2674 est
2222 2637 2469 2686 Angelorum,
2496 2658 2499 2670 ι

1335 2662 1404 2730 lias
1422 2700 1454 2733 D
1472 2696 1604 2732 tollere
1627 2697 1802 2733 scandala
1830 2697 1876 2733 de
1911 2710 2028 2746 regno
2059 2697 2185 2734 Dei¹?
2213 2697 2249 2736 Si
2281 2695 2469 2741 dixeritis,
2496 2702 2498 2706 '

2323 2750 2471 2792 :Labia
2495 2776 2498 2783 ·

1471 2755 1570 2803 Quid
1590 2755 1636 2792 ad
1662 2757 1757 2793 nos?
1778 2770 1820 2793 ar
1822 2765 1910 2806 guct
1933 2770 2003 2793 vos
2025 2757 2086 2793 illa
2106 2757 2291 2794 sententia

1470 2818 1672 2851 sacerdotis
1691 2819 1906 2852 custodiunt
1924 2821 2118 2853 scientiam
2130 2846 2139 2861 ,
2162 2826 2199 2852 et
2218 2820 2333 2865 legem
2351 2816 2470 2864 rt'qm'-

1474 2885 1560 2912 runt
1586 2878 1632 2911 (le
1666 2890 1729 2912 ore.
1760 2882 1862 2923 (jas,-

1472 2936 1510 2972 Si
1531 2949 1622 2985 ergo
1642 2936 1715 2973 hoc
1735 2937 1980 2983 scandalum,
2003 2949 2089 2973 cum
2108 2937 2278 2988 possitis,
2300 2947 2376 2972 non
2399 2931 2470 2970 tol-

1892 2879 2051 2926 angellis
2077 2882 2175 2913 enim
2206 2880 2356 2913 ΒΟΙΙΙΙΠΙ
2381 2878 2468 2910 051².

2493 2874 2522 2907 'l

2492 2940 2518 2991 ιδ

1470 2997 1565 3041 litis;
1587 2997 1698 3047 plane
1721 3011 1798 3034 non
1819 2997 1987 3047 impletis
2007 2997 2258 3037 ministerium
2278 3004 2469 3033 vestrum·
2491 2958 2520 3041 ,l

1469 3056 1574 3105 quod
1607 3057 1762 3106 quidem
1790 3071 1837 3094 an
1869 3058 1973 3095 nulla
2001 3057 2048 3094 sit
2082 3057 2215 3107 culpa,
2240 3068 2310 3092 vos
2327 3053 2471 3104 judiea-
2504 3053 2520 3075 ⁷*

1469 3115 1570 3153 bitis.
1608 3120 1688 3166 Ego
1716 3131 1808 3155 velo
1835 3131 1905 3155 nec
1929 3118 2003 3155 hoc
2033 3118 2208 3156 sufficere
2233 3114 2411 3160 dixerim,
2439 3110 2469 3149 εἰ

1470 3189 1547 3213 non
1572 3185 1609 3214 et
1628 3177 1817 3215 hononilh
1810 3178 1903 3216 atis.

1033 3371 1053 3373 ᾈ
1076 3352 1090 3371 ¹>
1103 3353 1220 3394 Scripta
1236 3355 1315 3386 ‹in-ca
1335 3368 1450 3389 annuum
1471 3364 1479 3390 l
1494 3363 1503 3391 1
1516 3363 1570 3391 ³¹0.
