2517 3936
30 166 32 169 ’
65 160 133 199 721

62 234 246 278 vantiam,
268 243 381 280 quam
403 242 425 266 a
443 240 504 264 me
525 228 625 264 intra
643 235 745 263 tuam
770 226 901 262 cellam
933 223 1088 274 requi-⁵

64 297 194 337 sien-as,
217 305 259 329 ac
280 289 589 327 muliercularum
612 286 822 336 colloquia,
840 299 924 336 quae
945 294 983 322 et
1000 285 1067 322 tibi
1085 284 1115 317 Α

63 355 236 394 videlicet
257 365 277 388 a
299 364 358 387 me
379 349 590 387 recordaris
612 349 724 384 fuisse
746 347 938 397 prohibita
952 376 961 393 ‚
986 360 1068 382 mea

65 414 211 455 licentia
231 412 352 462 possis
379 409 580 447 admittere
602 423 610 444 t
638 421 724 457 quae
750 407 881 456 utique
908 414 1067 456 propter

64 474 248 526 inopiam,
265 479 307 508 ut
327 470 478 515 scribis,
495 482 573 505 non
592 477 700 518 potes
714 467 868 504 evitare.
889 470 969 515 Ego
982 465 1060 515 jam

65 536 203 576 nullam
221 545 338 582 super
359 540 393 567 te
417 543 563 579 usurpo
585 529 676 566 mihi
703 536 943 579 potestatem.
966 530 1068 564 Con-

65 595 185 635 silium
207 592 273 630 tibi
302 591 409 637 dedi,
438 604 518 628 non
545 597 805 639 praeceptum,
833 600 985 637 semper
1011 587 1069 622 vel

65 655 175 696 semel
194 654 233 691 in
255 652 314 690 die
335 651 536 689 comedere
554 666 563 696 3
587 650 814 686 feminarum
834 648 1071 685 visitationes

65 716 124 754 vel
142 713 332 763 colloquia
349 712 507 748 omnino
525 723 602 747 non
620 709 841 755 admittere3
864 717 1014 745 tuarum
1035 717 1070 744 te

65 787 179 828 opere
199 785 379 810 manuum
398 779 630 815 sustentare,
655 770 852 819 multaque
873 769 964 815 alia,
986 782 1071 818 quae

66 837 216 886 longum
238 842 295 871 est
320 832 436 869 modo
465 844 782 869 commemorare.
805 829 919 878 Quod
944 829 974 866 si
996 829 1071 865 hu—

61 895 227 950 J'usmodi
247 902 423 945 sumptus
448 906 691 943 nequaquam
715 891 782 928 tibi
804 891 851 928 ad
876 905 974 941 opus
997 899 1072 927 tam

66 965 327 1008 sumptuosum
352 963 557 1005 suppetere
581 967 780 1000 cerneres3
800 966 879 990 non
911 952 1072 989 deberes

66 1018 230 1069 incipere
242 1015 346 1066 quod
362 1029 631 1053 consummare
646 1028 722 1051 non
743 1027 886 1065 posses.
904 1018 985 1051 Hoc
1003 1012 1070 1049 tibi
1089 1016 1118 1050 B

67 1086 187 1117 tutum
212 1075 357 1114 credidi
377 1076 579 1113 consilium
603 1090 610 1111 :
632 1075 706 1111 hoc
726 1088 795 1111 nec
816 1087 901 1110 meo
929 1072 1077 1122 cogeris

70 1145 193 1176 tenere
211 1143 425 1187 praecepto,
445 1149 516 1172 nec
538 1144 665 1172 tamen
692 1147 778 1171 meo
801 1132 965 1170 mutabis
987 1145 1076 1169 con-

70 1198 161 1237 silio.
177 1197 281 1236 Vale.

71 1325 188 1337 umus
192 1325 233 1335 tw
237 1323 697 1335 msum===m==u5==*m=v=====
701 1323 757 1333 §sss
761 1323 873 1332 ιιιιςιιι
877 1322 901 1331 ιι
905 1322 914 1331 ι
919 1322 960 1331 ιιι
964 1322 975 1331 ι
980 1322 988 1331 ι
992 1322 1017 1331 ιι
1022 1322 1047 1331 ιι
1051 1322 1076 1331 ιι

251 1434 630 1493 EPISTOLA
680 1430 876 1492 CDVJ'

348 1619 352 1623 Α
406 1593 454 1616 ΑΒ
483 1593 519 1616 o.
549 1593 736 1617 ABBATEM.

71 1711 169 1746 tratri
181 1711 304 1744 cuidam
319 1712 358 1744 ad
374 1711 544 1744 vivendum
556 1722 645 1743 more
658 1711 890 1743 communitatis
905 1716 952 1742 sat
971 1709 1084 1741 virium

536 1778 615 1799 esse.

72 1864 234 1964 Doiini'ino
248 1868 295 1906 G.
317 1865 468 1914 abbati,
490 1867 606 1904 frater
622 1871 873 1911 Bnamnnus,
893 1862 1081 1915 quidquid

123 1939 141 1964 s
181 1940 204 1964 1.

124 2046 224 2086 scito
249 2048 405 2087 fratrem
439 2052 486 2089 G.
523 2062 570 2087 ex
603 2063 682 2100 quo
712 2049 821 2087 venit
852 2047 899 2084 de
933 2045 1078 2091 Crista,

36 2114 39 2170 J
73 2105 138 2146 ubi
161 2108 412 2147 medicamina
435 2110 615 2161 sumpsit,
635 2112 877 2148 Conventum
904 2120 974 2158 per
995 2120 1079 2143 om-

74 2167 156 2217 nia,
168 2177 348 2220 tanquam
368 2184 490 2208 unum
511 2171 559 2208 de
577 2169 829 2208 validioribus
842 2199 851 2215 ‚
866 2167 1079 2205 firmissime

23 2257 29 2261 -
75 2230 252 2278 tenuisse,
278 2245 349 2269 nec
374 2233 409 2269 ei
428 2233 640 2283 quidquam
661 2232 700 2268 in
722 2229 912 2268 alimentis
939 2235 1080 2278 praeter

75 2290 177 2341 quod
193 2304 398 2330 commune
422 2293 516 2340 fuit,
537 2292 732 2330 indultum
753 2291 887 2337 fuisse;
909 2288 957 2326 ad
979 2288 1078 2338 vigi-

75 2349 140 2388 lias
163 2349 307 2402 jugiter
322 2367 415 2406 ‚cum
449 2354 531 2391 aliis
562 2353 762 2391 exstitisse.
782 2355 840 2389 Ex
859 2351 932 2387 hoc
947 2348 1027 2399 jam
1049 2348 1079 2385 si

76 2411 181 2450 aliter
209 2413 312 2464 apud
344 2428 415 2452 vos
449 2415 590 2465 egerit,
623 2427 702 2451 non
735 2413 769 2450 ei
805 2411 1078 2449 consentiatur.

77 2473 225 2511 Certum
242 2475 343 2512 enim
363 2475 411 2513 sit
428 2474 560 2523 vobis,
580 2488 658 2512 non
678 2487 759 2512 esse
777 2471 951 2523 corporis
971 2470 1081 2520 aegri-

80 2532 268 2582 tudinem,
290 2535 356 2573 sed
377 2536 513 2574 animae
536 2536 767 2586 passionem.
789 2533 892 2571 Vale.

78 2671 589 2686 “mmumwmussuuvmmu
594 2673 882 2685 ιιιινινινιιιννιςνινκ
886 2671 1055 2683 Ὰῑιιιιινιιι
1059 2671 1086 2680 ιν

262 2784 638 2849 EPISTOLA
709 2778 936 2848 CDVI.¹'

288 2952 337 2974 AD
362 2952 527 2975 ABBATI-:M
554 2950 855 2975 SANCTI-NICOLAI
862 2966 868 2974 .

83 3058 306 3098 Dulcissimo
333 3062 457 3100 amico
484 3071 521 3100 et
551 3061 729 3099 coabbati
751 3075 820 3099 suo
850 3062 896 3098 de
929 3064 1087 3100 Sancto-

128 3207 143 3224 a
157 3206 256 3234 Antea
266 3204 398 3246 epistola
415 3207 493 3236 346.
510 3224 552 3228 -—
569 3197 584 3219 ἦ
601 3204 740 3247 Epistola
754 3215 846 3236 nova.

971 149 1233 185 EPISTOLAE.

1095 222 1125 240 80

1133 1045 1365 1054 ======-==z===vx=

2071 146 2145 183 722

1189 223 1346 260 Nicolao
1364 230 1377 245 ⁶
1393 252 1402 269 ,
1426 224 1542 259 frater
1565 227 1792 260 Benumncs
1816 223 1864 258 de
1887 223 2142 268 Clara-Valle,

1189 283 1366 333 spiritum
1392 282 1554 331 pietatis.

1190 403 1320 440 Hostis
1347 402 1485 441 Christi
1513 400 1688 439 diabolus
1719 401 1806 437 fecit
1834 414 1981 437 morem
2015 414 2145 446 suum,

1136 463 1355 501 seducendo
1387 463 1633 499 christianum
1658 476 1665 497 :
1695 474 1764 497 nos
1784 474 1938 510 quoquc
1953 489 1962 506 ,
1984 460 2030 496 ad
2051 474 2147 509 quos

1138 526 1236 561 forte
1263 524 1437 570 devenit,
1468 523 1738 568 nibilominus,
1771 530 1888 571 prout
1925 521 2147 570 potuimus,

1139 585 1296 621 fecimus
1316 593 1489 622 nostrum
1503 614 1512 630 ,
1534 583 1762 633 corrigendo
1783 582 1995 619 seductum.
2015 584 2146 617 Restat

1138 646 1286 695 itaque,
1315 654 1357 682 ut
1386 654 1425 682 et
1449 658 1540 691 vos,
1569 644 1673 694 quod
1695 652 1864 680 vestrum
1884 650 1959 688 est,
1982 640 2125 677 faciatis
2141 669 2150 686 ,

1139 705 1382 756 suscipiendo
1412 713 1648 752 correctum3
1678 712 1716 741 et
1744 704 1796 740 sic
1823 715 1955 739 omnes
1980 701 2019 737 in
2048 713 2153 737 com-

1140 766 1245 803 muni
1270 779 1487 816 speremus,
1510 770 1633 803 Deum
1656 765 1770 801 ctiam
1792 761 2025 813 quandoque
2047 759 2152 810 quod

1140 839 1250 863 suum
1268 835 1324 863 est
1343 827 1532 863 facturum
1549 855 1558 872 ‚
1581 824 1824 862 redditurum
1843 822 1986 860 scilicet
2006 819 2155 858 unicui-

1141 901 1216 937 que
1238 887 1447 925 secundum
1469 900 1588 937 opera
1605 899 1683 923 sua.

1369 1045 1538 1054 nn========
1543 1044 1567 1052 ις
1572 1041 1861 1053 Μαιηηυκικιιῑνικνια
1866 1036 2152 1049 ιινιυινιν-νινοςυυῡι-

1305 1154 1680 1217 EPISTOLA
1749 1140 2004 1211 CDVII.d

1323 1332 1370 1354 AD
1389 1330 1547 1354 onosma
1567 1328 1735 1352 ΛΒΒΑΤΕΜ
1752 1324 1980 1350 BELLl-Locx.

1192 1460 1306 1490 Monet
1318 1454 1496 1498 depositum
1511 1451 1644 1496 pauperi
1660 1451 1726 1483 sine
1746 1449 1895 1481 dilatione
1907 1445 2115 1479 reddendum.

1150 1585 1272 1625 Fratri
1299 1593 1338 1621 et
1359 1583 1481 1621 amico
1509 1594 1578 1618 suo
1605 1584 1755 1625 01:051,
1779 1577 1908 1614 abbati
1929 1574 2160 1626 regularium

1203 1645 1432 1689 clericorum
1475 1641 1599 1679 Belli·
1615 1640 1722 1685 Loci,
1761 1639 1876 1674 frater
1909 1640 2161 1680 Bmxmnus,

1204 1704 1428 1743 monasterii
1439 1701 1692 1742 Clarae-Vallis
1709 1699 1950 1749 dispensator
1966 1696 2161 1746 indignus,

1205 1768 1379 1806 salutem.

1202 1905 1431 1957 Depositum
1450 1901 1565 1952 liujus
1580 1899 1747 1938 hominis
1760 1927 1769 1945 ,
1784 1895 1909 1948 quod,
1931 1903 1974 1932 ut
1993 1895 2073 1945 ipse
2090 1893 2161 1939 ait,

1151 1967 1253 2019 apud
1268 1980 1336 2004 vos
1357 1963 1588 2004 servandum
1603 1959 1815 2005 commisit,
1842 1971 1912 1994 nec
1938 1956 2084 1993 bonum
2107 1962 2162 1991 est

1151 2028 1281 2074 vobis,
1306 2040 1377 2064 nec
1403 2024 1660 2062 honorificum
1692 2020 1799 2071 quod
1827 2017 2030 2062 detinetis,
2053 2015 2083 2052 si
2104 2023 2161 2051 ta-

1150 2102 1238 2126 men
1260 2086 1438 2125 detinetis
1453 2086 1482 2122 *.
1503 2085 1601 2122 Hinc
1622 2083 1724 2120 enim
1746 2080 2016 2131 deplanctume
2038 2075 2085 2113 ad
2103 2088 2162 2111 me

1148 2152 1271 2187 facere
1290 2148 1414 2194 venit,
1430 2147 1563 2196 utique
1584 2152 1747 2196 propter
1767 2140 1990 2178 familiarem
2011 2136 2160 2187 specia-

1146 2212 1298 2260 lemque
1321 2208 1549 2253 amicitiam,
1577 2218 1691 2256 quam
1722 2203 1820 2240 inter
1848 2214 1908 2238 me
1933 2208 1970 2236 et
1989 2211 2058 2235 vos
2079 2210 2158 2234 esse

1146 2271 1304 2309 audivit.
1326 2274 1382 2308 De
1409 2282 1484 2319 qua
1504 2268 1618 2304 etiam
1640 2266 1722 2316 ipse
1748 2274 2006 2314 praesumens,
2028 2258 2075 2296 ad
2096 2271 2159 2294 re-

1146 2331 1357 2369 verentiam
1386 2328 1498 2366 vobis
1526 2328 1636 2373 dieo,
1667 2338 1784 2376 quare
1807 2322 1886 2361 non
1916 2321 2044 2372 potius
2067 2318 2160 2355 cali—

1148 2406 1230 2430 cem
1263 2391 1310 2428 de
1343 2389 1452 2427 altari
1478 2386 1724 2431 vendidistis,
1755 2397 1832 2435 quo
1870 2391 1946 2419 tam
1974 2381 2161 2430 importu-

1148 2466 1242 2490 num
1274 2452 1479 2489 clamorem
1505 2446 1784 2498 reprimeretis,
1809 2444 1839 2481 si
1858 2442 1929 2479 bos
1951 2441 2012 2477 vel
2040 2451 2161 2490 equus

1149 2528 1229 2552 non
1260 2520 1342 2550 erat
1372 2510 1482 2548 vobis
1514 2510 1579 2560 qui
1609 2504 1837 2544 venumdari
1870 2509 2025 2553 posset,
2059 2507 2101 2536 ut
2131 2499 2162 2535 is

1102 2579 1136 2613 D
1155 2575 1260 2626 quod
1293 2587 1403 2611 suum
1435 2579 1537 2616 erat,
1565 2568 1774 2619 reciperet?
1806 2564 1979 2609 Parcite,
2007 2574 2136 2611 quaeso
2153 2588 2162 2605 ‚

1153 2647 1329 2685 personae
1359 2640 1518 2674 vestrae,
1547 2629 1692 2680 parcite
1720 2626 1824 2663 bono
1856 2622 2003 2660 nomini
2029 2620 2166 2657 domus

1153 2703 1310 2740 vestrae,
1335 2692 1479 2743 parcite
1500 2702 1616 2728 sacrae
1632 2718 1641 2736 ‚
1663 2701 1748 2738 quae
1775 2698 1878 2722 nunc
1898 2690 1974 2728 est,
1994 2680 2168 2729 Quadra—

1155 2756 1330 2806 gesimae3
1350 2761 1387 2790 et
1406 2750 1591 2802 pauperi,
1613 2747 1718 2798 quod
1738 2747 1818 2784 sine
1839 2742 2084 2781 excusatione
2102 2740 2169 2776 de-

1154 2817 1287 2862 betur,
1318 2815 1398 2852 sine
1430 2812 1613 2850 dilatione
1646 2807 1852 2853 reddatur,
1876 2812 2081 2852 antequam
2110 2813 2169 2837 res

1154 2878 1319 2927 amplius
1351 2874 1592 2923 divulgetur,
1622 2868 1762 2918 etjam
1803 2880 1883 2905 non
1914 2866 1995 2902 sine
2034 2861 2169 2911 majori

1154 2939 1341 2976 dedecore
1362 2935 1617 2987 persolvatur.

129 3260 143 3272 ‘'
161 3255 255 3287 Haud
270 3256 366 3288 dubie
383 3258 501 3290 Simoni
518 3257 625 3289 abbati
644 3258 826 3289 monasterii
841 3257 1081 3290 Sancti-Nicolai
1103 3257 1133 3288 in
1150 3257 1227 3287 silxa
1241 3254 1376 3296 leogii
1390 3278 1399 3290 ,
1415 3253 1454 3284 ad
1469 3262 1562 3295 quem
1582 3250 1719 3293 epistolae
1739 3252 1779 3279 83
1798 3252 1827 3277 et
1843 3248 1859 3275 8
1874 3247 1897 3274 ὃ.

131 3308 144 3327 '¹
160 3313 260 3340 Antea
274 3310 401 3352 epistola
418 3315 495 3344 3¹¹8.
517 3331 559 3334 ψ
574 3318 587 3330 ⁹
605 3312 818 3354 Deplangere,
836 3313 967 3343 multum
986 3311 1132 3354 plangere
1147 3323 1153 3349 ;
1173 3311 1376 3351 deplanctus,
1400 3306 1532 3348 querelae
1547 3305 1660 3335 multa*-
