2517 3920
349 212 448 250 1295

1116 215 1152 250 S.
1183 213 1436 250 BERNARDI
1463 213 1666 249 ABRATIS

2329 216 2426 254 129ss

347 292 412 326 des
423 318 434 335 ‚
447 295 626 339 quoniam
643 294 714 340 ipsi
730 292 1028 327 misericordiam
1043 300 1318 340 consequentur
1330 289 1414 327 ¹:³⁶⁶
1425 289 1606 340 operibus
1650 288 1918 326 misericordiae
1960 289 2171 327 insistendo
2182 320 2192 338 ,
2225 293 2429 332 mundatur

348 353 394 387 Et
419 351 480 388 hic
505 359 562 388 est
589 351 780 388 secundus
801 351 939 401 gradus
965 352 1155 397 veritatis,
1174 366 1251 401 quo
1272 364 1354 388 eam
1371 352 1404 384 A
1418 350 1550 386 oculus
1571 350 1714 397 cordis,
1737 349 1797 386 cui
1814 363 1852 386 se
1878 350 1916 386 in
1939 349 1996 386 sui
2022 350 2188 400 puritate
2206 353 2353 390 Veritas
2373 355 2421 392 vi>

348 410 388 447 in
407 412 592 461 proximis
607 413 825 463 inquirunt3
843 412 932 449 dum
956 412 1002 449 de
1020 413 1096 450 suis
1110 413 1270 449 aliorum
1289 424 1358 448 ne-

350 471 541 509 cessitates
558 473 785 523 exquirunt;
803 472 894 509 dum
911 486 958 509 ex
976 473 1022 510 iis
1039 486 1124 522 quae
1144 472 1357 523 patiuntur,

350 531 586 580 patientibus
605 533 771 584 compati
787 533 921 570 sciunt.

704 681 881 720 CAPUT
910 682 984 720 VI.

407 817 531 849 Tertius
547 816 827 859 gradus‘veritatis,
844 816 997 848 mundare
1010 817 1133 848 oculum
1148 816 1250 848 cordis
1263 816 1303 847 ad

571 872 811 913 contemplanda
827 872 964 903 coelestia
980 878 1010 903 et
1024 871 1141 903 diviua.

408 1013 466 1049 19.
489 1015 532 1049 In
553 1012 608 1049 his
633 1025 724 1062 crgo
744 1011 865 1050 tribus
888 1025 973 1062 quce
999 1011 1098 1049 dicta
1118 1020 1229 1058 sunt,
1248 1012 1286 1048 id
1304 1021 1360 1049 est

1425 408 1588 445 dendam
1622 409 1842 459 promittit:
1866 411 1978 445 Beati
2011 412 2149 445 mundo
2183 413 2312 456 corde,
2339 427 2431 462 quo-

1425 474 1529 505 niam
1549 474 1623 519 ipsi
1637 472 1757 505 Deum
1776 469 1991 506 videbunt&
2009 472 2102 507 Cum
2120 470 2196 507 sint
2212 471 2339 521 itaque
2357 481 2432 511 tres

1427 530 1566 581 gradus
1585 543 1651 567 seu
1671 538 1790 566 status
1812 529 2001 576 veritatis,
2017 529 2063 566 ad
2081 530 2249 580 primum
2265 533 2433 571 ascendi-

1428 605 1512 628 mus
1532 605 1601 641 per
1617 590 1787 628 laborem
1808 590 2049 637 humilitatis,
2068 590 2115 628 ad
2136 591 2347 630 secundum
2364 608 2433 645 per

1428 653 1606 689 affectum
1635 652 1930 703 compassioniS,
1959 651 2006 688 ad
2037 652 2188 689 tertium
2216 666 2288 703 per
2308 668 2433 693 exces—

1426 727 1509 751 sum
1527 714 1874 764 contemplationis.
1890 717 1932 751 In
1951 714 2078 763 primo
2092 714 2232 751 veritas
2245 716 2434 766 reperitur

1427 787 1580 820 severa3
1606 774 1645 810 in
1673 774 1859 819 secundo,
1889 773 1973 824 pia3
2000 774 2039 810 in
2071 773 2204 821 tertio,
2233 788 2342 825 pura.
2374 776 2432 824 Ad

1428 833 1596 882 primum
1626 834 1723 870 ratio
1755 833 1876 880 ducit,
1905 846 1979 883 qua
2010 846 2080 870 nos
2114 833 2359 882 discutimus;
2386 836 2432 874 ad

1429 893 1639 930 secundum
1667 894 1826 931 affectus
1850 893 2046 944 perducit,
2069 907 2149 944 quo
2176 894 2260 932 aliis
2280 896 2433 934 misere-

1427 966 1532 999 mur3
1550 953 1596 990 ad
1618 954 1774 990 tertium
1794 954 1940 1004 puritas
1962 953 2079 1003 rapit,
2102 967 2178 1004 qua
2198 954 2246 991 ad
2263 955 2433 993 invisibi-

1429 1013 1477 1051 lia
1493 1013 1752 1051 sublevamur.

348 1071 386 1107 in
415 1071 521 1108 luctu
551 1073 806 1123 poenitentiae‚
833 1073 870 1109 in
906 1072 1094 1109 desiderio
1124 1071 1301 1122 justitiae,
1320 1073 1359 1109 in
1380 1077 1408 1111 B

349 1130 532 1180 operibus
557 1133 826 1170 misericordiae
850 1134 881 1169 si
903 1141 1170 1184 perseverant,
1197 1146 1218 1170 a
1238 1132 1360 1170 tribus

347 1192 648 1241 impedimentis,
675 1207 759 1243 quae
781 1203 845 1230 aut
865 1194 1100 1244 ignorantia,
1118 1202 1183 1230 aut
1201 1193 1358 1230 infirmi-

349 1260 441 1299 tate,
481 1262 546 1289 aut
580 1254 708 1291 studio
743 1263 1040 1301 contraxerunt,
1080 1254 1206 1291 cordis
1238 1255 1356 1291 aciem

346 1312 552 1361 mundant,
569 1328 646 1364 quo
664 1328 734 1365 per
750 1315 1114 1366 contemplationem
1135 1315 1181 1352 ad
1203 1315 1357 1352 tertium

346 1373 516 1411 veritatis
546 1375 705 1425 gradum
737 1385 1015 1426 pertranseant.
1039 1380 1108 1414 Hae
1142 1385 1231 1414 sunt
1260 1376 1354 1422 viae,

347 1446 432 1482 quae
457 1434 638 1472 videntur
656 1436 879 1473 hominibus
905 1435 1038 1482 bonae,
1061 1437 1135 1474 illis
1169 1437 1357 1473 duntaxat

346 1494 537 1544 exceptis,
559 1496 624 1544 qui
652 1496 831 1533 laetantur
865 1511 951 1534 eum
983 1497 1082 1534 male
1117 1497 1300 1544 fecerint,
1320 1506 1357 1534 et

345 1553 536 1590 exsultant
563 1555 603 1591 in
630 1555 745 1594 rebus
762 1557 970 1607 pessimi52,
993 1571 1034 1594 ae
1057 1571 1095 1595 se
1124 1557 1170 1595 de
1191 1558 1356 1594 infirmi-

347 1620 422 1649 tate
447 1615 507 1651 vel
526 1614 739 1665 ignorantia
757 1625 889 1667 tegunt
909 1617 956 1655 ad
979 1618 1213 1656 excusandas
1235 1632 1354 1655 excu-

347 1673 512 1710 sationes
538 1675 577 1711 in
611 1675 812 1725 peccatis³.
842 1678 915 1715 Sed
946 1679 1085 1716 frustra
1114 1678 1186 1716 sibi
1211 1679 1257 1716 de
1294 1679 1355 1716 in-

299 1764 302 1767 .
346 1733 543 1781 firmitate,
576 1737 636 1772 vel
670 1737 886 1786 ignorantia
915 1738 1181 1785 blandiuntur,
1216 1740 1281 1789 qui
1312 1748 1354 1776 ut

344 1791 501 1830 liberius
532 1804 710 1845 peccent,
739 1797 902 1835 libenter
930 1799 1132 1848 ignorant,
1156 1800 1215 1836 vel
1244 1800 1354 1837 infir-

1779 1141 1957 1180 CAPUT
1987 1141 2087 1181 Vll.

1424 1264 1592 1306 Quomodo
1605 1269 1710 1295 saneta
1729 1263 1868 1295 Trinitas
1878 1263 1936 1294 hos
1949 1269 2011 1295 tres
2024 1263 2161 1296 veritatis
2174 1263 2287 1306 gradus
2299 1264 2331 1296 in
2343 1264 2434 1297 uobis

1853 1323 2011 1360 operetur.

1489 1438 1552 1476 20.
1573 1438 1783 1476 Interlucet
1800 1438 1862 1476 hic
1885 1438 1977 1475 mihi
1996 1438 2093 1476 mira
2111 1438 2286 1489 quaedam
2309 1453 2352 1477 ac
2371 1441 2432 1478 di·

1423 1499 1502 1536 visa
1519 1499 1727 1536 individuae
1746 1499 1940 1536 Trinitatis
1960 1499 2134 1549 operatio
2147 1527 2157 1546 ‚
2175 1499 2206 1537 si
2222 1513 2300 1549 quo
2317 1501 2433 1538 modo

1423 1569 1549 1597 tamen
1567 1559 1614 1596 ab
1634 1560 1790 1597 homine
1809 1559 1963 1597 sedente
1982 1560 2022 1596 in
2043 1558 2211 1597 tenebris
2230 1560 2435 1599 ineffabilis

1422 1620 1488 1657 illa
1509 1620 1631 1670 possit
1651 1620 1736 1670 capi
1762 1620 2054 1670 cooperantium
2083 1619 2155 1657 sibi
2181 1633 2430 1670 personarum

1421 1680 1569 1717 divisio.
1591 1684 1634 1717 In
1656 1681 1782 1730 primo
1803 1679 1989 1729 siquidem
2010 1680 2130 1730 gradu
2151 1681 2290 1728 Filius,
2310 1681 2350 1717 in
2371 1695 2429 1719 se-

1421 1740 1549 1777 cundo
1581 1740 1744 1791 Spiritus
1777 1750 1952 1787 sanctus,
1972 1741 2011 1778 in
2048 1741 2160 1778 tertio
2195 1741 2290 1778 mihi
2321 1745 2433 1779 Pater

1421 1801 1573 1851 operari
1593 1801 1758 1838 videtur.
1777 1801 1842 1838 Vis
1872 1801 2005 1838 audire
2027 1801 2111 1839 Filii
2140 1801 2432 1852 operationem?

345 1860 510 1890 mantur.
549 1858 663 1892 Putas
679 1884 689 1901 ,
723 1857 850 1906 primo
882 1858 1029 1895 homini
1066 1859 1232 1909 profuit,
1267 1860 1355 1897 licet
1372 1867 1399 1902 C
1422 1862 1461 1898 Si
1482 1877 1569 1912 ego,
1587 1862 1731 1912 inquit,
1751 1865 1822 1897 lavi
1841 1861 1949 1898 vobis
1963 1863 2078 1910 pedes
2094 1865 2280 1899 Dominus
2297 1871 2333 1898 et
2345 1877 2430 1899 ma-

345 1912 427 1961 ipse
451 1926 529 1949 non
557 1914 720 1953 libenter
744 1918 938 1967 peccavit,
961 1919 1067 1969 quod
1092 1933 1130 1957 se
1153 1934 1224 1971 per
1251 1934 1352 1958 uxo-

346 1986 446 2018 rem,
470 1981 651 2024 tanquam
679 1990 749 2026 per
773 1979 897 2016 carnis
916 1980 1196 2028 infirmitatem,
1224 1981 1353 2018 defen-

347 2032 402 2069 dit
416 2033 460 2069 4?
482 2042 547 2070 aut
563 2036 677 2085 primi
698 2040 876 2088 Martyris
898 2040 1149 2090 lapidatores,
1170 2043 1352 2091 quoniam

347 2106 457 2129 aures
505 2106 591 2132 suas
629 2098 954 2147 continuerunt5,
992 2114 1060 2151 per
1100 2102 1353 2151 ignorantiam

347 2153 582 2192 excusabiles
609 2158 746 2193 erunt?
771 2159 844 2206 Qui
865 2160 980 2210 igitur
1010 2161 1136 2199 studio
1163 2170 1201 2199 et
1225 2175 1356 2199 amore

345 2213 528 2261 peccandi
555 2227 576 2250 a
602 2216 761 2253 veritate
793 2231 831 2254 se
857 2221 1026 2257 sentiunt
1059 2222 1266 2269 alienatos,
1298 2223 1358 2259 in-

344 2272 524 2309 firmitate
558 2283 595 2310 et
629 2275 845 2325 ignorantia
886 2292 1060 2329 pressos3
1098 2282 1265 2319 studium
1315 2283 1354 2319 in

344 2332 546 2381 gemitum,
583 2348 752 2374 amorem
790 2338 830 2375 in
867 2352 1073 2378 moerorem
1107 2352 1351 2389 convertant,

343 2392 604 2432 infirmitatem
643 2398 767 2435 carnis
800 2399 951 2437 fervore
980 2400 1138 2450 justitiae
1176 2403 1353 2451 vincant,

344 2452 599 2501 ignorantiam
630 2455 855 2496 liberalitate
885 2461 1097 2510 repellant:
1119 2475 1166 2499 ne
1192 2463 1222 2499 si
1252 2476 1354 2500 nunc

344 2522 516 2562 egentem
532 2543 541 2560 ,
575 2516 715 2554 nudam
741 2527 779 2555 et
798 2519 990 2557 infirmam
1019 2523 1216 2560 veritatem
1248 2523 1355 2574 igno-

346 2581 450 2619 rant3
468 2588 554 2611 cum
583 2585 772 2626 potestate
801 2592 937 2629 magna
962 2589 999 2619 et
1026 2582 1167 2620 virtute
1195 2584 1354 2621 venien-

1415 1927 1542 1972 gister,
1560 1931 1700 1971 quanto
1721 1926 1843 1971 magis
1857 1931 1894 1957 et
1914 1935 1982 1958 vos
2005 1922 2144 1958 debetis
2164 1925 2264 1959 alter
2277 1926 2430 1960 alteritas

1420 1986 1544 2019 lavare
1559 1985 1677 2031 pedes
1691 1989 1720 2004 ¹⁰
1738 1984 1753 2018 ἐ’
1773 1981 1963 2019 Tradebat
1983 1982 2178 2033 discipulis
2197 1983 2421 2021 humilitatis

1421 2044 1582 2081 formam
1604 2043 1774 2081 veritatis
1793 2043 1986 2093 Magister,
2007 2057 2084 2093 qua
2104 2043 2142 2081 in
2162 2044 2290 2094 primo
2310 2044 2427 2094 gradu

1421 2105 1588 2155 primum
1601 2105 1654 2141 eis
1671 2104 1808 2141 veritas
1821 2104 2088 2145 innotesceret.
2100 2104 2264 2142 Attende
2279 2113 2316 2142 et
2332 2118 2429 2155 opus

1422 2165 1585 2215 Spiritus
1605 2165 1725 2202 sancti
1747 2179 1755 2201 ε
1781 2166 1953 2201 Charitas
1973 2167 2046 2201 Dei
2062 2163 2209 2214 dzssusa
2224 2169 2331 2202 estin
2347 2179 2428 2201 cor-

1422 2224 1531 2262 dibus
1548 2230 1680 2261 nostm's
1695 2239 1767 2274 per
1781 2227 1963 2274 sz'rittcm
1978 2235 2146 2262 sanctum
2165 2230 2232 2275 qui
2253 2227 2361 2262 datus
2378 2235 2430 2261 est

1422 2284 1527 2321 nobis
1539 2292 1546 2306 ¹
1557 2292 1564 2306 ¹
1574 2315 1581 2322 .
1593 2285 1762 2322 Charitas
1779 2286 1923 2336 quippe
1935 2285 2081 2323 donum
2098 2294 2154 2323 est
2169 2286 2332 2336 Spiritus
2347 2298 2429 2323 san-

1422 2346 1492 2392 cti,
1509 2360 1585 2396 qua
1606 2347 1647 2383 fit
1666 2355 1709 2384 ut
1729 2348 1794 2397 qui
1817 2346 1887 2383 sub
1906 2346 2106 2397 disciplina
2124 2346 2210 2385 Filii
2224 2360 2294 2397 per
2309 2346 2428 2384 humi-

1421 2407 1565 2445 litatem
1585 2407 1631 2445 ad
1652 2408 1820 2458 primum
1843 2421 1964 2458 usque
1984 2407 2145 2458 gradum
2166 2407 2336 2444 veritatis
2349 2405 2426 2456 jam

1420 2468 1689 2517 profecerunt,
1713 2468 1761 2505 ad
1788 2468 1999 2505 secundum
2028 2481 2098 2518 per
2126 2467 2426 2519 compassionem

1421 2528 1610 2578 proximi,
1631 2528 1702 2565 sub
1732 2529 1948 2578 magisterio
1969 2529 2132 2579 Spiritus
2157 2528 2279 2566 sancti
2294 2540 2428 2578 perve-

1421 2588 1538 2625 niant.
1561 2589 1662 2626 Audi
1678 2597 1716 2625 et
1736 2588 1782 2625 de
1799 2593 1929 2634 Patre,
1952 2591 2094 2625 Beatus
2123 2603 2174 2635 es,
2197 2590 2324 2625 Simon
2349 2590 2430 2623 Bar

348 2641 444 2679 tem,
466 2643 693 2684 terrentem,
717 2648 960 2688 arguentem,
982 2654 1067 2679 sero
1100 2656 1187 2680 cum
1214 2644 1354 2683 rubore
1371 2655 1404 2689 D
1421 2651 1544 2694 lona,
1574 2653 1664 2697 quia
1692 2663 1778 2685 caro
1805 2658 1841 2685 et
1867 2647 2018 2699 sanguis
2044 2663 2118 2685 non
2146 2650 2319 2685 revelavit
2335 2647 2424 2691 tibi,

344 2704 593 2743 cognoscant,
616 2697 755 2734 frustra
775 2712 861 2736 cum
884 2708 1049 2738 tremore
1071 2704 1349 2753 respondeant,

350 2753 511 2797 Quando
539 2764 575 2791 te
607 2759 774 2794 vidimus
801 2773 928 2809 egere,
959 2771 995 2797 et
1027 2776 1101 2798 non
1128 2769 1354 2800 ministravi-

345 2825 425 2847 mus
452 2813 517 2849 cibi
530 2813 569 2851 6?
594 2819 855 2867 Cognoscetur
876 2830 977 2858 certe
1006 2824 1193 2862 Dominus
1209 2824 1354 2874 judicia

348 2871 538 2920 faciensu
574 2877 638 2925 qui
685 2892 788 2916 nunc
820 2880 1020 2930 ignoratur
1055 2885 1354 2924 misericordiam

346 2942 533 2977 quaerens.
560 2936 733 2986 Denique
758 2939 944 2978 videbunt
964 2943 1000 2979 in
1023 2957 1136 2993 quem
1158 2947 1355 2984 transfixe-

347 2988 460 3026 runtS
484 3004 491 3025 :
513 2992 684 3031 similiter
708 3006 745 3033 et
765 3001 868 3037 avari
890 3015 1004 3051 quem
1027 3013 1352 3056 contempserunt.

346 3048 406 3086 Ab
422 3051 527 3087 omni
543 3065 634 3101 ergo
651 3055 747 3101 labe,
764 3057 997 3108 infirmitate,
1018 3064 1231 3113 ignorantia
1243 3096 1252 3113 ,
1274 3076 1354 3105 stu-

347 3109 460 3146 dlove
491 3121 702 3160 contracta,
733 3116 881 3166 flendo,
911 3121 1098 3170 justitiam
1128 3127 1354 3176 esuriendo,

1419 2712 1488 2745 sed
1499 2711 1617 2745 Pater
1631 2723 1734 2745 meus
1747 2714 1811 2758 qui
1825 2714 1930 2746 estin
1946 2712 2091 2746 coeli5¹²
2107 2725 2116 2747 z
2133 2718 2172 2747 et
2186 2709 2299 2756 illud,
2315 2709 2430 2744 Pater

1407 2772 1511 2818 filiis
1527 2779 1653 2806 notam
1665 2768 1790 2817 saciet
1804 2776 2001 2807 veritatem
2019 2784 2127 2807 suam
2143 2768 2173 2793 ¹3
2195 2785 2203 2807 :
2224 2777 2261 2806 et
2273 2797 2283 2815 ‚
2304 2769 2427 2817 Confi-

1420 2838 1500 2866 teor
1521 2829 1605 2876 tibi,
1628 2831 1755 2875 Pater,
1773 2835 1863 2880 quia
1892 2830 2120 2867 abscondisti
2143 2831 2225 2866 hoec
2243 2844 2266 2865 a
2282 2833 2428 2878 sapien-

1420 2890 1530 2934 te‘bzt.⁹‚
1549 2899 1583 2926 et
1597 2893 1770 2928 revelasti
1789 2905 1834 2927 ea
1846 2891 2070 2940 pa1·‹›nli.5¹⁵.
2090 2890 2204 2929 Vides
2223 2890 2311 2940 quia
2332 2901 2428 2940 quos

1421 2949 1541 2987 verbo
1561 2960 1598 2988 et
1613 2952 1791 3001 exemplo
1806 2951 1914 3001 prius
1930 2951 2048 2989 Filius
2067 2951 2299 2996 humiliavit,
2314 2961 2428 3000 super

1422 3024 1519 3060 quos
1536 3010 1673 3048 deinde
1690 3012 1853 3061 Spiritus
1873 3020 2025 3049 sanctus
2043 3011 2263 3048 charitatem
2279 3009 2425 3054 effudit,

1421 3070 1491 3107 hos
1511 3070 1665 3107 tandem
1686 3072 1725 3108 in
1743 3072 1863 3121 gloria
1883 3075 1996 3109 Pater
2016 3071 2185 3122 recepit?
2205 3070 2322 3109 Filius
2342 3069 2427 3106 facit

1422 3130 1650 3181 discipulos,
1670 3133 1878 3170 Paraclitus
1899 3132 2121 3170 consolatur
2140 3132 2302 3177 amicos,
2318 3134 2427 3168 Pater

396 3255 406 3270 ¹
424 3250 544 3283 ΜὶὶῙῐῙΙ-
563 3264 595 3290 v,
618 3256 649 3284 7-
667 3272 711 3277 —
727 3260 739 3275 ²
757 3259 850 3288 Prov.
867 3270 911 3297 11,
934 3263 984 3292 14.
999 3281 1043 3284 —
1060 3262 1074 3285 3
1092 3266 1171 3296 Psal.
1201 3278 1281 3306 cu,
1302 3271 1333 3300 4.
1349 3288 1392 3292 —-
1408 3270 1421 3297 4
1441 3274 1522 3303 Gen.
1550 3283 1590 3302 111
1604 3297 1611 3309 ,
1642 3276 1693 3305 12.
1720 3290 1766 3295 —-
1792 3270 1805 3294 ⁵
1827 3275 1898 3304 Act.
1918 3284 1987 3311 vn,
2016 3277 2072 3305 56.
2099 3291 2144 3295 —
2161 3270 2176 3294 ⁶
2203 3270 2319 3303 Matth.
2343 3280 2422 3307 xxv,

346 3304 401 3333 44·
417 3320 461 3324 -
475 3309 489 3334 7
504 3304 583 3336 Psal-
602 3316 658 3344 rx,
680 3310 732 3339 ¹7·
747 3327 792 3331 —
807 3309 820 3332 ⁸
836 3313 930 3343 Joan·
951 3324 1030 3351 xm,
1052 3318 1106 3347 37.
1122 3335 1167 3339 —
1181 3325 1196 3348 9
1215 3320 1331 3352 Matth.
1353 3334 1384 3360 v,
1407 3326 1437 3354 8.
1453 3343 1497 3346 ——
1517 3330 1546 3345 ¹0
1563 3328 1657 3357 Joan·.
1685 3337 1750 3356 xm
1764 3350 1772 3363 ‚
1797 3328 1848 3357 14.
1863 3345 1907 3348 ——
1927 3332 1952 3347 ¹¹
1973 3328 2066 3357 Rom.
2087 3336 2119 3363 ν,
2144 3329 2174 3356 5.
2197 3341 2240 3355 ὲ-
2263 3329 2293 3345 ¹²
2310 3319 2424 3354 Matlh·

341 3365 397 3385 xvx
411 3378 419 3393 Ι,
446 3357 496 3386 17.
517 3376 558 3380 —
578 3356 609 3379 ¹3
624 3359 695 3390 Isai.
712 3372 842 3392 xxxvm
857 3387 864 3399 ,
886 3367 937 3395 19.
952 3383 995 3387 -
1013 3367 1042 3392 ¹4
1060 3369 1171 3401 Mauh.
1187 3382 1222 3400 xx
1236 3395 1243 3409 ,
1267 3376 1321 3403 25.
