2517 3936
75 205 172 243 1273

71 344 124 381 ait
142 341 352 392 Apostolus
379 356 386 377 :

72 412 127 440 est
137 401 362 438 haminibus.
378 401 451 438 Sed
464 410 501 437 et
515 401 578 437 illa
595 401 679 451 ejus
693 404 850 441 stultitia
863 419 957 455 ,per
973 420 1085 455 quam

73 463 108 501 ei
127 461 271 513 placuit
294 462 440 498 salvum
478 461 601 497 facere
633 463 844 510 mundum,
876 474 919 501 ut
954 466 1086 502 mundi

73 522 289 561 confutaret
309 521 562 572 sapientiam,
592 523 848 560 confunderet
872 526 1085 574 sapientes;

74 582 180 634 quod
208 581 389 618 videlicet
420 594 507 617 cum
536 582 574 618 in
609 582 731 618 forma
760 583 829 619 Dei
852 593 971 630 esset,
1005 588 1086 622 Deo

76 641 254 692 aequalis,
288 641 537 691 semetipsum
563 641 775 678 exinanivit
796 642 958 679 formam
986 645 1086 680 servi

75 702 288 753 accipien53
318 701 422 752 quod
449 702 555 739 dives
580 715 667 739 cum
689 710 809 747 esset,
836 711 999 753 propter
1019 717 1089 741 nos

75 775 218 813 egenus
249 763 369 800 factus
391 771 470 809 est,
495 762 542 799 de
563 775 702 812 magno
728 775 890 812 parvus,
915 762 961 799 de
988 764 1088 811 celso

75 821 251 869 humilis,
283 823 462 860 infirmus
495 822 542 859 de
577 830 757 873 potente;
791 822 894 872 quod
930 824 1087 871 esuriit,

76 883 181 935 quod
205 884 321 930 sitiit,
357 883 464 934 quod
494 883 672 933 fatigatus
698 891 755 920 est
787 884 825 920 in
860 884 1018 931 itinere,
1051 894 1087 922 et

77 953 214 982 eaetera
233 958 318 995 quae
338 957 470 995 passus
488 953 545 982 est
569 945 787 991 voluntate,
821 959 899 982 non
923 947 1087 984 necessi-

79 1013 154 1043 tate
175 1021 183 1043 :
204 1005 286 1043 haec
304 1019 396 1056 crgo
415 1006 534 1056 ipsius
556 1006 731 1056 quaedam
753 1006 934 1052 stultitia,
959 1020 1088 1045 nonne

683 186 1006 246 EXHORTATIO
1037 211 1102 245 AD
1132 211 1328 246 MILITES
1357 214 1547 249 TEMPLI.

72 282 205 321 mortis
222 280 310 330 jura
334 280 536 317 moriendo
557 284 761 320 concussit.
788 285 898 323 Lssnde
927 287 1085 336 pulchre
1100 286 1305 324 ³³⁵rursum
1355 302 1393 326 se
1438 300 1596 340 utraque
1633 292 1874 334 nihilominus
1909 300 1981 343 lca(

2050 226 2145 264 1273

1945 314 1964 327 ‘¹
1980 316 1986 325 ¹
2030 305 2152 354 aliqua

422 342 536 387 Quod
554 343 743 388 infirmum
765 354 817 380 est
838 348 926 391 Dei,
941 345 1081 393 sorcius
1103 348 1131 379 A
1154 348 1301 396 gravari
1325 361 1369 384 ex
1391 358 1497 398 parte
1519 352 1783 399 conqueritur,
1810 356 1887 393 sive
1907 372 1991 396 cun}
2013 362 2151 399 adver—

1154 420 1217 443 sus
1254 416 1450 457 peccatum
1492 410 1756 448 miserabiliter
1794 416 1926 453 clamat
1955 447 1963 463 ,
2007 424 2156 458 Invenio

1154 469 1268 502 aliam
1287 470 1404 516 legem
1426 473 1464 504 itt
1487 469 1659 505 membris
1680 477 1768 506 meis
1785 472 1797 495 5
1812 502 1820 518 ,
1844 483 1879 510 ct
1902 486 2057 525 caetera3
2079 482 2155 518 sive

1154 539 1241 561 cum
1270 526 1482 575 ingemiscit
1513 538 1710 577 gravatus,
1745 531 1844 567 haud
1874 534 2029 573 dubium
2062 542 2155 588 quin

1154 585 1235 633 lege
1251 587 1401 633 mortis,
1421 588 1725 638 redemptionem
1742 601 1964 641 exspectans
1986 600 2157 646 corporis

1155 645 1212 681 sui
1228 644 1255 681 ⁶.

1211 705 1271 742 29.
1293 706 1378 743 Sive
1397 707 1524 757 itaque
1544 709 1642 754 haec,
1661 710 1739 747 sive
1762 710 1834 747 alia
1851 725 2099 765 quaecumque
2121 718 2158 754 in

1155 764 1257 801 hunc
1279 766 1458 813 modum,
1485 776 1602 816 prout
1623 768 1662 804 in
1685 768 1823 806 talibus
1852 771 1890 807 in
1914 785 1982 809 suo
2006 775 2164 825 quisque

1157 823 1327 861 abundat
1347 839 1482 872 sensu,
1506 840 1550 863 ex
1581 829 1779 865 occasione
1807 831 1973 880 sepulcri
1994 833 2164 872 christia—

1155 885 1213 921 nis
1232 885 1404 923 sensibus
1431 897 1683 937 suggerantur
1703 904 1710 925 :
1730 898 1826 939 puto
1847 891 1950 940 quod
1972 905 2048 929 non
2080 908 2162 931 me—

1155 945 1293 983 diocris
1315 947 1477 985 dulcedo
1507 948 1719 986 devotionis
1740 950 1962 989 infundatur
1986 955 2158 992 cominus

1154 1005 1342 1053 intuenti3
1369 1021 1438 1045 nec
1457 1022 1593 1058 parum
1615 1011 1816 1059 proficitur
1836 1013 2028 1050 cernendo
2048 1015 2159 1052 ctiam

78 1065 149 1103 fuit
168 1065 281 1103 nobis
305 1066 368 1103 via
387 1066 625 1117 prudentiae,
643 1066 802 1117 justitiae
825 1067 969 1114 forma,
1003 1081 1090 1106 san·
1109 1073 1135 1107 B
1157 1066 1422 1116 corporalibus
1443 1068 1564 1105 oculis
1585 1070 1823 1118 corporalem
1843 1071 1969 1108 locum
1996 1072 2160 1111 domini-

78 1126 217 1165 ctitatis
250 1128 498 1178 exemplum?
531 1127 590 1166 Ob
617 1128 691 1165 hoc
721 1128 810 1165 item
841 1129 1051 1179 Apostolus
1082 1145 1089 1166 z

84 1189 197 1235 Quod
222 1191 373 1225 stultum
403 1198 479 1234 est,
503 1188 649 1238 inquit,
674 1192 767 1235 Dei,
802 1194 1013 1238 sapientius
1040 1200 1093 1227 est

79 1248 290 1286 hominibus
303 1256 329 1286 ¹.
351 1253 456 1287 Mors
472 1263 564 1300 ergo
582 1263 603 1286 a
620 1259 744 1287 morte
757 1280 766 1297 ‚
783 1250 862 1287 vita
881 1249 928 1287 ab
947 1264 1091 1298 errore,

80 1321 100 1345 a
119 1317 278 1359 peccato
297 1311 417 1360 gratia
436 1309 626 1347 liberavit.
646 1313 694 1347 Et
713 1310 869 1360 quidem
896 1324 1000 1348 mors
1024 1325 1094 1361 per

74 1367 263 1419 justitiam
292 1383 400 1407 suam
424 1371 570 1421 peregit
599 1371 799 1408 victoriam
820 1387 828 1408 :
850 1372 940 1421 quia
967 1371 1094 1421 justus

80 1429 316 1467 exsolvendo
336 1444 422 1480 quae
442 1444 521 1468 non
540 1431 688 1481 rapuit,
703 1430 791 1481 jure
812 1432 971 1470 omnino
989 1432 1093 1483 quod

80 1489 259 1527 amiserat
281 1490 438 1541 recepit.
466 1491 553 1529 Vita
573 1504 666 1528 vero
696 1491 799 1541 quod
822 1491 870 1528 ad
903 1505 942 1529 se
975 1494 1093 1543 perti-

81 1549 186 1597 nuit,
215 1563 286 1601 per
316 1551 543 1601 sapientiam
580 1551 804 1601 adimplew‘t
824 1581 834 1599 ,
866 1566 952 1602 quae
984 1552 1095 1590 nobis

81 1610 170 1648 vitae
198 1619 235 1648 et
268 1610 478 1662 disciplinae
509 1611 790 1649 documentum
825 1625 868 1649 ac
896 1614 1095 1663 speculum

83 1671 238 1708 exstitit.
268 1674 390 1709 Porro
418 1672 538 1721 gratia
569 1686 616 1709 ex
646 1673 733 1719 illa,
771 1681 813 1709 ut
846 1672 990 1710 dictum
1019 1682 1095 1720 est,

82 1739 272 1782 potestate
292 1741 448 1782 peccata
466 1732 629 1779 dimisit,
649 1746 726 1783 qua
751 1733 879 1770 onmia
907 1747 1099 1784 quaecum-

83 1805 158 1843 que
190 1793 336 1840 voluit,
371 1793 473 1831 fecit.
499 1797 605 1831 Mors
633 1794 762 1844 itaque
797 1794 960 1841 Christi,
995 1808 1098 1831 mors

1158 1141 1209 1164 cae
1226 1128 1374 1177 quietis.
1389 1128 1468 1165 Etsi
1486 1129 1627 1179 quippe
1642 1128 1720 1177 jam
1737 1143 1898 1166 vacuum
1914 1132 2027 1169 sacris
2044 1146 2160 1170 mem-

1160 1186 1256 1234 bris,
1277 1188 1434 1237 plenum
1454 1196 1579 1225 tamen
1600 1189 1738 1226 nostris
1764 1198 1801 1226 et
1824 1189 2004 1238 jucundis
2024 1192 2159 1230 admo-

1161 1246 1252 1284 dum
1270 1248 1525 1285 sacramentis.
1545 1249 1712 1294 Nostris,
1734 1250 1886 1299 inquam
1900 1280 1909 1297 ,
1937 1253 2076 1289 nostris
2089 1282 2098 1299 ,
2132 1256 2162 1291 si

1162 1318 1287 1346 tamen
1306 1318 1380 1346 tam
1402 1310 1580 1347 ardenter
1603 1310 1888 1360 amplectimur,
1917 1325 2028 1361 quam
2051 1313 2164 1351 indu-

1161 1369 1327 1407 bitanter
1352 1379 1524 1408 tenemus
1550 1370 1655 1420 quod
1683 1371 1890 1420 Apostolus
1917 1372 1968 1408 ait
1995 1387 2002 1409 :
2031 1374 2167 1410 Conse-

1153 1434 1256 1480 pulti
1274 1436 1373 1467 enim
1394 1445 1516 1467 sumus
1527 1445 1602 1480 per
1626 1433 1861 1479 Baptismum
1881 1436 1919 1467 in
1940 1442 2106 1479 mortem,
2131 1444 2170 1470 ut

1162 1493 1346 1540 quomodo
1362 1496 1527 1527 surrexit
1545 1492 1707 1527 Christus
1725 1505 1748 1526 a
1766 1496 1916 1527 mortuis
1928 1505 1999 1540 per
2010 1496 2168 1542 gloriam

1162 1555 1291 1589 Patris
1302 1582 1313 1598 ,
1335 1557 1386 1588 itu
1405 1561 1439 1588 et
1454 1566 1518 1588 nos
1534 1557 1571 1587 in
1589 1555 1749 1587 novitate
1765 1554 1854 1587 vitoe
1869 1551 2108 1591 ambulemus.
2128 1556 2170 1590 Si

1164 1617 1263 1648 enim
1285 1615 1530 1661 complantati
1545 1611 1645 1660 facti
1664 1626 1788 1648 sumus
1807 1615 2042 1649 similitudine*
2067 1628 2168 1650 mor—

1166 1678 1210 1709 tis
1229 1674 1307 1719 ejus
1321 1702 1332 1718 ,
1359 1673 1474 1709 simul
1491 1682 1525 1708 et
1547 1677 1824 1708 resurrectionis
1847 1678 1983 1708 erimus
1997 1680 2023 1710 ἲ.
2041 1677 2163 1722 Quam

1166 1733 1275 1770 dulce
1296 1742 1352 1770 est
1372 1733 1584 1784 peregrinis
1608 1741 1694 1782 post
1717 1733 1873 1769 multam
1894 1733 1997 1782 longi
2020 1734 2166 1772 itineris

1166 1794 1446 1843 fatigationem,
1470 1802 1558 1843 post
1579 1793 1745 1843 plurima
1766 1801 1874 1829 terrae
1892 1794 2079 1843 marisque
2105 1807 2173 1844 pe-

83 1861 142 1891 est
159 1866 254 1891 meae
274 1854 411 1891 mortis
431 1868 438 1890 :
461 1854 550 1904 quia
568 1854 631 1891 ille
652 1862 830 1891 mortuus
850 1862 925 1901 est,
956 1862 999 1891 ut
1027 1868 1097 1904 ego
1119 1863 1146 1899 C
1167 1854 1308 1900 ricula,
1331 1853 1384 1890 ibi
1405 1852 1557 1889 tandem
1582 1852 1796 1901 quiescere,
1822 1851 1886 1887 ubi
1908 1860 1944 1888 et
1965 1862 2174 1901 agnoscunt

83 1914 267 1952 viverem.
301 1918 387 1963 Quo
409 1923 522 1965 pacto
546 1915 646 1952 enim
669 1914 748 1965 jam
775 1928 853 1951 non
875 1915 1000 1960 vivat,
1030 1928 1101 1965 pro

85 1988 164 2025 quo
184 1975 352 2012 moritur
367 1976 452 2013 Vita
466 1978 481 2012 ?
505 1980 583 2013 Aut
597 1976 682 2026 quis
694 1975 772 2025 jam
794 1976 834 2012 in
851 1976 913 2012 via
928 1989 1079 2013 morum
1091 2005 1100 2022 ,

87 2048 152 2073 seu
165 2049 298 2073 rerum
315 2035 451 2072 notitia
467 2049 596 2073 errare
611 2035 758 2073 timebit
773 2036 869 2073 duce
886 2036 1102 2087 Sapientia?

85 2096 280 2134 Aut-uude
290 2095 372 2146 jam
390 2110 479 2134 reus
495 2095 701 2144 tenebitur,
723 2110 838 2146 quem
860 2095 1027 2133 absolvit
1038 2100 1103 2134 Ju-

86 2156 212 2193 stitia?
231 2156 358 2194 Vitam
384 2156 541 2206 quidem
563 2169 602 2193 se
620 2157 702 2207 ipse
722 2155 900 2207 perhibet
917 2156 957 2193 in
978 2160 1104 2193 Evan—

86 2218 185 2268 gelio
207 2233 215 2254 :
240 2220 322 2267 Ego
347 2231 453 2264 sum,
487 2219 688 2269 inquiens,
716 2223 836 2255 vita2.
869 2223 990 2256 Porro
1025 2218 1102 2256 duo

87 2279 286 2330 sequentia
300 2287 462 2316 testatur
475 2280 704 2329 Apostolus,
717 2278 869 2316 dicens:
891 2277 1103 2326 thisactus

6 2363 8 2386 ¹.
45 2390 51 2392 v
88 2348 144 2376 est
161 2339 267 2376 nobis
278 2340 434 2386 justitia
460 2349 496 2376 et
514 2342 704 2389 sapientia
728 2355 751 2376 [ι
774 2342 853 2375 Deo
874 2342 991 2376 Patre
1004 2338 1029 2377 3.

143 2400 207 2438 28.
229 2400 268 2439 Si
287 2413 378 2451 ergo
399 2401 462 2438 lex
481 2401 637 2451 spiritus
666 2401 753 2437 vitae
774 2396 818 2437 in‘
839 2400 989 2438 Christo
1013 2405 1103 2438 Jesu

89 2460 267 2499 liberavit
294 2474 366 2499 nos
385 2475 408 2498 a
436 2462 519 2512 lege
548 2462 697 2513 peccati
727 2471 765 2499 et
787 2462 942 2508 mortis3
967 2462 1104 2512 utquid

89 2521 216 2559 adhuc
234 2522 443 2570 morimur,
478 2532 516 2560 et
548 2536 628 2560 non
661 2523 786 2560 statim
816 2523 1104 2559 immortalitate

90 2581 306 2620 vestimur?
325 2585 422 2620 Sane
444 2591 488 2620 ut
513 2583 585 2620 Dei
608 2583 747 2620 veritas
769 2583 987 2633 impleatur.
1008 2584 1105 2631 Quia

1169 1928 1280 1952 suum
1308 1914 1517 1950 Dominum
1536 1912 1748 1962 quievisse!
1773 1914 1870 1948 Puto
1887 1910 1965 1959 jam
1986 1925 2064 1961 prae
2085 1925 2174 1961 gau-

1169 1975 1233 2011 dio
1257 1987 1336 2011 non
1368 1973 1537 2010 sentiunt
1565 1972 1635 2009 viae
1662 1971 1856 2017 laborem,
1883 1984 1952 2007 nec
1973 1985 2175 2020 gravamen

1172 2043 1353 2086 reputant
1367 2046 1642 2085 expensarum3
1659 2032 1723 2069 sed
1737 2042 1914 2081 tanquam
1930 2030 2068 2067 laboris
2081 2045 2177 2082 prae-

1169 2097 1286 2134 mium
1302 2126 1312 2143 ,
1334 2108 1515 2132 cursusve
1537 2093 1711 2131 bravium
1739 2092 1920 2137 assecuti,
1940 2091 2051 2141 juxta
2073 2092 2173 2130 Scri-

1169 2166 1294 2208 pturae
1327 2156 1555 2194 sententiam
1578 2183 1587 2200 ,
1620 2155 1787 2203 gaudem
1820 2153 2058 2188 vehementer
2089 2165 2170 2188 cum

1170 2222 1377 2254 invenerint
1397 2218 1604 2265 sepulcrum
1617 2213 1643 2250 3.
1662 2217 1737 2250 Nec
1755 2225 1842 2249 casu
1857 2212 1916 2248 vel
1938 2210 2063 2248 subito
2078 2240 2088 2257 ,
2109 2220 2174 2247 aut

1177 2280 1295 2316 veluti
1324 2278 1470 2315 lubrica
1499 2276 1695 2327 popularis
1729 2273 1867 2310 favoris
1901 2272 2100 2321 opinione,
2137 2272 2175 2307 id

1178 2348 1252 2376 tam
1273 2338 1421 2376 celebre
1438 2350 1578 2374 nomen
1596 2335 1811 2385 sepulcrum
1831 2340 1981 2369 nactum
2003 2344 2082 2367 esse
2102 2344 2176 2381 pu-

1173 2408 1291 2445 tetur,
1325 2413 1411 2436 cum
1433 2399 1505 2435 hoc
1531 2398 1653 2447 ipsum
1676 2394 1788 2431 tantis
1809 2401 1911 2429 retro
1941 2391 2175 2441 temporibus

1171 2460 1286 2497 lsaias
1304 2468 1380 2496 tam
1397 2466 1527 2509 aperte
1544 2454 1763 2507 praedixerit
1781 2468 1788 2489 :
1806 2455 1857 2488 Et
1871 2456 1954 2494 erit,
1974 2451 2114 2499 inquit,
2135 2455 2174 2485 in

1173 2524 1232 2557 die
1254 2524 1323 2557 illa
1342 2523 1455 2556 radix
1474 2522 1600 2563 Jesse,
1625 2518 1774 2564 quiscat
1797 2518 1834 2548 [ἠ
1852 2518 1997 2560 sIgmem
2013 2513 2175 2559 pupulo—

1174 2593 1254 2615 rum
1270 2608 1280 2623 ,
1302 2582 1420 2628 ipsum
1444 2586 1570 2627 gentes
1591 2572 1899 2623 deprecabuntur,
1920 2579 1955 2604 et
1970 2575 2040 2603 erit
2054 2572 2176 2616 sepul-

90 2642 193 2679 enim
216 2642 517 2680 misericordiam
535 2651 574 2680 et
591 2643 792 2680 veritatem
813 2643 934 2693 diligit
949 2644 1078 2680 Deus⁴'
1092 2673 1101 2689 ,
1122 2648 1155 2681 D
1173 2653 1273 2676 crum
1306 2640 1383 2686 ejas
1415 2640 1614 2688 gloriosum
1630 2641 1657 2669 9.
1694 2637 1838 2669 Revera
1861 2642 1950 2678 ergo
1977 2628 2173 2678 ¹¹1¹P¹ffl¹¹m

11 2739 13 2742 ,
29 2731 59 2756 ,4,
92 2714 246 2738 necesse
262 2709 319 2738 est
333 2701 431 2738 mori
442 2701 599 2751 quidem
611 2703 808 2739 hominem
819 2732 828 2749 ,
844 2703 989 2753 quippe
1003 2703 1107 2753 quod

93 2761 325 2813 praedixerat
340 2765 444 2799 Deus
462 2777 470 2799 ε
490 2762 554 2800 sed
572 2776 593 2800 a
607 2771 732 2800 morte
750 2771 877 2800 tamen
895 2777 1108 2814 resurgere,

94 2835 142 2860 ne
157 2821 406 2860 obliviscatur
423 2823 595 2860 misereri
609 2828 724 2861 Deus.
738 2827 796 2861 Ita
812 2837 902 2874 ergo
918 2838 1022 2861 mors
1039 2824 1109 2862 etsi

95 2895 174 2919 non
191 2891 381 2933 perpetuo
396 2882 631 2929 dominatur,
654 2892 784 2920 manet
806 2892 933 2920 tamen
948 2892 1110 2934 propter

95 2941 296 2979 veritatem
312 2942 384 2980 Dei
400 2943 462 2979 vel
479 2942 526 2979 ad
545 2951 695 2993 tempus
712 2943 750 2979 in
769 2942 880 2980 nobis
899 2958 906 2980 ε
925 2943 1109 2993 quemad-

97 3001 256 3039 modum
273 3011 472 3052 peccatum
483 3032 494 3050 ,
522 3003 592 3040 etsi
615 3001 694 3052 jam
722 3016 801 3040 non
822 3012 955 3053 regnat
974 3003 1013 3040 in
1041 3017 1108 3041 no-

98 3069 178 3099 stro
198 3062 352 3100 mortali
369 3076 552 3113 corpore,
580 3076 659 3100 non
685 3071 813 3100 tamen
830 3063 935 3100 deest
958 3063 1111 3114 penitus

45 3124 58 3126 ”
99 3119 224 3158 nobis.
241 3121 410 3159 Proinde
430 3123 573 3160 Paulus
592 3135 640 3159 ex
663 3130 772 3173 parte
789 3121 945 3172 quidem
971 3122 1111 3160 libera-

102 3188 182 3218 tum
207 3194 247 3218 se
264 3195 285 3218 a
306 3182 390 3231 lege
410 3183 559 3232 peccati
579 3191 617 3220 et
643 3182 777 3219 mortis
802 3182 1006 3232 gloriatur;
1045 3182 1110 3219 sed

152 3320 162 3335 ¹
195 3319 210 3347 I
229 3317 303 3348 Cor.
325 3327 355 3354 1,
377 3319 432 3348 25.
448 3334 490 3338 —
510 3322 522 3337 ²
539 3320 721 3354 Joan.x1v,
749 3322 780 3348 6.
795 3336 840 3339 -
856 3315 869 3339 3
888 3321 902 3348 Ι
917 3318 988 3349 Cor.
1008 3328 1040 3355 1,
1061 3319 1116 3348 30.
1140 3333 1183 3337 —-
1202 3313 1485 3347 51³=al.Lxxxux,
1512 3314 1618 3341 12.—
1635 3307 1647 3329 5
1666 3312 1755 3339 nom.
1778 3317 1840 3338 Y-¹·
1869 3307 1896 3333 2*

105 3369 159 3399 23.
175 3386 218 3389 -
235 3374 249 3398 7
269 3367 316 3399 1d.
336 3379 388 3406 vi,
412 3371 444 3406 4,
469 3373 559 3400 5.——
575 3368 589 3391 3
609 3369 683 3401 Joh.
706 3381 761 3407 111,
785 3373 827 3400 22
843 3388 885 3392 ——
901 3369 1158 3405 9Isai.x1,1(›.

1176 2700 1368 2737 cernimus
1390 2697 1495 2747 quod
1526 2695 1684 2745 legimus
1710 2691 2002 2742 prophetatum,
2033 2701 2175 2724 novum

1176 2760 1330 2811 quidem
1353 2757 1534 2801 intuenti,
1560 2755 1625 2792 sed
1653 2752 1790 2802 legenti
1817 2750 2014 2798 antiquum
2034 2763 2041 2784 :
2064 2756 2106 2784 ut
2125 2748 2178 2784 sic

1177 2820 1275 2857 adsit
1303 2819 1349 2856 de
1380 2818 1546 2854 novitate
1575 2812 1811 2864 jucunditas,
1837 2818 1878 2846 ut
1912 2809 1959 2845 de
1989 2816 2178 2844 vetustate

1177 2894 1256 2917 non
1285 2879 1381 2916 desit
1399 2876 1613 2915 auctoritas.
1646 2876 1693 2909 Et
1712 2871 1758 2908 de
1786 2869 1960 2920 sepulcro
1981 2869 2050 2905 ista
2069 2869 2176 2904 suffi-

1177 2942 1290 2978 ciant.

1901 3307 1921 3333 ;.
1936 3320 1978 3324 -—
1994 3298 2007 3321 ⁶
2034 3299 2080 3330 Id.
2100 3310 2172 3337 rm,
