2517 3920
363 220 433 255 891

361 298 471 336 hrano,
485 297 564 329 sorte
577 308 613 328 ex
627 296 740 328 abbate
750 297 954 328 vizeliacensi
967 297 1006 328 ad
1019 297 1124 328 sedem
1138 298 1363 340 Lingonensem

359 357 569 393 aSSttmptun13
589 350 722 392 huicque
749 350 972 389 Godesridum,
1001 357 1033 382 ut
1052 361 1123 381 mox
1149 351 1286 389 dicetur;
1309 351 1363 392 qui

358 402 483 433 tandem
495 426 502 440 ‚
523 403 638 443 rejecto
653 402 804 433 monacho
823 403 1015 434 Cluniacensi
1027 427 1034 441 ,
1057 402 1094 433 de
1108 414 1170 444 quo
1183 402 1234 434 hic
1248 403 1359 444 agitur,

359 456 473 487 electus
492 462 537 487 est
561 466 595 487 ac
620 456 819 487 confirmatus
836 467 917 486 anno
943 460 1040 494 1138,
1068 468 1138 487 cum
1156 467 1267 498 nempe
1287 459 1362 486 Ber-

358 508 474 538 nardus
490 509 640 539 exstincto
660 509 826 540 schismate
842 509 873 539 in
891 509 1025 540 Galliam
1040 509 1190 540 rediisset.
1208 511 1362 540 Cieterum

358 561 416 592 hac
433 561 464 592 in
479 561 607 592 historia
623 562 767 593 observes
784 572 906 603 quaeso,
927 565 1048 599 Lector,
1071 562 1155 603 quod
1179 568 1250 592 ante
1266 562 1361 592 adno—

358 615 434 645 tavit
460 616 609 646 Baronius
633 615 673 646 ad
698 626 814 646 annum
844 619 948 653 1138,
978 619 1103 646 Petrum
1128 615 1360 647 Cluniacensem

357 668 400 698 510
420 667 472 698 filii
498 674 599 709 partes
622 678 679 709 pro
705 668 784 698 virili
803 669 915 709 egisse,
936 675 968 699 ut
989 679 1090 709 neque
1109 668 1206 698 virtus
1226 667 1362 709 potuerit

358 731 375 751 a
400 724 432 752 S.
461 721 631 759 Bernardo,
659 722 785 762 ejusque
808 721 968 752 monachis
997 722 1101 752 animo
1127 721 1248 758 divelli,
1277 720 1361 761 quod

358 781 499 805 testatum
524 775 589 816 ipse
614 775 738 815 reliquit
768 775 798 804 111
826 775 959 815 quadam
989 775 1119 816 epistola
1146 773 1192 804 his
1223 774 1324 804 verbis
1352 785 1360 805 .·

360 843 372 853 «
395 829 529 868 Quando
545 829 626 858 euim
649 828 799 869 exstingui
817 828 864 859 vel
881 828 970 858 obrui
991 827 1104 869 poterit
1124 827 1261 857 sincerus
1287 838 1359 868 erga

360 896 372 906 »
393 891 447 911 vos
472 887 501 912 et
523 881 635 921 ignitus
659 880 717 910 mei
736 880 869 921 pectoris
886 880 1015 911 affectus
1035 879 1225 920 quibuslibet
1243 879 1359 910 sinistri

360 950 370 959 ,ι
394 933 524 964 rumoris
543 933 666 969 rivulis,
687 943 755 963 cum
775 944 834 963 nec
859 944 946 974 aquae
972 934 1074 963 multae
1091 933 1282 963 deeimarum
1302 944 1360 975 po-

359 1002 370 1012 n
394 987 507 1018 tuerint
531 997 601 1016 eum
629 987 841 1027 exstinguere,
872 997 930 1017 nec
958 987 1090 1028 impetus
1119 987 1359 1028 Lingonensium

357 1056 369 1066 ι»
391 1040 553 1070 fluminum
571 1039 729 1069 obruere?
752 1055 762 1065 υ

399 1101 463 1129 378
493 1100 523 1127 Ρ».
551 1098 713 1138 Itegalium
739 1097 953 1128 investituram
974 1098 1118 1129 obtinuit.
1134 1118 1179 1121 -ψ
1194 1101 1358 1141 Regalitnn

350 1150 530 1180 investitura
548 1156 593 1180 est
611 1149 788 1191 temporalis
805 1150 933 1181 dominii
954 1162 988 1181 ac
1005 1151 1195 1193 praediorum
1214 1154 1357 1185 Ecclesiae

350 1202 473 1233 traditio
487 1213 542 1244 per
558 1205 675 1243 Regem
690 1202 769 1233 facta
786 1214 868 1234 novo
882 1190 1028 1246 episcopo
1045 1211 1114 1247 post
1128 1213 1357 1238 sacramentum

349 1256 504 1287 fidelitatis
521 1256 559 1286 31)
579 1267 616 1287 00
642 1256 824 1298 prtestitum.
845 1261 891 1288 De
918 1258 1086 1299 Regalibus
1107 1259 1176 1290 vide
1198 1260 1272 1291 item
1292 1262 1357 1304 epi-

347 1311 456 1341 stolam
478 1314 553 1348 170,
583 1310 703 1352 Sugerii
724 1311 872 1352 epistolas
894 1312 1028 1343 maxime
1056 1316 1093 1344 19
1118 1319 1147 1344 et
1174 1318 1236 1351 20,
1262 1321 1356 1357 atque

348 1365 541 1396 Glossarium
559 1365 763 1406 Cangianum.

397 1427 461 1455 385
480 1427 519 1456 A.
538 1436 579 1454 ,11)
600 1436 795 1455 1.t?1)0vxccn1
812 1437 996 1457 1011100010,
1013 1447 1057 1449 -
1070 1428 1196 1459 Florum
1214 1428 1357 1462 absolute

350 1483 437 1508 vocat
451 1477 618 1508 Ordericus
632 1478 663 1508 111
678 1477 756 1508 libro
774 1481 825 1516 11,
844 1489 915 1521 pag.
932 1482 1011 1511 813.
1024 1480 1215 1512 Ludovicum
1228 1483 1356 1513 Florum

349 1540 412 1560 non
427 1531 538 1568 semel,
558 1541 670 1572 nempe
686 1530 718 1561 in
734 1531 815 1562 libro
835 1535 887 1570 13,
903 1543 994 1574 pagg.
1013 1536 1092 1571 901,
1111 1538 1149 1565 91
1164 1538 1190 1566 1.
1206 1538 1242 1565 111
1257 1535 1356 1577 priori

347 1582 407 1613 1100
423 1583 490 1614 1000
508 1583 682 1614 Ludovicus
704 1586 836 1615 Grossus
856 1585 1054 1617 Tedbaldum
1068 1587 1246 1618 Blesensem
1263 1594 1356 1630 atque

348 1636 516 1667 Radulfum
536 1640 780 1675 Parronensetn,
808 1652 819 1663 α
845 1638 916 1679 quia
936 1638 1093 1670 discordes
1120 1647 1227 1679 erant,
1248 1642 1356 1683 pacifi-

352 1706 363 1716 »
382 1701 482 1728 casse,
504 1697 533 1721 et
551 1691 613 1721 lilio
627 1702 682 1721 suo
698 1691 855 1723 Ludovico
874 1693 979 1731 Floro,
996 1704 1088 1735 quem
1101 1700 1173 1725 ante
1187 1694 1355 1726 triennium

352 1761 363 1771 υ
382 1756 486 1786 regem
501 1745 607 1776 Remis
620 1745 839 1784 constituerat,
861 1757 990 1788 regnum
1007 1749 1116 1779 Gallice
1130 1749 1320 1780 commisisse
1339 1766 1351 1775 n

347 1804 548 1835 memoratur,
569 1804 598 1829 et
615 1798 739 1839 quidem
757 1809 838 1829 anno
861 1802 958 1831 1135.
978 1804 1014 1831 In
1039 1802 1204 1843 posteriori
1224 1802 1291 1832 loco
1316 1802 1354 1833 ad

347 1861 464 1880 annum
490 1854 589 1889 1137,
611 1851 691 1881 idem
719 1851 911 1891 Ludovicus,
934 1854 1025 1884 morti
1050 1854 1229 1896 proximus,
1257 1870 1268 1880 ι(
1295 1858 1353 1885 Ltt-

352 1919 364 1930 »
382 1904 527 1935 dovicum
547 1905 690 1943 Florum,
720 1905 817 1936 filium
839 1917 946 1944 suum,
967 1907 1120 1938 Tedbaldi
1144 1908 1274 1950 palatini
1303 1920 1355 1939 co-

353 1974 364 1985 n
383 1959 482 1995 mitis,
515 1965 545 1990 et
575 1958 699 1990 Radulst
730 1959 768 1990 de
794 1963 937 1992 Parrona
965 1961 1145 1992 consobrini
1174 1962 1218 1992 sui
1251 1963 1355 1993 tutelcu

353 2027 365 2037 »
386 2012 586 2043 commisisse.
613 2028 625 2038 »

396 2075 460 2103 385
483 2075 517 2103 B.
547 2072 584 2102 (10
609 2073 716 2104 Priore
737 2080 844 2104 nostro
870 2074 985 2105 factum
1012 2082 1068 2106 cst.
1085 2077 1287 2119 ——Intellige
1315 2077 1354 2108 de

348 2125 521 2157 Godefrido
535 2127 688 2158 Bet-nardi
704 2129 937 2169 consanguineo
948 2154 955 2167 ,
974 2129 1028 2171 qui
1045 2136 1114 2172 post
1131 2131 1244 2162 multas
1259 2132 1352 2163 alter-

346 2179 485 2211 cationes
501 2181 639 2211 unanimi
658 2182 786 2212 tandem
803 2194 959 2214 consensu
972 2194 1011 2213 ex
1030 2185 1124 2215 tertio
1141 2185 1353 2217 Clarae-Vallis

346 2235 454 2266 Priore
479 2235 644 2277 episcopus
670 2236 875 2277 Lingoneusis
899 2244 1022 2269 creatus
1051 2245 1097 2269 est
1125 2250 1208 2270 anno
1242 2243 1326 2271 1138
1342 2266 1349 2279 ,

346 2288 495 2319 nimirum
523 2290 692 2320 schismate
725 2301 913 2333 compresso.
941 2295 1023 2323 Nam
1049 2293 1223 2324 Godel'rido
1250 2293 1353 2325 adhuc

346 2341 446 2372 Priori
475 2354 513 2373 ex
541 2343 631 2374 Italia
658 2344 836 2376 Bet-nardus
864 2345 987 2387 scripsit
1017 2346 1180 2388 epistolam
1210 2350 1289 2385 317,
1319 2349 1351 2379 in

345 2396 470 2427 Octavis
500 2401 697 2429 pentecostes
725 2399 835 2430 eodem
862 2410 946 2430 aimo
973 2411 980 2431 :
1009 2411 1072 2442 quo
1098 2412 1168 2431 cum
1195 2413 1232 2433 cx
1260 2402 1352 2434 Italia

345 2449 507 2488 rediisset,
536 2452 663 2493 contigit
692 2452 755 2483 hren
779 2452 985 2494 Lingoneusis
1011 2455 1171 2485 electionis
1198 2454 1348 2493 historia,

344 2503 492 2534 nimirum
507 2504 629 2536 reddita
646 2505 792 2537 Ecclesiae
816 2517 908 2548 pace,
925 2513 957 2537 ut
972 2507 1087 2539 diserte
1100 2508 1196 2539 habet
1220 2509 1351 2552 epistola

348 2561 422 2589 166.
442 2559 560 2600 Quanti
584 2570 658 2590 vero
671 2560 878 2592 Godefridum
892 2561 1001 2593 fecerit
1022 2562 1201 2594 Bcrnardus
1214 2588 1222 2601 ,
1238 2575 1276 2594 ex
1292 2564 1351 2595 hac

343 2612 475 2654 epistola
498 2613 680 2651 innotescit,
706 2615 736 2645 in
760 2626 819 2656 (103
842 2626 913 2646 etun
938 2622 1061 2648 vocat«
1091 2616 1238 2647 baculum
1263 2629 1351 2649 sene-

349 2682 360 2692 »
379 2666 470 2697 ctutis
496 2678 577 2705 sure,
605 2667 711 2699 lumen
741 2669 922 2708 oculorum,
951 2669 1098 2700 dextrum
1123 2670 1300 2703 brachium.
1333 2688 1345 2698 »

345 2719 425 2750 Vide
443 2720 480 2750 (10
498 2731 535 2750 eo
553 2721 668 2752 librum
682 2722 855 2753 secundum
868 2723 949 2754 Vitae
973 2727 1002 2755 S.
1023 2725 1194 2763 Beruardi,
1213 2736 1285 2768 cap.
1307 2731 1325 2757 5
1339 2752 1346 2764 ,

345 2779 375 2803 et
395 2773 468 2803 alibi
487 2775 617 2816 saepius,
640 2786 762 2807 necnon
780 2776 998 2809 Praefationem
1020 2778 1060 2809 ad
1082 2778 1196 2810 librum
1221 2780 1347 2812 tertium

346 2826 426 2857 vitae
445 2827 594 2868 ejusdcm.
618 2830 780 2861 Godcsridi
805 2831 916 2862 elei-tio
940 2832 1067 2863 taudem
1090 2839 1155 2864 rata
1182 2833 1239 2864 fuit
1264 2845 1348 2865 anno

352 2883 449 2917 1139,
467 2887 499 2911 ut
520 2882 675 2923 colligitur
697 2895 735 2915 ex
756 2885 891 2925 quodam
911 2887 1119 2918 instrumento
1132 2887 1216 2930 apud
1239 2891 1349 2919 Perar-

346 2932 418 2963 dum
431 2957 438 2971 ,
459 2945 526 2975 pag.
551 2938 610 2965 134
623 2959 630 2971 ,
648 2936 701 2967 ubi
715 2938 841 2969 ecclesia
860 2940 1127 2982 Sancti—Stephani
1146 2942 1348 2973 Divionensis

345 2985 384 3017 ab
398 2997 435 3017 eo
448 2994 626 3018 consecrata
641 2988 752 3021 dicitur
765 3002 848 3022 anno
865 2993 978 3024 Christi
999 2997 1007 3024 l
1022 2996 1097 3032 141,
1120 3009 1131 3021 ιι
1150 2995 1359 3037 episcopatus‘

351 3055 362 3065 ι(
382 3042 446 3082 ejus
464 3052 546 3072 anno
565 3043 712 3073 secundo.
739 3060 750 3071 ι,

394 3106 459 3134 386
493 3106 533 3134 A.
563 3105 788 3136 Heulcorruit
815 3106 902 3148 virgo
931 3110 1097 3140 Retnensis
1125 3111 1276 3143 Ecclesia.
1303 3130 1335 3134 —-

345 3157 471 3199 Quippe
494 3163 563 3200 post
588 3163 717 3188 mortem
734 3159 898 3200 Reginaldi
918 3162 1164 3205 archiepiscopi,
1182 3175 1251 3206 quae
1276 3175 1348 3196 con-

344 3213 411 3253 tigit
427 3222 510 3242 anno
530 3216 538 3242 1
554 3215 628 3250 139,
650 3212 754 3243 idibus
773 3214 929 3255 januarii,
946 3217 1111 3247 Retncnsis
1127 3218 1262 3249 Ecclesia
1284 3219 1348 3250 sere

344 3278 401 3310 per
424 3265 588 3297 biennium
614 3273 738 3308 pastore
761 3267 886 3299 viduata
903 3270 1037 3307 mansit,
1057 3277 1197 3302 nontam
1220 3273 1348 3304 clerico-

343 3332 412 3352 rum
431 3319 611 3362 eligentium
625 3320 774 3359 discidio,
791 3332 886 3363 quam
901 3322 1016 3352 civium
1039 3325 1173 3354 tumultu
1188 3336 1245 3367 pro
1265 3337 1346 3357 com-

343 3374 457 3405 muniat
476 3373 590 3416 (quam
614 3375 752 3416 vocant)
775 3375 988 3411 institutione,
1018 3382 1047 3407 et
1064 3377 1173 3407 innato
1198 3379 1344 3411 Ludovici

341 3432 403 3459 ‘VH
416 3429 487 3460 odio
509 3429 539 3460 in
563 3429 780 3461 'l'hcobztldutn
798 3430 974 3472 Campania²
992 3431 1148 3467 comitem,
1163 3433 1245 3472 quod
1261 3434 1342 3474 puri-

866 221 915 254 IN
944 220 1123 255 TOMUM
1152 219 1350 255 PRIMUM
1380 218 1586 253 OPERUM
1615 217 1651 251 S.
1684 217 1938 251 BERNARDI

2361 222 2436 260 892

1432 302 1482 327 ter
1498 296 1529 326 in
1544 297 1672 327 comites
1688 295 1865 337 vicinasque
1879 295 2031 326 Ecclesias
2044 305 2077 326 se
2096 295 2223 335 effudit,
2244 309 2282 329 ex
2301 301 2437 334 Martoto

1430 349 1463 379 in
1477 356 1562 380 tomo
1576 349 1715 380 secundo
1730 348 1918 391 Metropolis
1933 348 2100 380 Remensis
2110 374 2118 388 ,
2134 360 2204 392 pag.
2221 355 2299 384 328.
2315 356 2384 386 Hac
2397 355 2436 388 dg

1429 415 1462 434 re
1476 415 1584 434 rursus
1598 403 1802 445 conqueritur
1816 402 1999 433 Bernardus
2014 402 2046 433 in
2060 403 2189 445 epistola
2204 408 2282 437 318.
2296 408 2435 440 Tandem

1429 458 1591 488 Bcrnardo
1616 457 1799 498 dignitatem
1821 462 2005 493 recusante,
2029 456 2147 488 electus
2170 464 2216 489 est
2237 469 2322 490 anno
2350 464 2435 494 1140

1429 515 1556 542 Samson
1569 535 1576 548 ,
1591 512 1679 553 cujus
1695 511 1806 542 electio
1820 509 2001 552 aliquandiu
2025 509 2150 542 turbata
2164 510 2239 548 fuit,
2253 523 2293 543 ex
2306 513 2436 556 epistola

1430 568 1507 595 222.
1524 564 1640 596 Confer
1655 564 1806 605 epistolas
1821 566 1889 594 210
1904 570 1935 595 01
1954 565 2033 594 224.

1477 621 1541 649 388
1566 620 1600 649 C.
1624 617 1677 659 qui
1700 623 1773 648 sunt
1795 617 1880 659 apud
1904 617 2247 651 Benedictioneru-Dei.
2271 639 2314 643 —-
2337 625 2435 656 Bene-

1428 670 1598 701 dictio-Dei
1619 695 1626 708 ,
1656 670 1785 701 Ordinis
1814 671 2048 709 Cisterciensis,
2079 671 2142 703 filia
2167 672 2381 708 Clarae-*Vallis
2401 678 2434 710 in

1427 723 1552 755 dioecesi
1582 724 1804 765 Lugdunensi,
1844 724 1975 756 fundata
2007 731 2055 756 est
2084 736 2170 757 anno
2203 730 2299 760 1138.
2326 730 2434 764 Abbas

1426 778 1547 820 primus
1562 778 1741 809 Albericus.
1755 778 1807 810 Ab
1827 790 1861 810 ea
1879 790 1942 810 non
1956 779 2047 821 longe
2062 779 2199 812 distabat
2214 782 2435 818 saviniacense

1426 831 1670 870 monasterium,
1692 832 1821 864 Ordinis
1836 835 1865 863 S.
1887 833 2070 872 Benedicti,
2095 834 2237 876 ejusdem
2259 835 2402 870 dioecesis
2423 851 2432 872 :

1426 887 1516 927 cujus
1540 886 1600 916 luci
1627 892 1692 917 tum
1717 886 1817 918 abbas
1846 887 1978 926 Itcrius,
2004 887 2043 919 de
2065 899 2128 930 quo
2154 889 2334 922 Bernardus
2358 892 2433 924 alibi

1426 940 1582 981 queritur.
2300 949 2302 953 ’

1475 998 1539 1025 393
1560 998 1598 1025 D.
1620 1000 1649 1025 et
1667 995 1755 1036 cujus
1772 994 1950 1037 specialiter
1963 994 2044 1026 filius
2062 1006 2142 1026 sum.
2157 1014 2201 1018 -—
2215 996 2433 1038 Lugdunensis

1426 1059 1539 1091 nempe
1552 1048 1687 1079 Ecclesia
1700 1049 1852 1080 Beruardi
1864 1055 1984 1080 mater«
1997 1049 2311 1092 niet1·0policojure,»
2321 1056 2355 1082 ut
2369 1052 2434 1095 ipse

1425 1102 1564 1143 loquitur
1586 1102 1619 1133 111
1640 1103 1772 1145 epistola
1796 1106 1857 1134 172
1871 1127 1878 1141 ,
1899 1103 2016 1146 quippe
2039 1106 2207 1142 Fontanae,
2235 1105 2348 1137 natalis
2368 1107 2432 1149 ejus

1423 1157 1510 1188 locus
1526 1168 1626 1200 prope
1644 1157 1809 1188 Diviouem
1821 1182 1828 1195 ,
1849 1163 1878 1188 et
1895 1158 2081 1189 monasterii
2094 1158 2182 1190 sedes
2197 1160 2408 1193 Clarae-valtis
2421 1187 2429 1201 ‚

1423 1217 1514 1242 erant
1529 1212 1587 1243 sub
1601 1212 1767 1254 metropoli
1782 1212 1984 1253 Lugduneusi
1996 1237 2003 1251 ,
2019 1212 2160 1244 dioecesis
2175 1213 2394 1256 Lingonensis.

1473 1269 1537 1297 391
1571 1269 1612 1298 Α.
1647 1266 1687 1297 ad
1718 1266 1935 1308 patriarcham
1962 1267 2307 1310 Jerosotym01·um.—
2333 1272 2362 1301 Is
2387 1276 2433 1302 est

1422 1319 1603 1351 Wittelmus
1618 1320 1833 1362 Gallo-Belga,
1857 1331 1895 1351 ex
1917 1321 2049 1352 eremita
2067 1322 2244 1353 Turonensi
2259 1323 2433 1365 patriarcha

1421 1374 1725 1418 Jerosolymitanus,
1743 1375 1784 1406 ab
1805 1385 1890 1406 anno
1910 1378 1997 1407 1130
2010 1376 2048 1407 ad
2071 1386 2188 1407 annum
2207 1379 2306 1408 1145.
2326 1381 2374 1410 De
2395 1391 2432 1410 eo

1422 1428 1455 1459 in
1470 1429 1613 1460 Historia
1627 1429 1727 1460 beata?
1741 1429 1852 1461 Mariae
1866 1429 1904 1461 de
1918 1430 2083 1469 Fontanis,
2103 1430 2261 1473 Spicilegii
2274 1437 2359 1463 tomo
2376 1436 2429 1471 10,

1424 1495 1490 1526 pag.
1514 1487 1594 1521 369,
1612 1483 1666 1515 ubi
1689 1484 1806 1515 mentio
1823 1483 1862 1514 de
1884 1484 2026 1526 reliquiis
2039 1485 2079 1516 ab
2099 1495 2137 1515 eo
2157 1484 2259 1516 missis
2277 1487 2432 1519 Fontanas

1423 1549 1479 1581 per
1492 1538 1694 1569 Lambertum
1717 1539 1784 1580 ejus
1808 1537 1867 1569 loci
1891 1538 2065 1570 eremitam.
2080 1537 2250 1570 Ordericus
2263 1539 2358 1570 etiam
2374 1541 2432 1572 sub

1422 1593 1519 1624 finem
1545 1592 1618 1624 libri
1644 1592 1755 1623 decimi
1779 1592 1861 1623 tertii
1885 1591 1924 1623 de
1949 1603 1987 1624 eo
2016 1592 2055 1624 ita
2078 1591 2173 1623 habet
2199 1602 2207 1623 :
2235 1607 2248 1619 «
2274 1596 2369 1624 Anno
2392 1595 2433 1625 ab

1428 1663 1440 1674 υ
1459 1648 1680 1679 tuearnauone
1696 1647 1824 1678 Domini
1844 1651 1854 1678 l
1869 1650 1929 1678 128
1941 1671 1948 1683 ,
1965 1646 2137 1678 indictione
2151 1653 2236 1678 sexta
2249 1672 2257 1685 ,
2277 1651 2433 1680 6011111111-

1428 1717 1440 1728 »
1459 1701 1517 1732 dus
1541 1701 1714 1744 patriarcha
1733 1702 1910 1732 Jerusalem
1931 1701 2019 1733 obiit.
2034 1701 2216 1743 Stephanus
2239 1708 2343 1734 autem
2358 1705 2432 1735 Car·

1428 1773 1439 1782 ιι
1459 1755 1597 1787 nolensis
1619 1762 1688 1798 post
1711 1756 1798 1786 illum
1819 1763 1956 1787 sanctam
1975 1756 2049 1786 Sion
2072 1755 2195 1786 duobus
2216 1756 2307 1787 annis
2329 1757 2429 1794 rexit;

1427 1826 1439 1836 „
1457 1821 1519 1852 quo
1532 1810 1688 1852 migrante
1701 1835 1708 1849 ,
1725 1810 1914 1842 Guillehnus
1928 1809 2128 1841 Flandrensis
2142 1810 2298 1841 successit.
2315 1826 2327 1838 »
2346 1811 2432 1842 Idem

1421 1870 1529 1895 auctor
1554 1864 1593 1895 ad
1618 1876 1736 1896 annum
1758 1868 1857 1904 1137,
1882 1875 1952 1908 pag.
1973 1867 2059 1903 912,
2082 1870 2236 1895 memorat
2261 1864 2432 1897 Radttlfum

1420 1919 1690 1962 Jerosolymorum
1707 1920 1890 1962 111-1051110111,
1907 1918 1962 1961 qui
1975 1930 1990 1950 a
2005 1919 2225 1961 Papebrochio
2240 1919 2269 1950 111
2285 1923 2432 1951 Tractatu

1421 1972 1627 2015 praeliminari
1646 1973 1719 2004 tomi
1744 1976 1762 2004 3
1787 1973 1861 2005 maii
1884 1972 2017 2004 omissus
2031 1979 2089 2004 est.
2104 1975 2143 2004 Et
2157 1984 2232 2004 sane
2253 1979 2330 2005 teste
2344 1974 2432 2005 Guil-

1421 2027 1513 2059 lelmo
1531 2028 1664 2070 Tyrensi
1677 2052 1685 2066 ,
1704 2028 1886 2060 VVillelmus
1901 2038 1986 2059 auno
2008 2030 2094 2058 1142
2116 2026 2306 2059 Balduinum
2327 2038 2432 2070 regem

1420 2082 1604 2121 tumulavit,
1621 2082 1768 2124 idemque
1789 2093 1873 2113 anno
1892 2084 1978 2113 1145
2000 2081 2203 2113 Fulcherium
2227 2081 2341 2113 habuit
2362 2092 2432 2113 suc-

1419 2146 1586 2168 cessorem.
1614 2139 1665 2168 An
1698 2135 1870 2167 binominis
1905 2135 2114 2167 WVillelmus?
2138 2147 2178 2167 an
2210 2135 2262 2167 hic
2286 2136 2431 2168 Orderici

1418 2191 1552 2233 lapsus?
1567 2191 1616 2222 Ad
1632 2191 1830 2223 willelmum
1845 2191 1919 2222 item
1935 2196 2036 2222 exstat
2051 2190 2184 2222 inferius
2201 2191 2334 2233 epistola
2349 2194 2428 2223 393.

1468 2248 1533 2277 394
1562 2248 1596 2278 C.
1628 2245 1723 2277 frater
1752 2245 1910 2277 Andreas.
1927 2247 2074 2277 —Num
2104 2245 2250 2276 Andreas
2277 2245 2431 2277 Bernardi

1418 2301 1614 2338 avunculus,
1648 2301 1736 2331 miles
1763 2300 1907 2342 Templi,
1935 2299 1975 2330 ad
2002 2310 2098 2342 quem
2120 2299 2253 2342 epistola
2275 2302 2367 2332 288?
2390 2311 2430 2333 311

1417 2355 1522 2397 potius
1541 2355 1685 2387 Andreas
1708 2354 1862 2386 Bernardi
1875 2354 1985 2392 frater,
2001 2353 2175 2385 monachus
2189 2354 2431 2386 Clarae-Vallen-

1418 2409 1475 2446 sis,
1491 2409 1615 2440 idemne
1638 2409 1692 2451 qui
1715 2409 1747 2439 in
1771 2408 1904 2451 epistola
1923 2410 1986 2439 184
1999 2409 2013 2438 Ξ)
2030 2413 2085 2438 aut
2106 2406 2252 2439 Andreas
2267 2406 2306 2438 de
2318 2407 2431 2439 Balde.

1417 2470 1542 2501 mento,
1560 2463 1591 2495 in
1605 2464 1736 2506 epistola
1753 2467 1818 2494 226
1832 2487 1840 2501 ‚
1859 2473 1891 2493 n.
1908 2464 1952 2492 2?
1970 2464 2070 2492 Locus
2084 2460 2135 2492 hic
2155 2461 2310 2492 indicatus
2324 2461 2429 2493 nescio

1417 2528 1456 2548 an
1471 2517 1495 2548 is
1513 2518 1569 2555 sit,
1585 2528 1677 2559 quem
1692 2516 1871 2548 Bernardus
1884 2515 2239 2548 Praemonstratensibus
2254 2515 2426 2555 concessit,

1417 2582 1453 2602 ex
1469 2572 1601 2614 epistola
1618 2575 1695 2603 252.

1466 2629 1531 2658 394
1556 2630 1593 2658 D.
1619 2638 1799 2657 ALBERONIS
1823 2636 2048 2656 Tnssvnnmzsrs
2068 2634 2324 2656 ARCHIEPISCOPL
2339 2642 2383 2646 —-
2398 2625 2428 2655 Is

1416 2690 1454 2711 ex
1478 2681 1658 2723 primicerio
1681 2680 1837 2718 Metensi,
1858 2679 1899 2711 ad
1922 2690 2015 2721 quem
2039 2678 2172 2722 epistola
2193 2680 2249 2716 30,
2274 2676 2428 2720 archiepi-

1416 2745 1528 2777 scopus
1550 2735 1769 2772 Treverensis,
1789 2733 1840 2766 cui
1867 2737 1960 2776 Hugo
1984 2734 2133 2766 Metellus
2153 2731 2297 2764 inscribit
2315 2731 2428 2775 episto-

1417 2789 1476 2819 lam
1507 2794 1524 2819 6
1553 2801 1559 2821 :
1594 2804 1606 2815 α
1637 2788 1790 2821 Alberoni
1818 2788 1992 2820 venerabili
2026 2791 2239 2820 Treverorum
2266 2785 2425 2829 episcopo.

1421 2858 1433 2869 »
1455 2842 1582 2884 Legatio
1608 2842 1693 2873 beati
1723 2842 1808 2873 Petri
1839 2841 1897 2873 tihi
1928 2841 2092 2873 commissa
2125 2846 2188 2879 est,
2216 2851 2285 2883 quae
2309 2838 2428 2882 aliquid

1422 2913 1433 2922 »
1454 2896 1614 2938 diguitatis
1627 2902 1655 2927 et
1672 2895 1832 2939 potestatis
1854 2895 1940 2927 addit
1959 2895 2029 2927 tibi.
2047 2911 2060 2922 u
2079 2894 2235 2926 Eutndem
2251 2894 2283 2924 in
2297 2893 2427 2937 epistola
2463 2915 2467 2921 .

1417 2955 1473 2989 30,
1491 2955 1568 2983 'l'rev
1576 2962 1702 2982 erorum
1716 2950 1938 2993 archangelum
1953 2955 2055 2981 vocat.

1466 3009 1530 3037 396
1556 3009 1594 3036 D.
1617 3005 1830 3047 suffraganeos
1843 3003 1950 3047 accepi
1965 3005 2098 3046 juvenes
2112 3009 2143 3035 et
2156 3002 2288 3034 nobiles.
2303 3019 2347 3024 —
2362 3002 2426 3033 Ste-

1416 3060 1557 3102 phanum
1585 3061 1703 3091 sciliret
1735 3063 1928 3098 Metensem,
1958 3057 2070 3091 Calixti
2091 3060 2123 3088 II
2144 3067 2233 3099 papae
2259 3067 2298 3087 ex
2319 3064 2426 3086 sorore

1416 3120 1582 3156 nepotem,
1611 3114 1651 3145 ab
1686 3125 1770 3145 anno
1800 3117 1908 3152 1120;
1946 3112 2141 3145 Alberouem
2166 3110 2422 3149 Virdunensem,

1416 3168 1512 3199 filium
1537 3169 1663 3200 Arnulfi
1686 3168 1807 3199 comitis
1830 3167 2060 3213 (3111511010ῃεί5,
2084 3165 2125 3197 ab
2151 3176 2234 3197 anno
2262 3167 2367 3201 1120;
2393 3169 2426 3195 et

1416 3222 1589 3252 Henricum
1626 3223 1824 3259 Tullensem,
1864 3220 2054 3254 Theoderici
2091 3218 2300 3262 Lotharingiae
2337 3218 2425 3250 ducis
2456 3217 2460 3220 ’

1416 3275 1515 3306 filium
1527 3300 1534 3313 ,
1553 3276 1593 3306 ab
1607 3287 1690 3307 anno
1709 3278 1813 3312 1124,
1828 3275 1867 3307 de
1891 3276 2006 3317 quibus
2021 3281 2124 3307 tamen
2137 3273 2235 3305 multa
2258 3271 2426 3304 laudabilia

1416 3329 1637 3370 111-31111011111111·ι
1666 3333 1714 3361 Ι)0
1739 3328 1899 3371 Stephano
1926 3329 1998 3359 vide
2032 3328 2209 3361 chronicon
2233 3324 2424 3358 Metcnsium

1417 3383 1639 3424 Episcoporum
1677 3383 1708 3413 111
1739 3382 1899 3425 Spicilegii
1928 3388 2014 3414 tomo
2039 3388 2146 3420 sexto;
2174 3381 2213 3413 de
2239 3379 2421 3416 Alberone,

1418 3442 1535 3466 tomum
1559 3434 1778 3467 duodecimum
1792 3461 1799 3470 ,
1820 3436 1872 3466 ubi
1893 3443 2025 3477 uterque
2042 3441 2145 3466 tamen
2165 3434 2256 3466 bellis
2280 3430 2422 3474 gerendis
