2517 3936
83 229 183 267 1269

681 231 1006 268 EXHORTATIO
1035 234 1102 268 AD
1133 231 1327 268 MILITES
1355 234 1547 270 TEMPLI.

79 319 219 357 corpus
258 314 431 343 nostrum
470 313 508 343 et
553 319 635 343 nos.
674 311 759 344 Non
803 308 930 358 potuit
967 308 1085 346 dividi
1101 309 1150 326 3

2058 241 2154 277 1270

1210 309 1271 345 22.
1304 312 1423 345 Porro
1455 309 1533 358 jam
1568 310 1613 346 de
1646 312 1840 350 voluntate
1868 316 1951 363 quis
1985 316 2154 353 dubitet?

79 380 99 404 a
131 371 214 404 Deo
246 365 371 403 anima
405 365 478 402 nisi
512 365 736 415 peccando,
768 380 837 403 nec
872 380 1012 417 corpus
1043 367 1090 404 ab
1110 370 1138 402 A
1158 368 1230 416 Qui
1260 368 1360 404 enim
1392 377 1559 405 nostram
1591 377 1629 405 et
1655 369 1776 406 induit
1799 386 1966 419 carnem,
1985 385 2020 411 et
2040 376 2154 413 subiit

77 427 161 477 ipsa
181 425 253 462 nisi
276 424 493 462 moriendo.
518 424 619 473 Quid
640 425 770 475 itaque
791 427 976 463 austerius
1000 440 1091 477 per-

78 486 164 524 tulit
182 486 221 522 in
240 485 407 532 ultione,
430 485 468 521 id
487 486 610 522 solum
633 498 742 535 passa
761 500 781 523 a
799 486 964 533 subdito,
986 488 1091 537 quod

78 554 374 597 praesumpserat
391 546 429 582 in
452 547 672 583 auctorem?
686 546 784 583 Nihil
801 547 974 596 profecto
999 560 1091 583 con-

77 607 275 658 gruentius
289 635 299 653 ,
324 620 438 657 quam
461 615 505 644 ut
529 619 634 649 mors
659 615 817 656 operata
837 607 884 643 sit
906 615 1089 653 mortem,

76 667 284 719 spiritualis
326 667 568 718 corporalem
585 695 594 712 ,
635 665 838 716 culpabilis
877 667 1066 716 poenalem
1080 695 1089 712 ‚

76 728 294 765 voluntaria
315 727 579 765 necessariam.

131 788 193 826 20.
226 791 320 827 Cum
346 801 438 838 ergo
461 788 532 825 hac
555 787 706 838 gemina
731 794 855 823 morte
876 784 1100 823 secundum

77 857 278 900 utramque
319 857 496 886 naturam
536 849 654 885 homo
692 847 894 884 damnatus
930 841 1085 891 fuisset,

75 910 192 947 altera
231 909 388 960 quidem
426 909 615 960 spirituali
636 917 674 946 et
700 906 943 952 voluntaria,
970 907 1090 943 altera

75 971 267 1021 corporali
302 979 341 1007 et
374 970 609 1017 necessaria3
638 969 795 1019 utrique
831 972 934 1006 Deus
972 967 1088 1004 homo

74 1044 151 1068 una
171 1044 239 1068 sua
260 1031 454 1082 corporali
474 1044 517 1068 ac
535 1030 754 1067 voluntaria
772 1028 938 1078 benigne
961 1036 997 1064 et
1017 1041 1088 1077 po-

75 1165 150 1202 que
170 1151 377 1189 damnavit.
398 1152 537 1189 Merito
557 1150 714 1201 quidem
736 1165 744 1187 :
767 1163 854 1186 nam
874 1162 919 1185 ex
938 1147 1087 1185 duabus

77 1211 266 1249 mortibus
298 1212 461 1258 nostris,
495 1225 581 1249 cum
611 1211 730 1248 altera
758 1209 870 1247 nobis
898 1210 937 1246 in
967 1209 1088 1260 culpae

75 1272 279 1318 meritum,
308 1273 426 1309 altera
452 1272 491 1309 in
524 1285 649 1323 poenae
680 1270 849 1308 debitum
884 1279 1088 1321 reputare-

76 1341 158 1380 tur3
185 1332 394 1383 suscipiens
424 1346 605 1383 poenam,
639 1340 676 1369 et
705 1332 881 1370 nesciens
910 1332 1086 1381 culpam,

78 1393 169 1430 dum
203 1401 341 1444 sponte
367 1401 405 1430 et
430 1401 577 1430 tantum
602 1393 639 1429 in
661 1406 825 1443 corpore
846 1392 1028 1437 moritur,
1053 1399 1090 1427 et

74 1453 192 1491 vitam
211 1453 345 1500 nobis,
367 1462 405 1491 et
420 1453 608 1504 justitiam
630 1462 887 1505 promeretur.
906 1452 1090 1502 Alioquin

77 1514 107 1550 si
127 1514 382 1565 corporaliter
397 1527 474 1552 non
492 1523 711 1565 pateretur,
731 1514 902 1552 debitum
921 1526 998 1550 non
1018 1513 1091 1549 sol-

76 1574 192 1612 visset
213 1589 222 1612 :
249 1575 279 1612 si
305 1589 384 1612 non
409 1577 626 1613 voluntarie
651 1584 890 1621 moreretur,
912 1573 1090 1611 meritum

77 1648 182 1672 mors
202 1635 268 1672 illa
285 1649 364 1672 non
385 1635 591 1674 habuisset.
613 1640 723 1674 Nunc
747 1643 872 1673 autem
895 1635 946 1681 si,
967 1643 1012 1671 ut
1030 1633 1090 1670 di-

76 1704 179 1733 ctum
199 1705 276 1744 est,
292 1697 426 1734 mortis
444 1697 624 1735 meritum
641 1706 698 1734 est
710 1705 925 1747 peccatum,
941 1705 978 1734 et
995 1710 1090 1747 pec-

75 1757 148 1795 cati
175 1757 348 1795 debitum
374 1771 499 1806 mors3
531 1758 680 1795 Christo
706 1758 925 1795 remittente
952 1771 1089 1808 pecca—

76 1827 181 1864 tum,
216 1827 254 1855 et
282 1818 474 1856 moriente
500 1832 572 1869 pro
602 1818 888 1869 peccatoribus,
915 1819 1089 1869 profecto

1158 435 1345 473 mortem3
1370 436 1502 477 putas,
1519 442 1622 465 suam
1645 429 1754 465 nobis
1778 432 1927 479 negabit
1947 434 2154 483 justitiam?

1158 487 1382 523 Voluntarie
1410 487 1650 533 incarnatus,
1674 490 1886 527 voluntarie
1913 505 2062 540 passus,
2085 509 2155 530 xo-

1158 545 1323 581 luntarie
1357 546 1584 592 crucifixus,
1627 548 1742 583 solam
1783 562 1803 584 a
1838 549 1946 585 nobis
1981 553 2156 589 retinebit

1153 603 1369 653 justitiam?
1389 606 1501 653 Quod
1523 620 1612 656 ergo
1638 620 1684 643 cx
1711 606 1847 644 deitate
1877 618 2021 645 constat
2053 611 2155 647 illum

1158 665 1351 713 potuisse,
1382 678 1426 701 ex
1463 666 1696 703 humanitate
1724 668 1888 704 innotuit
1918 677 1954 704 et
1981 671 2155 708 voluisse.

1158 724 1230 760 Sed
1244 726 1346 761 unde
1363 739 1511 763 rursum
1529 728 1754 765 confidimus
1771 728 1874 777 quod
1893 737 2051 765 mortem
2069 730 2155 766 abs-

1157 785 1272 821 tulit?
1292 786 1389 822 Hinc
1413 787 1546 836 plane,
1565 788 1668 837 quod
1689 802 1769 825 eam
1790 789 1870 838 ipse
1893 790 1958 839 qui
1980 803 2056 826 non
2078 804 2158 827 mc-

1155 846 1245 892 ruit,
1264 847 1434 896 pertulit.
1454 851 1535 896 Qua
1549 849 1648 884 enim
1671 849 1817 885 ratione
1835 849 1971 886 iterum
1988 851 2157 899 exigere-

1156 914 1218 943 tur
1243 921 1262 943 a
1283 906 1411 954 nobis,
1427 908 1530 957 quod
1550 922 1622 958 pro
1640 909 1749 945 nobis
1766 908 1914 958 illejam
1933 910 2065 947 solvit?
2085 912 2158 960 Qui

1156 967 1300 1017 peccati
1323 968 1500 1015 meritum
1520 969 1624 1014 tulit,
1640 983 1743 1006 suam
1764 968 1873 1006 nobis
1893 969 2073 1007 donando
2089 970 2155 1019 ju-

1156 1028 1313 1075 stitiam;
1336 1029 1416 1079 ipse
1437 1029 1760 1067 mortis·debitum
1783 1030 1912 1077 solvit,
1936 1039 1971 1067 ct
1992 1031 2156 1068 reddidit

46 1104 53 1110 ·
75 1100 200 1145 tenter
216 1091 404 1138 occurrit,
424 1091 566 1141 illaque
583 1104 660 1127 una
678 1103 745 1127 sua
760 1098 930 1126 nostram
946 1097 1090 1125 utram-
1110 1089 1137 1123 Β
1157 1089 1286 1125 vitam.
1315 1090 1374 1127 Sic
1412 1103 1575 1139 namque
1608 1098 1756 1126 mortua
1795 1099 1916 1127 morte
1952 1092 2155 1128 revertitur

1156 1150 1254 1195 vita,
1278 1150 1600 1199 quemadmodum
1631 1150 1755 1187 ablato
1784 1159 1937 1200 peccato
1967 1150 2063 1187 redit
2085 1150 2152 1200 ju-

1155 1210 1266 1247 stitia.
1295 1214 1414 1247 Porro
1437 1225 1539 1248 mors
1568 1212 1605 1247 in
1626 1211 1761 1249 Christi
1789 1219 1909 1247 morte
1932 1211 2096 1260 fugatur,
2118 1219 2155 1247 ct

1156 1271 1293 1308 Christi
1325 1271 1435 1308 nobis
1461 1271 1608 1322 justitia
1638 1272 1857 1322 imputatur.
1883 1275 2023 1308 Verum
2057 1285 2156 1320 quo-

1156 1332 1272 1369 modo
1294 1333 1391 1369 mori
1412 1333 1536 1383 potuit
1553 1333 1617 1383 qui
1639 1337 1741 1370 Deus
1761 1333 2065 1380 eratPQuoniam
2093 1332 2154 1368 ni-

1157 1392 1294 1428 mirum
1322 1400 1358 1428 et
1379 1392 1495 1429 homo
1517 1401 1609 1429 erat.
1629 1392 1701 1430 Sed
1727 1406 1803 1442 quo
1826 1400 1936 1441 pacto
1958 1404 2058 1427 mors
2082 1391 2156 1427 ho-

1157 1451 1268 1488 minis
1283 1452 1383 1488 illius
1397 1466 1468 1502 pro
1487 1453 1606 1489 altero
1620 1452 1868 1500 valuit?Quia
1882 1449 2052 1500 etjustus
2067 1458 2156 1487 erat.

1156 1514 1334 1550 Profecto
1352 1527 1516 1563 namque
1533 1527 1618 1550 cum
1633 1514 1749 1550 homo
1763 1521 1878 1557 esset,
1895 1512 2022 1562 potuit
2042 1511 2157 1557 mori3

1158 1588 1241 1611 cum
1273 1574 1420 1623 justus,
1451 1588 1526 1611 non
1562 1575 1693 1611 debuit
1726 1574 1849 1624 gratis.
1883 1577 1966 1610 Non
2004 1571 2157 1622 quidem

1159 1643 1336 1684 peccator
1369 1635 1500 1672 mortis
1534 1635 1671 1672 sufficit
1703 1635 1850 1671 solvere
1886 1632 2053 1669 debitum
2086 1645 2156 1681 pro

1157 1696 1276 1732 altero
1312 1705 1536 1746 peccatore,
1570 1708 1655 1732 cum
1686 1695 1845 1745 quisque
1874 1693 2057 1730 moriatur
2086 1704 2157 1742 pro

1158 1768 1209 1792 se.
1237 1756 1309 1804 Qui
1330 1764 1454 1792 autem
1488 1755 1585 1792 mori
1618 1768 1689 1805 pro
1715 1768 1754 1792 se
1783 1767 1861 1791 non
1888 1752 2019 1798 habet,
2044 1765 2158 1788 num-

1158 1816 1249 1865 quid
1271 1830 1342 1867 pro
1364 1816 1438 1852 alio
1460 1816 1599 1852 frustra
1614 1814 1727 1851 debet
1745 1816 1759 1850 Ρ
1779 1818 1930 1862 Quanto
1947 1825 2035 1848 sane
2059 1810 2159 1847 indi-

72 1877 152 1929 jam
186 1879 334 1917 nullum
365 1887 423 1916 est
453 1880 652 1927 meritum,
673 1888 711 1916 et
739 1880 907 1917 solutum
936 1888 992 1917 est
1021 1879 1090 1916 de·
1112 1879 1139 1915 C
1159 1877 1269 1926 gnius
1299 1877 1463 1913 moritur
1491 1876 1555 1925 qui
1583 1884 1742 1912 mortem
1769 1888 1847 1911 non
1877 1872 2032 1918 meruit,
2054 1878 2159 1907 tanto

75 1938 212 1977 bitum.

131 2001 193 2038 21.
223 2003 410 2039 Caeterum
444 2000 546 2038 unde
581 2001 740 2049 scimus,
773 2001 879 2051 quod
919 2001 1090 2039 Christus

75 2062 198 2112 possit
229 2070 387 2112 peccata
419 2062 640 2099 dimittere?
660 2062 760 2099 Hinc
786 2062 922 2113 procul
945 2061 1064 2098 dubio
1078 2090 1087 2107 ‚

76 2122 165 2172 quia
182 2126 286 2160 Deus
306 2132 384 2170 est,
405 2132 443 2161 et
467 2123 656 2174 quidquid
681 2124 783 2170 vult,
812 2132 950 2174 potest.
977 2122 1091 2161 Unde

77 2192 203 2220 autem
223 2192 260 2221 et
277 2184 383 2234 quod
404 2188 508 2222 Deus
524 2185 598 2222 sit?
615 2185 799 2222 Miracula
819 2184 999 2235 probant.
1017 2187 1090 2221 Fa—

77 2244 128 2281 cit
154 2244 298 2295 quippe
328 2259 464 2296 opera,
489 2259 574 2296 quae
597 2259 711 2282 nemo
733 2246 827 2283 alius
855 2246 978 2282 facere
999 2257 1092 2295 pos-

77 2305 126 2342 sit
150 2320 159 2343 :
187 2313 230 2342 ut
260 2314 405 2343 taceam
432 2307 587 2343 oracula
614 2306 892 2356 Prophetarum
908 2334 917 2350 ,
940 2317 1091 2341 necnon

77 2374 116 2403 et
135 2374 305 2417 paternae
323 2367 428 2404 vocis
445 2366 706 2404 testimonium
723 2366 860 2416 elapsae
879 2364 1026 2401 coelitus
1045 2363 1092 2400 ad

76 2427 204 2477 ipsum
225 2440 247 2464 a
263 2427 464 2477 magnifica
484 2427 617 2477 gloria.
636 2426 747 2475 Quod
767 2426 797 2463 si
814 2430 916 2464 Deus
932 2438 1004 2475 pro
1026 2437 1094 2461 no-

45 2500 48 2501 ’
76 2485 157 2534 bis,
187 2487 273 2537 quis
299 2496 433 2525 contra
455 2489 552 2525 nos?
575 2490 680 2524 Deus
700 2487 766 2537 qui
782 2485 987 2536 justificat,
1008 2485 1092 2535 quis

76 2557 134 2585 est
167 2548 234 2598 qui
262 2548 516 2586 condemnet?
548 2549 587 2586 Si
612 2549 694 2599 ipse
723 2556 780 2584 est
804 2555 841 2584 et
870 2559 947 2583 non
974 2546 1090 2592 alius,

77 2608 138 2645 cui
158 2608 331 2658 quotidie
351 2610 582 2646 confitemur
602 2608 793 2653 dicentes,
820 2608 901 2644 Tibi
913 2610 981 2643 soli
995 2621 1091 2656 pec-

1158 1938 1189 1974 is
1205 1936 1345 1987 justius
1365 1951 1435 1988 pro
1458 1950 1534 1987 quo
1556 1937 1716 1973 moritur
1732 1964 1741 1980 ,
1762 1935 1867 1971 vivit.

1213 2000 1275 2036 23.
1308 1998 1380 2037 Sed
1412 2011 1518 2047 quae,
1543 1997 1689 2047 inquis,
1717 1995 1860 2045 justitia
1880 2002 1958 2038 est,
1985 2001 2026 2029 ut
2047 1992 2158 2028 inno-

1159 2074 1248 2097 cens
1270 2060 1456 2097 moriatur
1484 2072 1555 2109 pro
1583 2057 1726 2108 impio?
1746 2060 1828 2094 Non
1846 2063 1901 2091 est
1913 2053 2057 2103 justitia
2070 2081 2079 2098 ,
2096 2050 2160 2087 sed

1158 2120 1430 2159 misericordia.
1462 2120 1498 2157 Si
1523 2119 1670 2168 justitia
1695 2125 1809 2161 esset,
1829 2115 1905 2165 jam
1930 2127 2006 2150 non
2030 2112 2160 2162 gratiS,

1159 2183 1224 2220 sed
1261 2196 1307 2220 ex
1342 2181 1471 2218 debito
1504 2187 1730 2216 moreretur.
1768 2177 1804 2214 Si
1831 2189 1875 2213 cx
1908 2174 2054 2219 debito,
2080 2172 2160 2221 ipsc

1160 2244 1315 2294 quidem
1340 2249 1555 2279 moreretur
1578 2256 1585 2277 ;
1608 2239 1671 2277 sed
1694 2240 1724 2275 is
1746 2252 1816 2288 pro
1834 2250 1909 2286 quo
1928 2241 2156 2277 moreretur,

1160 2318 1237 2341 non
1270 2304 1428 2340 x-ivcret.
1459 2306 1508 2339 At
1539 2314 1629 2336 vero
1662 2300 1691 2336 si
1713 2298 1860 2348 justitia
1879 2309 1955 2332 non
1978 2301 2056 2339 est,
2080 2303 2157 2327 non

1161 2374 1286 2402 tamen
1309 2372 1443 2401 contra
1464 2362 1649 2411 justitiam
1672 2368 1738 2396 est.
1758 2357 1938 2407 Alioquin
1958 2362 1993 2391 et
2008 2353 2154 2402 justus,

1160 2435 1198 2463 et
1226 2426 1441 2463 misericors
1468 2423 1578 2460 simul
1605 2434 1684 2458 esse
1707 2433 1785 2457 non
1820 2425 1957 2468 posset.
1990 2414 2059 2452 Sed
2089 2411 2157 2448 etsi

1155 2486 1280 2536 justus
1302 2500 1378 2523 nou
1400 2484 1539 2534 injuste
1559 2495 1629 2533 pro
1646 2488 1844 2531 peccatore
1864 2475 2075 2513 satisfacere
2095 2484 2157 2535 va-

1160 2548 1256 2594 lcat,
1288 2561 1365 2597 quo
1394 2554 1517 2582 tamen
1544 2551 1654 2593 pacto
1682 2541 1793 2577 etiam
1816 2550 1913 2575 unus
1934 2548 2005 2585 pro
2027 2533 2155 2598 ,pium-

1158 2607 1257 2645 bus?
1277 2607 1424 2644 Etenim
1454 2604 1541 2641 satis
1569 2615 1647 2639 esse
1668 2600 1863 2638 videretur
1881 2595 1927 2633 ad
1944 2594 2125 2643 justinam
2144 2617 2153 2633 ‚

78 2673 213 2716 1·ανι““;
246 2670 331 2720 quis
357 2669 514 2717 melius,
542 2670 621 2707 imo
649 2669 735 2720 quis
765 2669 860 2706 alius
893 2668 1086 2706 remittere
1104 2672 1137 2706 D
1159 2670 1188 2705 si
1215 2682 1314 2705 unus
1334 2667 1399 2704 uni
1426 2664 1593 2702 moriens
1612 2663 1725 2698 vitam
1754 2664 1935 2696 restituat.
1958 2657 2054 2691 Hulc
2075 2663 2153 2699 jam

77 2739 206 2780 potest
237 2731 344 2780 quod
373 2730 412 2767 in
442 2744 530 2768 eum
556 2739 754 2781 peccatum
779 2732 860 2767 est?
885 2734 961 2768 Aut
987 2743 1089 2779 quo-

77 2791 194 2829 modo
238 2791 319 2842 ipse
363 2805 442 2829 non
478 2800 623 2842 potest,
664 2793 729 2842 qui
766 2791 894 2828 omnia
939 2792 1091 2841 potest?

76 2852 252 2902 Denique
279 2865 350 2902 ego
370 2853 476 2903 quod
494 2853 532 2890 in
550 2866 610 2889 me
639 2853 876 2902 delinquitur
895 2852 1005 2888 valeo
1021 2881 1030 2898 ‚
1061 2851 1089 2887 si

76 2913 189 2959 volo,
219 2913 365 2950 donare
393 2928 400 2950 ε
429 2922 467 2951 et
490 2918 593 2951 Deus
618 2926 695 2950 non
724 2921 839 2963 queat
865 2913 903 2948 in
924 2925 963 2949 se
984 2925 1091 2948 com-

77 2973 188 3010 missa
216 2974 437 3012 remittere?
467 2975 506 3013 Si
535 2987 627 3024 ergo
657 2982 812 3024 peecata
839 2973 1034 3010 remittere
1055 2980 1093 3008 et

76 3035 198 3084 possit
231 3035 504 3086 omnipotens,
539 3044 577 3073 et
613 3036 718 3073 solus
747 3034 891 3085 possit,
925 3034 985 3071 cui
1021 3033 1091 3070 soli

0 3107 3 3142 i
35 3095 281 3144 ‘peccatum
312 3094 447 3133 heatus
475 3096 673 3147 profecto,
694 3095 754 3132 cui
784 3108 862 3132 non
884 3093 1089 3144 imputabit

76 3154 158 3204 ipse
178 3164 391 3206 peccatum.
413 3160 548 3206 Itaque
573 3155 826 3206 cognovimus
840 3185 850 3202 ,
872 3154 977 3204 quod
996 3168 1088 3204 pec-

78 3223 158 3252 cata
177 3215 346 3253 Christus
365 3215 576 3253 divinitatis
597 3229 674 3253 suae
695 3215 868 3266 potentia
888 3214 1006 3250 valuit
1024 3226 1086 3250 re-

77 3273 217 3312 laxare.

128 3416 136 3431 ¹
160 3411 240 3442 Psal.
262 3422 297 3447 L,
320 3415 352 3442 6.
371 3430 410 3433 ω
430 3418 442 3433 ²
463 3414 556 3443 Rom.
575 3424 606 3445 τ,
630 3416 690 3446 18,
723 3416 771 3442 1ὲ1,

1158 2728 1388 2779 respondeat
1413 2725 1630 2776 Apostolus.
1658 2723 1756 2758 Sicut
1781 2722 1891 2762 enim,
1914 2714 2058 2763 inquit,
2086 2723 2156 2759 per

1158 2795 1267 2826 unius
1293 2791 1482 2830 delictum,
1506 2791 1543 2821 111
1562 2797 1686 2820 omnes
1709 2783 1895 2822 homines,
1920 2782 1957 2812 1'12
1979 2774 2150 2810 condem-

1158 2854 1344 2885 1111ίί11111>111
1361 2862 1374 2891 ,-
1402 2852 1455 2882 sic
1478 2855 1514 2880 ct
1529 2858 1601 2893 per
1626 2847 1730 2878 nnius
1743 2841 1943 2886 justitiam,
1967 2840 2004 2870 111
2026 2844 2153 2869 onmes

1157 2911 1338 2954 homines,
1360 2913 1397 2943 111
1409 2906 1711 2953 J'uolqficallam’m
1732 2906 1836 2937 viloe.
1858 2900 1959 2934 Sir-uc
1974 2899 2072 2930 cuim
2085 2904 2155 2940 per

1157 2970 1445 3006 izmherlielllialn
1469 2970 1579 3001 zazius
1604 2964 1762 2998 hominis
1786 2967 2000 3008 peccatores
2021 2956 2153 2990 consti-

1152 3036 1222 3067 tuti
1241 3038 1326 3064 sunt
1339 3030 1458 3070 multi,
1479 3031 1531 3061 1111
1551 3033 1585 3059 et
1593 3037 1668 3072 per
1682 3026 1788 3057 unius
1806 3019 1963 3056 hominis·
1979 3014 2150 3050 obedien-

1156 3095 1247 3127 tiam
1260 3090 1356 3134 justi
1376 3089 1646 3122 constituentia·
1664 3083 1771 3117 malli
1788 3086 1813 3116 ².
1839 3077 1909 3116 Sed
1936 3077 2030 3112 forte
2056 3082 2153 3136 tin-us

1155 3148 1328 3201 pluribus
1363 3146 1546 3195 justitiam
1583 3142 1736 3193 quidem
1774 3140 1970 3177 restituere
2006 3138 2150 3184 potuit,

1155 3211 1268 3246 vitam
1309 3220 1385 3243 non
1428 3205 1564 3256 potuit.
1597 3205 1673 3239 Per
1705 3214 1832 3244 uuum,
1865 3199 1933 3241 ait,
1967 3195 2148 3229 homiuem

1156 3284 1267 3315 munuc,
1287 3278 1321 3304 (Ἰ
1338 3281 1411 3316 Iler
1431 3280 1540 3302 [11111111
1565 3266 1747 3301 hominem
1768 3265 1858 3297 vila.
1879 3260 1977 3292 Sicut
1996 3263 2092 3288 emm
2112 3260 2148 3282 m
