2517 3920
368 183 439 220 753

1131 177 1167 211 S.
1199 171 1451 209 BERNARDI
1480 166 1683 206 ABBATIS

2444 0 2448 125 ἶ

2364 150 2449 220 784³,

367 269 540 298 nostrum
564 259 611 296 ad
634 256 843 294 ridendum
859 285 867 301 ‚
897 254 943 291 ad
975 252 1273 302 colloquendum
1290 280 1299 297 ‚
1328 246 1723 297 ad⁵⁸⁰cogitationum
1754 250 1844 280 sunt
1873 240 2158 290 dispunctores,
2179 240 2378 282 verborum
2401 247 2450 285 etl

370 320 648 359 aedificandum.
674 317 812 355 Videre
833 316 933 352 enim
960 315 1091 350 faciem
1113 321 1278 349 vestram
1308 323 1378 347 an-
1397 326 1429 360 A
1446 307 1678 358 syllabarum
1702 311 1919 341 venatores..
1943 302 1992 339 Hi
2017 302 2109 338 tales
2130 302 2286 352 figuram
2311 306 2450 344 oculo-!

369 383 524 432 gelicam
542 379 757 431 jucundum
785 386 861 423 est,
884 375 1050 424 colloqui
1069 372 1280 423 jucundius
1301 378 1376 415 est,

373 442 551 480 aedificari
585 439 906 490 jucundissimum
941 443 1008 471 est.
1048 434 1233 471 Mittimus
1272 430 1381 468 vobis

373 503 568 540 hominem
584 502 845 542 innocentem,
859 498 1015 546 plenum
1031 494 1162 538 melle,
1177 493 1258 529 sine
1275 490 1379 535 felle;

374 565 461 614 plus
481 563 580 600 enim
604 561 716 598 habet
734 558 854 596 mellis
873 569 986 606 quam
1006 555 1120 601 sellis,
1139 554 1224 604 plus
1241 551 1381 589 amoris

374 637 489 674 quam
516 622 703 666 horroris;
732 618 953 669 simpliciter
974 615 1202 666 prudentem
1232 621 1269 649 et
1288 625 1382 662 pru—

377 683 512 719 denter
541 681 772 731 simplicem3
805 686 991 714 turturem
1019 689 1104 712 cum
1137 674 1325 719 castitate,
1347 679 1385 707 et

376 743 593 780 columbam
614 754 699 777 cum
720 738 972 788 simplicitate.

432 806 467 841 3.
500 804 674 840 Relatum
699 808 753 836 est
783 798 914 843 nobis,
935 805 1044 848 pater
1066 794 1294 839 reverende,
1320 806 1382 829 re—

378 866 495 900 latum
519 876 598 899 (sse
618 861 727 897 vobis
740 889 749 906 ,
770 858 875 909 quod
895 858 1101 894 claustrum
1123 855 1227 905 quod
1244 853 1386 891 claudit

378 938 470 969 nos,
487 935 629 973 paucos
656 921 714 956 vel
743 919 870 955 nullos
896 917 1091 954 clauderet
1117 915 1327 964 religiosos.
1349 913 1387 950 Si

378 985 518 1021 relator
544 989 669 1018 vester
697 979 846 1024 retulit,
873 978 1017 1022 nullos,
1048 977 1129 1013 falsi
1161 976 1389 1026 prolocutor

1449 383 1532 407 rum
1562 375 1711 412 tenent,
1739 364 1804 414 qui
1834 363 1929 400 alios
1953 362 2110 408 vident,
2130 374 2169 399 se
2199 375 2277 399 non
2302 364 2451 408 videnti

1447 430 1546 477 Quia
1580 440 1672 463 vero
1704 425 1742 461 in
1780 424 1947 460 humana
1982 430 2120 459 natura
2159 435 2236 459 una
2266 409 2452 474 perfectioi

1447 497 1522 534 est,
1543 497 1774 536 cognoscere
1800 496 1839 521 se
1863 482 2131 532 imperfectum
2152 481 2204 533 (si
2223 483 2322 521 enim
2339 484 2453 526 dixe-2

1448 549 1567 585 rimus
1592 546 1696 597 quod
1716 552 1917 596 peccatum
1939 555 2016 579 non
2037 541 2238 590 habemus,
2254 557 2324 581 nos
2345 545 2453 598 ipsos¹

1449 608 1689 653 seducimus,
1726 614 1764 642 et
1801 603 1944 641 veritas
1985 616 2064 639 non
2102 610 2160 639 est
2193 603 2233 640 in
2270 603 2454 660 nobis²);;

1450 669 1619 720 optimus
1635 667 1697 704 ille
1715 674 1793 712 est,
1815 665 1881 715 qui
1898 671 2056 713 urgetur
2075 663 2240 701 minimis
2253 661 2281 702 ³.
2297 668 2441 708 Memini

1451 728 1656 780 quemdam
1685 725 1916 777 prudentem
1953 723 2112 769 dixisse,
2146 732 2184 761 et
2209 724 2349 765 dictum
2373 741 2443 768 me-

1451 787 1636 826 morabile
1671 787 1870 837 scripturae
1906 784 2105 822 mandasse
2131 800 2140 822 2
2171 802 2186 819 (ι
2211 789 2295 824 Non
2322 801 2407 839 ego,
2428 810 2443 825 ι

1450 850 1597 900 inquit,
1627 847 1840 885 «offendar
1873 846 2006 897 paucis
2037 846 2214 893 maculis,
2248 845 2312 885 ubi
2343 849 2458 900 plui-ai

1452 932 1466 946 ‚‚
1487 912 1611 948 nitent
1630 910 1669 946 in
1687 908 1838 958 egregio
1857 918 2021 957 corpore
2041 904 2070 944 ⁴.
2088 923 2103 939 2>

1508 972 1545 1009 4.
1586 970 1694 1016 Scio,
1731 977 1858 1019 pater,
1901 967 2000 1012 scio,
2035 966 2215 1005 charitate
2255 979 2444 1020 movente,

379 1044 449 1080 fuit
471 1058 477 1079 :
498 1043 528 1079 si
550 1053 692 1091 paucos
713 1038 862 1083 retulit,
884 1050 1016 1073 verum
1041 1036 1151 1081 dicit,
1175 1044 1212 1072 et
1236 1048 1385 1072 mecum
1406 1033 1434 1067 Β
1452 1032 1643 1083 Apostolo
1671 1027 1906 1081 praeeunte5,
1927 1027 2027 1065 velle
2059 1036 2095 1064 te
2125 1040 2260 1066 omnes
2284 1028 2460 1070 homines}

379 1104 503 1141 sentit.
530 1106 607 1139 Nos
628 1101 731 1137 enim
751 1098 863 1149 pauci
884 1110 1026 1134 sumus.
1052 1097 1088 1134 Si
1117 1109 1208 1132 vero
1231 1109 1309 1132 non
1334 1096 1387 1132 ita

378 1163 582 1208 intellexit,
621 1161 685 1198 sed
719 1160 765 1196 de
800 1172 963 1196 numero
998 1170 1210 1208 paucorum
1243 1169 1387 1207 paucos

377 1233 545 1275 separat,
567 1232 604 1261 et
629 1223 674 1260 ad
699 1222 885 1259 sinistram
910 1220 1092 1264 collocat,
1118 1231 1194 1255 non
1225 1226 1281 1254 est
1312 1217 1386 1253 mi-

379 1285 516 1330 rabile,
545 1285 613 1321 etsi
643 1284 690 1320 sit
720 1280 947 1319 miserabile.
966 1284 1019 1318 Ijt
1047 1280 1146 1316 enim
1181 1292 1266 1329 quae
1293 1278 1390 1314 fiunt

378 1349 415 1383 iu
439 1345 726 1396 praesentiarum
754 1351 962 1387 taceamus,
983 1350 1020 1377 et
1049 1340 1180 1390 priora
1211 1348 1390 1389 tempora

380 1407 427 1444 ad
444 1406 665 1444 memoriam
686 1403 911 1441 reducamus
925 1432 934 1449 ,
953 1416 1037 1439 arca
1057 1400 1158 1437 beati
1179 1404 1259 1438 Noe
1279 1413 1391 1436 mun-

380 1468 425 1504 da
448 1477 483 1504 et
501 1465 695 1503 immunda
716 1464 892 1501 animalia
913 1464 950 1499 in
972 1464 1059 1499 sinu
1082 1475 1151 1498 suo
1175 1460 1389 1497 collocavit.

380 1532 526 1565 Domus
557 1525 781 1575 patriarchae
812 1523 958 1559 bouum
991 1535 1130 1567 unum,
1161 1530 1199 1557 et
1229 1521 1391 1557 alterum

381 1586 590 1637 reprobum
618 1585 762 1622 habuit.
788 1584 848 1621 Ad
880 1584 1079 1626 ultimum,
1099 1582 1227 1619 schola
1253 1581 1391 1619 Christi

381 1648 557 1684 undecim
578 1659 678 1683 sanae
702 1645 839 1681 mentis
860 1644 1030 1693 collegit,
1049 1655 1247 1692 unumque
1272 1641 1390 1691 phre-

379 1708 545 1744 neticum
564 1707 662 1743 inter
675 1705 769 1742 alios
784 1704 980 1749 sustinuit,
994 1703 1165 1752 aliosque
1182 1701 1392 1751 discipulos

379 1768 532 1814 habuit,
554 1779 719 1817 quorum
743 1765 900 1802 nomina
929 1763 1139 1801 secundum
1162 1770 1391 1813 praesentem

374 1829 561 1878 justitiam
590 1828 629 1863 in
652 1826 750 1863 libro
778 1826 867 1862 vitae
888 1825 983 1861 dixit
1013 1838 1093 1861 esse
1121 1824 1259 1874 scripta
1274 1852 1283 1869 ,
1307 1836 1392 1873 quae
1409 1825 1437 1861 C
1459 1831 1534 1869 est,
1552 1835 1622 1858 nec
1644 1818 1907 1857 misericordia
1926 1816 2008 1867 ejus
2025 1823 2220 1854 attenuata
2237 1823 2304 1853 est.

381 1890 428 1926 ab
461 1889 596 1926 eodem
627 1887 726 1924 libro
761 1886 972 1924 secundum
1011 1886 1079 1923 Dei
1114 1885 1391 1935 praescientiam

381 1958 487 1986 erant
520 1948 662 1985 abrasa.
701 1948 915 1985 Claustrum
950 1947 1060 1983 etiam
1091 1946 1175 1982 coeli
1213 1944 1392 1995 superbia

381 2009 572 2056 ascendit,
588 2009 634 2046 de
657 2022 732 2058 quo
754 2021 840 2045 eum
862 2007 1049 2044 dedecore
1070 2006 1226 2043 corruit.
1248 2006 1304 2051 Si,
1327 2005 1389 2042 in-

382 2083 515 2120 quam,
544 2070 684 2107 relator
707 2077 834 2106 vester
860 2067 1058 2118 improbus
1078 2080 1221 2117 paucos
1253 2080 1391 2117 repro-

382 2130 452 2167 bos
491 2130 537 2166 de
572 2143 732 2166 numero
774 2127 988 2179 proborum
1033 2135 1229 2177 segregat,
1266 2126 1394 2163 rideat

382 2192 466 2237 ille,
495 2190 696 2240 provideat
721 2190 806 2235 ille,
836 2202 913 2239 quo
939 2189 1052 2225 oculo
1085 2188 1196 2224 dicat.
1225 2187 1338 2236 Quod
1363 2189 1394 2225 si

383 2252 539 2301 caligat,
563 2251 785 2301 lippientem
813 2250 967 2286 oculum
995 2257 1138 2299 tergat,
1166 2258 1205 2286 et
1233 2249 1393 2298 collyrio

382 2313 562 2362 inungat,
584 2320 625 2348 ut
641 2311 778 2347 clarius
796 2310 941 2355 videat,
960 2323 1032 2347 nec
1050 2310 1089 2346 in
1110 2309 1218 2346 malis
1240 2309 1394 2346 alterius

383 2374 436 2410 ita
465 2381 573 2409 acuta
598 2371 827 2422 perspiciat,
849 2379 891 2407 ut
923 2371 1050 2420 aquila
1082 2371 1142 2407 vel
1173 2370 1394 2421 epidaurius

385 2446 559 2482 serpens3
580 2445 647 2468 sua
673 2445 764 2467 vero
786 2431 898 2481 lippis
929 2439 966 2467 et
990 2431 1157 2468 inunctis
1185 2430 1315 2467 ocellis
1334 2431 1396 2467 in-

388 2502 508 2530 tuens.
543 2497 626 2530 Non
662 2501 718 2529 cst
753 2500 877 2528 tutum
908 2492 947 2528 in
979 2490 1166 2541 ambiguis
1198 2491 1396 2528 offendere

386 2559 507 2591 Deum
532 2562 596 2590 aut
620 2553 860 2603 proximum,
884 2560 920 2588 et
937 2551 1111 2601 judicare
1134 2552 1289 2588 alterius
1312 2565 1396 2588 ser-

390 2629 491 2651 rum.
512 2615 596 2652 Seio
614 2615 714 2650 enim
740 2614 805 2663 qui
827 2613 919 2649 dicit
942 2627 948 2649 :
983 2614 1035 2648 Τιι
1055 2616 1138 2661 quis
1161 2626 1218 2658 es,
1248 2617 1314 2661 qui
1326 2613 1395 2658 ju·
1412 2611 1446 2645 D

387 2678 491 2711 cliens
523 2679 687 2710 alienum
722 2678 897 2710 servum?
925 2687 988 2708 suo
1021 2675 1172 2708 (ἰοιηίηο
1208 2682 1297 2716 stat,
1332 2683 1400 2709 met

387 2738 488 2771 cadit
507 2744 527 2771 ¹.
557 2735 641 2771 Noli
672 2735 820 2784 itaque,
854 2741 976 2784 pater,
1004 2733 1082 2769 noli
1109 2733 1215 2769 omni
1248 2733 1399 2783 spiritui

387 2796 563 2841 credere,
584 2809 652 2831 nec
675 2794 825 2831 claudat
845 2794 999 2831 oculum
1023 2802 1130 2829 tuum
1151 2793 1280 2842 lingua
1302 2793 1399 2830 adu-

387 2856 545 2892 lantium
581 2864 616 2891 et
645 2856 910 2905 lippientium,
941 2868 1010 2891 nec
1043 2854 1258 2903 impinguet
1284 2863 1398 2904 caput

388 2925 494 2952 tuum
516 2916 727 2966 peccatoris
748 2916 888 2951 oleum.
915 2918 1102 2962 Quaerunt
1125 2928 1291 2964 namque
1312 2928 1398 2964 gra-

388 2978 477 3015 tiam
501 2986 602 3013 tuam
625 2984 661 3012 et
689 2976 846 3024 gloriam
869 2988 974 3011 suam
997 2988 1112 3024 super
1136 2974 1298 3011 aliorum
1329 2988 1398 3012 ex-

386 3038 587 3087 cogitatam
620 3036 816 3072 ossensam.
850 3034 973 3072 Credo
1006 3048 1076 3084 ego
1107 3043 1166 3081 te,
1190 3044 1312 3085 pater,
1335 3036 1399 3073 ha-

387 3097 476 3134 bere
494 3096 651 3146 gratiam
672 3095 895 3144 spirituum,
917 3103 953 3130 ct
974 3093 1171 3130 effundere
1196 3094 1231 3130 in
1257 3103 1398 3132 terram

386 3156 598 3194 venditoris
621 3155 761 3192 oleum.
784 3154 831 3191 Hi
855 3154 944 3190 tales
967 3166 1165 3202 cursores,
1188 3153 1397 3191 alienarum

435 3284 443 3298 ¹
464 3280 557 3308 Rom.
578 3286 646 3311 xiv,
668 3276 723 3305 40

384 3342 463 3363 vers.
490 3334 567 3367 13:11,
586 3332 663 3359 5250„
741 3325 752 3347 5.
774 3329 874 3358 [Cor.
898 3338 962 3365 vn,
986 3328 1017 3357 7.

1453 1093 1593 1131 similes
1615 1092 1669 1128 tui
1695 1104 1788 1128 esse.
1820 1089 1894 1128 Sed
1919 1087 2029 1125 labor
2055 1087 2218 1125 difficilis
2250 1097 2306 1126 est
2333 1097 2368 1127 te
2395 1103 2460 1130 ομ

1453 1154 1585 1204 sequi,
1618 1151 1810 1189 difficilior
1840 1159 1876 1187 te
1906 1148 2103 1199 consequi.
2131 1149 2461 1197 Quemadmodum}

1454 1217 1555 1254 enim
1583 1214 1681 1252 acies
1703 1211 1906 1250 exterioris
1930 1210 2097 1248 hominis
2118 1208 2379 1250 reverberatur
2393 1212 2461 1250 in-·

1456 1275 1600 1313 tuendo
1624 1273 1813 1324 sphaeram
1834 1271 1945 1315 solis,
1967 1270 2019 1307 sic
2040 1268 2088 1307 ad
2108 1269 2288 1307 intuitum
2312 1279 2461 1310 tuarum·

1454 1336 1642 1373 virtutum
1674 1331 1911 1383 obstupescit
1939 1330 2036 1367 acies
2069 1329 2263 1367 interioris
2283 1329 2462 1370 hominis..

1457 1394 1747 1435 Condeseendat
1772 1393 1898 1442 itaque
1920 1399 2026 1429 satur
2051 1390 2243 1437 famelico,
2262 1403 2370 1429 sanus
2392 1391 2462 1430 in-·

1456 1459 1568 1494 firmo
1582 1486 1592 1503 ,
1613 1455 1806 1506 perfectus
1836 1452 2083 1503 imperfect03
2104 1460 2141 1488 et
2170 1459 2254 1488 oret
2275 1459 2318 1488 ut
2340 1451 2449 1490 fame—

1457 1518 1551 1555 licus
1568 1517 1738 1561 satietur,
1756 1522 1794 1551 et
1807 1514 1980 1550 infirmus
1998 1513 2182 1558 firmetur,
2201 1511 2463 1562 imperfectus—¹

1459 1592 1533 1629 que
1558 1576 1790 1628 1‘›erfic.iatur.
1813 1574 2068 1624 Omnipotens
2096 1580 2222 1610 autem
2253 1575 2372 1619 Deus,
2391 1574 2465 1624 quiz

1458 1649 1493 1676 te
1520 1638 1605 1676 fecit
1625 1650 1710 1675 cum
1734 1649 1812 1673 non
1840 1648 1960 1681 esses,
1981 1642 2019 1671 et
2035 1632 2194 1684 perfecit
2219 1645 2302 1670 cum
2320 1633 2466 1687 imper-3

1459 1702 1577 1738 sectus
1603 1711 1724 1745 esses,
1741 1697 2007 1748 omnipotens,
2029 1695 2207 1745 inquam,
2227 1707 2303 1731 non
2326 1702 2381 1732 est
2401 1690 2466 1732 fa*

1459 1770 1542 1798 ctus
1558 1761 1752 1811 impotens
1768 1787 1777 1803 ‚
1798 1771 1867 1794 nec
1884 1755 2082 1807 brachium
2103 1753 2186 1804 ejus
2205 1751 2472 1801 abbreviatum}

2013 1955 2038 1964 vx
2042 1955 2084 1964 ων.
2088 1955 2097 1963 ι
2102 1955 2111 1963 ι
2116 1954 2168 1963 nus*
2172 1953 2213 1963 ===
2217 1954 2241 1963 ἰ
2245 1951 2454 1963 ιιῑιιιιινιίιιοιι

1595 2068 1966 2126 EPISTOLA
2015 2067 2349 2139 Coniux,

1461 2220 1627 2244 EJUSDEM
1659 2218 1828 2242 HUGONIS
1856 2217 2042 2250 METELLI,
2067 2216 2108 2239 ΙΝ
2137 2215 2296 2240 ΡΕΒΒΟΝΛ
2320 2187 2470 2247 Annansl

1662 2280 1721 2304 SUI
1750 2280 1796 2302 AD
1826 2278 2074 2301 GUILLELMUM
2103 2277 2281 2300 ABBATEM.

1462 2394 1616 2427 Excusat,
1637 2388 1722 2430 quod
1744 2388 1784 2420 ad
1803 2386 1952 2419 Herberti
1970 2386 2018 2417 sui
2042 2384 2213 2417 calumnias
2239 2383 2391 2426 aliquanto
2407 2380 2458 2413 du-

1821 2442 1886 2473 rius
1915 2439 2117 2483 respondeat.
2357 2435 2363 2438 ’

1464 2556 1689 2592 Gmruzmzo
1713 2549 1922 2588 venerabili
1947 2557 1984 2586 et
2009 2548 2048 2585 in
2075 2546 2224 2585 Christo
2243 2545 2378 2582 dilecto
2398 2541 2472 2580 aab-1

1519 2613 1617 2660 bati,
1639 2616 1848 2649 Simu-nus
1867 2609 2021 2647 humilis
2036 2607 2153 2645 abbas
2166 2603 2459 2649 Sancti—Leonis„
2470 2614 2477 2630 ··

1518 2675 1564 2711 de
1577 2676 1687 2711 leone
1701 2673 1888 2723 rugiente,
1900 2679 1938 2707 et
1949 2670 2049 2708 ovile
2064 2668 2200 2708 Christi
2215 2667 2460 2705 circumeunte

1520 2736 1678 2773 feliciter
1696 2732 1944 2783 triumphare.

1524 2856 1554 2892 l.
1574 2853 1781 2904 Epistolam
1800 2859 1970 2888 nostram
1988 2849 2126 2886 devota
2140 2856 2177 2885 et
2190 2846 2343 2884 dextera
2355 2854 2475 2881 manu·

1465 2914 1665 2965 suscipite,
1692 2921 1729 2950 et
1751 2910 1939 2962 quidquid
1960 2910 1999 2947 in
2026 2922 2070 2947 ea
2090 2915 2284 2946 exaratum
2303 2912 2358 2942 est
2377 2915 2475 2954 ρετ-ἱ

1466 2975 1590 3024 legite.
1621 2973 1719 3011 *Nihil
1756 2972 1842 3009 salis
1877 2979 1935 3008 est
1970 2969 2042 3017 ibi,
2071 2965 2333 3006 amaritudinis
2358 2961 2460 3009 nihil;

1465 3033 1571 3084 quod
1601 3033 1801 3069 contristet
1829 3031 2005 3082 spiritum
2036 3037 2205 3067 vestrum
2234 3025 2340 3064 nihil.
2364 3022 2461 3062 Paci-

1467 3096 1560 3130 licus
1595 3101 1651 3129 est
1689 3091 1736 3128 ad
1774 3104 1845 3128 vos
1882 3090 2074 3140 ingressus
2116 3095 2246 3126 noster
2279 3100 2288 3122 ε
2325 3094 2461 3122 ramum

1467 3154 1599 3199 olivae,
1619 3166 1696 3189 non
1719 3165 1824 3189 arma
1844 3151 1917 3188 fert
1940 3163 2067 3188 sermo
2092 3156 2234 3187 noster.
2255 3143 2391 3184 Irritati
2408 3153 2462 3180 re-

778 3279 789 3295 ²
812 3277 825 3305 1
843 3276 937 3304 Joau.
962 3285 992 3311 x,
1014 3276 1043 3304 8.
1072 3291 1107 3298 ψ
1155 3271 1294 3306 3H0rat.
1311 3274 1483 3309 Satirarum
1500 3274 1581 3306 libro
1604 3276 1632 3311 l,
1652 3280 1708 3305 sat.
1729 3276 1760 3312 3,
1781 3284 1861 3305 vers.
1879 3274 1935 3310 68,
1958 3275 2013 3304 69.
2041 3289 2084 3296 ν-
2105 3268 2180 3302 Ηά.
2198 3267 2236 3300 de
2248 3269 2324 3300 Arte
2337 3261 2460 3308 podiffl·
