2565 3952
63 180 138 219 429

113 259 148 296 3.
170 260 236 294 Est
256 265 410 304 quoque
427 250 534 301 quod
561 249 685 287 adhuc
706 249 843 286 addam
857 277 866 294 ‚
891 247 963 285 nisi
981 248 1070 297 quia
1085 243 1113 262 '⁹

985 168 1250 204 EPISTOLAE.

2090 163 2160 198 '130

1198 245 1233 281 2.
1269 248 1324 281 Tu
1345 251 1473 280 autem
1507 254 1598 278 cura
1622 239 1787 277 inveniri
1817 239 1938 275 {idelis
1960 252 2094 275 servus
2123 248 2162 275 ct

63 316 229 357 timidior
249 327 352 359 sum,
374 313 512 358 fateor,
535 325 649 361 quam
667 309 839 361 promisi.
859 308 931 347 Sed
953 309 1072 345 tutius
1090 311 1119 343 A
1141 305 1329 357 prudens,
1353 303 1550 341 conservis
1580 301 1654 339 tuis
1675 300 1827 337 coeleste
1854 298 2022 335 triticum
2049 311 2159 334 com-

62 379 209 418 adduco
231 374 472 424 magistrum,
496 372 563 422 qui
586 385 664 409 non
679 380 857 409 vereatur
867 370 1074 420 episcopus

63 441 242 492 episcopo
271 435 415 474 nudam
437 433 564 471 dicere
584 433 797 470 veritatem.
824 435 906 468 Hoc
926 436 1072 480 ipsum,

64 500 207 551 inquit,
231 499 407 533 delictum
427 503 484 530 est
508 496 545 530 in
568 493 693 539 vobis,
723 494 826 542 qnod
846 505 981 528 causas
1002 491 1075 526 lta-

65 563 153 600 betis
171 565 270 596 inter
287 571 364 594 vos.
391 558 517 603 Quare
533 568 607 590 mm
632 559 753 603 magis
766 552 950 602 fraudem
965 555 1073 601 pati-

65 625 158 660 mini
174 621 210 656 ¹?
244 616 436 669 Opposuit
470 615 669 666 speculum
684 643 693 661 ‚
735 614 882 651 refulsit
916 612 1074 663 justitiae

64 682 143 728 sol,
163 679 319 717 emicuit
352 677 516 723 veritas,
547 688 678 712 naevus
711 674 902 725 apparuit.
930 673 1074 722 Quanti

64 751 121 781 est
132 741 246 792 igitur
256 738 384 776 nescio
399 737 559 788 quaeilla
578 736 889 787 possessiuncula
912 734 1075 772 maledi-

65 811 124 842 cta
137 831 148 849 ‚
168 809 210 839 ut
230 800 391 838 ulterius
406 797 485 848 jam
508 798 630 848 possit
650 805 715 834 aut
742 795 977 834 obumbrare
1000 805 1076 833 tam

65 863 300 904 manifestam
320 861 520 899 veritatem
538 889 548 906 ‚
568 868 634 896 aut
654 858 845 909 impedire
867 866 944 895 tam
962 866 1076 908 opta-

65 935 139 964 tam
157 922 471 973 correptionem?
490 920 657 970 Inspiret
677 924 779 957 Deus
797 918 908 956 vobis
925 918 1076 968 acquie-

64 998 167 1025 scere
179 983 340 1022 consilio
350 1012 359 1029 ‚
378 991 421 1020 ut
433 995 512 1019 non
527 981 650 1018 dicam
664 988 811 1026 nostro,
826 978 891 1016 sed
903 978 1076 1015 omnium

64 1046 129 1098 qui
149 1044 380 1082 aemulantur
401 1056 469 1080 vos
490 1042 561 1079 Dei
578 1041 842 1088 aemulatione,
865 1037 1077 1077 reverende

64 1115 103 1146 et
116 1106 223 1144 omni
238 1105 359 1156 gloria
378 1102 649 1155 prosequende
670 1110 792 1153 pater.

64 1245 116 1258 nn·-
120 1241 1081 1256 ==============================================================

278 1352 657 1410 EPISTOLA
703 1352 851 1408 CCI.

93 1506 138 1529 An
160 1503 381 1527 BALDUINL'M
403 1502 573 1525 ABBATEM
598 1501 756 1525 REATINI
783 1488 1058 1526 MONASTER11*.

68 1610 218 1640 Hortatur
229 1611 264 1637 ut
278 1611 406 1637 strenue
420 1603 583 1636 incumbat
597 1603 701 1635 officio
715 1615 772 1635 suo
787 1614 794 1635 :
812 1603 875 1635 huc
894 1614 968 1636 vero
985 1604 1087 1646 requi-

113 1661 154 1694 rit
166 1659 299 1692 verbum
314 1659 544 1704 praedicationis
560 1684 568 1697 ,
590 1659 771 1702 exemplum
790 1659 894 1702 operis
904 1683 912 1698 ,
935 1666 965 1691 et
981 1659 1088 1702 praeci-

114 1726 176 1760 pue
190 1715 329 1747 studium
341 1714 503 1746 orationis.

128 1831 160 1869 l.
177 1830 349 1881 Epistola
366 1843 482 1880 quam
501 1828 655 1874 misisti,
675 1829 855 1867 affectum
873 1839 980 1868 tuum
1006 1830 1091 1868 red-

74 1891 165 1939 olet,
191 1899 323 1928 movet
349 1903 491 1928 meum.
519 1893 568 1927 Et
594 1889 707 1927 doleo
733 1891 839 1941 quod
864 1900 982 1942 prout
1002 1905 1090 1929 mo-

74 1965 192 1999 veor,
218 1964 299 1989 non
341 1964 500 2003 possum
534 1951 757 1989 rescribere.
790 1956 867 1990 Nee
900 1953 1091 1990 immoror

75 2012 348 2050 inexcusandis
360 2012 687 2058 excusationibus,
702 2013 825 2050 sciens
845 2013 951 2064 quod
969 2014 1090 2051 scien-

77 2073 104 2111 ti
124 2086 184 2111 me
206 2073 359 2123 loquor.
381 2074 510 2118 Nosti,
534 2073 714 2124 inquam,
739 2074 809 2111 sub
836 2088 912 2125 qua
944 2075 1092 2112 sarcina

77 2147 183 2184 gemo
205 2149 213 2172 :
235 2143 274 2171 et
292 2134 456 2185 gemitus
477 2148 585 2172 meus
619 2148 640 2172 a
669 2144 705 2172 te
737 2149 816 2173 non
844 2145 901 2173 est
925 2135 1092 2173 abscon-

64 2195 186 2234 ditus.
216 2199 273 2233 Tu
301 2209 396 2233 vero
436 2209 509 2247 pro
545 2196 738 2234 schedulae
771 2196 959 2235 brevitate
997 2199 1093 2236 affe-

78 2265 178 2294 ctum
205 2271 284 2294 non
306 2257 494 2304 aestimes,
521 2271 635 2308 quem
667 2259 771 2295 nulla
793 2260 851 2296 sui
873 2259 1094 2310 prolixitate

79 2319 265 2370 explicare
288 2328 420 2370 posset
440 2319 578 2356 oratio.
601 2322 650 2357 Et
679 2321 824 2358 malitia
851 2321 1009 2371 quidem
1031 2334 1095 2358 oc-

81 2380 323 2430 cupationum
355 2388 484 2431 potest
513 2380 637 2418 facere
668 2390 712 2418 ut
737 2382 869 2432 paucis
905 2381 1092 2428 scribam,

81 2439 144 2477 sed
163 2454 239 2478 non
260 2449 304 2478 ut
329 2454 468 2492 parum
495 2441 664 2492 diligam.
694 2446 832 2480 Actum
856 2455 946 2479 sane
968 2443 1095 2479 exclu-

82 2500 164 2549 dat,
190 2503 252 2539 vel
286 2502 472 2553 impediat
505 2511 612 2540 actus
645 2518 653 2540 :
691 2503 758 2540 sed
787 2502 979 2553 numquid
1000 2503 1096 2540 affe—

82 2565 210 2601 ctum?
227 2563 332 2602 Sicut
357 2572 480 2600 mater
501 2563 658 2600 unicum
685 2573 787 2601 amat
812 2565 954 2610 filium,
983 2564 1035 2600 ita
1058 2572 1093 2601 te

84 2622 304 2674 diligebam,
342 2624 554 2661 haerentem
587 2625 698 2662 lateri
736 2639 843 2673 meo,
876 2626 1093 2676 placentem

1142 367 1340 404 municare
1355 365 1500 415 absque
1514 362 1678 409 invidia,
1698 370 1735 398 et
1752 360 1896 409 absque
1914 358 2058 394 desidia
2075 371 2160 394 ero-

1142 440 1249 478 gare3
1282 435 1319 463 et
1336 426 1416 463 noli
1448 426 1590 462 frustra
1622 435 1815 460 assumere
1847 419 2134 457 excusationem
2152 447 2161 464 ‚

1140 487 1247 538 quasi
1262 486 1307 524 de
1323 486 1377 523 tui
1390 485 1561 522 novitate
1575 491 1642 520 aut
1655 483 1702 519 de
1714 480 1920 531 imperitia,
1932 477 2038 528 quod
2050 485 2162 527 putas

1141 550 1262 595 forte,
1283 548 1344 584 vel
1359 547 1527 584 simulas.
1551 549 1647 582 Nam
1669 557 1739 580 nec
1761 541 1899 579 sterilis
1927 537 2161 576 verecundia

1141 619 1246 661 grata
1258 618 1329 654 est,
1349 622 1420 646 nec
1439 607 1635 645 humilitas
1651 613 1793 656 praeter
1805 603 2009 640 veritatem
2030 599 2165 636 lauda-

1141 671 1240 708 bilis.
1271 664 1451 708 Ofli‘cium
1472 681 1564 718 ergo
1585 676 1693 704 tuum
1714 664 1882 702 attende.
1906 662 2010 699 Pelle
2031 659 2162 711 pudo-

1143 747 1223 770 rem
1256 730 1566 769 consideratione
1607 727 1726 765 officii
1743 755 1753 772 ‚
1790 738 1858 775 age
1890 732 1933 760 ut
1968 722 2160 771 magister.

1143 797 1276 832 Novus
1293 806 1346 839 es,
1361 791 1428 829 sed
1447 789 1600 827 debitor
1616 804 1624 825 :
1640 797 1678 825 et
1694 801 1741 824 ex
1755 794 1847 823 tunc
1866 793 1901 821 te
1921 783 2076 820 noveris
2096 782 2165 818 de-

1144 854 1309 892 bitorem
1325 884 1333 900 ‚
1359 867 1405 890 ex
1426 866 1505 903 quo
1533 860 1567 889 te
1592 849 1764 900 alligasti.
1780 845 1980 896 Numquid
2010 844 2162 882 novitas

1143 914 1342 954 excusabit
1362 913 1466 965 apud
1492 912 1724 951 creditorem
1742 917 1756 932 ³
1780 909 1919 946 damna
1940 907 2163 944 lucrorum?

1144 976 1341 1027 Numquid
1356 976 1479 1026 prima
1492 983 1668 1024 tempora
1679 985 1799 1009 vacua
1811 969 2008 1021 praeterire
2022 968 2165 1018 patitur

1146 1039 1365 1076 fenerator?
1388 1037 1461 1074 Sed
1482 1050 1560 1073 non
1581 1049 1686 1081 sum,
1708 1034 1875 1083 inquies,
1897 1030 1944 1068 ad
1964 1030 2034 1066 ista
2054 1029 2164 1066 sufli-

1102 1104 1128 1138 B
1148 1100 1264 1138 ciens.
1286 1098 1402 1148 Quasi
1422 1111 1516 1135 vero
1532 1097 1688 1134 devotio
1706 1104 1770 1132 tua
1787 1100 1944 1143 accepta
1958 1105 2036 1128 non
2052 1091 2099 1127 sit
2118 1104 2165 1127 ex

1147 1174 1194 1198 eo
1215 1159 1320 1210 quod
1347 1158 1483 1204 habes,
1499 1171 1577 1194 non
1600 1170 1647 1193 ex
1668 1169 1714 1192 eo
1735 1153 1841 1204 quod
1858 1166 1936 1189 non
1954 1151 2083 1188 habes.
2109 1154 2165 1188 De

1148 1221 1231 1257 solo
1261 1218 1328 1256 tibi
1351 1218 1497 1255 credito
1524 1218 1667 1254 talento
1694 1212 1929 1264 respondere
1964 1211 2032 1248 tibi
2053 1224 2166 1260 para,

1150 1293 1307 1318 securus
1341 1279 1388 1315 de
1421 1278 1584 1328 reliquo.
1622 1277 1659 1315 Si
1692 1276 1856 1312 multum
1884 1273 2084 1322 accepisti,
2122 1271 2168 1308 da

1151 1341 1329 1377 multum.
1366 1338 1480 1386 Quod
1511 1338 1542 1374 si
1564 1337 1757 1374 modicum
1780 1342 1857 1379 est,
1893 1341 1930 1370 et
1957 1332 1997 1369 id
2031 1331 2167 1368 tribue.

1152 1401 1304 1438 Etenim
1325 1398 1392 1450 qui
1413 1399 1451 1436 in
1476 1397 1630 1434 modico
1665 1395 1786 1432 fidelis
1817 1406 1895 1430 non
1930 1401 2009 1438 est,
2034 1405 2103 1429 nec
2132 1391 2170 1427 in

1155 1462 1337 1499 maximo.
1357 1463 1498 1497 Totum
1517 1458 1585 1505 da,
1611 1457 1701 1508 quia
1721 1464 1845 1493 totum
1866 1453 2102 1504 repetendus
2133 1465 2171 1489 es

1155 1535 1277 1572 usque
1309 1520 1358 1558 ad
1379 1520 1631 1557 novissimum
1663 1516 1919 1568 quadrantem
1952 1530 1959 1551 2
1994 1513 2058 1551 sed
2083 1526 2173 1550 sane

1155 1582 1261 1633 quod
1283 1581 1422 1628 habes,
1445 1594 1524 1618 non
1541 1579 1648 1630 quod
1665 1591 1743 1615 non
1761 1575 1892 1613 habes.

1210 1645 1244 1682 3>
1287 1647 1485 1681 Memento
1519 1642 1633 1678 etiam
1670 1638 1757 1676 roci
1796 1646 1871 1674 tuae
1910 1635 2001 1672 dare
2043 1648 2176 1672 vocem

1155 1705 1322 1743 virtutis.
1360 1703 1462 1753 Quid
1500 1702 1596 1740 illud
1623 1730 1632 1747 ‚
1667 1700 1835 1750 inquis?
1870 1700 1922 1736 L't
1958 1710 2077 1746 opera
2113 1705 2178 1733 tua

1156 1767 1285 1805 verbis
1323 1767 1563 1810 concinant,
1606 1764 1684 1800 imo
1730 1759 1849 1798 verba
1884 1757 2097 1808 operibus,
2136 1766 2179 1794 ut

1158 1842 1269 1866 cures
1293 1827 1474 1864 videlicet
1496 1826 1605 1877 prius
1631 1824 1755 1861 facere
1774 1833 1890 1871 quam
1916 1819 2069 1855 docere.
2093 1819 2179 1856 Pul-

1111 1896 1138 1933 C
1159 1889 1374 1927 cherrimus
1400 1886 1499 1924 ordo
1531 1894 1587 1923 est
1613 1893 1652 1922 et
1681 1881 1983 1925 saluberrimus,
2013 1888 2054 1916 ut
2081 1893 2181 1917 onus

1157 1950 1263 2002 quod
1283 1949 1519 2001 portandum
1551 1946 1719 1998 imponis
1736 1975 1746 1992 ,
1768 1953 1809 1981 tu
1831 1951 1964 1994 portes
1984 1942 2117 1992 prior3
2143 1950 2180 1979 et

1158 2027 1206 2051 ex
1228 2021 1264 2049 te
1285 2011 1430 2057 discas,
1458 2009 1624 2061 qualiter
1653 2013 1832 2058 oporteat
1862 2004 1943 2040 aliis
1970 2003 2178 2040 moderari.

1160 2073 1341 2123 Alioquin
1361 2069 1615 2109 subsannabit
1633 2078 1669 2105 te
1687 2067 1852 2118 sapien5‚
1870 2072 2007 2114 utpote
2028 2064 2180 2114 pigrum

1159 2135 1267 2171 illum
1284 2163 1293 2180 ‚
1317 2134 1378 2170 cui
1398 2132 1510 2170 labor
1530 2132 1577 2168 sit
1598 2143 1756 2167 manum
1780 2127 1979 2178 porrigere
2000 2125 2047 2162 ad
2069 2139 2110 2162 os
2134 2132 2145 2147 ²
2171 2141 2179 2162 :

1161 2204 1296 2246 arguet
1317 2204 1352 2232 te
1371 2203 1408 2231 et
1427 2193 1636 2244 Apostolus
1657 2191 1789 2228 dicens
1802 2218 1811 2234 ‚
1839 2190 1890 2223 Ta
1908 2192 1974 2236 qui
1994 2189 2089 2222 allos
2109 2189 2180 2222 do-

1162 2271 1233 2303 ces,
1247 2267 1282 2292 le
1301 2261 1424 2305 ipsum
1449 2268 1522 2290 non
1542 2255 1654 2289 (laces
1669 2250 1695 2288 3.
1721 2249 1795 2289 Sed
1815 2257 1852 2286 et
1870 2247 2066 2285 notaberis
2086 2248 2180 2285 vitio

1161 2317 1463 2362 Pharisaeorum,
1487 2314 1554 2364 qui
1579 2313 1736 2362 alligant
1756 2323 1875 2347 onera
1895 2309 2027 2359 gravia
2049 2317 2086 2345 et
2109 2309 2181 2345 im·-

1162 2378 1391 2429 portabilia‚
1419 2385 1457 2413 et
1482 2376 1689 2426 imponunt
1711 2386 1755 2410 ea
1780 2372 1820 2408 in
1848 2371 2032 2407 humeros
2057 2370 2180 2407 homi·

1163 2453 1255 2476 num
1274 2469 1283 2486 ‚
1311 2438 1430 2488 digito
1461 2445 1589 2474 autem
1621 2448 1690 2472 suo
1724 2433 1864 2470 nolunt
1897 2444 1940 2468 ea
1972 2432 2176 2467 movere&

1164 2503 1298 2538 Sermo
1319 2499 1475 2550 quidem
1498 2498 1612 2534 vivus
1638 2504 1675 2532 et
1700 2494 1854 2538 efficaX‚
1881 2492 2103 2541 exemplum
2124 2501 2181 2529 est

1165 2561 1293 2612 operis
1313 2590 1322 2606 ‚
1354 2560 1463 2597 facile
1498 2558 1640 2595 faciens
1669 2554 1856 2593 suadibile
1888 2553 1994 2603 quod
2027 2552 2179 2599 dicitur,

1166 2623 1258 2660 dum
1281 2629 1470 2659 monstrat
1489 2618 1655 2657 factibile,
1681 2616 1787 2667 quod
1809 2614 2002 2652 suadetur.
2022 2617 2123 2664 Ergo
2145 2614 2183 2650 in

84 2684 189 2722 cordi
216 2699 315 2723 meo.
343 2686 509 2736 Diligam
533 2694 571 2723 et
597 2685 817 2734 absentem,
841 2700 889 2724 ne
912 2687 1091 2723 solatium
1109 2692 1142 2728 D
1160 2686 1219 2722 his
1262 2683 1415 2722 duobus
1456 2680 1646 2719 mandatis
1670 2708 1678 2725 ‚
1715 2677 1824 2715 verbi
1865 2676 2031 2721 scilicet,
2069 2683 2183 2726 atque

85 2757 207 2782 meum
237 2759 285 2783 ex
311 2755 367 2793 te,
401 2754 439 2783 et
459 2759 538 2783 non
570 2755 607 2783 te
628 2746 762 2783 videar
784 2746 974 2784 dilexisse.
1001 2749 1094 2783 Eras

46 2815 47 2819 ’
85 2807 385 2854 pernecessarius
413 2807 519 2843 mihi.
558 2811 685 2857 Atque
708 2808 797 2844 hinc
832 2809 893 2845 vel
928 2808 1095 2845 maxime

86 2864 216 2913 claret,
235 2880 349 2917 quam
369 2867 518 2904 sincere
541 2875 575 2904 te
607 2867 774 2918 diligam.
806 2868 933 2906 Hodie
956 2881 1095 2918 nempe

48 2955 49 2958 η
87 2938 163 2963 non
179 2935 215 2964 te
234 2928 439 2966 caruissem
452 2957 461 2973 ,
481 2929 512 2966 si
534 2930 755 2979 quaesissem
779 2943 865 2980 quae
888 2944 973 2967 mea
993 2938 1094 2967 sunt.

87 2988 194 3024 Nunc
231 2997 358 3026 autem
390 2989 520 3035 vides,
557 2989 663 3040 quod
698 2990 836 3040 spretis
870 2989 1098 3027 utilitatibus

89 3047 200 3095 meis,
228 3049 302 3086 tuis
333 3049 574 3100 compendiis
606 3064 685 3088 non
705 3051 853 3097 invidi,
877 3064 1028 3102 ponens
1062 3059 1098 3088 te

89 3107 216 3158 utique
238 3108 292 3146 ibi
306 3139 316 3158 ,
338 3110 442 3147 unde
460 3111 669 3161 aliquando
698 3111 962 3163 transponaris
982 3124 1099 3163 super

90 3169 214 3206 omnia
228 3168 329 3207 bona
348 3172 506 3209 Domini
526 3172 596 3210 tui.

138 3302 149 3318 ¹
167 3300 262 3330 ICor.
279 3311 331 3336 vr.
351 3303 383 3332 7.
402 3320 448 3323 —
466 3306 479 3322 ²
499 3304 592 3333 Prov.
608 3314 711 3340 xxvr,
735 3306 788 3334 15.
805 3321 850 3325 ——
869 3300 883 3324 3
900 3306 994 3335 Rom.
1015 3314 1060 3339 11,
1081 3305 1136 3334 21.
1156 3321 1199 3325 ·—
1219 3302 1234 3328 4
1250 3300 1368 3333 Manli.
1391 3312 1500 3338 XXIII,
1520 3302 1550 3331 4.
1573 3317 1615 3320 -
1634 3297 1647 3320 5
1665 3301 1761 3330 Joau.
1781 3307 1858 3331 xxx,
1881 3297 1992 3324 15-1..

137 3358 152 3374 ³
171 3357 251 3390 Alias
261 3383 269 3398 ‚
288 3358 495 3393 conditorem.

1163 2746 1362 2796 exempli,
1393 2756 1582 2781 summam
1619 2741 1675 2778 tui
1706 2739 1823 2777 officii
1855 2737 1903 2774 ad
1936 2737 2183 2774 conscientiae

1164 2807 1409 2844 securitatem
1442 2803 1613 2855 pendere
1645 2801 1827 2850 intellige.
1867 2802 1923 2836 Tu
1960 2807 2088 2835 tamen
2108 2827 2117 2844 ‚
2154 2798 2183 2834 si

1164 2867 1290 2919 sapi5‚
1321 2865 1462 2916 junges
1500 2872 1538 2901 et
1572 2863 1728 2900 tertium
1750 2891 1760 2908 ,
1793 2859 1965 2897 studium
2007 2858 2185 2895 videlicet

1166 2928 1379 2974 orationis,
1408 2926 1454 2963 ad
1482 2925 1811 2975 complementum
1840 2922 1973 2970 utique
1996 2920 2107 2956 trinae
2136 2920 2185 2956 il-

1165 2989 1238 3026 lius
1256 2986 1497 3040 repetitionis
1518 2987 1555 3022 in
1578 2983 1789 3034 Evangelio
1814 2982 1860 3018 de
1879 2979 2081 3031 pascendis
2102 2980 2186 3016 ovi-

1165 3048 1238 3086 bus
1256 3047 1283 3086 5.
1306 3052 1351 3086 In
1372 3048 1446 3084 hoc
1464 3046 1619 3084 noveris
1638 3045 1741 3082 illius
1766 3042 1945 3080 trinitatis
1971 3053 2188 3078 sacramen-

1168 3118 1250 3147 tum
1274 3110 1314 3146 in
1336 3109 1445 3146 nullo
1465 3108 1689 3144 frustratum
1716 3119 1737 3142 a
1760 3113 1815 3150 te,
1836 3104 1866 3140 si
1883 3115 2014 3154 pascas
2041 3100 2184 3147 verbo,

1168 3185 1300 3222 pascas
1333 3169 1540 3220 exemplo,
1574 3180 1707 3219 pascas
1739 3174 1777 3203 et
1807 3173 2025 3202 sanctarum
2060 3162 2183 3199 fructu
