2517 3920
333 223 429 262 2235

1095 232 1130 266 S.
1163 233 1415 267 BERNARDI
1445 233 1645 268 ABBATIS

327 303 375 339 sit
392 310 517 339 autem
540 311 580 339 ut
601 303 775 352 credam,
796 312 918 343 tantas
938 319 1022 354 eos,
1037 316 1197 356 quantas
1219 308 1387 345 video²⁵⁵⁴

2306 239 2404 278 123ss

1396 308 1595 357 iniquitas,
1616 321 1693 345 non
1715 308 1912 356 discretio,
1932 310 1997 347 scd
2021 312 2218 360 confusio,
2240 315 2406 354 sterilem

327 363 367 399 in
388 363 580 412 plerisque
600 366 860 413 monasteriis,
873 367 1058 404 vanitates
1074 382 1116 405 ac
1134 369 1336 418 superflui-
1352 368 1383 401 A
1401 382 1484 418 quae
1512 381 1588 405 non
1619 369 1718 418 parit
1742 381 1897 418 pascere
1910 399 1919 415 ,
1950 369 1987 406 id
2013 379 2089 417 est,
2114 372 2259 411 inutilis
2285 376 2408 414 carnis

329 429 424 459 tates
446 423 692 474 praecepisse,
713 426 771 462 vel
794 427 1034 464 concessisse.
1055 428 1176 465 Miror
1195 430 1334 466 etenim

327 481 432 518 unde
467 482 564 519 inter
600 486 806 523 monachos
835 495 938 523 tanta
969 488 1259 538 intemperantia
1297 490 1335 526 in

327 544 667 581 comessationibus
695 554 733 582 et
757 547 1036 596 potationibus,
1063 548 1101 584 in
1132 550 1336 586 vestimen—

328 602 375 640 tis
393 611 430 639 et
448 604 710 651 lectisterniis,
728 615 765 642 et
780 608 1025 656 equitaturis,
1049 617 1086 645 et
1106 618 1335 647 construen-

329 662 386 699 dis
418 663 583 701 aedificiis
619 665 829 703 inolescere
863 668 1025 717 potuit:
1050 677 1238 718 quatenus
1270 669 1335 706 ubi

328 722 409 759 haec
439 723 662 771 studiosius,
696 727 989 776 voluptuosius,
1026 736 1139 778 atque
1179 729 1335 766 effusius

330 783 447 828 fiunt,
471 783 524 820 ibi
545 784 641 821 ordo
662 786 795 823 melius
819 787 937 824 teneri
961 788 1120 834 dicatur,
1142 788 1193 825 ibi
1216 789 1335 839 major

327 850 485 891 putetur
504 843 650 893 religio.
672 849 767 882 Ecce
781 846 881 882 enim
898 848 1059 896 parcitas
1073 856 1230 898 putatur
1245 862 1336 886 ava—

326 903 410 939 ritia
429 932 438 949 ,
465 903 648 941 sobrietas
681 907 877 943 austeritas
911 908 1104 954 creditur,
1143 909 1335 947 silentium

328 961 478 998 tristitia
506 972 717 1012 reputatur.
740 969 769 1002 E
792 975 926 1002 contra
956 968 1127 1004 remissio
1157 968 1335 1006 discretio

326 1020 485 1068 dicitur;
503 1022 639 1059 effusio
653 1053 661 1069 ,
679 1024 904 1072 liberalitas,
926 1027 1156 1075 loquacitas,
1172 1028 1337 1067 affabili-

1402 429 1722 478 concupiscentiis
1760 429 1967 476 inservire3
1997 439 2035 466 et
2071 431 2194 468 viduae
2225 433 2280 470 nil
2316 434 2409 472 boni

1404 489 1545 534 facere,
1578 489 1713 525 animae
1746 488 1924 525 videlicet
1957 491 2177 528 excolendis
2205 492 2410 533 virtutibus

1403 549 1544 586 nullam
1567 562 1723 598 operam
1746 549 1848 585 dare.
1870 553 1963 597 Quae
1984 551 2138 600 utique,
2157 551 2244 588 licet
2262 556 2408 603 Sponso
2439 565 2448 573 '

1403 609 1554 645 interim
1587 609 1635 645 sit
1665 608 1820 645 viduata
1849 609 2013 654 coelesti,
2041 623 2173 647 sensus
2208 618 2334 649 tamen
2363 613 2409 651 de

1403 668 1542 718 Spiritu
1573 676 1704 704 sancto
1728 668 1932 717 concipere
1953 677 1990 704 et
2008 681 2144 718 parere
2171 683 2251 707 non
2274 671 2411 710 desinit

1401 729 1655 775 immortales;
1676 729 1741 778 qui
1769 728 1944 765 videlicet
1969 729 2272 780 incorruptibilis
2297 733 2410 769 coele-

1403 789 1544 838 stisque
1565 789 1795 825 haereditatis
1814 790 1967 826 valeant
1988 803 2069 826 esse
2095 804 2271 840 capaces,
2294 792 2360 829 sed
2381 794 2410 830 si

1403 849 1509 898 pium
1531 848 1695 885 habeant
1713 849 2004 899 studiosumque
2023 851 2223 887 cultorem.

1460 910 1520 946 18.
1547 908 1624 947 Sub
1648 909 1718 945 hac
1749 918 1874 946 tamen
1904 909 2088 947 abusione
2113 910 2192 960 jam
2222 912 2300 948 fere
2327 911 2411 950 ubi—

1403 981 1477 1018 que
1507 969 1559 1005 sic
1587 982 1659 1018 pro
1693 969 1828 1005 ordine
1856 977 2054 1016 tenentur,
2080 970 2158 1007 fere
2181 970 2258 1020 jam
2287 970 2339 1008 ita
2364 972 2410 1009 ab

1404 1028 1582 1066 omnibus
1605 1029 1686 1066 sine
1711 1030 1867 1079 querela
1885 1037 2000 1079 atque
2027 1030 2412 1080 irreprehensibiliter

328 1089 404 1127 tas;
440 1083 699 1129 cachinnatio,
731 1084 973 1134 jucunditas3
1010 1088 1187 1125 mollities
1220 1088 1381 1127 vesti-B
1401 1088 1677 1135 observantur,
1697 1103 1916 1139 quanquam
1948 1089 2192 1127 dissimiliter.
2227 1089 2411 1128 Nonnulli

328 1148 542 1177 mentorum
570 1151 607 1178 et
627 1157 813 1193 equorum
838 1146 975 1192 fastus,
994 1146 1192 1195 honestas,
1213 1150 1335 1187 lecto-

327 1213 412 1236 rum
435 1203 651 1251 superfluus
671 1205 815 1252 cultus,
842 1207 1039 1244 munditia.
1065 1211 1236 1260 Cumque
1255 1211 1335 1248 haec

328 1259 553 1297 alteiutium
591 1235 870 1312 impendimils,
906 1265 1068 1304 cliaiitas
1109 1269 1234 1318 appell
1241 1277 1337 1306 atur

329 1321 405 1357 Ista
428 1319 588 1357 chaiitas
616 1321 777 1359 destruit
797 1324 1037 1370 charitatem,
1058 1327 1138 1364 haec
1161 1328 1338 1365 discretio

330 1379 597 1418 discretionem
619 1384 829 1421 confundit.
852 1386 950 1422 Talis
972 1386 1233 1425 misericordia
1251 1403 1339 1426 cru-

329 1438 483 1476 delitate
520 1442 632 1491 plena
665 1452 742 1489 est,
778 1458 852 1494 qua
887 1445 1064 1483 videlicet
1098 1447 1149 1484 ita
1183 1450 1337 1499 corpori

330 1500 506 1547 servitur,
530 1510 570 1537 ut
595 1503 718 1540 anima
735 1503 945 1553 juguletur.
971 1510 1063 1555 Quae,
1084 1509 1225 1545 etenim
1247 1510 1337 1546 cha-

328 1560 417 1596 ritas
446 1570 526 1605 est,
555 1575 706 1600 carnem
737 1564 916 1614 diligere,
949 1575 986 1603 et
1011 1568 1186 1618 spiritum
1219 1571 1338 1620 negli-

328 1622 441 1669 gere?
462 1635 595 1671 quaeve
622 1623 799 1662 diseretio
828 1635 949 1663 totum
981 1628 1071 1665 dare
1101 1631 1278 1679 corpori,
1299 1639 1336 1669 et

329 1680 464 1718 animae
481 1682 594 1719 nihil.
588 1685 602 1710 «Ὗ
618 1685 739 1733 qualis
756 1699 778 1721 x
783 1699 823 1722 cr
826 1700 847 1722 o
866 1688 1142 1736 misericordia,
1159 1691 1333 1728 incillam

327 1742 502 1788 relicere,
523 1751 560 1779 et
576 1743 769 1781 dominam
787 1747 886 1783 inter
890 1748 1025 1784 licere?
1040 1752 1160 1786 Nemo
1178 1764 1250 1800 pro
1268 1751 1335 1787 liu-

320 1799 492 1848 jusmodi
518 1804 775 1842 misericordia
797 1816 923 1856 spelet
947 1821 985 1844 se
1013 1811 1195 1859 consequi
1222 1811 1337 1847 mise-

1401 1150 1544 1199 quippe
1562 1150 1618 1186 his
1638 1149 1817 1187 omnibus
1839 1159 2019 1200 tanquam
2039 1164 2115 1187 non
2133 1159 2284 1188 utentes
2300 1159 2411 1189 utun-

1401 1217 1481 1256 tur,
1516 1217 1552 1245 et
1581 1209 1668 1246 ideo
1700 1218 1765 1246 aut
1797 1224 1882 1247 cum
1913 1211 2018 1247 nulla
2044 1211 2211 1257 offensa,
2237 1220 2302 1248 aut
2327 1226 2412 1250 cum

1406 1270 1573 1307 minima.
1602 1270 1794 1320 Aliquanti
1821 1270 1966 1321 quippe
1993 1271 2074 1308 haec
2102 1279 2221 1321 agunt
2250 1285 2297 1308 ex
2323 1272 2413 1309 sim-

1404 1331 1594 1380 plicitate,
1626 1330 1809 1380 aliquanti
1838 1344 1883 1367 ex
1921 1331 2124 1379 charitate,
2156 1333 2339 1382 aliquanti
2368 1346 2414 1370 ex

1405 1391 1638 1427 necessitate.
1656 1390 1819 1438 Quidam
1840 1404 2006 1441 namque
2023 1392 2245 1442 simpliciter
2265 1393 2335 1430 ista
2357 1401 2415 1430 te-

1404 1459 1516 1497 nent,
1541 1451 1722 1500 quoniam
1748 1451 1800 1487 sic
1821 1452 1874 1487 eis
1898 1451 2144 1502 praecipitum
2165 1453 2287 1503 parati
2307 1453 2416 1490 aliter

1404 1524 1515 1561 agere
1528 1541 1537 1558 ,
1556 1511 1586 1548 si
1606 1512 1714 1548 aliter
1728 1512 2014 1561 praeciperetur.
2034 1511 2197 1561 Quidam
2221 1521 2347 1550 autem
2367 1526 2415 1550 ne

1405 1571 1632 1608 discorditer
1651 1571 1783 1608 vivant
1803 1571 1850 1608 ab
1875 1571 1927 1608 eis
1951 1585 2038 1608 cum
2053 1571 2192 1622 quibus
2218 1571 2412 1620 habitant;

1404 1640 1590 1668 sectantes
1615 1632 1654 1668 in
1676 1632 1733 1669 his
1746 1662 1754 1678 ,
1774 1645 1853 1668 non
1872 1645 1977 1669 suam
1996 1631 2194 1670 libidinem
2207 1661 2218 1679 ,
2242 1633 2308 1670 sed
2324 1633 2414 1670 alio-

1403 1705 1486 1728 rum
1505 1705 1648 1741 pacem.
1667 1692 1740 1728 Alii
1762 1705 1853 1728 vero
1866 1720 1875 1737 ,
1894 1693 1983 1741 quia
1998 1692 2173 1729 resistere
2193 1706 2271 1729 non
2289 1693 2416 1730 valent

1403 1750 1637 1791 multitudini
1677 1751 2021 1788 contradicentium
2035 1781 2044 1799 ,
2071 1752 2135 1802 qui
2171 1752 2250 1789 haec
2283 1753 2414 1803 utique

1404 1819 1581 1860 tanquam
1604 1825 1676 1861 pro
1693 1811 1837 1849 Ordine
1859 1811 1978 1848 libera
1996 1825 2091 1849 voce
2118 1812 2352 1860 defendunt3
2377 1821 2414 1850 et

325 1861 527 1900 ricordiam
543 1893 552 1910 ,
581 1878 665 1914 quae
692 1867 1004 1905 misericordibus
1030 1871 1268 1919 promittitui
1293 1872 1333 1908 in
1354 1874 1381 1909 C
1399 1871 1550 1920 quoties
1571 1871 1631 1907 isti
1652 1871 1800 1920 aliqua,
1821 1880 1938 1921 prout
1967 1873 2064 1909 ratio
2090 1872 2228 1920 dictat,
2250 1874 2415 1911 restrin-
2444 1899 2447 1901 >

327 1923 557 1972 Evangelio,
579 1925 755 1962 Veritatis
784 1940 850 1963 ore
876 1926 1058 1975 dicentis,
1084 1932 1200 1967 Beati
1225 1937 1337 1967 mise—

330 1984 507 2028 riom-(les,
525 1988 702 2031 quoniam
718 1990 791 2034 ipsi
805 1989 1098 2024 misericordiam
1113 2004 1338 2039 consequen-

329 2048 410 2076 tur¹
431 2043 523 2079 :sed
545 2045 751 2082 cer-tissime
782 2047 909 2096 potius
938 2061 1092 2098 poenam
1121 2058 1336 2100 exspectet,

329 2115 443 2151 quam
483 2105 569 2151 tali,
601 2102 644 2142 ut
677 2107 727 2143 ita
769 2107 913 2155 dicam,
948 2108 1068 2159 impio
1100 2111 1339 2148 misericordi

331 2171 483 2200 sanctus
507 2164 581 2201 Job
612 2168 728 2216 magis
749 2168 1074 2218 prophetizando,
1101 2184 1215 2220 quam
1244 2172 1341 2209 affe-

329 2222 468 2259 ctando
492 2224 745 2275 imprecatur,
777 2231 862 2265 Non
891 2233 960 2274 sil,
985 2230 1184 2280 inquiens,
1210 2237 1249 2268 ill
1280 2243 1338 2268 re-

328 2286 560 2329 cordatione,
590 2290 659 2322 secl
683 2298 897 2325 conteratur
914 2296 1024 2338 quasi
1049 2295 1190 2341 liguum
1215 2292 1339 2340 infru-

328 2353 504 2382 ctuosum.
522 2347 653 2397 Dignae
670 2349 782 2398 plane
800 2350 1065 2389 retributionis
1080 2366 1229 2390 causam
1248 2367 1339 2390 mox

329 2402 515 2442 subinfert
538 2408 626 2444 satis
654 2408 854 2455 idoneam,
895 2411 1025 2449 dicens
1054 2427 1062 2449 :
1094 2415 1205 2450 Pavet
1239 2419 1338 2451 enim

327 2467 488 2503 sterilem
498 2494 510 2510 ,
533 2476 568 2503 et
588 2482 674 2516 quoe
693 2484 768 2506 mm
783 2475 902 2519 parit,
926 2481 961 2508 et
982 2474 1114 2508 viduoe
1129 2487 1203 2510 mm
1226 2474 1338 2510 bene-

323 2521 421 2570 fecit
435 2531 459 2561 ².

388 2586 692 2627 17.1n01·dinata
720 2592 893 2641 piofecto
924 2601 1036 2642 atque
1064 2594 1338 2632 irrationabilis

1403 1944 1491 1980 gere
1508 1932 1567 1967 vel
1590 1940 1735 1968 mutare
1755 1932 1967 1982 incipiunt,
1989 1933 2044 1970 illi
2063 1946 2154 1970 mox
2175 1942 2252 1971 tota
2271 1935 2325 1972 eis
2347 1948 2415 1972 au*

1405 1992 1582 2028 ctoritate
1604 1992 1796 2029 resistunt.

1773 2119 1951 2158 CAPUT
1983 2120 2052 2160 IX.

1406 2240 1595 2272 Eorumdem
1620 2240 1892 2282 intemperantiam
1920 2247 2082 2284 comparat
2111 2252 2183 2273 cum
2216 2241 2413 2285 antiquorum

1690 2293 1917 2326 monachorum
1930 2294 2134 2337 parcimonia.

1465 2415 1522 2452 15).
1548 2415 1640 2464 Quis
1662 2415 1701 2452 in
1722 2415 1936 2466 principio,
1960 2428 2047 2464 cum
2068 2410 2174 2454 Ordo
2193 2415 2309 2466 coepit
2330 2428 2414 2452 mo-

1406 2475 1570 2512 nasticus
1583 2505 1592 2522 ‚
1608 2475 1655 2512 ad
1673 2484 1814 2512 tantam
1832 2475 2006 2512 crederet
2023 2476 2229 2513 monachos
2241 2475 2414 2515 inertiam

1406 2536 1479 2572 dev
1481 2535 1601 2572 enire
1595 2537 1609 2562 ἵ)
1623 2538 1656 2573 Ο
1668 2544 1852 2585 quantum
1869 2535 2054 2572 distamus
2070 2535 2118 2572 ab
2134 2536 2191 2573 his
2206 2536 2272 2586 qui
2285 2536 2325 2573 in
2340 2535 2415 2572 die-

1404 2595 1476 2632 bus
1487 2595 1645 2633 Antonii
1655 2595 1832 2632 exstitere
1847 2596 2042 2632 monachi.
2036 2598 2042 2622 ¹
2056 2596 2249 2646 Siquidem
2261 2596 2315 2632 illi
2329 2608 2413 2632 cum

329 2643 589 2684 misericordia
619 2658 696 2695 est,
720 2651 859 2687 sterilis
884 2659 920 2687 et
940 2651 1186 2689 infructuosae
1213 2654 1337 2690 carnis
1354 2661 1386 2695 D
1404 2668 1443 2692 se
1463 2655 1627 2692 invicem
1655 2669 1725 2705 per
1752 2664 1900 2706 tempus
1920 2669 1968 2693 ex
1987 2657 2169 2693 charitate
2189 2656 2412 2703 reviserent,

328 2702 434 2752 <quae
458 2704 567 2753 juxta
589 2709 743 2746 Domini
767 2710 928 2747 xeibum
949 2725 1028 2748 non
1049 2713 1206 2762 prodest
1226 2714 1338 2763 quid-

329 2764 482 2811 quam3,
509 2775 546 2803 et
574 2769 783 2806 secundum
813 2772 1043 2821 Apostolum
1074 2786 1233 2823 regnum
1268 2774 1337 2811 Dei

327 2834 402 2858 non
424 2826 682 2879 possidebit4)
703 2830 955 2881 adimplendis
971 2833 1168 2882 invigilare
1187 2834 1337 2871 deside—

325 2881 405 2926 riis,
433 2892 470 2919 et
493 2884 538 2920 dc
564 2888 697 2924 animae
721 2903 788 2925 cui
790 2903 810 2926 ι
834 2891 1021 2941 Sapientis
1045 2892 1311 2930 salubeirimu
1303 2907 1336 2930 m

323 2953 402 2976 non
424 2955 556 2979 curare
573 2948 791 2995 consilium,
807 2950 1050 2989 admonentis
1067 2961 1181 3002 atque
1203 2953 1337 2990 diccu—

326 3000 398 3038 tis:
419 3005 601 3040 Misenre
629 3020 770 3043 ammoe
802 3018 877 3045 tnoe
897 3015 1056 3059 placen?
1086 3012 1206 3050 Dco5.
1234 3018 1339 3051 Bona

327 3062 612 3111 misericordia,
635 3066 805 3104 misereri
831 3071 967 3108 animae
996 3081 1087 3120 tuae·
1115 3088 1185 3111 nec
1213 3083 1340 3124 potest

326 3134 404 3157 non
435 3124 573 3160 mereri
604 3094 927 3174 inisericordiam,
948 3145 1023 3180 qua
1052 3134 1093 3169 lit
1122 3142 1164 3170 ut
1190 3135 1340 3184 placeas

324 3185 419 3218 Deo.
446 3184 547 3221 Alias
576 3194 702 3222 autem
732 3200 810 3224 non
836 3198 892 3225 est
926 3192 1209 3239 misericordia,
1244 3195 1340 3232 sicut

325 3241 400 3291 jam
429 3243 526 3291 dixi,
550 3246 615 3282 sed
637 3247 859 3295 crudelitas,
880 3263 955 3286 non
984 3261 1039 3288 est
1059 3253 1244 3301 charitas,
1274 3256 1338 3292 scd

379 3376 384 3389 '
412 3372 524 3403 vaith.
545 3385 573 3404 v,
601 3378 631 3405 Τ,
670 3394 691 3396 -ν
713 3381 723 3395 ²
743 3376 803 3406 J=›l›
823 3389 912 3413 xxxx,
937 3381 991 3414 Ἦ),
1016 3382 1050 3409 21

1100 3398 1121 3401 π
1146 3379 1157 3401 3
1175 3384 1266 3411 Joau.
1288 3393 1340 3414 γι,
1363 3385 1417 3413 (32.

1405 2724 1507 2752 tanta
1542 2715 1589 2752 ab
1621 2715 1783 2752 invicem
1818 2715 1997 2753 aviditate
2029 2729 2169 2766 panem
2204 2715 2413 2753 animarum

1405 2775 1687 2826 percipiebant,
1708 2784 1751 2812 ut
1771 2776 1944 2826 corporis
1966 2775 2092 2813 cibum
2116 2775 2267 2826 penitus
2286 2774 2412 2820 obliti,

1406 2835 1505 2872 diem
1532 2837 1760 2886 plerumque
1789 2844 1909 2872 totum
1935 2835 2080 2886 jejunis
2107 2834 2327 2881 ventribus,
2350 2832 2414 2871 sed

1406 2910 1482 2933 non
1513 2896 1705 2933 mentibus
1737 2898 2000 2946 transigerent.
2022 2900 2070 2933 Et
2098 2896 2160 2933 hic
2186 2903 2266 2932 erat
2293 2902 2415 2932 rectus

1407 2955 1502 2992 ordo
1517 2985 1526 3002 ,
1548 2956 1702 3005 quando
1732 2955 1897 3005 digniori
1926 2955 2026 3005 parti
2045 2955 2153 3005 prius
2180 2951 2414 2991 inservieba-

1408 3024 1470 3052 tur
1491 3031 1498 3052 :
1517 3016 1598 3052 hacc
1619 3029 1766 3052 summa
1787 3015 1965 3052 discretio
1978 3045 1987 3062 ,
2011 3029 2098 3052 cum
2117 3014 2280 3065 amplius
2296 3024 2415 3051 sume*

1409 3076 1473 3112 bat
1492 3089 1576 3125 quae
1594 3075 1717 3125 major
1734 3085 1814 3113 crat
1830 3091 1837 3113 :
1855 3077 1936 3113 haec
1956 3076 2122 3126 denique
2134 3088 2224 3112 vera
2241 3073 2411 3117 charitas,

1407 3135 1473 3172 ubi
1494 3137 1630 3173 animae
1644 3166 1653 3183 ,
1674 3151 1843 3187 quarum,
1857 3137 2039 3173 charitate
2057 3136 2228 3174 Christus
2244 3141 2415 3171 mortuus

1407 3204 1483 3241 est,
1522 3204 1623 3232 tanta
1659 3197 1914 3233 sollicitudine
1949 3195 2270 3233 refocillabantur.
2306 3191 2416 3229 Nobis

1406 3267 1528 3293 autem
1552 3257 1851 3294 conoeniemslms
1874 3262 1913 3293 in
1944 3271 2072 3302 unum,
2095 3265 2137 3294 ut
2163 3254 2289 3293 verbis
2308 3256 2413 3304 Apo-

1458 3403 1476 3404 ἡ
1494 3384 1505 3408 -ἱ
1530 3388 1540 3413 Ῐ
1561 3386 1632 3415 (Ἴον.
1650 3396 1705 3419 xv,
1731 3388 1785 3415 50.
1803 3402 1845 3405 —-
1862 3380 1875 3403 5
1895 3381 1989 3414 Eccli.
2010 3393 2096 3419 xxx,
2120 3384 2174 3419 24.
