2565 3952
84 174 153 212 441

81 372 214 425 spiritu
253 370 470 408 vehementi
502 377 677 406 conterat
716 383 833 406 naves
859 369 1030 415 Tharsis,
1058 377 1097 405 et

80 435 197 472 instar
222 432 382 469 Phinees
410 430 608 467 confodiat
636 430 892 476 fornicantes,
912 429 1023 479 juxta
1049 430 1097 466 il-

82 495 144 533 lud
158 523 168 540 ,
191 495 325 530 Nonne
348 497 413 541 qui
432 494 590 528 oderunt
607 501 654 537 te,
678 495 854 535 Domine,
874 493 1040 534 oderam,
1061 500 1097 526 ec

78 568 187 605 super
213 558 388 590 inimicos
415 562 496 588 tuos
519 551 750 588 tabescebam
769 553 805 587 ¹?
830 551 896 587 sed
924 550 989 587 ubi
1016 564 1095 587 non

80 623 134 653 est
160 627 230 664 par
261 613 374 662 culpa
389 642 397 658 ‚
422 625 492 662 par
512 612 626 662 plane
647 625 725 647 non
746 610 861 647 debet
883 610 1094 660 procedere

78 688 188 727 poena
221 688 229 710 :
256 686 326 710 nec
352 672 534 709 convenit
565 672 698 708 eadem
728 671 874 708 involvi
905 671 1095 707 sententia

78 747 163 772 eum
183 733 248 783 qui
274 741 493 783 peccatum,
515 745 602 768 cum
626 731 684 769 1115
705 745 801 781 quos
821 731 940 781 magis
959 745 1094 781 pccca-

78 803 155 832 tum
177 793 355 830 deseruit.
379 797 542 843 Propter
562 806 647 829 eum
671 793 737 842 qui
760 801 802 829 ut
826 791 1093 842 peccatoribus

76 862 266 906 parceret,
283 852 355 890 sibi
375 853 447 904 ipsi
467 866 547 890 non
568 854 760 904 pepercit,
779 854 926 890 auferte
951 866 1092 903 oppro-

76 915 198 953 brium
223 928 350 951 meum
367 944 376 961 ,
401 923 439 951 et
468 915 708 952 restituendo
736 928 850 964 quem
881 914 1089 959 statuistis,

76 984 206 1013 vestrae
224 975 338 1012 etiam
362 984 435 1012 tam
459 989 560 1012 sanae
577 985 613 1013 et
630 976 790 1026 integrae
809 975 985 1026 opinioni
1003 989 1093 1012 con-

995 171 1260 207 EPISTOLAE.

83 261 124 291 ut
142 249 391 301 apostolicum
415 247 695 298 reprehendam
712 248 899 297 rigorem,
918 255 955 284 et
971 248 1095 284 zelum
1108 246 1154 264 '⁰⁴³

81 314 165 363 igne
183 311 253 348 Dei
273 323 497 347 succensum
521 318 654 345 contra
675 309 935 345 schismaticos
948 337 957 354 ,
974 308 1096 358 quiin
1114 307 1146 341 A
1166 333 1470 343 ...„..„........„...

1563 333 1807 343 ==vv=x==mn===1===
1813 335 2070 348 2==x===w===vxzx=m
2076 340 2084 348 x
2090 340 2188 350 sss-sss

1335 448 1711 506 EPISTOLA
1766 442 2021 509 CCXVJ

1546 613 1594 634 AD
1622 614 1799 637 EUMDEM.

1304 731 1366 760 Pro
1389 728 1538 772 episcopo
1561 735 1592 760 et
1617 730 1736 762 decano
1763 727 2042 763 Autissiodorensi.

1215 848 1350 888 Scribo
1371 849 1482 887 vobis
1505 851 1811 901 frequentissime
1829 851 1914 888 vilis
1931 850 2186 898 vermiculus,

1161 918 1199 946 et
1220 910 1260 946 in
1288 910 1387 946 hanc
1413 910 1594 961 impellor
1621 912 1818 949 audaciam
1838 911 2018 962 precibus
2041 912 2185 948 amico-

1162 983 1260 1007 rum.
1291 974 1455 1016 Fateor,
1492 972 1617 1008 audax
1647 985 1751 1019 sum,
1791 972 1857 1009 sed
1889 986 1968 1009 non
2004 972 2185 1009 mendax.

76 1035 195 1075 sulite.
235 1038 360 1087 Super
395 1037 471 1073 hoc
512 1036 591 1086 jam
629 1037 701 1073 alia
741 1036 823 1073 vice
868 1037 1095 1086 scripseram
1113 1037 1139 1071 B
1160 1035 1245 1069 Non
1271 1031 1488 1081 suspicetur
1509 1031 1690 1068 dominus
1712 1046 1819 1070 1116115
1847 1033 1886 1069 111
1908 1046 1974 1070 016
1995 1033 2106 1083 pueri
2125 1032 2183 1069 5111

75 1095 182 1134 vobis
209 1111 216 1134 :
243 1097 309 1134 sed
327 1098 416 1147 quia
438 1112 517 1134 non
535 1107 591 1135 est
619 1111 847 1148 responsum
867 1097 958 1134 mihi
972 1105 1090 1147 ‚puto

75 1171 149 1195 non
181 1159 361 1207 pervenit
390 1158 437 1195 ad
466 1172 534 1196 vos
564 1159 638 1196 1106
667 1158 793 1208 ipsum
811 1188 820 1205 ,
857 1158 962 1208 quod
995 1158 1092 1195 scri-

74 1230 233 1269 pseram.

74 1357 534 1369 uusstuvsnu1===1=wvsvxxz====
539 1357 621 1366 munt
627 1357 636 1366 κ
642 1358 665 1367 ιι
672 1357 826 1367 ιιςνιαινιιπ
831 1357 1046 1366 ιννιῑ-ινινννιιι
1052 1357 1091 1366 xm

225 1472 611 1530 EPISTOLA
652 1470 935 1530 CCXIV.a

450 1639 499 1661 AD
525 1640 701 1662 EUMDEM.

70 1757 254 1801 Episcopum
292 1759 551 1789 Cameracensem
594 1762 626 1787 et
669 1755 818 1787 abbatem
857 1755 1086 1789 Godescalcum

467 1810 681 1842 commendat.

120 1934 156 1973 Si
187 1947 302 1981 cura,
333 1934 365 1971 si
398 1933 586 1970 memoria
620 1933 975 1983 quantulacumque
1010 1931 1085 1968 mei

69 2002 186 2032 exstat
214 1993 339 2031 adhuc
366 1993 405 2030 in
427 1993 544 2030 corde
577 1993 726 2030 domini
754 1993 854 2039 mei,
882 2001 920 2029 et
947 1993 977 2029 si
1009 2005 1083 2041 qua

67 2055 305 2105 portiuncula
351 2055 520 2104 antiquae
562 2054 693 2104 gratiae
732 2054 929 2090 invenitur
968 2054 1083 2090 etiam

67 2128 166 2153 nunc
190 2115 229 2153 in
260 2115 381 2153 oculis
411 2114 493 2165 ejus
517 2128 535 2151 a
566 2127 689 2165 puero
721 2113 827 2163 ejus,
853 2114 963 2150 liceat
984 2113 1083 2150 lianc

65 2176 226 2226 experiri
249 2177 334 2213 viro
364 2175 486 2213 nobili
512 2184 550 2212 et
577 2175 713 2212 humili
738 2175 896 2212 Nicolao
912 2176 927 2188 ³*
949 2176 1085 2212 Came-

67 2236 206 2273 racensi
233 2236 431 2287 episcopo.
459 2239 600 2274 Fateor
627 2249 686 2272 me
718 2234 933 2272 obnoxium
954 2235 1028 2282 illi,
1047 2243 1084 2272 et

67 2296 231 2333 omnium
259 2310 344 2346 quae
376 2310 450 2347 pro
479 2310 526 2333 eo
552 2297 677 2333 facere
704 2297 815 2333 valeo
838 2295 1080 2332 debitorem:

65 2370 139 2395 non
156 2358 277 2395 solum
298 2358 388 2408 quia
411 2357 644 2408 ubicumque
660 2348 808 2408 potest,
826 2357 994 2393 honorat
1011 2370 1082 2394 nos

66 2425 102 2454 et
124 2425 273 2455 nostros
288 2447 298 2465 ,
323 2417 390 2455 sed
415 2425 454 2454 et
475 2426 640 2468 propter
659 2418 884 2464 veritatem,
909 2426 946 2454 et
967 2430 1080 2454 man—

65 2478 318 2525 suetudinem,
339 2486 376 2515 et
390 2476 578 2528 justitiam
595 2508 604 2525 ,
624 2492 709 2528 quae
727 2492 816 2515 eum
839 2479 955 2515 etiam
977 2477 1081 2528 apud

64 2550 129 2576 vos
151 2538 494 2577 commendabilem
526 2539 688 2577 reddere
718 2547 894 2590 possunt.
916 2541 984 2586 Et,
1007 2538 1080 2575 nisi

66 2597 187 2646 fallor,
209 2600 275 2650 qui
295 2613 384 2637 eum
405 2599 610 2647 tribulant,
629 2600 713 2637 falsi
733 2609 844 2647 sunt,
863 2608 901 2636 et
923 2613 1002 2636 non
1019 2608 1075 2637 est
1094 2600 1129 2634 D

64 2656 104 2695 in
130 2673 194 2697 ore
222 2673 355 2697 eorum
377 2660 531 2697 veritas.
551 2661 729 2710 Denique
746 2674 816 2697 vos
836 2659 1052 2711 probabitis
1068 2689 1078 2707 ,

64 2727 100 2757 et
120 2733 195 2759 non
220 2731 277 2760 est
301 2723 394 2760 mihi
416 2722 546 2760 verbis
573 2722 828 2760 laborandum
851 2736 968 2773 super
988 2722 1074 2760 1106.

62 2781 126 2817 Est
155 2791 336 2832 praeterea
360 2796 448 2820 cum
476 2796 523 2820 eo
550 2783 611 2820 vir
639 2783 840 2833 religiosus
865 2791 903 2820 et
922 2791 1077 2820 sanctus

63 2840 308 2880 Godescalcus
335 2842 452 2880 abbas
469 2842 486 2856 *
500 2873 510 2891 ,
529 2857 602 2894 pro
628 2857 707 2894 quo
735 2843 909 2880 similiter
930 2843 961 2880 si
982 2843 1076 2893 quid

63 2899 108 2937 ad
134 2903 265 2940 merita
296 2903 378 2954 ejus
412 2913 545 2941 nostra
576 2904 812 2941 interventio
839 2903 980 2941 addere
1008 2918 1077 2954 po-

64 2966 152 3008 test,
169 2961 308 3000 obnixe
333 2977 424 3011 oro,
445 2972 489 3001 ut
515 2964 555 3000 in
581 2963 658 3000 suis
677 2963 931 3014 petitionibus
962 2977 1077 3001 exau-

63 3018 190 3060 diatur.
208 3023 388 3062 Arbitror
406 3025 509 3062 enim
530 3025 675 3062 nullam
692 3025 801 3062 illum
823 3024 947 3062 facere
961 3053 971 3072 ,
990 3038 1078 3075 quae

61 3091 138 3118 11011
156 3081 269 3133 digna
285 3084 333 3122 sit
352 3085 541 3122 exaudiri.

1158 1091 1359 1128 inventum
1392 1092 1438 1128 iri
1468 1092 1711 1129 mendacium
1741 1093 1779 1130 in
1810 1093 1992 1130 omnibus
2024 1106 2109 1143 quae
2137 1093 2185 1130 ad

1160 1153 1286 1202 ipsum
1318 1153 1525 1203 scripserit.
1554 1154 1652 1191 Volo
1680 1154 1811 1191 amicis
1843 1167 1975 1204 gerere
2007 1167 2183 1200 morem,

1160 1227 1240 1250 non
1262 1222 1390 1250 tamen
1412 1214 1453 1250 in
1476 1226 1601 1250 meam
1623 1222 1800 1250 mortem.
1821 1217 1899 1251 Nec
1925 1214 2028 1251 enim
2044 1214 2184 1263 ignoro

1159 1274 1226 1311 ubi
1258 1275 1415 1324 legerim
1447 1288 1455 1311 ε
1487 1276 1539 1309 Os
1570 1276 1672 1322 quod
1702 1279 1900 1319 ηιειιῐίιιιν,
1936 1277 2069 1310 occidit
2095 1280 2184 1310 mei—

1158 1349 1260 1371 mam
1277 1341 1304 1371 ².
1331 1334 1547 1372 Falsitatem
1569 1334 1734 1384 proinde
1758 1348 1877 1384 nego,
1907 1335 2185 1385 importunita—

1158 1403 1233 1432 tem
1257 1408 1335 1431 non
1357 1408 1500 1432 excuso
1523 1409 1530 1431 :
1555 1395 1637 1444 ipsa
1661 1394 1835 1431 inveniat
1853 1396 2024 1442 veniam,
2047 1404 2185 1432 caetera

1157 1467 1238 1492 non
1263 1455 1454 1491 timemus.
1475 1454 1632 1492 Amicus
1656 1462 1713 1490 est
1733 1454 1914 1492 dominus
1936 1455 2181 1493 Autissiodo-

1157 1516 1279 1553 rensis
1306 1516 1511 1566 episcopus
1526 1522 1539 1537 ⁰
1553 1543 1562 1561 ,
1589 1524 1626 1551 et
1651 1516 1894 1566 praecipuus,
1912 1518 1998 1565 quis
2014 1516 2183 1553 nesciat?

1157 1575 1284 1613 Habet
1319 1589 1435 1626 quam
1468 1576 1727 1612 communicet
1762 1576 1885 1612 amico
1920 1577 2179 1622 anxietatem,

1156 1650 1236 1673 non
1263 1637 1481 1674 falsitate-m.
1513 1636 1683 1675 Fidelem
1714 1650 1788 1687 pro
1817 1636 1962 1674 decano
1984 1638 2106 1688 ipsius
2126 1637 2184 1674 af—

1157 1698 1315 1736 ferimus
1333 1697 1641 1744 excusationem,
1663 1696 1948 1734 absolutionem
1980 1697 2179 1747 exigimus.

1155 1759 1239 1796 Filii
1268 1772 1400 1796 sumus
1422 1759 1536 1796 unius
1564 1758 1683 1808 patris
1711 1757 1838 1809 (quod
1859 1759 1970 1795 solita
1996 1771 2180 1808 praesum-

1109 1831 1136 1866 C
1154 1820 1288 1871 ptione
1318 1819 1484 1871 loquor)
1507 1820 1574 1870 qui
1599 1819 1688 1856 estis
1710 1833 1789 1857 vos.
1812 1820 2062 1864 Conlidimus,
2090 1819 2180 1869 quia

1152 1895 1232 1919 non
1252 1882 1412 1932 repellet
1432 1881 1530 1918 filios
1547 1888 1656 1930 pater
1670 1909 1680 1926 ,
1699 1880 1765 1918 sed
1782 1881 2021 1918 voluntatem
2041 1880 2179 1917 timen-

1152 1943 1248 1980 tium
1279 1958 1317 1981 se
1343 1943 1474 1990 faciet,
1496 1952 1534 1980 et
1557 1942 1871 1993 deprecationem
1900 1956 2036 1980 eorum
2059 1956 2179 1979 exau-

1152 2003 1248 2052 diet,
1269 2013 1308 2041 et
1326 2005 1434 2042 laetos
1455 2005 1567 2042 faciet
1587 2004 1672 2041 illos
1692 2002 1720 2041 ³.

1150 2142 2177 2157 =====================================================================

1306 2269 1690 2327 EPISTOLA
1734 2260 2017 2327 CCXVI.d

1531 2426 1580 2447 AD
1610 2426 1787 2449 EL'MDEM.

1149 2537 1303 2569 Comitem
1320 2538 1508 2576 Radulfnm,
1528 2539 1582 2580 qui
1598 2538 1762 2581 repudiata
1779 2549 1878 2570 uxore
1894 2550 1950 2570 sua
1967 2539 2058 2570 aliam
2077 2540 2174 2572 duxe—

1290 2600 1357 2633 rat,
1382 2600 1533 2637 patronos
1553 2595 1586 2625 in
1608 2594 1694 2625 curia
1714 2594 1851 2637 reperire
1874 2594 2026 2636 queritur.

1197 2717 1389 2767 Scriptum
1407 2726 1482 2764 est,
1504 2718 1617 2764 Quod
1630 2720 1732 2753 Deus
1746 2718 1954 2764 conjunxit,
1971 2718 2079 2753 homo
2096 2732 2171 2754 non

1142 2775 1333 2829 separes&
1360 2783 1620 2817 Surrexerunt
1643 2778 1716 2815 viri
1737 2778 1918 2824 audaces,
1936 2779 2002 2828 qui
2023 2792 2103 2816 non
2124 2780 2173 2816 ti-

1143 2849 1327 2878 muerunt
1343 2839 1575 2890 conjunctos
1593 2853 1612 2876 a
1629 2843 1711 2877 Deo
1728 2848 1863 2876 contra
1878 2843 2005 2876 Deum
2022 2838 2171 2888 disjun-

1144 2916 1232 2953 gere
1248 2902 1276 2939 *.
1299 2905 1432 2951 Neque
1457 2901 1497 2938 id
1524 2902 1669 2948 solum,
1695 2900 1854 2950 insuper
1880 2908 1917 2937 et
1946 2898 2173 2948 adjecerunt

1144 2961 1383 3011 conjungere
1412 2975 1492 2998 non
1523 2960 1836 3011 conjungendos,
1858 2960 2042 2997 addentes
2068 2973 2171 3010 prae-

1143 3022 1432 3060 varicationem.
1454 3024 1691 3058 Lacerantur
1718 3034 1824 3058 sacra
1848 3020 2046 3066 Ecclesiae,
2066 3021 2168 3057 56111-

1145 3083 1313 3130 duntur,
1331 3082 1432 3133 proh
1463 3082 1595 3120 dolor!
1619 3090 1744 3120 vestes
1769 3082 1930 3130 Christi3
1959 3080 2095 3130 idque,
2122 3080 2170 3117 ad

105 3225 115 3242 ¹
131 3224 211 3256 Psal.
230 3236 402 3265 cxxxvnt,
426 3230 484 3259 21.
503 3246 549 3250 ——
566 3233 580 3249 ²
594 3230 669 3271 Sap.
693 3240 724 3266 1,
749 3230 803 3259 11.
824 3245 869 3250 ——
884 3225 898 3250 3
916 3228 1133 3266 Psal.cx1.1v,
1157 3230 1210 3259 19.
1233 3243 1279 3249 -
1297 3225 1312 3253 4
1329 3225 1447 3257 Matth.
1464 3236 1544 3263 xxx,
1567 3230 1599 3256 6.

103 3288 116 3303 ⁸
135 3289 254 3333 Scripta
265 3292 346 3324 circa
362 3303 480 3325 annum
503 3297 605 3327 1140.
628 3314 670 3318 —-
688 3289 703 3312 ¹³
721 3295 845 3338 Scripta
861 3295 941 3326 circa
960 3295 1107 3327 eumdem
1125 3305 1257 3326 annum.
1279 3313 1323 3317 -—
1341 3299 1355 3315 c
1371 3292 1494 3325 Scilicet
1510 3295 1615 3334 Hugo.

101 3339 117 3360 ‘¹
135 3343 251 3388 Scripta
269 3357 351 3380 anno
365 3347 485 3381 Christi
506 3352 610 3399 1142.
