2517 3936
62 167 159 204 1153

59 364 142 414 ejus
158 376 311 400 omnem
333 362 556 398 memoriam
578 372 816 400 nauseantes.
837 366 933 402 Novi
955 367 1064 402 satia—

60 433 118 462 tos
134 423 317 474 pecunia,
337 430 375 458 et
391 422 546 458 satiatos
564 422 778 459 honoribus
793 452 802 467 ,
825 425 978 461 satiatos
998 440 1068 462 vo-

60 481 269 534 luptatibus
296 490 334 518 et
360 480 643 518 curiositatibus
672 482 785 530 liujus
818 485 971 530 mundi,
1000 499 1069 523 nec

60 543 327 590 mediocriter,
357 541 422 578 sed
452 555 573 592 usque
602 542 649 578 ad
682 542 873 580 fastidium
902 545 1068 582 satiatos.

60 608 107 642 Et
124 602 233 640 facile
245 610 302 639 est
318 602 456 651 cuique
473 610 646 638 nostrum
664 602 762 639 hanc
779 603 986 640 satietatem
1004 618 1073 654 per

59 663 131 702 Dei
149 663 307 713 gratiam
341 660 528 699 obtinere.
558 665 690 711 Neque
716 662 817 699 enim
850 664 951 713 parit
975 664 1072 700 lianc

61 722 191 773 copia,
205 721 271 759 sed
285 730 540 771 contemptus.
554 721 613 758 Sic
632 721 722 758 fatui
742 723 806 758 filii
825 722 945 759 Adam
959 753 968 769 ,
985 737 1074 773 por-

61 796 195 821 corum
212 782 388 819 vorando
401 782 557 832 siliquas
568 812 578 829 ,
596 795 673 819 non
689 783 899 820 esurientes
913 784 1071 830 animas,

61 843 128 882 sed
152 843 314 881 esuriem
336 842 457 893 ipsam
484 842 638 892 pascitis
659 843 885 880 animarum.
908 844 993 881 Sola
1014 844 1073 880 ni-

63 905 203 942 mirum
223 904 298 941 hoc
320 903 451 940 edulio
478 902 606 939 inedia
633 911 759 940 vestra
782 904 971 948 nutritur,
995 905 1076 941 sola

60 965 180 1003 fames
213 964 328 1001 alitur
359 962 446 1000 cibo
480 963 698 1000 innaturali.
729 967 776 1001 Et
805 963 890 1001 dieo
923 964 1074 1014 planius

63 1024 229 1075 exempli
245 1023 383 1074 gratia,
400 1036 520 1060 unum
542 1036 696 1061 sumens
717 1036 737 1060 e
758 1025 887 1060 multis
903 1038 987 1074 quae
1005 1024 1077 1061 hu-
1096 1029 1122 1062 Β
1145 1039 1226 1061 rum
1251 1035 1292 1062 ut
1319 1031 1500 1066 memoria
1527 1031 1628 1082 integ

56 1097 176 1126 ‚mana
188 1083 335 1120 vanitas
353 1083 599 1133 concupiscit.
617 1087 701 1121 Non
719 1084 824 1134 prius
839 1083 1080 1121 satiabuntur

64 1144 181 1182 corda
201 1144 402 1182 hominum
429 1158 544 1190 auro,
565 1158 679 1194 quam
711 1158 802 1181 aura
830 1159 995 1195 corpora
1015 1158 1076 1182 sa-

64 1204 220 1242 tientur.
242 1207 320 1241 Nec
340 1203 562 1254 indignetur
585 1217 722 1240 avarus
745 1219 753 1241 :
774 1213 810 1240 et
832 1204 878 1241 de
902 1204 1080 1241 ambitio—

65 1264 115 1302 sis
133 1272 173 1301 et
187 1263 417 1310 luxuriosis,
438 1264 550 1301 etiam
573 1272 610 1300 et
632 1264 679 1300 de
700 1264 922 1302 facinorosis
945 1265 1079 1302 eadem

65 1323 253 1361 sententia
267 1331 336 1360 est.
355 1323 393 1361 Si
412 1323 497 1373 quis
521 1323 614 1360 mihi
636 1324 733 1361 forte
751 1338 828 1361 non
851 1325 990 1371 credit,
1011 1338 1079 1361 ex—

66 1384 263 1436 perientiae
285 1384 435 1431 credat,
456 1385 517 1421 vel
533 1385 722 1435 propriae,
748 1387 808 1423 vel
831 1387 1052 1423 multorum.

122 1446 185 1484 27.
203 1446 296 1495 Quis
316 1446 355 1483 in
378 1445 488 1484 vobis
505 1455 580 1493 est,
599 1447 756 1493 fratres,
777 1448 842 1497 qui
862 1448 989 1485 satiari
1011 1461 1081 1484 cu-

67 1506 166 1557 piat,
183 1515 222 1543 et
253 1506 484 1544 desiderium
512 1520 622 1544 suum
649 1516 757 1557 optet
785 1508 963 1558 impleri?
982 1510 1082 1545 Inci-

68 1566 148 1617 piat
181 1566 326 1603 esurire
348 1565 554 1615 justitiam,
577 1576 614 1604 et
642 1580 720 1604 non
747 1568 890 1617 poterit
911 1580 989 1604 non
1020 1581 1082 1604 sa-

70 1626 167 1663 tiari.
190 1630 310 1664 Panes
330 1625 418 1663 illos
445 1626 658 1674 desideret,
677 1628 743 1678 qui
763 1628 801 1664 in
823 1627 939 1665 domo
964 1628 1084 1678 patris

70 1686 287 1734 abundant3
301 1695 339 1724 et
355 1687 526 1724 inveniet
543 1701 624 1725 sese
644 1688 831 1725 continuo
852 1689 1008 1739 siliquas
1027 1690 1082 1726 fa-

70 1746 202 1784 stidire
218 1760 440 1797 porcorum.
459 1750 620 1786 Gustum
639 1747 798 1798 justitiae
816 1749 876 1785 vel
904 1749 1083 1799 exiguum

71 1875 110 1904 et
128 1867 292 1917 amplius
320 1876 532 1915 mereatur,
563 1869 660 1906 sicut
684 1869 868 1919 scriptum
898 1878 979 1906 est:
1007 1872 1084 1917 Qui

72 1928 156 1963 edit
170 1941 242 1972 me,
264 1928 387 1964 adhuc
416 1934 577 1973 esurie’t;
594 1935 660 1978 qui
687 1929 778 1966 bI'be't
795 1944 867 1975 me,
889 1932 1014 1967 adhuc
1033 1935 1085 1967 si-

75 1992 141 2024 τίει
152 1994 187 2025 ·¹.
208 1992 293 2026 Hoc
321 1989 423 2026 enim
453 1998 659 2039 cognatum
694 1991 812 2040 magis
842 1991 1014 2040 spiritui,
1048 2000 1085 2028 et

72 2048 283 2085 naturalius
303 2048 532 2087 desiderium
556 2050 818 2088 vehementius
836 2060 998 2102 occupat
1018 2066 1085 2088 cor

72 2108 303 2156 humanum,
330 2118 542 2160 caeteraque
561 2110 722 2147 viriliter
749 2111 935 2148 desideria
964 2112 1082 2162 pellit.

76 2168 136 2206 Sic
160 2169 342 2206 nimirum
366 2169 500 2206 fortem
533 2179 720 2207 armatum
751 2171 886 2207 fortior
911 2180 1085 2221 superat,

76 2229 129 2266 sic
154 2230 284 2267 clavus
305 2230 413 2267 clavo
441 2231 538 2268 solet
559 2231 732 2268 extundi.
764 2235 877 2268 Beate·
903 2245 994 2281 ergo
1023 2238 1087 2281 qui

75 2293 242 2325 esuriunt
260 2297 295 2325 et
318 2294 449 2326 sitiunt
457 2294 667 2336 justitiam,
691 2295 870 2339 quoniam
894 2295 964 2339 ipsi
983 2301 1086 2327 satu-

77 2347 269 2386 rabuntur.
285 2349 466 2386 Nondum
486 2350 642 2400 quidem
665 2350 765 2400 ipsa,
782 2364 858 2400 qua
879 2364 957 2388 non
981 2351 1089 2388 satia-

77 2407 181 2446 bitur
195 2408 333 2456 homo,
350 2419 388 2447 et
401 2411 521 2458 vivet3
537 2411 602 2448 sed
621 2412 766 2448 caeteris
782 2412 988 2458 universis,
1005 2425 1090 2462 quae

81 2468 188 2518 prius
207 2470 470 2508 insatiabiliter
484 2472 639 2508 fuerunt
653 2472 855 2522 concupita
872 2488 879 2509 ε
900 2481 941 2508 ut
956 2486 1002 2509 ex
1018 2473 1090 2509 hoc

82 2526 153 2565 sibi
172 2529 352 2566 voluntas
373 2530 420 2567 ad
445 2531 689 2568 serviendum
719 2531 914 2581 prioribus
943 2546 1089 2568 concu-

79 2587 274 2638 piscentiis
316 2603 457 2641 corpus
490 2591 684 2627 vindicare
719 2591 922 2637 desistens,
956 2593 1145 2629 rationiD

78 2661 240 2698 prorsus
262 2658 453 2699 exponat,
477 2651 595 2700 magis
614 2660 739 2688 autem
760 2660 891 2701 urgeat
911 2652 991 2702 ipsa
1012 2666 1094 2688 ser-

79 2707 160 2744 vire
183 2707 342 2757 justitiae
371 2710 411 2746 in
443 2711 804 2757 sanctificationem,
836 2725 913 2748 non
947 2712 1095 2748 minore

82 2767 183 2815 zelo,
205 2781 319 2818 quam
345 2770 453 2819 prius
479 2769 712 2807 exhibuisset
733 2771 875 2807 servire
902 2772 1092 2820 iniquitati

81 2827 129 2864 ad
146 2828 398 2879 iniquitatem.

446 2941 624 2980 CAPUT
655 2941 744 2980 XV.

83 3047 247 3089 Purgauda
265 3050 416 3080 memoria
432 3060 448 3080 a
465 3056 666 3092 peccatorum
685 3050 830 3081 sordibus
852 3050 965 3083 fiducia
985 3052 1095 3082 divinae

475 3103 705 3135 misericordiae.

140 3200 201 3237 28.
236 3203 424 3239 Caeterum
453 3200 533 3250 jam
566 3212 603 3238 et
631 3203 829 3239 voluntate
863 3212 1028 3247 mutata,
1058 3204 1094 3238 in

586 167 750 204 sERMO
781 169 845 203 DF,
875 169 1214 206 CONJ'ERfflOM:
1252 175 1311 207 tr)
1341 174 1586 212 CLI-:aleos

58 245 175 294 nique
205 241 271 292 qui
307 240 493 278 mundum
527 250 643 288 amat,
672 256 867 294 nunquam
899 244 1103 282 satiattlr.⁴⁸

58 303 156 342 Novi
181 315 251 352 ego
282 301 455 338 homines
488 302 642 338 satiatos
671 303 743 339 hoc
770 304 934 350 mundo,
958 313 994 341 et
1020 305 1066 341 ad
1089 309 1117 342 A
1137 306 1374 355 aliquatenus
1405 310 1525 355 fonte,
1556 321 1591 348 et
1625 328 1636 349 (

1109 244 1354 284 ⁹servitutem
1383 250 1536 286 redacto
1568 268 1633 290 eor

2034 197 2041 228 1
2061 197 2125 232 15ἱ

1637 269 1749 304 pore,
1772 263 1874 299 velut
1903 268 2038 307 siccato
2053 274 2130 321 jam

1153 366 1159 372 ι
1638 317 1794 364 ›ppilato
1828 322 2028 374 toramine,
2061 342 2134 370 [μγ-

1135 374 1228 401 num
1248 367 1392 412 adhuc,
1414 369 1528 419 idque
1548 374 1808 420 gravissimum
1830 392 1957 429 restat,
1981 389 2026 424 de
2047 405 2134 440 pur-

1135 425 1259 474 ganda
1274 427 1414 464 scilicet
1432 432 1614 467 memoria
1628 461 1636 476 ‚
1654 442 1690 469 et
1707 436 1960 479 exhaurienda
1979 452 2121 487 sentina

1137 486 1342 532 Quomodo
1373 488 1474 525 enim
1510 503 1529 525 a
1563 495 1746 530 memoria
1783 510 1864 534 mea
1895 505 2042 543 excidet
2064 483 2138 547 sini

1139 546 1244 580 mea?
1276 546 1497 585 Membrana
1530 551 1615 587 vilis
1653 562 1689 589 et
1733 558 1854 593 tenuis
1889 570 2139 606 atramentum

1141 605 1236 640 forte
1257 619 1414 654 prorsus
1440 609 1588 647 imbibit
1611 627 1618 648 :
1641 627 1715 662 qua
1736 615 1912 668 deinceps
1938 633 2016 659 arte
2037 627 2141 663 dele-

1140 664 1264 701 bitur?
1296 670 1378 702 Non
1411 670 1511 705 enim
1553 675 1752 721 superlieie
1784 685 1890 715 tenus
1921 683 2048 729 tinxit2
2080 690 2143 724 sed

1140 737 1296 773 prorsus
1327 735 1441 763 totam
1466 729 1628 768 intinxit.
1659 737 1810 773 Frustra
1838 753 1998 779 conarer
2018 749 2144 784 erade-

1142 798 1182 821 re
1205 800 1211 820 :
1234 794 1320 823 ante
1342 788 1528 826 scinditur
1549 791 1698 839 charta,
1727 809 1838 844 quzun
1864 799 1991 839 inserti
2013 806 2144 844 chara-

1142 852 1262 881 cteres
1286 845 1495 886 deleantur.
1519 854 1642 900 Ipsam
1676 855 1774 891 enim
1801 858 1896 894 sorte
1926 868 2144 904 memoriam

1143 903 1269 942 delere
1288 916 1418 955 posset
1443 908 1605 957 oblivio,
1622 922 1662 949 ut
1681 915 1855 954 videlieet
1874 931 1998 959 niente
2016 936 2147 976 eaptus·

1143 978 1276 1001 eorum
1310 980 1386 1003 non
1418 970 1677 1017 meminerim,
1702 988 1786 1023 quae
1819 982 2000 1018 commisi.
2029 988 2146 1022 Caete-

1633 1047 1672 1071 ra
1694 1047 1860 1084 maneat,
1879 1049 1915 1076 et
1936 1042 2051 1091 ipsius
2072 1060 2148 1083 ma-

1147 1085 1239 1120 culae
1265 1085 1481 1134 deleantur,
1506 1104 1589 1139 quae
1620 1097 1804 1132 novacula
1833 1111 1955 1146 posset
1978 1104 2149 1143 ellit-ere?

1147 1145 1256 1181 Solus
1270 1147 1401 1196 utique
1416 1161 1540 1186 sermo
1558 1153 1666 1189 vivus
1687 1163 1723 1190 et
1739 1156 1869 1193 efficax
1882 1188 1891 1202 ‚
1915 1170 1950 1196 et
1973 1175 2149 1211 penetra-

1146 1201 1262 1240 bilior
1295 1208 1399 1243 omni
1430 1209 1554 1257 gladio
1593 1213 1758 1262 ancipiti.
1800 1220 2047 1259 IJJ'mittuntur
2084 1227 2150 1260 ts'la·

1141 1275 1303 1313 peecata
1335 1276 1410 1302 [aa.
1444 1272 1657 1308 Murmuret
1690 1274 1916 1325 Pbariszeus,
1945 1290 1979 1317 et
2015 1284 2111 1321 dicat
2141 1302 2147 1321 τ

1152 1326 1244 1371 QuiS
1259 1335 1382 1374 potest
1395 1330 1579 1366 dimittere
1592 1344 1761 1380 peccata,
1782 1341 1854 1372 nisi
1873 1342 1972 1375 sulus
1992 1346 2089 1379 Deus
2109 1352 2119 1365 2
2138 1350 2151 1381 ζ’

1148 1383 1239 1420 Mihi
1257 1385 1356 1421 enim
1376 1387 1441 1435 qui
1460 1387 1495 1423 id
1511 1389 1680 1438 loquitur
1696 1395 1797 1429 Deus
1817 1405 1892 1442 est,
1908 1406 1943 1433 et
1962 1412 2035 1436 non
2054 1404 2154 1438 :csti-

1149 1443 1315 1481 mabitur
1335 1446 1429 1482 alius
1457 1447 1503 1484 ad
1531 1449 1660 1496 illum,
1689 1454 1753 1501 qui
1777 1454 1969 1493 adinvenit
2000 1473 2151 1498 omnem

1148 1503 1248 1540 viam
1282 1504 1511 1556 disciplinae,
1548 1517 1584 1545 et
1620 1510 1721 1548 dedit
1758 1513 1857 1550 illam
1890 1517 2007 1554 Jacob
2035 1534 2156 1569 puero

1151 1577 1239 1610 suo,
1262 1574 1297 1601 et
1317 1567 1430 1603 Israel
1447 1567 1586 1606 dilecto
1606 1584 1674 1607 suo
1700 1570 1711 1593 3
1735 1585 1742 1607 :
1762 1583 1848 1623 post
1878 1576 1955 1613 liaec
1983 1579 2020 1614 in
2046 1583 2154 1618 terris

1150 1622 1253 1660 visus
1283 1634 1356 1671 est,
1385 1634 1422 1662 et
1451 1641 1536 1664 eum
1567 1629 1785 1669 hominibus
1813 1647 2057 1675 conversatus
2086 1651 2152 1677 est.

1151 1684 1276 1734 Hujus
1296 1685 1529 1736 indulgentia
1549 1688 1646 1726 delet
1668 1701 1862 1741 peceatum
1876 1724 1884 1740 ,
1907 1710 1980 1733 non
2000 1700 2153 1748 quidem

1151 1754 1192 1782 ut
1209 1759 1229 1782 a
1254 1748 1439 1784 memoria
1456 1750 1622 1797 excidat,
1645 1752 1709 1788 sed
1731 1762 1771 1789 ut
1794 1755 1896 1803 quod
1915 1758 2018 1805 prius
2036 1760 2154 1797 inesse

62 1806 221 1844 studeat
236 1807 426 1857 experiri,
449 1816 491 1844 ut
509 1821 554 1845 eo
574 1808 658 1858 ipso
681 1808 873 1846 desideret
893 1810 1078 1860 amplius,
1102 1815 1129 1850 C
1151 1806 1294 1856 pariter
1315 1815 1351 1843 et
1378 1807 1533 1845 inficere
1562 1813 1839 1860 consuevisset,
1867 1815 1917 1850 sic
1946 1817 1991 1853 de
2020 1827 2155 1856 ‹tafften-0

1151 1867 1240 1903 insit
1274 1868 1492 1912 memoriae,
1519 1879 1559 1906 ut
1587 1884 1668 1907 eam
1705 1873 1920 1912 nullatenus
1952 1876 2154 1915 decoloret.

1152 1928 1361 1964 Multorum
1391 1930 1491 1965 enim
1523 1943 1624 1968 nune
1653 1941 1918 1981 peccatorum,
1949 1949 2031 1984 quae
2053 1939 2109 1974 vel
2137 1953 2156 1975 a

1153 1987 1285 2034 nobis,
1309 1989 1368 2025 vel
1399 1989 1445 2025 ab
1468 1990 1548 2027 aliis
1575 1993 1774 2029 commissa
1801 1994 1999 2041 novimus,
2031 2010 2157 2034 recor-

1152 2048 1288 2085 damur
1311 2064 1317 2085 :
1341 2049 1405 2086 sed
1424 2051 1580 2100 propria
1604 2052 1756 2101 quidem
1788 2053 2009 2102 inquinant,
2037 2057 2157 2094 aliena

1153 2121 1229 2144 non
1248 2117 1399 2145 nocent.
1421 2112 1472 2147 L't
1488 2110 1579 2159 quid
1602 2110 1672 2147 hoe
1686 2141 1694 2157 ,
1714 2112 1783 2147 nisi
1805 2113 1907 2161 quod
1937 2114 1973 2150 in
1994 2115 2050 2151 his
2068 2130 2156 2152 eru-

1153 2168 1342 2205 bescimus
1375 2170 1634 2219 singulariter,
1668 2171 1745 2207 haec
1778 2172 1887 2209 nobis
1919 2175 2156 2224 singulariter

1154 2228 1380 2278 imputanda
1404 2232 1603 2266 veremur?
1623 2232 1727 2268 Tolle
1747 2232 2046 2280 damnationem,
2067 2236 2155 2272 tolle

1157 2289 1352 2335 timorem,
1373 2291 1460 2326 tolle
1486 2292 1771 2338 confusionem,
1793 2307 1876 2342 quae
1895 2294 2047 2343 quidem
2068 2309 2152 2331 om·-

1157 2350 1218 2386 nia
1247 2350 1359 2400 plena
1393 2352 1561 2387 remissio
1590 2352 1685 2387 tollit
1715 2368 1720 2387 :
1757 2361 1791 2388 et
1822 2366 1897 2389 non
1931 2354 2044 2390 modo
2079 2368 2155 2390 non

1158 2409 1345 2455 oberunt,
1367 2411 1431 2446 sed
1460 2412 1569 2446 etiam
1593 2411 1902 2461 cooperabuntur
1927 2414 1964 2448 in
1988 2413 2129 2450 bonum
2146 2444 2155 2459 ,

1159 2479 1199 2506 ut
1223 2470 1379 2507 dcx-otas
1400 2472 1432 2506 ei
1454 2471 1659 2507 referamus
1679 2472 1816 2520 gratias
1837 2472 1900 2520 qui
1922 2473 2074 2508 remisit.

1527 2603 1702 2641 CAPIT
1733 2603 1841 2640 XVI.

1210 2726 1455 2758 Misericordiam
1471 2726 1607 2756 divinam
1625 2724 1775 2761 obtineri,
1795 2724 1968 2755 miserendo
1985 2725 2043 2756 sibi
2058 2727 2116 2768 ipsi

1430 2781 1581 2821 primum:
1605 2778 1716 2809 deinde
1735 2779 1888 2819 proximo.

1215 2904 1275 2938 ⁴29.
1296 2905 1376 2937 Jam
1400 2913 1488 2936 vero
1504 2898 1729 2948 supplicanti
1746 2911 1816 2947 pro
1837 2910 1899 2942 ea,
1920 2911 2086 2947 congrue
2106 2913 2166 2936 re—

1163 2962 1372 3012 spondetur
1401 2976 1406 2995 :
1435 2962 1547 2995 Beati
1583 2959 1859 2999 miserimmlczs,
1882 2963 2060 3004 quoniam
2093 2961 2167 3007 ipsi

1164 3023 1453 3058 misericordiam
1499 3027 1769 3067 consequentur
1794 3018 1820 3052 ⁴.
1858 3018 2036 3054 Miserere
2075 3032 2164 3067 ergo

1163 3082 1298 3118 animae
1323 3090 1413 3124 tuae,
1441 3080 1506 3128 qui
1530 3082 1651 3116 Deum
1689 3076 1755 3113 tibi
1779 3078 1834 3112 vis
1864 3077 2043 3113 misereri.
2066 3081 2166 3114 Lava

1163 3155 1232 3192 per
1251 3140 1416 3189 singulas
1435 3148 1564 3176 noctes
1587 3140 1726 3175 lectum
1749 3146 1874 3181 tuum,
1895 3137 2068 3184 lacrymis
2093 3138 2165 3173 tuis

1163 3209 1321 3238 stratum
1357 3209 1461 3236 tuum
1492 3200 1613 3248 rigare
1643 3205 1844 3235 memento.
1876 3196 1911 3232 Si
1941 3196 2164 3243 compateris

137 3324 148 3340 ¹
169 3320 265 3351 Eceli.
282 3332 378 3358 xnv,
399 3324 454 3352 29.
468 3339 513 3345 -—
528 3328 542 3344 ²
561 3325 663 3354 Marc.
682 3334 728 3360 11,
752 3327 783 3360 5,
803 3326 832 3354 7.
850 3341 893 3345 —
909 3321 922 3344 3
943 3325 1055 3353 Baruc.
1080 3333 1141 3358 111,
1162 3323 1271 3351 37.—
1288 3319 1302 3344 4
1318 3318 1434 3350 Matth.
1454 3330 1485 3355 v,
1509 3320 1539 3349 7.

228 3392 319 3416 TOM.
353 3394 398 3417 ΙΙ.

1943 3373 1989 3407 37
