2533 3920
349 188 425 225 275

1119 191 1154 226 S.
1186 191 1442 226 BERNARDI
1471 191 1672 227 ABBATIS

2357 189 2431 228 27ss

345 267 402 304 los
418 279 494 303 non
516 266 614 303 ferre
632 266 832 317 patienter.
854 266 1030 317 Denique
1048 271 1149 303 misit
1172 269 1352 311 Herodes,
1365 266 1410 284 ⁸⁰⁵
1421 268 1532 316 Agite
1548 269 1828 316 paenitentiam,
1852 268 2167 314 appropinquavit
2185 278 2337 316 regnum
2358 280 2433 303 eoe-

347 336 384 364 et
415 331 532 364 tenuit
558 329 756 364 loannem.
787 330 909 376 Quam
929 327 980 365 ob
1006 329 1112 364 rem?
1137 328 1226 378 quia
1245 328 1356 366 Chri-
1376 327 1405 361 A
1424 329 1543 362 loram
1558 326 1596 373 ³1,
1619 326 1807 375 simulque
1826 324 1958 362 videns
1973 326 2097 364 Vitam
2114 338 2153 362 se
2173 325 2356 376 protinus
2373 339 2433 364 se-

351 395 451 424 stum
472 387 726 437 praedicabat?
743 388 832 438 quia
846 388 905 424 vir
920 387 1046 425 bonus
1060 396 1141 425 erat
1154 387 1328 438 etjustus
1343 390 1358 424 Ξ)

346 447 426 484 11110
453 456 614 498 propter
642 448 715 485 hoc
746 449 862 498 magis
890 448 1138 486 reverebatur
1170 449 1300 496 illum,
1324 458 1361 485 et

348 511 475 545 audito
493 523 535 544 eo
551 512 666 545 malta
678 508 862 556 faciebat.
882 509 954 547 Sed
974 510 1156 560 quoniam
1176 509 1359 560 arguebat

347 570 540 608 Herodem
561 574 581 607 J
585 583 728 607 oannes
744 579 902 619 propter
925 573 1178 606 Herodiadem
1203 585 1357 607 imorem

348 631 525 679 Philippi
543 628 683 677 fratris
707 635 766 666 sai
782 645 794 666 .·
812 630 899 668 ideo
918 631 1090 676 vinctus,
1119 631 1206 668 ideo
1232 639 1269 668 et
1291 631 1359 668 de-

348 691 509 727 collatus
538 698 633 737 est¹‚
655 705 788 741 passus
817 691 974 741 quidem
997 700 1035 728 et
1062 692 1143 742 ipse
1169 705 1242 742 pro
1261 692 1359 729 veri-

350 759 451 797 tate,
475 750 540 787 sed
576 764 688 801 quam
718 752 840 788 zelare
870 752 1088 798 videretur,
1118 765 1197 789 non
1219 765 1358 801 negare

347 818 560 859 cogeretur.
585 810 681 847 Hinc
714 820 771 848 est
794 811 899 861 quod
928 812 1008 848 haee
1028 812 1110 861 ipsa
1140 812 1235 848 tanti
1256 826 1358 849 mar-

349 869 444 918 tyris
460 869 605 919 passio,
629 871 837 907 multorum
851 900 860 916 ,
881 871 993 907 etiam
1012 871 1124 921 longe
1143 872 1335 908 minorum
1348 901 1357 917 ‚

347 929 614 967 festivitatibus
636 931 761 967 minus
782 931 914 968 festive
934 931 1130 967 recolitur.

401 990 439 1026 4.
458 990 635 1027 Profecto
651 990 680 1026 si
701 991 763 1027 tali
781 991 928 1027 ratione
944 999 982 1027 et
998 991 1132 1027 ordine
1149 990 1249 1039 passi
1267 989 1359 1026 fuis-

1425 395 1599 423 cuturam
1617 414 1626 431 ‚
1651 394 1811 422 mortem
1839 385 1948 422 laetus
1979 385 2141 436 excepit.
2171 385 2283 434 Quod
2300 386 2434 436 utique

1426 445 1472 483 ab
1496 447 1580 497 ipso
1600 446 1767 484 Domino
1800 446 2010 483 moriturus
2039 445 2231 483 sciscitari
2245 445 2434 485 sollicitus

1425 507 1515 552 fuit,
1539 520 1582 543 ac
1601 506 1801 543 certificari
1821 506 1972 543 meruit.
2002 510 2097 544 Nam
2123 520 2211 544 cum
2230 519 2301 557 per
2320 506 2435 544 disci-

1424 567 1538 618 pulos
1554 580 1642 604 eum
1658 567 1954 616 interrogasset,
1981 568 2035 603 Ta
2063 581 2101 604 es
2116 597 2127 613 ‚
2154 567 2352 618 inquiens,
2373 573 2438 617 qui

1424 637 1601 663 venturus
1620 642 1677 671 es,
1694 641 1744 663 an
1765 630 1881 663 alsam
1905 631 2196 676 exspectamus?
2225 636 2312 678 post
2330 641 2438 666 enar-

1425 696 1506 724 rata
1528 688 1640 738 plura
1659 688 1844 725 miracula
1865 687 2011 724 audivit
2028 703 2036 725 z
2054 689 2107 724 Et
2128 687 2258 725 beatus
2276 693 2344 737 qai
2362 703 2436 726 non

1418 746 1541 796 faerit
1566 751 1847 785 scandalizatus
1873 753 1911 784 ia
1947 748 2043 786 me4.
2075 752 2119 786 In
2147 761 2224 798 quo
2255 748 2437 787 nimirum

1424 809 1544 846 verbo
1577 810 1802 859 significavit
1834 823 1872 846 se
1904 810 2093 847 Dominus
2123 809 2374 856 moriturum,
2401 818 2439 847 et

1427 870 1490 906 tali
1511 878 1654 916 morte,
1676 883 1761 919 quae
1781 878 1912 920 posset
1936 869 2079 907 Judaeis
2099 883 2180 907 esse
2197 868 2437 918 scandalum,

1426 929 1615 968 Gentibus
1639 930 1810 966 stultitia.
1843 930 1902 966 Ad
1924 930 2021 967 hanc
2042 943 2177 967 vocem
2195 930 2325 980 sponsi
2347 943 2440 980 gau-

1427 989 1520 1026 dens
1537 990 1680 1026 amicus
1700 990 1831 1039 sponsi
1846 990 1961 1026 alacri
1975 990 2103 1027 animo
2121 990 2338 1041 praecessit,
2362 1005 2438 1040 quo

349 1056 434 1085 sent
462 1047 690 1095 Machabaei,
714 1062 760 1086 ne
792 1050 869 1086 ulla
903 1049 1058 1099 quidem
1090 1050 1198 1085 fieret
1226 1048 1272 1085 de
1306 1049 1360 1085 eis
1385 1045 1410 1079 Β
1431 1059 1469 1086 01
1487 1050 1594 1086 illum
1615 1050 1654 1086 in
1676 1050 1854 1100 proximo
1876 1063 1956 1087 esse
1982 1058 2208 1096 venturum,
2227 1049 2306 1100 jam
2328 1050 2440 1088 dubi-

350 1108 508 1145 mentio.
532 1112 641 1146 Nunc
659 1118 784 1146 autem
806 1110 987 1160 quoniam
1010 1110 1150 1146 similes
1168 1110 1254 1146 illos
1272 1109 1362 1146 fecit

350 1168 584 1217 martyribus
621 1169 835 1206 christianis
865 1183 943 1207 non
975 1169 1165 1206 dissimilis
1192 1169 1362 1206 veritatis

349 1229 571 1275 consessio'3
607 1231 744 1267 merito
778 1244 843 1267 eos
881 1231 1012 1268 similis
1044 1230 1293 1281 prosequitur
1325 1238 1363 1267 et

347 1290 556 1328 veneratio.
588 1294 665 1328 Nec
685 1300 839 1328 moveat
866 1305 979 1338 sane,
1011 1291 1140 1342 quod,
1174 1290 1363 1341 quemad-

348 1350 507 1387 modum
531 1360 734 1401 martyres‚
761 1353 986 1389 nominatim
1014 1361 1051 1389 et
1072 1352 1145 1402 ipsi
1166 1365 1238 1402 pro
1260 1351 1365 1389 Chri-

348 1418 407 1447 sto
426 1411 582 1448 minime
598 1412 697 1462 passi
719 1421 809 1449 sunt
831 1427 839 1449 :
860 1413 949 1462 quia
973 1425 1051 1449 non
1071 1412 1256 1456 interest,
1285 1410 1364 1447 sive

352 1470 423 1508 sub
442 1475 542 1521 Lege
568 1486 640 1522 pro
670 1472 855 1522 legalibus
887 1473 1140 1510 observantiis
1158 1501 1167 1518 ‚
1193 1472 1271 1508 sive
1293 1470 1363 1508 sub

350 1531 483 1569 Gratia
504 1546 576 1582 pro
598 1533 786 1570 mandatis
817 1534 1044 1583 evangelicis
1076 1533 1160 1583 quis
1185 1533 1362 1583 patiatur.

351 1595 523 1641 Uterque
551 1594 651 1630 enim
679 1607 787 1643 1011110
815 1608 887 1644 pro
909 1594 1067 1631 veritate
1084 1623 1093 1639 ‚
1119 1608 1160 1630 ac
1192 1607 1262 1643 per
1292 1593 1365 1630 1100

347 1665 421 1701 pro
439 1653 607 1700 Christo,
632 1654 698 1704 qui
719 1654 814 1691 dixit
833 1683 842 1700 ,
862 1657 944 1704 Ego
967 1669 1047 1691 sum
1068 1659 1211 1692 veritas
1228 1660 1241 1676 ²
1255 1683 1265 1700 ,
1283 1654 1362 1704 pati

348 1714 605 1762 cognoscitur.
625 1718 758 1765 Itaque
785 1716 873 1766 plus
902 1716 1064 1752 contulit
1081 1714 1307 1753 Machabaeis
1324 1715 1363 1751 111

349 1772 420 1810 hac
436 1783 543 1824 parte
562 1776 735 1825 martyrii
753 1789 891 1825 genus,
909 1790 1022 1826 quam
1038 1776 1160 1812 virtus
1181 1791 1189 1813 :
1209 1774 1363 1825 quando

349 1847 398 1870 ne
417 1834 488 1872 hos
509 1836 665 1885 quidem
689 1850 735 1873 ex
758 1837 933 1874 Patribus
948 1866 956 1882 ‚
988 1851 1085 1886 quos
1108 1837 1191 1887 pari
1211 1844 1360 1873 constat
1378 1837 1405 1874 C

347 1894 490 1931 virtute
513 1896 577 1932 illo
598 1896 636 1932 in
657 1905 831 1946 tempore
852 1910 924 1947 pro
946 1896 1094 1946 justitia
1115 1896 1330 1933 decertasse
1350 1924 1359 1942 ‚

347 1955 432 2004 pari
459 1956 573 1992 etiam
604 1956 752 1993 honore
783 1956 1027 1994 concelebrat
1052 1970 1221 2007 praesens
1258 1956 1361 1993 dun-

350 2024 455 2052 taxat
471 2017 650 2053 Ecclesia.
669 2021 766 2054 Puto
788 2017 892 2067 quod
913 2017 1120 2054 arbitretur
1140 2017 1339 2066 indignum
1353 2045 1362 2063 ,

351 2076 635 2125 quantumlibet
653 2077 834 2115 laudabili
850 2079 985 2124 morti,
1001 2092 1086 2128 quae
1103 2077 1241 2115 Christi
1258 2090 1364 2113 mor—

351 2144 428 2173 tem
449 2138 702 2187 praecederet,
724 2139 824 2176 diem
844 2139 979 2176 festum
995 2138 1217 2189 impendere
1241 2153 1248 2175 :
1268 2151 1364 2188 prae-

349 2198 478 2234 sertim
503 2212 588 2235 cum
623 2207 710 2236 ante
739 2200 842 2236 illam
871 2200 1104 2236 salutiferam
1125 2199 1362 2250 passionem,

349 2270 429 2293 non
473 2258 607 2295 festiva
647 2258 781 2308 gaudia
799 2288 808 2306 ‚
847 2259 914 2296 sed
953 2260 1118 2296 claustra
1162 2258 1365 2296 tenebrosa

350 2330 524 2367 quosque
557 2320 764 2357 morientes
808 2321 1040 2370 exciperent.
1076 2324 1172 2359 Sane
1210 2319 1365 2357 Macha-

352 2376 456 2414 baeos
490 2378 602 2425 ideo,
625 2388 668 2416 ut
695 2380 838 2417 dictum
874 2390 954 2428 est,
981 2380 1228 2432 excipiendos
1256 2379 1362 2430 judi-

351 2438 450 2475 cavit
471 2440 637 2477 Ecclesia
653 2470 662 2487 ‚
684 2442 865 2490 quoniam
884 2442 989 2492 quod
1012 2443 1064 2480 eis
1083 2441 1247 2493 negabat
1264 2450 1362 2478 tem-

350 2511 444 2548 pus,
466 2501 630 2537 contulit
655 2502 828 2551 martyrii.
849 2516 981 2551 genus.

405 2561 440 2597 5.
463 2564 540 2597 Nec
557 2562 678 2598 solum
698 2562 799 2613 ipsos
811 2592 821 2610 ,
841 2563 907 2600 sed
923 2572 961 2600 et
978 2562 1045 2613 qui
1061 2563 1158 2600 forte
1171 2563 1266 2600 Vitae
1277 2561 1357 2612 jam

1426 1118 1506 1147 tare
1527 1124 1605 1147 non
1626 1111 1763 1160 potuit.
1790 1114 1911 1148 Porro
1931 1110 1997 1160 qui
2017 1111 2145 1156 laetus,
2168 1119 2207 1147 et
2227 1119 2302 1148 tam
2327 1111 2438 1149 laetus

1427 1171 1555 1221 potuit
1576 1171 1698 1218 mori,
1727 1171 1860 1222 potuit
1890 1180 1928 1208 et
1953 1172 2077 1208 laetam
2115 1170 2186 1208 sibi
2217 1172 2441 1209 memoriam

1427 1232 1655 1282 promereri.
1678 1232 1751 1270 Sed
1772 1241 1810 1269 et
1830 1245 1946 1270 senex
1971 1232 2034 1269 ille
2059 1240 2135 1269 tam
2162 1232 2300 1282 plenus
2318 1233 2440 1270 virtu-

1431 1301 1535 1339 tum,
1557 1307 1671 1343 quam
1698 1293 1868 1340 dierum,
1891 1301 2016 1330 morte
2032 1291 2113 1342 jam
2133 1293 2354 1343 propinqua
2374 1293 2442 1330 Vi-

1433 1362 1506 1390 tam
1527 1353 1588 1403 baj
1595 1354 1701 1390 ulans
1721 1354 1760 1390 iu
1781 1353 1976 1400 manibus,
1998 1352 2142 1400 aiebat,
2158 1354 2268 1390 Nunc
2283 1355 2443 1390 dimittis

1430 1429 1571 1451 servum
1590 1424 1706 1460 ticum,
1727 1417 1910 1458 Domine,
1939 1416 2144 1450 secundum
2164 1413 2319 1450 verbam
2339 1422 2442 1451 tuum

1431 1479 1470 1511 in
1478 1490 1578 1524 pace
1595 1490 1605 1510 :
1621 1477 1710 1523 qula
1726 1476 1899 1511 viderant
1915 1477 2011 1511 oculi
2023 1479 2096 1511 mei
2116 1477 2282 1511 salutare
2294 1483 2397 1511 tuum
2408 1472 2442 1522 ⁵3

1431 1548 1474 1572 ac
1496 1535 1527 1572 si
1549 1534 1714 1581 diceret,
1739 1536 1904 1571 Securus
1934 1533 2125 1571 descendo
2154 1534 2194 1570 in
2223 1547 2442 1582 carcerem,

1431 1596 1497 1646 qui
1521 1604 1595 1632 tam
1616 1604 1756 1646 praesto
1777 1608 1899 1632 meam
1921 1595 2044 1632 sentio
2061 1594 2379 1645 redemptionem.
2398 1597 2446 1632 Et

1430 1656 1492 1694 1110
1513 1669 1604 1706 ergo
1634 1657 1700 1706 qui
1731 1669 1819 1693 cum
1845 1665 1919 1692 tam
1954 1669 2087 1693 secura
2114 1654 2377 1705 jucunditate,
2408 1663 2445 1692 et

1427 1716 1599 1767 jucunda
1621 1717 1822 1754 securitate
1843 1716 2008 1753 moritur
2022 1745 2032 1762 ,
2055 1715 2194 1753 merito
2215 1715 2255 1752 in
2278 1714 2444 1753 Ecclesia

1431 1776 1615 1815 celebrari
1638 1790 1723 1814 cum
1741 1776 1880 1826 gaudio
1901 1784 2148 1814 memoratur.

1483 1839 1518 1874 ss.
1543 1840 1730 1874 Caeterum
1756 1837 1819 1873 illa
1839 1850 1915 1887 qua
1936 1837 2084 1874 ratione
2109 1849 2213 1873 mors
2231 1835 2364 1873 festiva
2382 1848 2438 1873 re-

1429 1897 1639 1949 putabitur,
1659 1911 1774 1948 quam
1797 1898 1902 1935 nulla
1922 1897 2153 1948 gaudiorum
2173 1897 2356 1934 festivitas
2375 1910 2443 1934 co-

1430 1960 1608 1996 mitatur?
1625 1968 1689 1996 aut
1704 1959 1807 1996 unde
1827 1959 2010 2009 gaudium
2027 1967 2195 1996 sumeret
2211 1958 2443 2005 moriturus,

1429 2021 1494 2071 qui
1527 2034 1566 2057 se
1599 2029 1637 2057 et
1667 2020 1715 2057 ad
1753 2020 1959 2058 infernales
1995 2019 2227 2058 descendere
2265 2018 2443 2057 tenebras
2472 2052 2474 2055 ,

1431 2090 1555 2118 0011115
1573 2089 1676 2126 erat,
1701 2094 1770 2117 nec
1791 2080 1883 2118 certi
1904 2080 2101 2131 quidpiam
2123 2093 2253 2118 secum
2274 2078 2442 2127 ferebat,

1431 2141 1534 2178 unde
1562 2142 1601 2178 in
1628 2142 1808 2192 proximo
1841 2141 1888 2178 de
1917 2141 1976 2178 sui
1999 2141 2204 2178 liberatore
2225 2141 2445 2178 consolare-

1433 2203 1518 2239 tur?
1536 2202 1631 2240 Inde
1653 2211 1709 2239 cst
1721 2231 1731 2248 ,
1753 2201 1858 2252 quod
1879 2215 1978 2238 unus
1994 2209 2215 2239 sanctorum
2230 2214 2318 2238 cum
2335 2200 2443 2238 audi-

1433 2272 1491 2300 ret
1505 2292 1521 2312 ‚¹
1536 2266 1706 2312 Dispone
1738 2265 1866 2299 zlomizi
1893 2272 1983 2307 taoe,
2007 2264 2097 2311 quia
2116 2266 2288 2298 morieris
2315 2271 2375 2306 tu,
2409 2270 2445 2298 et

1433 2339 1507 2361 non
1524 2329 1625 2361 vives
1639 2340 1653 2370 ;
1674 2324 1866 2361 convertit
1898 2337 1938 2360 se
1965 2323 2013 2360 ad
2041 2323 2250 2374 parietem,
2281 2331 2319 2360 et
2339 2323 2445 2361 flevit

1433 2384 1525 2421 fletu
1544 2398 1681 2434 magno
1697 2413 1706 2429 ‚
1729 2392 1842 2433 atque
1858 2383 1910 2420 ita
1926 2383 2146 2433 impetravit
2161 2395 2288 2420 exosae
2308 2383 2445 2421 mortis

1427 2513 1486 2542 ter
1501 2504 1733 2555 plangebat,
1755 2504 1908 2551 dicens,
1932 2507 1974 2540 Ia
2002 2505 2161 2541 dimidio
2183 2507 2328 2541 dt'erum
2348 2518 2447 2541 meo-

1426 2580 1506 2602 rum
1539 2567 1680 2602 vadam
1707 2566 1762 2601 ad
1781 2574 1913 2614 portas
1945 2561 2061 2612 inseri
2075 2579 2089 2609 ,·
2115 2573 2154 2602 et
2179 2564 2295 2615 paulo
2330 2572 2441 2615 post,

350 2620 389 2656 in
411 2634 524 2658 carne
543 2623 790 2660 manifestatae
810 2632 973 2660 mortem
989 2637 1057 2660 sua
1075 2633 1197 2660 morte
1214 2637 1364 2674 praeve-
1382 2622 1415 2656 D
1433 2628 1518 2663 Non
1550 2624 1685 2662 videbo
1701 2655 1712 2671 ,
1736 2625 1880 2675 inquit,
1906 2628 2107 2663 Dominam
2131 2627 2252 2662 Deam
2281 2625 2320 2661 in
2345 2633 2446 2660 terra

350 2690 513 2728 nerunt,
536 2683 615 2719 sive
636 2683 843 2720 morientes
856 2684 896 2720 in
916 2684 1018 2734 ipsa,
1035 2684 1132 2721 sicut
1154 2684 1365 2721 Simeonzet

349 2744 517 2778 ,loannes
540 2743 732 2792 Baptista3
752 2743 830 2780 sive
850 2743 962 2780 etiam
980 2757 1052 2794 pro
1067 2745 1146 2793 ipsa
1160 2772 1170 2789 ,
1188 2743 1285 2781 sicut
1304 2747 1366 2781 In-

350 2810 551 2847 nocentcs‚
575 2816 672 2853 quos
704 2804 776 2840 alia
808 2804 982 2849 ratione,
1020 2804 1108 2841 licet
1143 2803 1190 2841 ad
1224 2804 1366 2841 inferos

351 2869 390 2897 et
420 2861 489 2911 ipsi
513 2863 804 2910 descenderint,
829 2865 904 2902 ritu
931 2865 1179 2902 nihilominus
1205 2865 1365 2903 solemni

352 2932 595 2959 veneramur.
631 2926 677 2960 Et
706 2927 936 2961 Innocentes
967 2924 1121 2974 quidem
1147 2940 1155 2962 ε
1183 2925 1364 2975 quoniam

353 2979 536 3029 injustum
562 2983 736 3032 profecto
762 2984 831 3019 fuit
847 2984 1104 3021 innocentiam
1127 2999 1198 3035 pro
1220 2985 1367 3035 J'ustitia

354 3041 581 3078 morientem
601 3043 759 3081 ullavel
787 3044 965 3093 praesenti
990 3045 1107 3093 gloria
1131 3045 1361 3083 defraudari.

353 3105 521 3139 Joannes
543 3117 698 3153 quoque
714 3133 723 3150 ,
751 3104 873 3141 sciens
891 3105 995 3154 quod
1016 3119 1035 3141 a
1055 3105 1189 3143 (liebus
1209 3107 1285 3143 suis
1303 3121 1364 3143 re-

353 3175 480 3214 gnum
501 3165 682 3202 coelorum
715 3165 789 3201 vim
823 3165 986 3215 patitur,
1015 3166 1116 3202 1111111·
1144 3176 1180 3204 01
1201 3168 1362 3214 clamat,

1432 2690 1658 2731 viventium,
1693 2699 1767 2721 non
1805 2690 1992 2735 aspiciam
2022 2686 2210 2722 hominem
2241 2688 2367 2730 altra,
2410 2692 2446 2721 et

1432 2745 1680 2782 habitatorem
1715 2744 1888 2795 quietisfi.
1922 2746 2021 2783 Hinc
2051 2754 2090 2784 et
2127 2745 2223 2783 alius
2258 2744 2442 2796 quidam:
2495 2753 2499 2761 ⁴

1440 2806 1533 2852 Quis
1550 2806 1644 2842 mihi
1664 2806 1733 2842 hoc
1754 2805 1912 2851 tribuat,
1935 2806 1987 2843 ait
2001 2835 2011 2854 ‚
2032 2815 2072 2843 at
2095 2810 2135 2842 1'n
2153 2804 2300 2855 inferno
2312 2813 2445 2855 prote-

1429 2880 1501 2915 gas
1531 2879 1609 2912 me,
1643 2875 1679 2902 et
1712 2865 1920 2903 abscondas
1953 2881 2036 2912 me,
2061 2868 2179 2903 donec
2205 2872 2447 2916 pertranseat
2493 2888 2495 2892 ,

1425 2924 1638 2974 ficrprtans
1653 2941 1667 2971 ;
1696 2936 1730 2963 et
1762 2932 1966 2964 constituas
1997 2927 2091 2963 mihi
2117 2936 2285 2975 tempus,
2315 2930 2354 2962 in
2373 2938 2445 2975 quo

1435 2989 1638 3023 recorderis
1654 2989 1778 3024 men?
1798 2988 1913 3025 Israel
1936 2999 2092 3038 quoque
2111 2986 2160 3024 ad
2177 2987 2275 3024 filios
2293 2984 2417 3023 aiebat
2433 2998 2444 3022 z

1431 3050 1632 3084 Declucetis
1654 3062 1769 3085 canos
1790 3063 1891 3085 meos
1920 3062 2002 3084 cum
2032 3050 2159 3084 dolore
2185 3049 2242 3084 ad
2264 3046 2402 3096 inferos
2413 3044 2441 3082 ⁸.

1430 3108 1531 3157 Quid
1552 3109 1591 3145 in
1607 3109 1664 3146 his
1685 3109 1864 3147 solemnis
1880 3108 2021 3146 laetitiae
2035 3137 2045 3155 ‚
2068 3107 2161 3159 quid
2183 3107 2326 3146 festivae
2344 3106 2444 3144 cele-

1431 3169 1786 3220 britatisapparet?

404 3303 413 3318 ¹
433 3300 533 3330 Marc.
554 3311 604 3334 1-1,
633 3303 745 3331 17-28.
764 3318 807 3322 --
828 3305 839 3321 ²
861 3303 954 3332 Joan.
984 3313 1052 3338 xiv,
1079 3307 1109 3333 ὓ.
1129 3321 1170 3324 --
1191 3300 1204 3323 3
1220 3304 1412 3336 λΙ-11111.111.
1438 3309 1468 3337 ¹).
1495 3325 1535 3329 —-
1564 3305 1638 3337 ild.
1663 3317 1709 3343 xi,
1739 3308 1805 3336 3-6.
1832 3323 1869 3327 —
1895 3303 1908 3326 5
1928 3308 2000 3336 Luc.
2024 3316 2047 3335 11
2063 3329 2070 3343 ‚
2099 3307 2154 3342 29,
2187 3308 2240 3337 30.
2262 3322 2304 3327 -—
2325 3301 2340 3326 ⁶
2369 3299 2440 3333 1⁵³5·

355 3363 504 3387 xxxviii.
531 3357 577 3383 1-1
595 3356 620 3384 l.
640 3373 668 3376 k
701 3353 875 3390 Τ.Ῐο1));11·,
898 3358 949 3385 153.
970 3375 974 3377 Δ
1032 3354 1139 3386 s(Len.
1163 3361 1317 3391 x=,11„.'38.

1426 2446 1591 2495 aliquam
1610 2444 1844 2481 dilationem.
1879 2447 1963 2481 Hoc
1978 2443 2146 2493 denique
2163 2451 2201 2480 et
2219 2443 2445 2481 miserabili·
2469 2447 2477 2453 “
2500 2458 2501 2463 ’
