2565 3952
980 174 1042 213 IN
1096 172 1319 214 NOVAM

476 381 561 475 S.
649 376 1243 470 BERNARDI
1319 371 1813 466 ABBATIS

822 616 1058 651 OPERUM
1098 614 1426 651 EDITIONEM

229 821 1050 940 PRAEFATIO
1168 819 2073 937 GENERALIS.

165 1351 200 1392 I.
226 1351 509 1404 Posteaquam
527 1349 770 1391 studiorum
792 1361 985 1390 meorum
1006 1348 1215 1403 primitias
1250 1348 1292 1387 in
1320 1348 1359 1387 S.
1392 1343 1600 1386 Bernardi
1624 1354 1751 1397 opera
1783 1340 2095 1395 impenderam,
2125 1354 2210 1382 non

106 1429 163 1470 ita
191 1429 338 1482 primae
368 1429 483 1470 illius
514 1428 710 1470 editionis
740 1441 887 1469 curam
911 1427 1090 1481 abjicere
1117 1426 1257 1466 visum
1277 1430 1358 1477 est,
1389 1429 1437 1465 ut
1457 1423 1509 1465 de
1536 1435 1583 1464 ea
1603 1420 1854 1475 expolienda
1881 1423 1922 1460 ct
1946 1417 2210 1469 exornanda,

107 1507 192 1548 imo
217 1500 370 1559 etiam,
397 1509 432 1549 si
458 1508 742 1549 necessarium
767 1512 897 1559 esset,
928 1507 1099 1561 penitus
1119 1499 1389 1547 reformanda
1409 1512 1681 1556 nequaquam
1704 1499 1947 1552 cogitarem.
1971 1497 2078 1539 Cum
2101 1497 2213 1537 enim

106 1596 199 1625 eam
214 1583 383 1638 juvenis
403 1598 449 1626 ac
471 1598 578 1639 pene
598 1585 718 1626 rudis
737 1586 820 1626 tiro
841 1598 1061 1639 aggressus
1080 1596 1232 1634 essem,
1252 1595 1338 1623 non
1358 1582 1417 1622 sic
1435 1591 1525 1620 rem
1542 1592 1565 1619 a
1582 1590 1649 1618 me
1668 1576 1921 1631 perfectam,
1941 1576 2215 1629 numerisque

108 1663 306 1704 omnibus
325 1663 563 1706 absolutam
582 1664 712 1705 fuisse
730 1665 987 1717 existimari,
1010 1666 1116 1719 quin
1131 1663 1265 1705 multa
1282 1663 1327 1703 in
1344 1657 1562 1702 Bernardo
1581 1661 1620 1698 ct
1636 1655 1918 1707 restituendo,
1940 1659 1979 1696 et
1999 1654 2216 1695 illustran-

110 1740 168 1782 do
191 1741 378 1783 limatius
407 1747 449 1783 et
471 1743 710 1783 accuratius
741 1741 951 1784 elaborari
978 1748 1174 1797 possent,
1206 1741 1281 1783 ubi
1310 1741 1548 1781 litterarum
1576 1735 1711 1789 major
1733 1746 1860 1785 115115,
1894 1737 1934 1773 61
1957 1733 2216 1787 experientia

109 1819 357 1861 diuturnior
379 1822 634 1862 accessisset.
658 1822 954 1875 Quapropter,
981 1823 1058 1863 etsi
1076 1834 1277 1876 processu
1295 1817 1499 1872 temporis
1518 1817 1564 1856 in
1588 1815 1723 1855 aliena
1744 1824 1920 1867 prorsus
1941 1824 1964 1852 a
1982 1815 2100 1852 tanto
2123 1812 2215 1852 Do-

109 1902 225 1939 ctore
245 1898 385 1940 studia
404 1899 575 1953 longius
593 1899 803 1941 abductus
825 1913 978 1950 essem,
1004 1901 1062 1941 ita
1087 1899 1367 1940 nihilominus
1386 1894 1639 1937 sanctissimi
1659 1892 1752 1933 Viri
1777 1890 2013 1932 recordatio
2037 1894 2076 1930 et
2099 1901 2218 1930 amor

112 1977 274 2030 pectori
291 1990 386 2019 meo
405 1991 571 2033 semper
590 1979 776 2032 inboesit,
800 1984 848 2020 111
869 1981 904 2020 51
923 1993 1007 2034 qua
1028 1980 1071 2019 in
1092 1976 1358 2028 evolvendis,
1384 1971 1689 2025 versandisque
1710 1969 1802 2011 aliis
1825 1967 2094 2020 auctoribus,
2120 1979 2216 2021 qua:

112 2054 167 2096 ad
185 2055 321 2109 ipsius
341 2068 468 2109 opera
487 2056 556 2098 161
575 2057 863 2109 emendanda,
892 2057 960 2098 vel
980 2055 1233 2097 illustranda
1253 2054 1445 2096 conferre
1463 2055 1657 2107 possent,
1687 2048 1791 2090 mihi
1812 2050 2107 2099 occurrerent3
2129 2045 2217 2087 11666

113 2134 255 2175 omnia
283 2133 511 2187 diligenter
530 2134 752 2185 adnotare,
782 2140 822 2176 et
847 2136 893 2176 in
911 2140 1205 2189 opportunum
1233 2139 1401 2189 tempus
1422 2131 1476 2174 ad
1501 2129 1730 2172 secundam
1754 2127 1984 2170 editionem
2017 2138 2218 2181 seponere

114 2223 201 2252 non
219 2212 472 2252 omitterem.
498 2213 640 2265 Atque
659 2213 716 2252 ita
737 2211 910 2253 demum
928 2212 1080 2253 accidit
1098 2244 1107 2265 ‚
1130 2217 1179 2254 ut
1195 2225 1293 2253 cum
1317 2216 1487 2265 tempus
1504 2221 1613 2264 pene
1642 2207 1811 2250 nullum
1828 2206 1929 2247 huic
1952 2204 2217 2246 meditationi

114 2302 298 2330 vacuum
328 2290 434 2330 mihi
458 2290 512 2331 ob
534 2290 636 2331 alias
660 2290 979 2332 lucubrationes
1008 2295 1130 2333 antea
1156 2291 1482 2341 concederetur3
1515 2287 1602 2342 jam
1627 2289 1866 2340 tepescente
1895 2288 1936 2325 et
1968 2283 2217 2337 refrigerato

115 2379 192 2422 per
209 2367 284 2408 has
308 2367 521 2409 bellorum
540 2372 809 2422 tempestates
829 2368 1008 2410 aliarum
1029 2369 1269 2411 litterarum
1287 2370 1406 2411 cultu
1421 2401 1431 2421 ,
1454 2379 1566 2409 110115
1587 2366 1693 2407 011111
1717 2365 1804 2406 fere
1824 2365 1868 2405 in
1891 2363 2088 2405 manibus
2112 2362 2215 2404 reli-

116 2450 209 2488 ctus
228 2447 283 2488 511
298 2447 562 2499 Bernardus,
584 2448 661 2501 qui
678 2451 725 2488 111
742 2446 1002 2501 juventutis,
1025 2449 1084 2489 sic
1102 2449 1431 2503 ingravescentis
1450 2447 1582 2488 aetatis
1606 2445 1743 2486 otium
1760 2446 1998 2496 occuparet.
2019 2440 2218 2482 Libenter

119 2525 262 2580 itaque
284 2525 364 2567 hoc
385 2527 472 2568 otio
486 2559 496 2579 ,
519 2539 571 2567 ex
595 2527 870 2581 Superiorum
888 2531 1133 2568 nostrorum
1150 2526 1439 2581 indulgentia,
1464 2537 1568 2565 usus
1591 2534 1686 2564 sum
1703 2521 1757 2562 ad
1779 2532 1935 2561 novam
1957 2520 2094 2560 lucem
2114 2518 2218 2559 dan-

119 2603 217 2646 dam
236 2606 414 2647 Auctori
434 2607 593 2660 optime
612 2606 664 2647 de
683 2605 882 2647 omnibus
903 2607 1076 2658 merit03
1098 2618 1175 2646 nec
1194 2605 1461 2647 dissimulare
1481 2615 1675 2657 possum,
1699 2613 1764 2641 me
1783 2612 1870 2640 non
1891 2611 2044 2653 parum
2065 2597 2224 2638 laboris

121 2697 169 2725 ac
192 2683 444 2738 diligentiae,
471 2698 555 2726 una
579 2698 678 2727 cum
704 2685 876 2738 collegis
905 2698 952 2726 ac
981 2685 1104 2726 sociis
1130 2684 1258 2735 meis,
1297 2683 1341 2723 in
1365 2681 1410 2723 id
1434 2680 1574 2735 operis
1598 2678 1811 2733 posuisse,
1846 2680 1896 2717 ut
1923 2687 2010 2716 non
2035 2678 2123 2715 tam
2151 2686 2218 2715 56-

122 2761 284 2815 cunda,
312 2776 442 2817 quam
461 2777 571 2805 nova
592 2776 793 2818 prorsus,
819 2769 882 2816 61,
904 2763 1048 2819 quoad
1067 2764 1112 2804 in
1131 2762 1256 2804 nobis
1282 2766 1392 2813 erat,
1416 2759 1628 2802 elaborata
1651 2757 1780 2799 editio
1807 2755 2049 2797 haberetur.

183 2841 242 2881 H.
266 2841 404 2882 Erunt
423 2841 624 2894 fortasse,
653 2842 730 2896 qui
751 2846 813 2883 tot
837 2841 1074 2883 editionum
1100 2841 1371 2895 repetitiones
1400 2838 1685 2893 improbaturi
1708 2839 1828 2887 sunt,
1858 2845 2014 2888 easque
2039 2833 2084 2873 in
2107 2831 2223 2873 litte·

126 2922 317 2959 ratorum
346 2919 666 2961 incommodum
688 2922 799 2961 verti
834 2920 1138 2962 causabuntur.
1170 2922 1256 2962 Nec
1280 2918 1469 2960 diffiteor
1499 2928 1597 2958 sane
1627 2915 1751 2968 longe
1780 2911 2011 2967 optabilius
2041 2909 2159 2961 fore,
2193 2910 2228 2950 si

126 2997 264 3051 prima
289 2999 432 3039 statim
463 2998 647 3040 editione
670 3003 861 3040 auctores
886 3000 1048 3054 quique
1072 3000 1117 3040 in
1140 3011 1239 3040 eum
1258 3002 1435 3049 statum,
1468 2996 1544 3050 qui
1563 2994 1616 3036 ad
1636 2993 1938 3049 perfectionem
1963 3001 2094 3044 quam
2120 3000 2224 3042 pro-

128 3076 240 3117 xime
264 3077 454 3130 accedat,
479 3079 652 3120 omnino
678 3079 844 3119 restitui
871 3083 1056 3132 possent.
1086 3080 1247 3119 Verum
1266 3077 1343 3131 qui
1366 3077 1412 3116 in
1433 3073 1641 3129 ejusmodi
1667 3071 1819 3114 studiis
1844 3070 1999 3111 versati
2021 3072 2142 3118 sunt,
2166 3078 2227 3107 nze

129 3153 192 3195 1111
211 3156 369 3208 optime
387 3161 547 3198 norunt
565 3170 696 3211 quam
716 3169 942 3211 operosum
961 3157 1034 3209 sit,
1057 3169 1109 3198 ne
1129 3155 1267 3197 dicam
1286 3152 1569 3208 impossibile,
1590 3149 1636 3192 id
1655 3150 1823 3203 assequi
1840 3148 1885 3188 in
1904 3150 2020 3187 tanta
2038 3149 2229 3185 veterum

133 3232 341 3274 librorum
366 3235 488 3288 copia
508 3235 609 3276 hinc
636 3234 734 3276 inde
763 3234 965 3289 dissipata
982 3267 992 3287 ,
1027 3237 1072 3275 in
1094 3238 1211 3275 tanta
1243 3233 1370 3274 etiam
1398 3228 1645 3272 eorumdem
1674 3226 1956 3280 discrepantia
1983 3238 1991 3263 :
2014 3227 2061 3263 ut
2096 3220 2232 3261 multo

133 3321 181 3351 ac
202 3309 328 3363 longo
347 3310 512 3363 labore,
539 3317 667 3367 atque
686 3314 813 3354 etiam
831 3312 1062 3367 aliquando
1085 3311 1249 3365 oedipo
1273 3315 1314 3351 et
1332 3311 1562 3363 interprete
1581 3319 1689 3361 opus
1708 3307 1760 3347 sit
1773 3337 1783 3356 ,
1810 3309 1901 3345 tum
1924 3301 1976 3342 ad
1997 3297 2231 3340 faciendam

266 3406 357 3429 Tou.
390 3407 415 3429 1.
2030 3385 2040 3418 1
