2565 3952
75 149 147 193 3'97

75 232 234 273 nescitis.
251 230 345 269 Dico
364 237 491 266 tamen
510 242 517 264 :
535 231 622 273 Jus,
642 227 715 273 fas,
733 226 932 271 honestas,
954 223 1143 274 religio¹⁷⁵

74 296 112 333 in
131 291 270 330 nostris
289 287 574 341 episcopatibus
590 287 802 338 perierunt.
820 286 962 323 Malum
981 283 1086 334 quod
1105 288 1135 322 A

74 368 144 408 pro
164 352 292 390 debito
316 350 431 388 officii
448 349 686 387 dissimulare
701 361 779 384 non
799 346 937 393 audeo,
956 345 1086 382 brevi-

75 427 132 456 ter
150 414 446 465 simpliciterque
467 410 641 448 intimavi
660 425 667 447 :
686 418 728 447 ut
742 409 846 460 quod
864 421 943 445 non
962 408 1088 458 placet

74 475 325 531 providentiae
365 481 503 511 vestrae
537 485 606 523 per
636 485 697 509 me
727 471 894 521 corrigi,
925 483 995 520 per
1026 482 1087 506 me

73 539 202 578 saltem
216 535 345 582 vobis,
365 534 432 585 qui
451 533 644 582 corrigere
663 532 841 582 potestis,
859 531 1086 576 innotescat,

75 612 121 638 ne
141 597 298 636 omnino
322 607 487 633 vacuum
512 593 645 630 videar
668 601 824 644 portare
851 604 994 629 nomen
1025 603 1088 627 ar-

73 657 314 710 chiepiscopi.
343 660 392 694 Et
418 655 510 692 mihi
536 655 672 692 melius
702 653 858 705 quidem
882 661 981 691 esset
1007 665 1086 689 non

74 720 306 766 ascendisse,
329 731 445 769 quam
474 718 526 755 sic
555 716 788 754 descendere
816 729 903 752 cum
930 713 1085 752 rubore.

125 782 160 821 2.
181 780 254 820 Sed
280 780 328 817 de
351 793 412 816 me
438 791 524 829 quae
548 779 662 815 cura?
683 781 786 815 Bene
815 775 922 827 quod
950 775 1091 825 dignus

73 857 153 883 sum
167 872 177 891 ‚
198 842 335 893 patiar,
359 850 543 892 tanquam
564 840 661 877 male
687 851 864 890 operans.
887 838 964 877 Sim
984 845 1086 874 certe

71 902 281 955 opprobrio
314 903 427 940 etiam
463 902 580 948 meis,
602 914 670 938 sua
691 914 757 951 spe
791 899 974 936 nimirum
1007 899 1088 935 fru-

72 965 208 1011 stratis,
227 978 342 1015 quam
360 964 407 1002 de
425 978 505 1012 me,
521 972 564 1001 ut
581 963 653 1001 sibi
670 976 730 1000 me
749 975 913 1014 praeesse
930 961 1087 1007 vellent,

985 144 1250 183 EPISTOLAE.

2101 141 2177 179 35⁵8

1209 237 1360 261 summo
1398 223 1604 268 Pontifici,
1645 235 1736 259 suus
1773 224 2028 265 Bnnxmncs,
2070 219 2175 268 quod

1210 298 1314 322 suus.

1216 410 1247 447 l.
1279 409 1460 448 Fidenter
1481 409 1640 458 loquor,
1663 407 1752 457 quia
1779 405 1944 443 fideliter
1971 415 2071 441 amo.
2101 404 2178 438 Nec

1156 471 1258 508 enim
1275 471 1447 508 sincerus
1463 478 1520 507 est
1536 483 1658 516 amor,
1672 467 1739 505 ubi
1755 466 1960 505 dubietatis
1974 463 2179 514 scrupulus

1156 533 1386 584 suspicionis
1411 533 1541 570 faecem
1568 531 1720 568 retinet.
1751 526 2003 578 Querimonia
2031 523 2179 561 domini

1155 593 1401 632 Treverensis
1427 607 1506 631 non
1529 601 1585 631 est
1604 591 1687 642 ejus
1706 591 1846 637 solius,
1869 588 1936 626 sed
1961 585 2178 624 communis

1156 656 1388 702 multorum,
1411 667 1626 704 eorumque
1646 651 1859 703 praecipue,
1881 648 1948 699 qui
1979 643 2179 684 sinceriori

1157 716 1299 753 affectu
1314 729 1385 752 vos
1402 715 1578 765 diligunt.
1592 717 1676 751 Vox
1694 725 1772 750 una
1789 710 1979 755 omnium,
1993 706 2059 758 qui
2075 705 2180 742 fideli

1158 776 1263 827 apud
1291 790 1362 814 nos
1392 790 1484 814 cura
1513 774 1668 826 populis
1690 780 1889 824 praesunt,
1920 768 2108 820 justitiam
2142 766 2180 802 in

1154 838 1325 876 Ecclesia
1361 837 1560 888 deperire,
1593 834 1788 873 annullari
1817 832 1995 871 Ecclesiae
2027 829 2178 873 claves,

1154 900 1414 951 episcopalem
1447 898 1606 936 omnino
1644 897 1830 934 vilescere
1873 892 2142 931 auctoritatem
2167 918 2175 934 ‚

1155 961 1247 998 dum
1286 974 1402 998 nemo
1440 960 1715 1010 episcoporum
1750 958 1789 994 in
1818 962 2004 1008 promptu
2041 950 2179 988 habeat

71 1036 325 1078 conceperant
353 1043 361 1065 :
392 1027 484 1065 dum
519 1026 761 1077 comperiant
794 1024 974 1062 Ecclesiae
1009 1037 1087 1061 suae
1109 1028 1137 1063 B
1155 1022 1287 1060 ulcisci
1309 1020 1470 1071 injurias
1490 1020 1584 1066 Dei,
1608 1019 1703 1057 nulli
1724 1019 1835 1056 liceat
1855 1016 1989 1053 illicita
2008 1011 2154 1064 quaevis
2168 1039 2176 1055 ,

71 1102 139 1141 per
166 1101 227 1126 me
258 1088 377 1139 magis
402 1088 580 1125 imminui
610 1086 834 1137 dignitatem
850 1115 859 1133 ,
884 1084 995 1135 cujus
1018 1098 1088 1135 per

71 1163 129 1188 me
144 1150 258 1187 etiam
277 1150 435 1200 antiqua
452 1149 593 1186 damna
613 1147 762 1186 restitui
787 1160 901 1197 posse
925 1155 1088 1197 putave-

72 1218 166 1248 rant.
195 1214 287 1248 Haec
316 1210 445 1247 omnia
471 1209 666 1255 sustineo,
693 1208 765 1245 etsi
795 1221 874 1244 non
900 1206 1088 1254 libenter,

72 1278 171 1309 certe
190 1271 400 1321 patienter,
421 1284 470 1307 ne
489 1282 662 1319 unquam
688 1268 821 1305 videar
847 1267 1089 1304 recalcitrare

72 1329 318 1377 obedientiae,
335 1344 408 1381 pro
423 1344 499 1381 qua
519 1330 633 1367 etiam
651 1329 742 1366 dare
758 1329 925 1366 animam
943 1358 952 1375 ,
971 1329 1000 1365 si
1021 1341 1090 1365 ne-

73 1404 171 1430 cesse
190 1391 259 1438 sit,
279 1390 421 1429 debere
447 1405 508 1428 me
531 1391 667 1428 fateor.
688 1394 832 1429 Verum
851 1389 926 1426 1100
949 1388 1091 1426 5011101-

73 1453 241 1491 tudinem
269 1461 435 1491 vestram
471 1452 671 1490 attendere
702 1451 818 1489 velim
841 1481 850 1498 ‚
883 1449 1087 1488 creationis

72 1513 246 1564 injuriam
267 1515 459 1565 respicere
486 1513 534 1552 ad
558 1522 751 1551 creantem
771 1529 781 1560 3
804 1521 841 1550 et
863 1512 966 1549 vires
993 1525 1087 1562 quas

73 1575 162 1614 mihi
178 1575 421 1623 subtrahitis,
441 1575 554 1614 vobis
571 1575 761 1621 minuitis;
783 1583 821 1612 et
841 1582 1088 1624 contemptus

73 1651 197 1685 meus,
222 1646 261 1675 et
285 1636 451 1687 dejectio
475 1651 560 1674 mea
581 1636 776 1674 redundat
795 1636 834 1673 in
856 1649 939 1673 vos.
963 1635 1086 1673 Multa

73 1697 191 1736 habeo
219 1698 406 1749 conqueri
426 1697 536 1736 vobis
555 1698 602 1735 de
616 1697 728 1735 vobis
750 1712 758 1734 :
778 1696 844 1734 sed
871 1709 1027 1734 reservo
1043 1709 1088 1733 ea

72 1760 272 1812 pandenda
291 1760 428 1798 nuntio
443 1790 454 1808 ,
471 1773 586 1811 quem
601 1759 694 1797 novi
713 1759 762 1797 ad
775 1759 849 1796 1100
866 1758 955 1796 satis
971 1758 1089 1795 indu-

1156 1099 1205 1122 ne
1239 1084 1278 1121 in
1319 1083 1479 1135 propria
1525 1082 1682 1132 quidem
1717 1076 1942 1131 parochia¹>‚
1982 1075 2178 1123 castigare.

1155 1148 1319 1184 Causam
1338 1144 1513 1181 referunt
1530 1143 1569 1180 in
1582 1157 1666 1188 vos,
1684 1142 1907 1190 curiamque
1923 1142 2141 1176 Romanam
2152 1142 2177 1170 ς.

1158 1210 1276 1244 Recte
1293 1214 1397 1255 gesta
1421 1204 1469 1241 ab
1493 1204 1604 1254 ipsis,
1622 1211 1665 1240 ut
1688 1203 1814 1247 aiunt,
1836 1198 2030 1237 destruitis
2049 1227 2057 1243 ,
2077 1195 2180 1245 juste

1159 1267 1354 1304 destructa
1374 1265 1548 1303 statuitis.
1573 1265 1725 1314 Quique
1753 1261 1928 1312 flagitiosi
1957 1268 1995 1297 et
2018 1266 2181 1295 00111611-

1161 1328 1247 1365 11051
1280 1327 1328 1364 (16
1362 1325 1629 1377 populo,sive
1666 1324 1713 1360 de
1744 1324 1847 1360 clero
1866 1352 1875 1368 ,
1904 1329 1971 1358 aut
2003 1319 2116 1356 etiam
2134 1331 2182 1354 ex

1159 1388 1403 1427 monasteriis
1426 1387 1585 1438 pulsati,
1611 1393 1774 1423 currunt
1795 1383 1843 1421 ad
1862 1395 1930 1419 vos
1948 1396 1955 1418 :
1974 1379 2182 1418 redeuntes

1149 1450 1297 1501 jactant
1320 1458 1358 1486 et
1380 1448 1548 1500 gestiunt
1575 1460 1614 1484 se
1645 1445 1859 1483 obtinuisse
1887 1451 2060 1486 tutores,
2083 1451 2181 1490 quos

1155 1512 1276 1563 magis
1302 1512 1448 1549 ultores
1476 1509 1637 1548 sensisse
1658 1507 1887 1545 debuerant.
1913 1509 1974 1542 An
1993 1515 2072 1540 non
2101 1501 2181 1551 gla-

1155 1573 1240 1610 dius
1279 1572 1442 1610 Phinees
1482 1570 1774 1622 promptissime
1818 1576 1933 1617 atque
1969 1563 2179 1614 justissime

1154 1636 1316 1673 eductus
1337 1634 1463 1671 fuerat
1483 1633 1531 1670 ad
1552 1629 1895 1670 condemnandum
1917 1628 2180 1664 incestuosum

1155 1696 1409 1734 concubitum
1441 1694 1636 1745 Drogonis
1665 1702 1704 1730 et
1732 1692 1864 1730 Milis?
1898 1689 1971 1728 Sed
1999 1687 2182 1725 confusus

1155 1767 1271 1809 atque
1295 1767 1447 1795 retusus
1475 1756 1570 1794 abiit
1592 1764 1805 1793 retrorsum
1826 1782 1835 1799 ,
1860 1760 1970 1789 scuto
1997 1749 2181 1787 nimirum

73 1823 201 1861 strium
225 1831 264 1859 et
286 1822 454 1860 fidelem.
478 1822 661 1873 Significo
688 1821 803 1859 etiam
830 1819 943 1858 vobis
969 1821 1086 1857 susti-
1104 1818 1131 1855 C
1152 1820 1374 1872 apostolicae
1402 1817 1637 1856 defensionis
1666 1815 1862 1867 opposito.
1894 1811 1996 1851 Proh
2025 1809 2180 1861 pudor!

73 1897 161 1922 nere
190 1897 261 1922 nos
289 1883 507 1935 periculum
533 1883 575 1920 in
604 1883 707 1920 falsis
730 1881 925 1920 fratribus.
952 1881 1086 1931 Legati

73 1945 212 1997 quippe
244 1945 573 1983 schismaticorum
613 1945 760 1982 intrant
793 1952 831 1981 et
863 1951 1008 1980 exeunt
1039 1941 1088 1979 ad

73 2006 255 2058 quosdam
276 2006 324 2044 de
349 2007 490 2044 nostris
505 2005 664 2043 liberius
685 2019 802 2056 quam
828 2003 1026 2050 solebant,
1051 2010 1088 2039 et

74 2067 185 2105 verba
214 2069 368 2118 tyranni
398 2067 515 2106 Siculi
545 2067 784 2104 familiariter
816 2065 1085 2102 admittuntur.

74 2203 218 2214 xtmuvuw
227 2201 1086 2214 ιιιιιιιιιιιιιιιιιιιιιιιιιιιιιιιιιιιιιιιιιιιιιιιιιι

147 2337 522 2396 EPISTOLA
567 2332 972 2394 CLXXVIII.a

75 2501 120 2524 An
139 2501 316 2526 DOMINUM
336 2503 459 2527 PAPAM
487 2503 755 2527 INNOCENTIUM
786 2503 858 2527 PRO
888 2502 1087 2526 ALBERONE

282 2564 521 2588 TREVERENSI
546 2564 861 2589 ARCHIEPISCOPO.

76 2689 219 2730 Queritur
232 2701 397 2733 perversos
420 2689 577 2733 quosdam
601 2695 632 2723 et
647 2690 794 2722 Ecclesiae
815 2689 1010 2732 perniciosos
1035 2687 1090 2720 ho-

118 2744 214 2777 mines
229 2746 261 2777 iu
281 2746 487 2788 exsequendis
502 2745 606 2788 pravis
622 2745 758 2777 consiliis
775 2743 935 2788 pontificia
957 2743 1091 2775 auctori-

119 2805 180 2832 tate
191 2801 305 2833 muniri
320 2812 328 2834 :
351 2801 427 2833 alios
441 2800 567 2832 interim
587 2801 737 2844 praesules
748 2825 755 2839 ‚
775 2800 878 2831 zelum
895 2798 956 2831 Dei
971 2798 1091 2830 haben-

118 2859 181 2894 tes,
200 2854 342 2896 destitui,
363 2862 395 2888 et
409 2855 581 2888 contemni.

77 2984 344 3023 Amantissimo
394 2986 498 3024 Patri
548 2994 586 3024 et
632 2985 792 3024 domino
847 2987 1086 3022 Ixivocnxno

121 3134 134 3150 ³
147 3133 266 3177 Scripta
285 3144 368 3167 anno
381 3135 497 3168 Christi
517 3138 529 3166 1
542 3137 606 3168 139
627 3145 666 3166 ex
694 3137 865 3166 Brovvero.

1154 1895 1251 1932 quos
1272 1881 1482 1919 cachinnos
1509 1893 1570 1917 res
1593 1879 1663 1916 ista
1688 1877 1812 1914 1110111
1833 1884 1870 1912 61
1892 1880 2024 1911 movet
2044 1869 2178 1908 Eccle-

1154 1943 1219 1980 siae
1250 1942 1439 1989 inimicis,
1460 1942 1592 1992 eisque
1623 1940 1738 1977 etiam
1763 1937 1877 1989 ipsis,
1897 1946 2067 1986 quorum
2100 1931 2181 1967 for-

1156 2013 1253 2042 tasse
1275 2012 1383 2041 metu
1411 2011 1476 2041 aut
1502 2003 1634 2040 favore
1658 2016 1678 2038 a
1700 2009 1806 2038 recto
1838 1996 1990 2035 tramite
2023 1991 2181 2031 abducti

1156 2067 1308 2103 sumus!
1334 2064 1457 2103 Amici
1479 2062 1790 2107 confunduntur,
1813 2057 1991 2096 fidelibus
2014 2054 2178 2092 insulta—

1157 2136 1233 2174 tur,
1255 2126 1427 2177 episcopi
1449 2125 1594 2176 ubique
1614 2125 1653 2161 in
1675 2121 1934 2174 opprobrium
1959 2116 2123 2154 veniunt
2144 2121 2182 2149 et

1157 2196 1426 2238 contemptum
1450 2203 1457 2224 :
1479 2200 1645 2238 quorum
1671 2185 1763 2222 dum
1788 2191 1892 2221 recta
1910 2178 2056 2230 judicia
2084 2188 2180 2213 con-

1158 2257 1399 2294 temnuntur,
1416 2257 1554 2286 vestrae
1571 2260 1727 2298 quoque
1743 2244 1955 2296 plurimum
1971 2239 2180 2288 derogatur

1158 2310 1390 2348 auctoritati.

1210 2371 1245 2408 2.
1287 2370 1365 2421 Ipsi
1405 2378 1495 2408 sunt
1536 2368 1639 2407 enim
1676 2367 1744 2418 qui
1776 2365 1966 2402 honorem
2007 2368 2179 2398 vestrum

1155 2433 1302 2477 zelant,
1328 2431 1394 2482 qui
1424 2439 1551 2468 vestra
1579 2442 1653 2480 pro
1679 2441 1774 2479 pace
1800 2435 1837 2463 et
1863 2423 2096 2462 exaltatione
2126 2421 2178 2456 la-

1154 2492 1296 2531 borant
1322 2492 1486 2530 fideliter
1506 2491 1662 2542 quidem
1682 2519 1691 2537 ,
1719 2488 1785 2526 sed
1812 2499 1952 2524 161601
1980 2498 2028 2521 116
2052 2482 2178 2520 ineffi-

1155 2555 1306 2593 caciter.
1328 2553 1430 2603 Quid
1450 2553 1560 2590 vobis
1586 2552 1685 2589 vires
1709 2548 1910 2587 minuitis?
1938 2545 2032 2597 quid
2056 2543 2178 2582 robur

1105 2618 1140 2652 D
1156 2624 1329 2653 vestrum
1351 2613 1567 2665 deprimitis
1584 2614 1599 2649 P
1616 2623 1820 2662 quousque
1844 2607 2048 2646 retunditis
2071 2617 2178 2643 arma

1158 2676 1285 2714 fidelia
1305 2675 1509 2712 militantia
1528 2672 1639 2711 vobis
1653 2702 1662 2719 ,
1679 2670 1906 2709 humilitatis
1927 2681 2073 2705 cornua
2087 2679 2174 2704 ere-

1157 2747 1217 2776 cta
1244 2745 1382 2774 1651116
1411 2735 1567 2772 virtutis
1594 2742 1631 2771 et
1671 2732 1828 2771 salutis?
1858 2731 2017 2768 Plorans
2050 2728 2178 2779 plorat

1157 2797 1437 2836 desolationem
1453 2809 1562 2834 suam
1579 2794 1683 2846 apud
1699 2793 1853 2832 Tullum
1871 2790 2038 2828 Ecclesia
2058 2786 2180 2826 sancti

1158 2857 1386 2910 Gengulfid3
1414 2871 1485 2896 nec
1515 2865 1572 2895 est
1606 2856 1673 2907 qui
1706 2853 1929 2892 consoletur
1959 2866 2055 2889 eam.
2084 2853 2177 2901 Quis

1155 2922 1259 2959 enim
1295 2934 1333 2958 se
1373 2928 1549 2971 opponat
1583 2917 1742 2956 brachio
1782 2915 1953 2960 excelso,
1995 2916 2178 2952 torrentis

1155 2982 1337 3034 impetui,
1363 2995 1523 3019 summae
1554 2979 1716 3018 arbitrio
1743 2977 1969 3029 potestatis?
1992 2975 2176 3014 Eamdem

123 3177 140 3202 ¹³
154 3186 311 3219 Parochiae
326 3188 455 3220 nomine
471 3188 580 3231 (quod
597 3187 744 3220 omnibus
760 3186 894 3229 11010111)
912 3187 1128 3230 intelligebant
1143 3193 1263 3220 veteres
1277 3185 1435 3218 dioecesim
1448 3183 1599 3228 episcopi·

123 3245 137 3261 ⁰
155 3243 191 3271 In
203 3240 396 3283 Frequentem
411 3243 505 3273 etiam
522 3253 614 3274 usum
626 3253 681 3274 5611
695 3241 829 3273 abusum
843 3242 1091 3285 appellationum
1108 3241 1311 3274 Hildebertus
1329 3238 1598 3274 Cenomanneusis
1615 3238 1742 3270 antistes
1759 3235 1922 3278 epistolam
1939 3237 1980 3265 8⁶2
1998 3234 2120 3276 scripsit
2137 3236 2176 3267 ad

79 3293 251 3326 Honorium
269 3298 310 3327 11.
333 3295 416 3327 Vide
440 3296 556 3328 librum
573 3299 590 3329 3
604 3296 644 3329 de
657 3294 933 3333 Consideratione,
950 3307 1018 3339 cap.
1043 3300 1074 3328 2.

123 3347 139 3368 ‘¹
150 3347 230 3380 Vide
245 3350 407 3392 epistolam
426 3352 502 3382 139..
