2533 3920
376 224 442 261 131

424 303 460 340 4.
491 304 586 339 Sane
624 301 695 338 boc
727 300 1004 337 advertendum
1021 329 1031 346 ,
1066 300 1170 350 quod
1201 301 1375 351 quaedam

372 371 459 400 sunt
479 376 573 412 pura
595 360 695 398 bona
719 376 725 397 :

371 424 512 460 nullam
530 421 660 458 deberi
672 421 889 457 hominibus
905 421 1160 458 obedientiam
1174 437 1181 458 :
1194 423 1377 471 quoniam

369 498 440 521 nec
456 484 517 520 illa
531 481 741 519 omittenda
757 491 857 529 sunt,
876 483 987 519 ctiam
1003 497 1087 519 cum
1105 483 1376 533 prohibentur3

371 557 440 581 nec
457 545 549 588 ista,
566 544 625 579 vel
641 556 725 579 cum
738 542 936 592 jubentur,
954 544 1240 581 committenda.
1257 548 1377 581 Porro

370 604 471 641 inter
491 604 570 640 lizec
585 612 672 640 sunt
693 603 816 640 media
836 603 1030 652 quaedam,
1048 618 1133 653 quae
1150 617 1222 653 pro
1240 604 1355 640 modo
1367 633 1377 651 ,

369 664 455 700 loco
468 693 478 710 ,
497 672 668 713 tempore
685 663 742 699 vel
762 676 925 712 persona
940 691 949 708 ,
973 672 1009 699 et
1026 664 1123 700 mala
1143 672 1305 714 possunt
1321 677 1379 700 es-

367 737 406 760 se
420 753 429 769 ,
447 733 484 760 et
505 723 605 759 bona
629 738 635 759 :
659 723 748 759 etin
769 723 824 759 liis
844 724 902 759 lex
926 725 1048 773 posita
1066 733 1120 761 cst
1137 724 1378 770 obedientiae,

369 793 547 834 tanquam
581 785 618 820 in
641 785 743 833 ligno
773 784 939 820 scientim
967 784 1060 821 boni
1081 793 1118 821 et
1141 785 1249 831 mali,
1271 784 1377 834 quod

367 853 448 882 erat
473 845 511 880 in
539 844 666 881 medio
687 844 863 894 paradisi.
892 848 932 881 [n
956 844 1012 881 liis
1032 845 1204 894 profecto
1229 846 1280 881 fas
1300 858 1378 881 non

368 914 424 942 est
438 913 609 941 nostrum
625 918 777 941 sensum
794 905 991 941 sententiae
1004 904 1251 955 praescribere
1265 905 1380 954 magi-

368 975 535 1003 strorum
559 981 566 1001 :
587 966 624 1001 in
646 965 702 1002 liis
719 965 876 1000 omnino
893 965 1140 1014 praelatorum
1157 978 1226 1002 nec
1243 964 1378 1014 jussio,

370 1040 439 1062 nec.
457 1025 666 1075 prohibitio
684 1024 977 1061 contemnenda.
996 1025 1201 1062 Videamus
1217 1038 1263 1061 ne
1282 1025 1379 1061 sorte

1135 225 1170 261 S.
1202 223 1331 259 BERN
1334 224 1454 260 ARDI
1483 225 1685 262 ABBATIS

2380 225 2452 262 132

1414 301 1426 319 ¹¹
1446 303 1550 352 quod
1572 317 1648 341 non
1671 301 1804 341 debuit
1821 331 1830 349 ,
1855 315 2095 353 nequaquam
2116 316 2196 340 esse
2212 303 2425 353 parendum
2441 333 2452 352 ‚

749 362 921 410 quaedam
946 375 1040 411 pura
1065 362 1185 407 mala,
1208 362 1299 398 etin
1320 363 1376 400 his
1393 364 1424 397 A
1445 365 1622 414 superior
1652 364 1834 414 patefecit
1861 363 2080 413 disputatio.
2112 367 2160 400 Et
2181 364 2211 400 si
2232 376 2291 401 res
2319 377 2389 415 per
2414 377 2453 402 se

1437 422 1517 473 jam
1553 424 1640 460 satis
1671 425 1886 469 elucescat,
1915 433 2039 460 tamen
2075 431 2237 475 propter
2266 424 2452 473 quosdam

1444 484 1510 534 qui
1527 494 1704 534 quaerunt
1724 485 1961 521 occasionem
1978 514 1986 530 ‚
2005 483 2069 521 ubi
2091 484 2188 521 ratio
2208 497 2287 520 non
2308 497 2454 535 suppe-

1445 545 1564 591 ditat,
1583 546 1726 582 clarum
1756 545 1888 582 faciam
1910 544 2092 590 breviter,
2111 552 2149 581 et
2171 544 2222 580 ita
2245 544 2388 581 clarum
2412 552 2455 581 ut

1445 606 1569 643 onmis
1596 606 1800 643 dubietatis
1831 606 1968 643 umbra
1997 605 2211 656 dispareat3
2251 605 2356 655 quod
2384 618 2456 642 nec

1445 679 1585 716 purum
1604 695 1613 711 ,
1637 680 1706 703 nec
1724 667 1890 703 medium
1914 666 2059 703 bonum
2074 695 2083 712 ,
2099 666 2165 703 sed
2182 667 2295 717 plane
2312 679 2455 716 purum

1446 727 1557 763 fuerit
1579 728 1718 764 malum
1748 727 1800 764 sic
1828 726 2025 773 obedisse,
2045 727 2097 764 sic
2121 735 2292 764 vestrum
2321 740 2458 764 mona-

1445 787 1602 823 sterium
1619 788 1827 837 reliquisse.
1850 792 1896 824 Et
1912 787 2065 838 quidem
2090 796 2195 824 taceo
2216 787 2262 824 de
2284 796 2454 834 mortuo,

1446 848 1511 897 qui
1532 861 1640 884 suum
1662 857 1700 885 ct
1719 850 1841 886 solum
1862 849 1941 899 jam
1967 848 2137 898 judicem
2163 849 2280 886 habet
2303 853 2429 887 Deum
2445 878 2456 896 ,

1446 916 1484 944 et
1498 921 1588 944 vere
1605 921 1707 944 nunc
1728 922 1797 945 suo
1823 909 1981 946 domino
2000 917 2065 946 aut
2085 918 2158 946 stat
2172 918 2237 946 aut
2257 909 2357 946 cadit
2378 924 2386 947 :
2408 922 2457 946 ne

1447 967 1545 1003 forte
1563 967 1777 1017 indignans,
1794 977 1831 1005 et
1846 970 1981 1006 merito
1998 969 2201 1019 indignans
2221 969 2323 1006 dicat
2338 973 2457 1015 Deus,

1447 1027 1631 1064 Tulerunt
1665 1041 1799 1065 omnes
1839 1042 1860 1065 a
1899 1043 1959 1066 me
1991 1029 2193 1079 judicium.
2235 1033 2377 1067 Tamen
2409 1029 2457 1066 ad

371 1087 442 1122 talc
467 1086 580 1122 fuerit
604 1085 709 1134 quod
737 1085 932 1134 arguimus
957 1085 995 1120 in
1026 1084 1158 1131 vobis;
1180 1093 1217 1121 et
1234 1084 1284 1121 ol)
1306 1085 1378 1121 hoc
1400 1095 1428 1129 Β
1447 1088 1724 1124 correctionem
1766 1088 1978 1125 viventium
1995 1118 2005 1136 ,
2039 1102 2117 1126 non
2152 1089 2307 1139 quidem
2352 1088 2458 1139 quod

368 1146 527 1183 forsitan
565 1145 672 1194 argui
702 1158 779 1180 non
810 1144 996 1181 debuerit.
1023 1145 1136 1193 Quod
1165 1145 1380 1182 evidentius

367 1205 545 1251 elucebit,
570 1206 598 1243 si
628 1205 833 1255 praemissas
861 1205 1058 1242 divisionis
1085 1206 1262 1255 exempla
1290 1205 1381 1243 sub-

337 1307 339 1309 ,
364 1266 509 1316 jecero.
535 1266 666 1311 Fides,
689 1279 775 1316 spes
790 1295 799 1311 ,
820 1265 1003 1312 charitas,
1030 1274 1067 1303 et
1088 1275 1223 1303 caetera
1241 1265 1379 1316 hujus-

368 1329 498 1374 modi,
528 1342 623 1378 pura
658 1336 747 1364 sunt
775 1327 877 1364 bona
905 1343 912 1365 ε
941 1341 1025 1377 quae
1055 1329 1144 1378 quia
1176 1329 1274 1365 male
1300 1342 1378 1365 non

367 1398 528 1440 possunt
548 1388 746 1439 veljuberi
765 1389 824 1425 vel
847 1389 986 1435 teneri,
1005 1388 1103 1425 bene
1118 1402 1197 1425 non
1218 1398 1380 1438 possunt

365 1452 424 1488 vel
455 1449 653 1500 prohiberi
679 1449 739 1485 vel
767 1463 845 1486 non
875 1449 1008 1485 teneri.
1040 1453 1139 1486 Pura
1166 1450 1263 1486 mala
1291 1458 1379 1486 sunt

368 1512 509 1548 turtum
534 1541 543 1556 ,
577 1509 816 1559 sacrilegium
841 1538 850 1555 ,
882 1509 1137 1556 adulterium,
1170 1518 1207 1546 et
1244 1518 1379 1547 caetera

370 1571 485 1616 talia,
516 1583 601 1620 quae
638 1569 768 1619 utique
800 1583 870 1606 nec
900 1570 960 1606 vel
993 1568 1091 1605 bene
1125 1570 1281 1620 praecipi
1318 1571 1378 1607 vel

369 1630 503 1680 perlici
538 1637 722 1679 possunt,
753 1642 822 1666 nec
851 1630 948 1666 male
979 1628 1176 1679 prohiberi
1207 1630 1269 1666 vel
1302 1644 1381 1667 non

367 1691 461 1727 lieri.
484 1690 678 1728 Adversus
710 1689 930 1739 hujusmodi
948 1703 1025 1726 non
1054 1697 1110 1726 est
1139 1690 1212 1726 lex.
1232 1690 1380 1727 Nullius

368 1752 510 1802 quippe
555 1749 765 1801 prohibitio
800 1750 899 1786 valet
935 1749 1092 1786 obviare
1133 1751 1335 1800 praeceptis
1370 1766 1377 1788 :

368 1813 508 1849 nullius
525 1811 644 1860 jussio
658 1810 907 1860 praejudicare
920 1809 1135 1860 prohibitis.
1154 1814 1250 1848 Sunt
1273 1811 1380 1847 dein-

369 1872 415 1908 de
438 1871 584 1916 media,
607 1884 692 1921 quae
721 1871 875 1920 quidem
905 1884 973 1920 per
1002 1883 1041 1907 se
1076 1883 1146 1906 nec
1177 1869 1278 1907 bona
1302 1884 1383 1907 esse
1404 1877 1431 1913 C

370 1940 594 1977 noscuntur,
627 1944 696 1967 nec
724 1930 820 1967 mala
846 1945 853 1966 :
877 1939 1039 1980 possunt
1075 1938 1202 1967 tamen
1234 1931 1384 1968 indiffe-

371 2000 500 2028 renter
528 2000 566 2028 et
593 1990 690 2028 bene
718 1991 860 2040 pariter
890 1999 926 2027 et
954 1991 1053 2027 male
1079 1991 1138 2026 vel
1160 1991 1382 2040 prohiberi,

369 2052 429 2088 vel
445 2050 596 2100 juberi,
617 2050 682 2086 scd
702 2051 799 2086 male
824 2050 1044 2086 nullatcnus
1070 2050 1108 2086 in
1130 2050 1186 2087 his
1208 2064 1228 2087 a
1249 2050 1383 2087 subdi-

372 2112 418 2148 tis
445 2110 606 2147 obediri.
637 2114 694 2146 Ex
715 2110 772 2146 his
795 2118 905 2155 sunt,
922 2118 964 2146 ut
982 2110 1146 2159 exempli
1167 2110 1286 2159 gratia
1305 2124 1380 2160 po—

369 2185 455 2209 nam
477 2200 486 2216 ‚
517 2170 694 2220 jejunare
714 2199 723 2216 ‚
756 2170 941 2219 vigilare,
971 2170 1112 2219 legere,
1151 2179 1188 2206 ct
1223 2184 1386 2220 quaeque

369 2233 467 2270 talia.
506 2231 708 2269 Sciendum
739 2244 832 2267 vero
865 2231 954 2279 quia
991 2229 1115 2266 media
1144 2230 1321 2279 quaedam
1346 2231 1384 2267 in

369 2306 555 2344 purorum
593 2292 819 2342 plerumque
857 2290 1047 2327 bonorum
1093 2304 1159 2327 seu
1196 2291 1385 2327 malorum

372 2361 570 2390 transeunt
611 2352 811 2389 rationem.
849 2356 942 2389 Nam
983 2350 1203 2401 conjugium
1235 2366 1321 2388 cum
1349 2360 1386 2389 et

370 2413 451 2450 fieri
476 2413 606 2459 liceat,
624 2421 662 2449 et
685 2425 763 2448 non
782 2412 860 2449 lieri
883 2441 892 2458 ,
922 2412 1060 2449 factum
1083 2412 1162 2461 jam
1185 2413 1281 2449 solvi
1307 2425 1385 2449 non

370 2473 469 2510 licet.
492 2473 604 2521 Quod
631 2486 722 2522 crgo
747 2481 833 2509 ante
863 2473 1014 2523 nuptias
1042 2472 1211 2509 medium
1237 2486 1317 2509 esse
1338 2473 1386 2509 li-

369 2533 527 2583 quebat,
552 2533 590 2570 in
615 2532 694 2582 jain
722 2533 933 2583 conjugatis
952 2533 1038 2583 puri
1064 2533 1157 2570 boni
1180 2534 1257 2569 vim
1279 2532 1383 2570 obti-

370 2603 444 2641 net.
468 2598 563 2631 Item
590 2594 747 2644 propria
773 2593 989 2644 possidere,
1022 2593 1192 2630 saeculari
1223 2593 1379 2642 quidem

1446 1148 1573 1197 gessit,
1591 1148 1656 1185 sed
1678 1149 1782 1198 quod
1799 1148 1912 1198 jussit
1932 1149 2113 1196 discuti03
2132 1157 2263 1186 utrum
2281 1149 2459 1187 videlicet

1445 1209 1508 1245 illa
1533 1208 1655 1258 jussio
1686 1210 1763 1246 vim
1793 1209 1937 1247 habere
1968 1209 2168 1256 debuerit,
2199 1217 2386 1259 quatenus
2417 1210 2457 1246 in

1445 1269 1665 1307 scandalum
1699 1271 1909 1307 multorum
1941 1270 1975 1307 ei
2006 1270 2119 1307 fuerit
2151 1268 2457 1320 obsequendum.

1445 1334 1493 1367 Et
1524 1330 1833 1380 praemittendum
1856 1360 1866 1377 ,
1898 1330 2004 1381 quod
2041 1330 2070 1368 si
2107 1330 2174 1380 qui
2213 1329 2458 1380 simpliciter,

1446 1391 1616 1441 nihilque
1642 1391 1878 1442 suspicantes
1911 1391 2000 1428 mali
2018 1419 2027 1436 ,
2055 1391 2152 1428 male
2182 1390 2271 1427 licet
2302 1391 2459 1441 profici-

1447 1460 1611 1488 scentem
1649 1453 1768 1488 secuti
1807 1460 1922 1498 sunt,
1956 1459 2135 1501 putantes
2168 1464 2256 1487 eum
2287 1450 2460 1500 episcopi

1445 1512 1699 1561 Lingonensis
1719 1520 1757 1548 et
1773 1511 1922 1549 abbatis
1946 1511 2203 1549 Cisterciensis
2220 1510 2232 1561 (
2247 1524 2335 1547 nam
2362 1511 2461 1547 utri-

1446 1585 1520 1620 que
1539 1571 1690 1608 debitor
1717 1580 1798 1607 erat
1815 1570 1827 1621 )
1844 1571 1996 1608 licentia
2017 1570 2208 1621 proficisci
2229 1570 2241 1621 (
2262 1570 2366 1620 quod
2385 1571 2461 1607 uti-

1446 1645 1520 1681 que
1547 1632 1754 1669 nonnullos
1781 1631 1827 1668 de
1858 1632 1926 1668 illo
1957 1631 2141 1668 comitatu
2171 1631 2224 1668 sic
2252 1630 2461 1668 credidisse

1446 1691 1669 1728 incredibile
1684 1706 1761 1729 non
1779 1700 1836 1729 est
1847 1690 1882 1742 >3
1901 1700 2032 1728 nostra
2048 1691 2128 1728 haec
2143 1692 2230 1728 illos
2246 1705 2324 1728 non
2340 1692 2461 1741 tangit

1447 1752 1694 1802 reprehensio
1709 1781 1717 1793 ,
1743 1752 1954 1789 dummodo
1977 1751 2044 1789 ubi
2071 1752 2354 1803 compererint,
2379 1752 2461 1789 sine

1449 1826 1556 1849 mora
1575 1813 1851 1863 regrediantur.

1503 1875 1539 1910 6.
1561 1873 1682 1922 Igitur
1702 1872 1885 1909 adversus
1902 1872 1986 1908 illos
2008 1879 2175 1920 tantum,
2193 1872 2274 1909 imo
2294 1885 2367 1923 pro
2387 1872 2463 1909 illis

1450 1946 1576 1970 sermo
1613 1941 1670 1969 est
1708 1932 1838 1979 nobis,
1872 1933 1938 1982 qui
1974 1933 2135 1969 scientes
2173 1941 2212 1969 et
2250 1932 2464 1983 prudentes

1450 1993 1636 2029 miserunt
1668 2006 1803 2029 manus
1839 1993 1878 2029 in
1914 1993 2062 2042 ignem,
2087 1993 2154 2042 qui
2186 1993 2328 2030 conscii
2358 2006 2462 2044 prae·

1451 2053 1679 2103 sumptionis
1716 2053 1835 2089 secuti
1874 2061 1963 2090 sunt
2000 2061 2350 2103 1)1·aesuniptorem;
2381 2066 2460 2090 non

1451 2106 1648 2143 audientes
1676 2106 1906 2156 Apostolum
1942 2105 2210 2156 prohibentem
2245 2115 2284 2143 et
2311 2106 2464 2143 denun-

1452 2167 1606 2203 tiantem
1622 2196 1632 2213 ,
1658 2175 1701 2203 ut
1721 2180 1760 2203 se
1777 2166 1824 2203 ab
1845 2167 1952 2203 omni
1974 2167 2088 2203 fratre
2117 2165 2337 2204 ambulante
2354 2167 2463 2203 inor—

1452 2227 1580 2264 dinate
1610 2226 1927 2274 subtralierent¹3
1953 2235 2245 2265 contemnentes
2276 2235 2314 2264 et
2343 2227 2465 2278 ipsius

1451 2288 1608 2326 Domini
1636 2302 1769 2325 vocem
1797 2288 1983 2325 dicentis:
2008 2290 2083 2335 Qui
2107 2302 2184 2325 non
2211 2290 2357 2338 colligit
2381 2302 2464 2324 me-

1453 2364 1558 2395 cum,
1596 2351 1813 2398 (lispetgic2.
1842 2352 1943 2395 Vos,
1968 2349 2128 2395 fratres,
2156 2361 2247 2395 vos,
2275 2349 2432 2398 inquam
2450 2377 2462 2395 ,

1453 2418 1583 2460 aperte
1596 2418 1630 2446 et
1649 2409 1863 2459 specialiter
1876 2417 1985 2446 notat
2005 2409 2100 2445 illud
2118 2409 2220 2459 apud
2239 2409 2463 2456 Jeremiam,

1453 2469 1556 2520 quod
1586 2483 1672 2506 cum
1704 2469 1838 2505 dolore
1866 2468 2022 2519 quidem
2049 2469 2289 2513 reminiscor,
2318 2482 2466 2520 oppro—

1452 2530 1578 2567 brium
1601 2545 1608 2566 :
1632 2532 1726 2565 Hoec
1748 2539 1821 2575 est,
1845 2529 1988 2579 inquit,
2005 2544 2096 2579 gens
2118 2544 2205 2579 quoe
2227 2543 2302 2566 non
2321 2531 2466 2566 audivit

1450 2604 1576 2627 vocem
1594 2593 1666 2626 Dei
1684 2595 1744 2626 sui
1759 2590 1785 2627 3.
1805 2590 1875 2627 Dei
1893 2590 1995 2627 enim
2020 2590 2179 2640 proprie
2198 2603 2274 2627 vox
2294 2598 2351 2627 est
2367 2590 2462 2637 ista,

369 2655 513 2691 homini
537 2654 702 2690 medium
723 2663 801 2699 est,
823 2654 1004 2703 quoniam
1027 2662 1065 2690 et
1084 2667 1161 2690 non
1184 2654 1379 2703 possidere
1400 2658 1430 2691 D
1448 2651 1594 2687 hostem
1618 2664 1728 2687 suum
1754 2651 1915 2700 proprio
1936 2649 2168 2700 designantis
2188 2663 2235 2687 ex
2253 2650 2380 2688 officio
2394 2679 2404 2697 ‚
2425 2657 2465 2687 et

369 2714 456 2750 licet
478 2728 485 2750 :
509 2713 696 2750 monacho
719 2726 811 2749 vero
832 2713 921 2762 quia
943 2712 1141 2762 possidere
1164 2725 1241 2748 non
1264 2712 1351 2749 lieet
1368 2741 1378 2759 ,

371 2786 510 2822 purum
535 2773 675 2808 malum
697 2781 765 2808 est.

422 2834 458 2869 5.
488 2832 652 2870 videsne
670 2831 749 2881 jam
767 2861 776 2878 ,
804 2832 932 2877 frater,
955 2840 1123 2868 vestrum
1151 2832 1290 2868 sactum
1319 2831 1379 2868 cui

367 2892 609 2942 potissimum
648 2891 821 2928 membro
855 2891 1053 2928 divisionis
1087 2892 1319 2928 conveniat?
1341 2891 1378 2927 Si

368 2953 474 3003 puris
492 2952 700 3002 aptandum
726 2951 836 2988 bonis
851 2979 860 2995 ‚
881 2950 1082 3001 probabile
1110 2960 1165 2988 est
1189 2967 1196 2988 :
1221 2952 1251 2988 si
1273 2951 1379 3001 puris

372 3013 479 3049 malis
508 3012 790 3062 deputandum,
820 3011 1074 3061 vituperabile
1102 3020 1157 3048 est
1178 3027 1185 3048 :
1207 3012 1263 3048 sin
1287 3025 1380 3048 vero

371 3072 638 3109 collocandum
665 3072 763 3108 inter
789 3071 932 3117 media,
951 3071 1009 3107 via
1032 3071 1186 3120 quidem
1209 3071 1383 3108 excusari

372 3133 528 3169 forsitan
545 3141 669 3182 potest
691 3141 850 3182 propter
869 3131 1142 3177 obedientiam,
1162 3146 1267 3169 mora
1292 3145 1384 3169 vero

376 3194 526 3243 pinnas
548 3206 624 3229 non
647 3201 798 3243 potest,
822 3206 906 3242 quse
930 3206 1006 3229 non
1040 3194 1080 3228 lit
1108 3207 1176 3242 per
1202 3192 1385 3229 obedien-

373 3254 471 3290 tiam.
486 3257 578 3291 Nam
599 3261 752 3290 mortuo
767 3252 845 3302 jani
864 3252 1045 3300 abbati‚si
1063 3252 1155 3302 quid
1174 3253 1387 3303 antejussit

1448 2720 1628 2761 tanquam
1653 2711 1770 2761 digito
1794 2711 2112 2758 demonstrantis,
2135 2719 2178 2748 ut
2197 2711 2388 2761 simplices
2409 2709 2458 2748 ab

1446 2771 1526 2821 ejus
1551 2771 1671 2821 impio
1697 2771 1888 2808 deterreat
1915 2780 2166 2809 consectatu:
2193 2774 2269 2819 Qui
2285 2784 2360 2807 non
2381 2779 2460 2817 est,

1446 2832 1593 2881 inquit,
1617 2845 1783 2876 mec-um,
1807 2833 1992 2881 dispergit
2009 2846 2020 2867 :
2041 2846 2083 2869 ac.
2110 2832 2141 2869 si
2168 2831 2269 2869 dicat
2285 2861 2295 2878 ,
2321 2834 2366 2868 In
2389 2830 2465 2868 hoc

1449 2901 1484 2928 te
1508 2891 1587 2941 jam
1613 2905 1761 2928 mecum
1791 2905 1869 2928 uon
1898 2906 1979 2929 esse
2007 2892 2216 2942 intelligas,
2240 2892 2271 2929 si
2295 2890 2465 2942 sequeris

1446 2952 1713 3002 dispersorem.
1744 2955 1826 2989 Deo
1847 2966 1938 3003 ergo
1960 2953 2169 2998 clamante,
2197 2954 2272 3000 Qui
2291 2966 2366 2988 non
2391 2954 2466 2988 col-

1450 3015 1533 3061 ligic
1554 3027 1721 3058 mecum,
1750 3014 1953 3062 ‹lc'.vl)t¹tgit;
1977 3013 2085 3063 sequi
2109 3026 2178 3050 vos
2205 3012 2380 3063 oportuit
2403 3011 2464 3049 di-

1451 3075 1697 3122 spersorem?
1731 3076 1813 3110 Deo
1832 3102 1841 3119 ,
1880 3073 2035 3122 inquam
2055 3101 2065 3119 ,
2098 3086 2167 3110 vos
2196 3072 2382 3109 invitante
2417 3070 2465 3108 ad

1452 3133 1707 3182 colligendum
1727 3162 1736 3180 ‚
1765 3133 1911 3171 homini
1942 3133 2071 3183 potius
2097 3132 2143 3170 ad
2166 3130 2466 3182 dispergendum

1453 3192 1614 3242 obsequi
1633 3192 1852 3229 debebatis?
1866 3193 2068 3242 Magistros
2082 3190 2364 3238 contemnebat,
2378 3189 2466 3228 sub-

1454 3252 1553 3289 ditos
1573 3251 1811 3302 exponebat,
1835 3252 1958 3289 socios
1973 3250 2247 3298 conturbabat3
2264 3258 2302 3287 et
2317 3262 2386 3287 vos
2407 3247 2467 3285 vi-

421 3397 427 3411 ¹
448 3393 474 3420 ll
496 3389 660 3421 'l‘liess.111
674 3414 681 3428 ,
700 3395 729 3421 s».
746 3410 777 3412 -
806 3396 815 3412 ²
829 3390 944 3422 Matth.
961 3401 1030 3428 xit,
1047 3393 1101 3421 30.
1118 3408 1162 3414 ->
1179 3387 1192 3412 3
1207 3392 1324 3422 Jcrem.
1343 3401 1410 3428 ru,
1433 3391 1486 3419 528.
