2565 3952
81 146 157 185 593

1002 138 1268 173 EPISTOLAE.

1109 212 1320 250 ⁹⁸⁹honore
1341 211 1507 248 liabetur
1533 210 1637 260 apud
1656 218 1826 246 nostram
1856 210 2062 247 Ecclesiam
2083 213 2190 261 galli-

2109 133 2182 169 594

83 303 1101 327 ,,,,,,,,,,,,,,,,,,,,,,,,,,,,,,,,,,,,,,,,,,,,,,,,,,,,,,,,,,,,,,,,
1118 277 1151 310 Α
1169 287 1327 320 canam3
1363 273 1393 309 si
1418 272 1503 322 quis
1533 278 1576 307 ut
1605 269 1730 307 David
1760 269 1882 306 fidelis
1906 270 1953 306 ad
1983 271 2190 321 imperium

197 434 578 495 EPISTOLA
655 428 986 491 CCCVIII.a

229 601 275 624 An
304 598 497 623 ALFONSL‘M
526 597 790 622 PORTUGALLIAE
812 596 953 619 REGEM.

86 717 232 753 Petitioni
257 716 352 760 Regis
385 726 418 747 se
445 714 648 746 atllaborasse
681 713 878 756 respondet.
913 719 944 745 et
973 712 1104 744 fratrem

128 775 195 817 ejus
212 773 304 805 brevi
327 783 347 804 a
367 778 494 804 terrena
509 770 622 802 militia
647 769 686 802 ad
713 769 871 801 coelestem
897 769 1105 800 transiturum

128 828 281 872 praedicit.

84 957 256 992 Anronso
271 948 411 986 illustri
429 947 510 998 regi
524 947 834 997 Portugallorum
846 975 855 992 ,
880 949 1104 983 Rem-mors

1166 334 1326 372 Domini
1348 331 1567 383 ingrediens
1595 339 1633 367 et
1659 330 1860 380 egrediens
1876 337 1912 376 Ι;
1939 344 2024 367 meo
2042 331 2189 380 judicio

1169 395 1251 446 ipse
1268 403 1326 432 est
1340 392 1572 431 venerabilis
1591 390 1710 428 abbas
1727 391 2074 440 Sancti—Dionysii.
2093 393 2191 430 Novi

1169 456 1358 507 siquidem
1375 455 1503 492 virum
1516 484 1525 500 ,
1543 453 1649 504 quod
1665 461 1702 490 et
1716 453 1756 490 in
1774 451 2054 503 temporalibus
2072 452 2194 489 fidelis

1169 525 1208 554 et
1237 515 1435 568 prudens,
1465 524 1503 552 et
1527 515 1565 551 in
1592 512 1858 565 spiritualibus
1889 513 2042 549 fervens
2063 521 2101 549 et
2123 513 2196 549 hu-

1171 579 1293 626 milis,
1324 587 1361 615 et
1382 579 1422 615 in
1452 577 1627 627 utrisque
1649 575 1783 627 (quod
1810 584 1866 612 est
1894 574 2195 623 difficillimum}

1170 641 1251 678 sine
1286 639 1589 691 reprehensione
1629 646 1819 675 versetur.
1859 636 1973 687 Apud
2010 639 2195 674 Caesarem

1171 711 1227 740 est
1239 711 1422 753 tanquam
1438 714 1539 738 unus
1557 700 1603 738 de
1621 700 1727 737 curia
1738 703 1914 736 Romana
1926 729 1934 745 ,
1953 697 2055 748 apud
2072 701 2196 735 Deum

1174 772 1356 814 tanquam
1385 776 1484 799 unus
1511 761 1558 799 de
1587 761 1694 798 curia
1722 760 1821 797 coeli.
1854 759 2025 796 Petimus
2056 767 2093 796 et
2124 757 2198 795 ob-

1173 838 1368 862 secramus
1384 853 1393 869 ,
1440 822 1606 873 benigne
1642 836 1663 859 a
1703 819 1814 858 vobis
1857 820 1999 871 suscipi
2040 821 2199 857 nuntios

1172 887 1269 925 tanti
1291 885 1388 932 viri3
1419 894 1478 927 et,
1510 885 1609 921 sicut
1635 896 1705 920 ros
1736 881 1846 918 decet
1877 890 1915 918 et
1935 882 2018 932 ipse
2037 882 2198 918 omnino

1171 948 1309 998 dignus
1328 955 1407 993 est,
1426 945 1584 983 rescribi
1603 944 1637 981 ei
1658 942 1776 980 verba
1794 942 1897 979 bona
1914 951 1951 979 et
1968 941 2199 988 amicabilia,

135 1010 396 1051 Clarae—Vallis
423 1017 585 1047 vocatus
614 1007 756 1055 abbas,
791 1008 821 1044 si
852 1007 944 1058 quid
975 1016 1104 1059 potest
1123 1004 1151 1039 B
1174 1011 1290 1061 plena
1309 1007 1576 1046 familiaritatis
1599 1014 1637 1042 et
1655 1004 1895 1049 dilectionis,
1920 1004 2035 1054 plena
2057 1003 2200 1040 favoris

134 1071 348 1124 peccatoris
370 1071 507 1108 oratio.

133 1204 298 1242 Litteras
316 1211 355 1241 et
377 1203 518 1240 salutes
542 1201 790 1239 Celsitudinis
811 1209 949 1237 vestrae
974 1213 1104 1237 susce-

81 1266 210 1318 pimus
223 1265 433 1316 gaudentes
448 1264 486 1301 in
502 1277 548 1300 eo
563 1263 629 1313 qui
646 1262 802 1299 mandat
817 1262 956 1298 salutes
968 1260 1101 1297 Jacob.

83 1325 181 1377 Quid
209 1327 249 1362 in
269 1325 344 1362 hoc
373 1325 541 1375 egimus,
573 1332 611 1360 et
639 1323 764 1360 exitus
795 1336 868 1372 pro
898 1321 1032 1368 nobis,
1065 1329 1104 1358 et

79 1401 150 1426 vos
166 1400 236 1438 per
252 1386 396 1423 exitum
419 1383 726 1436 comprobabitis
745 1399 753 1420 :
773 1383 891 1420 animi
908 1382 1103 1433 prompti-

83 1448 255 1487 tudinem
285 1461 332 1484 ex
360 1446 537 1497 injuncta
565 1445 826 1483 sollicitudine
843 1475 852 1491 ‚
878 1445 939 1482 vel
968 1445 1100 1481 saltem

84 1523 130 1547 ex
156 1516 366 1546 memorata
394 1506 680 1545 necessitudine
710 1505 909 1556 colligetis,
943 1509 1102 1551 Petrus,

83 1569 324 1610 eelsitudinis
349 1577 486 1607 vestrae
510 1569 628 1606 frater
644 1568 674 1615 *,
704 1576 741 1605 et
763 1567 870 1604 omni
898 1567 1019 1616 gloria
1043 1566 1104 1603 di—

84 1644 203 1684 gnus,
227 1645 247 1669 a
267 1630 380 1669 vobis
395 1630 571 1681 injuncta
598 1630 755 1677 retulit3
782 1638 821 1666 et
844 1629 968 1668 Gallia
989 1628 1106 1665 armis

85 1701 308 1746 pervagata,
326 1693 365 1734 in
384 1692 634 1742 Lotharingia
653 1692 809 1738 militat,
832 1690 1011 1741 proxime
1032 1690 1105 1727 mi-

85 1753 260 1791 litaturus
277 1754 446 1791 Domino
465 1753 718 1790 exercituum.
737 1756 873 1791 Frater
889 1751 1104 1797 Rolandus,

85 1814 183 1852 filius
210 1822 362 1861 noster,
396 1814 619 1865 apostolicae
648 1813 833 1864 largitatis
860 1813 1007 1850 litteras
1036 1811 1104 1848 de-
1124 1812 1151 1848 C
1170 1813 1351 1846 Bernardus
1382 1813 1415 1844 in
1445 1811 1593 1844 extremis
1618 1810 1739 1854 positus
1757 1835 1765 1848 ‚

86 1875 168 1913 fert.
186 1880 317 1927 Ipsum
329 1905 339 1923 ,
359 1876 496 1913 fratres
515 1884 667 1912 nostros
683 1874 885 1912 vobiscum
904 1874 1105 1925 degentes,

86 1945 124 1975 et
139 1951 200 1975 me
216 1937 342 1989 ipsum
362 1936 656 1979 commendatos
671 1935 822 1973 habete.

84 2077 163 2088 unt.-
168 2078 192 2087 m
197 2078 370 2087 mmmmm-ms
374 2078 401 2087 νι
405 2078 429 2086 u
433 2078 517 2087 ιιιιιι
521 2078 607 2087 ussa„
611 2079 637 2087 u
642 2078 754 2086 xxuxzm
760 2077 797 2086 ιιιι
801 2077 872 2085 »smus
876 2077 930 2085 nt:
935 2076 1019 2086 muns.»
1023 2076 1062 2085 nnn
1067 2077 1077 2085 ι
1083 2076 1108 2085 nx

226 2202 616 2261 EPISTOLA
680 2200 960 2260 CCCIX?

314 2362 362 2385 Al)
391 2362 591 2385 EUGENIUM
620 2362 733 2385 1³0le
739 2363 772 2384 FI
778 2362 822 2385 (ΣΕ
828 2363 853 2384 Μ
859 2378 866 2385 .

56 2492 58 2499 ¹
85 2479 206 2514 Laudat
233 2480 402 2523 Sugerium
435 2480 585 2512 abbatem
601 2505 609 2518 ‚
646 2480 777 2523 ejusque
809 2479 928 2523 legatos
960 2479 1106 2512 Pontifici

483 2536 696 2568 commendat.

86 2659 357 2697 Amantissimo
386 2660 489 2711 patri
522 2669 561 2697 et
591 2660 751 2697 domino
783 2663 961 2698 Ecozxm
985 2690 994 2707 ,
1033 2660 1105 2698 Dei

137 2722 257 2772 gratia
287 2735 440 2760 summo
474 2721 682 2768 Pontifici,
719 2722 838 2759 frater
872 2725 1104 2759 Ber-manus

137 2783 465 2821 Clarae-Vallensis
482 2791 645 2820 vocatus
671 2782 813 2828 abbas,
837 2782 1032 2820 modicum
1065 2782 1103 2819 id

137 2844 243 2894 quod
263 2852 331 2882 est.

137 2973 176 3012 Si
204 2972 311 3024 quod
338 2986 487 3024 magnae
514 2973 654 3012 domus
685 2973 813 3024 magni
841 2974 956 3024 Regis
982 2987 1048 3011 vas
1065 2974 1103 3010 in

139 3122 149 3138 ¹
167 3120 183 3148 1
202 3119 282 3159 Reg.
297 3128 394 3155 xxu,
417 3119 473 3149 14.

131 3171 146 3187 ³
164 3171 284 3214 Scripta
299 3181 384 3202 anno
406 3170 523 3204 Christi
541 3173 643 3204 1153.
659 3171 744 3203 Vide
763 3172 929 3215 epistolam
948 3173 1028 3203 419.

1172 1079 1210 1107 et
1227 1070 1358 1120 gratiae
1382 1085 1388 1106 :
1411 1068 1601 1118 siquidem
1622 1065 1824 1117 specialius
1842 1065 1999 1115 diligere
2019 1073 2056 1101 et
2074 1064 2198 1101 liono-

1172 1145 1257 1168 rare
1287 1143 1495 1181 personam
1516 1128 1617 1178 ejus,
1650 1136 1706 1164 est
1734 1126 1995 1163 honorificare
2024 1126 2199 1162 ministe-

1173 1193 1273 1229 rium
1292 1200 1477 1228 vestrum.

1171 1333 2202 1350 ================================================================

1334 1458 1722 1517 EPISTOLA
1797 1446 2047 1516 CCCX.d

1200 1627 1249 1648 AD
1286 1626 1493 1649 ARNOLDL‘M
1535 1623 1808 1647 CARNOTENSEM
1840 1623 2009 1645 ABBATEM
2048 1623 2175 1646 BOSAE-

1600 1685 1730 1708 xistus
1747 1672 1774 1708 *.

1795 1809 1878 1841 hanc
1901 1809 2003 1841 amico
2034 1809 2199 1852 epistolam

1535 1867 1681 1898 ultimam
1701 1866 1838 1908 scripsit.

1231 1992 1479 2043 Suscepimus
1498 1990 1726 2027 charitatem
1751 1997 1919 2026 vestram
1942 1988 1978 2024 in
1997 1987 2200 2032 charitate,

1175 2062 1214 2090 et
1245 2067 1325 2090 non
1351 2054 1389 2090 iu
1415 2053 1628 2102 voluptate.
1655 2054 1749 2100 Quae
1778 2050 1878 2086 enim
1910 2050 2112 2099 voluptas,
2132 2048 2199 2085 ubi

1175 2124 1298 2152 totum
1317 2114 1389 2152 sibi
1408 2114 1578 2151 vindicat
1599 2112 1845 2150 amaritudo?
1861 2111 1933 2148 nisi
1951 2110 2057 2161 quod
2073 2111 2196 2147 solum

1175 2177 1267 2214 nihil
1288 2176 1492 2213 comedere
1509 2184 1720 2225 utcumque
1743 2172 1970 2210 delectabile
1988 2181 2055 2209 est.
2085 2175 2198 2209 Som-

1175 2252 1247 2275 nus
1268 2238 1425 2275 recessit
1440 2250 1556 2283 ame,
1576 2250 1623 2273 ne
1638 2236 1698 2273 vel
1720 2235 1910 2272 beneficio
1930 2235 2045 2284 sopiti
2065 2248 2198 2271 sensus

1174 2299 1286 2335 dolor
1311 2312 1482 2348 unquam
1507 2296 1674 2334 recedat.
1702 2296 1884 2334 Defectus
1907 2295 2093 2332 stomachi
2121 2296 2198 2332 fere

1174 2369 1297 2397 totum
1320 2359 1425 2410 quod
1448 2359 1575 2410 patior
1593 2367 1662 2395 est.
1685 2362 1926 2408 Frequenter
1944 2366 1980 2394 et
1999 2358 2037 2393 in
2056 2356 2137 2401 die,
2161 2366 2199 2393 et

1173 2423 1210 2460 in
1249 2431 1361 2459 nocte
1400 2422 1517 2471 exigit
1551 2420 1764 2457 confortari
1798 2418 1953 2456 modico
1984 2418 2196 2455 admodum

1173 2484 1446 2534 qualicumque
1480 2482 1630 2532 liquore
1659 2497 1666 2518 :
1695 2495 1783 2518 nam
1809 2480 1857 2517 ad
1886 2480 2050 2517 solidum
2081 2494 2198 2517 omne

1173 2544 1466 2582 inexorabiliter
1482 2543 1720 2594 indignatur.
1749 2546 1834 2579 Hoc
1853 2556 1989 2592 parum
2015 2541 2119 2591 quod
2138 2541 2197 2578 ‹li-

1124 2606 1156 2639 D
1173 2615 1314 2656 gnatur
1330 2605 1554 2651 admittere,
1582 2618 1661 2641 non
1686 2604 1767 2640 sine
1801 2603 1906 2653 gravi
1931 2603 2105 2639 molestia
2129 2616 2196 2639 su-

1176 2668 1266 2704 mit:
1283 2667 1349 2704 sed
1368 2668 1476 2704 timet
1493 2666 1710 2717 graviorem
1723 2696 1732 2712 ,
1747 2666 1778 2702 si
1797 2679 1836 2702 se
1854 2678 2017 2701 vacuum
2036 2665 2196 2701 omnino

1174 2728 1371 2780 dimiserit.
1402 2727 1517 2777 Quod
1550 2728 1579 2764 si
1609 2728 1828 2776 plusculum
1862 2725 1955 2776 quid
1994 2725 2190 2762 interdum

1172 2789 1377 2827 admittere
1396 2790 1632 2839 acquiescat,
1658 2788 1695 2825 id
1721 2788 2001 2838 gravissimum.
2023 2786 2142 2823 Pedes
2160 2795 2198 2823 et

1172 2865 1286 2888 crura
1307 2852 1599 2896 intumuerunt,
1625 2847 1956 2901 quemadmodum
1973 2846 2198 2897 hydropicis

1172 2913 1399 2963 contingere
1428 2912 1538 2949 solet.
1572 2915 1620 2948 Et
1639 2911 1677 2947 in
1707 2910 1764 2947 his
1795 2908 1996 2956 omnibus,
2026 2921 2075 2945 ne
2104 2907 2199 2957 quid

1172 2975 1289 3011 lateat
1313 2974 1478 3011 amicum
1498 2972 1545 3010 de
1562 2981 1663 3010 statu
1683 2972 1793 3009 amici
1811 2971 2016 3008 sollicitum
2030 2999 2039 3016 ,
2060 2983 2197 3007 secun-

133 3217 150 3241 b
165 3227 242 3256 llaee
255 3225 407 3267 epistola,
435 3236 506 3268 quae
531 3226 566 3257 in
587 3226 827 3269 regiaveditione
845 3226 956 3258 ordine
983 3229 1046 3258 361
1079 3231 1201 3262 exstat,
1225 3226 1307 3258 iuter
1332 3226 1519 3270 Sugeriauas
1540 3236 1640 3269 prima
1669 3226 1803 3257 refertur
1826 3223 1910 3266 apud
1930 3221 2118 3257 Chesnium,
2143 3219 2193 3250 ubi

90 3278 218 3320 Eugenii
231 3289 418 3321 responsum
436 3279 613 3322 subjicitur.
632 3280 750 3313 Confer
766 3280 932 3324 epistolam
946 3279 1064 3313 ibidem
1081 3281 1261 3323 septimam.

135 3344 147 3360 ὓ
167 3339 288 3382 Scripta
313 3350 398 3372 auno
417 3339 534 3372 Christi
557 3344 656 3373 1153.
