2517 3936
0 253 2 271 t

0 0 7 234 ἱ

109 197 207 234 1393

104 275 171 313 56(1
190 275 262 325 ipsi
284 275 443 321 facient,
461 288 531 312 vos
549 275 759 326 patiemini.
780 274 955 312 Membra
973 272 1115 311 crucia-

563 198 852 234 TRACTATUS
880 197 946 232 DE
975 194 1162 232 GRATIA
1192 195 1252 228 ET
1282 196 1462 232 LIBERO
1494 200 1738 235 ,tr-ursulo.

1124 269 1173 288 6¹9

2093 202 2188 241 1394

1188 280 1248 309 tur
1267 273 1482 310 extrinseca
1499 288 1507 310 ε
1530 282 1595 311 aut
1614 275 1910 314 misericorditer
1930 279 2109 325 salvatur,
2129 281 2190 317 cui

107 336 228 383 bunt,
255 335 320 373 sed
347 336 585 373 voluntatem
607 349 684 373 non
706 336 912 373 mutabunt
933 351 940 373 :
963 334 1121 372 saevient
1141 330 1170 365 A
1189 332 1237 368 ad
1253 331 1439 382 justitiam
1461 333 1566 369 nulla
1591 334 1711 371 virtus
1731 336 1871 373 sufficit
1894 351 1960 375 sua
1975 340 2005 375 *.
2031 343 2127 377 Sane
2152 340 2190 376 in

2 418 6 429 »
57 438 62 442 ,
103 396 143 433 111
176 409 350 442 carnem,
372 396 508 433 animae
535 405 662 433 autem
687 410 766 433 non
796 396 994 433 habebunt
1025 394 1118 445 quid

105 455 290 502 saciant*.
310 456 366 492 Sit
392 456 479 493 licet
502 457 683 506 patientis
709 471 851 507 corpus
870 457 908 493 in
932 464 1119 506 potestate

106 516 347 565 torquentis,
377 516 443 553 sed
470 517 646 554 voluntas
671 526 729 554 est
754 518 884 554 libera.
909 517 1067 553 Infirma
1091 514 1122 552 si

106 575 242 621 fuerit,
267 576 460 614 saeviendo
481 585 736 626 cognoscent3
760 589 836 614 non
855 589 935 613 esse
958 583 1118 624 cogent,

106 635 137 673 si
154 649 231 673 non
259 636 385 674 fuerit.
403 640 499 675 Sane
524 637 726 673 infirmitas
746 635 829 685 ejus
851 649 871 672 a
891 649 930 672 se
946 636 1028 685 ipsa
1045 642 1121 679 est,

107 696 248 734 sanitas
274 710 367 734 vero
395 711 473 734 non
500 710 520 734 a
543 710 603 744 se,
629 697 696 734 sed
721 710 742 733 a
771 696 929 734 Domini
958 695 1116 745 Spiritu.

110 759 276 794 Sanatur
297 765 445 802 autem,
463 770 548 793 cum
571 765 790 794 renovatur.

162 816 225 854 41.
258 820 378 854 Porro
406 825 634 865 renovatur,
663 831 769 864 cum,
792 815 1120 867 quemadmodum

107 878 222 916 docet
251 879 482 929 Apostolus,
515 881 746 927 speculando
783 882 944 928 gloriam
980 880 1053 913 Dei·
1084 882 1123 913 in

107 940 281 975 eamdem
321 943 528 988 Imaginem
565 937 861 987 transformatur
893 953 916 975 a
953 942 1124 974 claritate

107 1005 147 1036 in
167 1002 390 1046 claritatem,
412 1000 487 1037 hoc
513 1008 570 1037 est
602 1000 649 1037 de
672 999 814 1037 virtute
845 1002 885 1036 in
916 1000 1121 1044 virtutem,

107 1069 290 1109 tanquam
322 1075 347 1097 a
377 1063 532 1097 Domini
558 1061 701 1110 Spiritu
718 1068 742 1098 ¹.
776 1064 882 1098 Inter
907 1074 1021 1111 quem
1049 1060 1124 1097 uti—
1143 1059 1170 1093 Β
1191 1054 1424 1091 descendere
1459 1054 1596 1090 merita
1628 1062 1812 1104 putentur
1842 1069 1850 1091 z

108 1135 184 1172 que
219 1121 394 1158 divinum
431 1122 629 1172 spiritum,
660 1131 698 1159 et
724 1123 847 1160 carnis
880 1122 1120 1172 appetitum,

107 1190 213 1218 tenet
231 1181 397 1218 medium
419 1182 625 1232 quemdam
646 1183 775 1219 locum
797 1181 835 1219 id
857 1181 963 1232 quod
984 1181 1124 1218 dicitur

106 1241 148 1279 in
177 1242 332 1279 homine
353 1242 516 1280 liberum
546 1242 770 1290 arbitrium,
792 1243 831 1280 id
851 1252 928 1289 est,
956 1242 1124 1279 humana

107 1304 288 1341 voluntas
313 1319 321 1341 :
344 1312 383 1340 et
404 1312 586 1354 tanquam
610 1304 649 1340 in
673 1304 821 1341 devexo
844 1304 960 1341 latere
981 1304 1123 1340 montis

108 1363 318 1401 admodum
345 1364 455 1402 ardui
485 1365 586 1401 inter
612 1373 820 1415 utrumque
846 1364 1019 1416 pendens
1035 1393 1044 1410 ‚
1071 1365 1123 1402 ita

107 1424 148 1461 in
178 1425 351 1476 appetitu
371 1431 386 1448 ὃ
414 1425 634 1462 infirmatur
664 1438 735 1475 per
771 1439 950 1472 carnem,
983 1434 1026 1462 ut
1052 1426 1124 1463 nisi

108 1484 243 1522 sedulo
275 1485 433 1536 spiritus
464 1483 621 1534 adjuvet
652 1485 913 1522 infirmitatem
947 1484 1030 1535 ejus
1054 1499 1124 1536 per

107 1545 295 1595 gratiam,
318 1559 398 1582 non
425 1545 550 1582 solum
575 1559 655 1582 non
681 1546 808 1582 valeat
832 1545 1012 1595 justitiae,
1037 1560 1123 1597 quae

107 1614 165 1643 est
179 1604 291 1655 juxta
311 1606 542 1656 prophetam
567 1610 665 1642 sicut
683 1615 827 1642 neantes
847 1609 918 1642 Dei
931 1613 963 1651 ²,
989 1621 1121 1644 ascen-

108 1666 237 1704 dendo
270 1667 318 1704 de
355 1668 497 1704 virtute
528 1667 566 1704 in
596 1667 799 1713 virtutem,
832 1668 1121 1718 apprehendere

109 1728 262 1765 culmen
283 1743 291 1765 :
321 1727 388 1766 sed
409 1728 524 1765 etiam
555 1727 602 1765 de
629 1728 725 1765 vitio
751 1742 904 1780 semper
926 1729 965 1765 in
987 1729 1122 1766 vitium

109 1802 181 1826 suo
206 1788 326 1839 ipsius
354 1788 528 1839 pondere
556 1788 738 1826 devoluta
759 1798 845 1826 ruat
869 1789 908 1826 in
929 1803 1121 1840 praeceps;

107 1858 347 1901 praegravata
380 1850 562 1887 nimirum
591 1864 670 1887 non
699 1851 823 1887 solum
857 1851 940 1901 lege
976 1851 1122 1901 peccati
1145 1851 1172 1887 C
1193 1845 1309 1882 7HW²⁵
1336 1860 1344 1882 :

109 1911 347 1961 originaliter
373 1909 557 1948 membris
587 1910 700 1948 insita
715 1939 725 1957 ,
747 1924 882 1947 verum
907 1919 945 1948 et
965 1925 1125 1949 consue-

110 1971 243 2009 tudine
261 1980 423 2009 terrenae
449 1971 738 2009 inhabitationis
753 1973 936 2009 usualiter
953 1973 1125 2011 affectio-

108 2032 224 2070 nibus
244 2033 390 2071 inolita.
412 2033 525 2082 Quod
545 2034 723 2071 humanae
754 2034 961 2071 voluntatis
985 2034 1124 2072 videli-

110 2101 170 2130 cet
188 2101 396 2144 utrumque
417 2107 623 2144 gravamen
647 2108 726 2132 uno
747 2094 915 2132 breviter
936 2096 1125 2133 versiculo

109 2155 306 2204 Scriptura
334 2163 632 2201 commemorat,
664 2155 795 2193 dicens
821 2171 829 2192 :
863 2156 1000 2205 Corpus
1028 2158 1132 2205 quod

110 2220 373 2264 corrumpitur,
389 2225 573 2265 aggravat
591 2221 782 2262 animam,
807 2227 841 2253 et
861 2219 1040 2267 deprimit
1057 2227 1128 2254 ter-

110 2287 202 2311 rena
230 2275 456 2312 inhabitatio
481 2290 629 2313 sensum
657 2280 772 2314 multa
791 2283 1016 2327 cogitantem
1033 2276 1059 2315 3.
1082 2282 1129 2316 Et

111 2334 191 2372 haec
213 2335 291 2373 duo
309 2335 426 2386 hujus
447 2337 689 2374 mortalitatis
710 2339 940 2385 mala,.sicut
960 2353 1038 2376 non
1060 2353 1127 2377 no-

111 2403 220 2443 cent,
241 2396 310 2433 sed
333 2406 515 2434 exercent
538 2411 616 2435 non
638 2400 922 2437 consentientes
943 2416 950 2437 :
973 2401 1025 2438 516
1046 2414 1126 2437 11011

111 2465 318 2504 excusant,
345 2458 412 2495 sed
438 2458 622 2497 damnant
649 2461 954 2508 consentientes,
983 2470 1026 2498 ut
1056 2475 1126 2499 1166

111 2516 225 2564 salus,
237 2530 308 2555 1166
322 2518 517 2556 damnatio
534 2519 611 2556 ulla
627 2520 775 2558 ratione
791 2521 874 2558 sine
892 2522 1125 2572 praecedenti

111 2590 302 2615 consensu
323 2579 542 2617 voluntario
557 2581 679 2630 possit
694 2580 847 2628 haberi3
866 2595 914 2619 ne
930 2596 1005 2632 qua
1026 2582 1124 2620 forte

111 2651 159 2675 ex
175 2647 284 2689 parte
300 2639 499 2690 praescribi
510 2640 687 2678 videatur
703 2641 869 2680 libertati
887 2642 1047 2680 arbitrii.

457 2770 637 2810 CAPUT
666 2772 788 2813 XIII.

270 2887 387 2920 Merita
401 2886 538 2919 hominis
555 2897 644 2919 mera
658 2899 727 2922 esse
745 2889 804 2922 Dei
822 2900 964 2921 munera.

165 3002 229 3040 42.
259 3003 518 3052 Quamobrem
535 3007 575 3045 id
596 3006 702 3058 quod
719 3006 758 3043 in
783 3013 956 3043 creatura
985 3004 1128 3042 dicitur

111 3062 276 3118 liberum
293 3063 516 3113 arbitrium,
543 3077 610 3105 aut
628 3068 732 3118 juste
760 3067 936 3117 profecto
967 3065 1126 3103 damna-

113 3131 199 3171 tur,
221 3124 314 3162 dum
341 3126 377 3163 ei
403 3126 451 3163 ad
476 3128 811 3178 peccatum.nulla
836 3127 875 3164 11
895 3126 1127 3178 praejudice-

1185 393 1242 430 his
1278 393 1458 430 omnibus
1492 394 1632 442 cogitet
1667 395 1786 431 lector
1817 398 2010 446 originalis
2043 400 2187 449 peccati

1186 467 1346 503 prorsus
1365 454 1489 504 excipi
1510 455 1711 491 rationem.
1734 459 1790 491 De
1810 466 1965 504 caetero,
1985 459 2105 496 libero
2127 473 2191 496 ar-

1187 513 1302 550 bitrio
1331 527 1400 550 nec
1426 522 1535 551 extra
1563 514 1688 563 ipsum
1718 524 1912 563 quaeratur
1942 517 2193 554 damnationis

1189 586 1324 620 causa,
1365 574 1471 623 quod
1502 573 1580 623 jam
1619 586 1697 609 non
1735 573 1891 610 damnat
1927 575 1997 611 nisi
2039 576 2193 625 propria

1189 634 1319 684 culpa;
1348 647 1418 670 nec
1450 633 1497 670 ab
1524 634 1608 684 ipso
1637 634 1769 670 salutis
1798 634 1955 679 merita,
1986 634 2090 683 quod
2116 636 2195 671 sola

1188 694 1308 730 salvat
1339 693 1611 731 misericordia.
1640 692 1757 742 Cujus
1786 694 1931 744 quippe
1960 702 2118 730 conatus
2150 694 2196 730 ad

1188 753 1336 791 bonum
1351 783 1360 800 ,
1384 763 1422 791 et
1444 754 1538 791 cassi
1558 763 1669 799 sunt,
1689 754 1718 790 si
1739 768 1759 790 a
1779 755 1897 803 gratia
1918 767 1995 790 non
2016 752 2198 802 adjuven—

1191 822 1275 860 tur;
1305 822 1344 850 et
1368 814 1483 860 nulli,
1511 814 1542 850 si
1571 827 1650 850 non
1681 814 1907 850 excitentur.
1941 816 2127 850 Caeterum
2161 816 2196 849 in

1191 876 1352 919 malum,
1372 873 1523 911 dicente
1546 874 1761 923 Scriptura,
1779 878 1897 923 proni
1917 883 2002 910 sunt
2018 887 2146 909 sensus
2164 883 2200 909 et

1191 938 1436 984 cogitationes
1450 934 1644 970 hominis&
1660 934 1826 971 Proinde
1840 947 1917 971 non
1932 934 1966 970 ei
1981 948 2002 970 a
2016 947 2067 980 se,
2082 942 2125 970 ut
2141 933 2198 970 di-

1192 1003 1295 1031 ctum
1316 1003 1387 1040 est,
1403 994 1469 1031 sed
1486 993 1685 1030 desursum
1705 995 1834 1044 potius
1849 1008 1869 1031 a
1882 998 1991 1032 Patre
2008 994 2196 1031 luminum

1884 1055 1912 1090 si
1943 1063 2069 1091 tamen
2099 1054 2198 1090 inter

1191 1115 1278 1152 data
1305 1115 1452 1165 optima
1472 1124 1509 1152 et
1529 1114 1629 1152 dona
1658 1115 1825 1165 perfecta
1841 1143 1850 1160 ‚
1869 1116 1949 1166 ipsa
1970 1116 2105 1152 merito
2128 1128 2198 1165 per

1189 1189 1276 1226 quae
1306 1176 1406 1213 salus
1439 1184 1582 1213 aeterna
1615 1175 1876 1225 conquiritur,
1910 1177 2045 1213 merita
2076 1175 2198 1225 depu-

1191 1245 1333 1274 tentur.

1243 1299 1307 1336 43.
1338 1302 1442 1336 Deus
1472 1310 1639 1347 namque
1670 1310 1737 1333 rex
1766 1305 1896 1333 noster
1923 1305 2009 1333 ante
2036 1296 2196 1342 saecula,

1190 1373 1277 1396 611111
1298 1367 1480 1409 operatus
1499 1366 1556 1395 est
1572 1358 1732 1395 salutem
1751 1357 1787 1393 in
1807 1356 1932 1393 medio
1954 1365 2076 1401 terrae,
2098 1356 2198 1392 dona

1190 1434 1259 1457 sua
1287 1433 1373 1470 quae
1403 1419 1508 1456 dedit
1533 1418 1774 1464 hominibus,
1795 1418 1835 1454 in
1857 1417 1992 1454 merita
2012 1416 2138 1453 (1111511
2163 1424 2201 1453 61

1190 1480 1349 1532 praemia
1377 1496 1386 1517 ε
1418 1488 1461 1517 111
1488 1489 1525 1517 61
1550 1480 1755 1531 praesentia
1775 1492 1845 1529 per
1869 1477 2027 1514 liberam
2049 1489 2199 1527 posses-

1190 1542 1337 1579 sionem
1358 1549 1490 1578 nostra
1511 1541 1664 1578 interim
1687 1541 1820 1577 fierent
1843 1539 1994 1583 merita,
2016 1546 2052 1574 et
2072 1537 2199 1573 futura

1190 1616 1260 1653 per
1282 1603 1485 1652 gratuitam
1505 1602 1752 1653 sponsionem
1775 1608 2103 1650 exspectaremus,
2121 1598 2197 1634 imo

1190 1672 1459 1714 expeteremus
1487 1671 1530 1699 ut
1561 1661 1703 1699 debita.
1731 1665 1903 1710 Utraque
1931 1660 2068 1697 Paulus
2095 1672 2198 1694 com-

1190 1737 1432 1770 memorans,
1462 1723 1638 1769 Habetis,
1666 1722 1818 1772 inquit,
1843 1720 2007 1769 fructum
2036 1729 2198 1756 vestrum

1191 1791 1230 1822 iu
1268 1785 1629 1832 sanctificationem,
1645 1786 1770 1833 finem
1806 1797 1895 1820 vero
1931 1787 2050 1818 vitam
2085 1789 2198 1816 ceter—

1375 1846 1486 1891 item,
1515 1846 1567 1880 Et
1589 1858 1656 1880 nos
1678 1846 1761 1893 ipsi,
1783 1843 1854 1890 ait,
1868 1846 2060 1892 primitias
2086 1844 2200 1889 spiri·

1192 1917 1250 1944 tus
1278 1906 1471 1952 habentes,
1503 1908 1781 1956 ingemiscimus
1807 1907 2044 1953 adoptionem
2067 1916 2202 1950 exspe-

1192 1969 1512 2016 ctantesfilmrum
1529 1965 1646 2014 Dm‘63
1669 1966 1857 2018 primitias
1883 1965 2037 2015 spiritus
2061 1975 2203 1999 vocans

1192 2029 1532 2066 sanctificationem
1547 2057 1556 2074 ‚
1574 2028 1611 2065 id
1631 2037 1688 2065 est
1703 2028 1877 2073 w'rtutes‚
1897 2025 2035 2076 quihus
2054 2024 2090 2060 in
2110 2037 2204 2073 pree-

1194 2090 1403 2127 sentiarum
1438 2088 1718 2126 sanctificamur
1752 2101 1773 2124 a
1803 2087 1955 2137 spiritu,
1991 2093 2033 2122 ut
2065 2084 2201 2121 merito

1196 2163 1480 2200 consequamur
1509 2149 1772 2199 adoptionem.
1808 2151 1974 2185 Rursum
2007 2145 2043 2181 in
2080 2147 2201 2181 Evan-

1196 2212 1294 2261 gelio
1310 2241 1319 2258 ,
1340 2211 1472 2248 eadem
1500 2211 1640 2248 saeculo
1663 2206 1946 2247 abrenuntianti
1967 2204 2199 2256 promittun-

1195 2281 1258 2310 tur
1271 2301 1280 2318 ,
1300 2271 1367 2309 ubi
1388 2271 1528 2309 dicitur
1553 2287 1560 2309 :
1587 2272 1807 2320 Centupllim
1824 2272 2002 2316 accipiet,
2025 2274 2060 2301 et
2081 2269 2198 2300 vitam

1195 2342 1376 2369 (eternam
1389 2332 1598 2382 possidebit
1612 2340 1636 2369 7.
1658 2336 1792 2381 Itaque
1810 2342 1887 2366 non
1905 2326 2013 2364 liberi
2033 2323 2197 2369 arbitrii,

1194 2393 1260 2431 sed
1291 2393 1447 2431 Domini
1478 2401 1534 2430 est
1560 2394 1681 2439 salus3
1706 2392 1782 2428 imo
1812 2391 1891 2440 ipse
1916 2387 2036 2431 salus,
2054 2385 2134 2434 ipse
2162 2392 2198 2420 et

1192 2454 1254 2492 via
1280 2463 1337 2491 est
1364 2453 1411 2491 ad
1439 2454 1622 2500 salutem,
1643 2453 1710 2503 qui
1738 2452 1808 2497 ait,
1834 2452 1943 2486 Salus
1960 2448 2100 2495 populi
2132 2458 2197 2493 ego

1191 2514 1302 2552 sarug
1327 2530 1334 2552 :
1360 2515 1426 2565 qui
1456 2516 1547 2552 item
1579 2512 1770 2565 perhibet,
1797 2513 1878 2560 Ego
1905 2522 1984 2544 sum
2018 2511 2084 2542 via
2099 2512 2126 2542 9.
2151 2508 2197 2542 Se

1193 2577 1282 2614 fecit
1309 2576 1432 2623 viam,
1459 2576 1526 2626 qui
1556 2584 1594 2611 et
1625 2575 1724 2611 salus
1752 2579 1832 2609 erat
1861 2579 1898 2606 et
1928 2569 2025 2613 vita,
2048 2575 2089 2604 ut
2118 2578 2195 2601 non

1192 2637 1380 2687 glorietur
1414 2637 1540 2673 omnis
1575 2648 1674 2671 caro.
1699 2633 1735 2671 si
1762 2644 1851 2681 crgo
1879 2629 1981 2666 bona
2010 2627 2081 2663 viae
2109 2634 2198 2662 sunt

1193 2699 1348 2744 merita,
1370 2697 1469 2734 sicut
1496 2705 1533 2733 et
1554 2695 1686 2745 patriae
1707 2693 1805 2730 salus
1826 2699 1862 2727 et
1883 2690 1960 2726 vita
1976 2717 1986 2734 ,
2007 2696 2044 2724 et
2063 2699 2197 2723 verum

1193 2767 1250 2796 est
1270 2758 1375 2808 quod
1397 2758 1448 2795 ait
1474 2755 1616 2802 David,
1634 2756 1717 2791 Nan
1739 2762 1790 2788 est
1818 2754 1882 2799 qni
1897 2748 2024 2797 faciat
2049 2747 2194 2791 bonum,

1193 2834 1268 2856 mm
1290 2829 1343 2856 est
1364 2833 1481 2867 iisque
1501 2819 1553 2853 ad
1564 2829 1675 2852 unum
1690 2821 1732 2860 ¹⁰,
1754 2813 1858 2849 illum
1881 2810 2058 2847 videlicet
2077 2821 2197 2845 unum

1194 2880 1241 2918 de
1271 2894 1348 2930 quo
1378 2880 1468 2917 item
1502 2877 1661 2921 dicitur,
1690 2875 1807 2909 Nemo
1840 2872 1970 2916 bonus,
1997 2875 2071 2906 nisi
2099 2872 2198 2905 solus

1193 2944 1295 2978 Deus
1315 2947 1342 2962 ¹¹
1375 2955 1382 2976 :
1417 2938 1484 2976 Dei
1509 2943 1597 2973 sunt
1617 2933 1751 2984 procul
1783 2931 1901 2968 dubio
1932 2942 2099 2967 munera
2123 2937 2198 2965 tam

1195 3010 1325 3039 nostra
1359 3012 1497 3049 opera,
1528 3008 1641 3045 quam
1672 2992 1754 3043 ejus
1787 2991 1965 3042 praemia3
1996 2998 2034 3026 et
2063 2988 2127 3038 qui
2159 3000 2198 3053 se

1195 3063 1282 3099 fecit
1313 3060 1525 3096 debitorem
1552 3056 1590 3092 in
1617 3055 1710 3100 illis,
1734 3053 1822 3091 fecit
1848 3060 1885 3089 et
1914 3063 1983 3088 nos
2006 3061 2197 3099 promeri—

1195 3133 1296 3160 tores
1322 3134 1367 3157 ex
1399 3118 1468 3155 his.
1495 3116 1553 3154 Ad
1572 3129 1658 3166 quae
1683 3123 1809 3152 tamen
1838 3109 2037 3149 condenda
2065 3107 2197 3144 merita

162 3271 173 3287 ¹
189 3269 220 3297 ῙῙ
233 3267 305 3298 C01'·
320 3279 361 3298 111
374 3291 382 3307 1
404 3271 456 3301 18.
471 3288 516 3292 -
533 3275 546 3291 ²
560 3271 640 3303 Psal.
657 3284 760 3309 xxxv,
779 3273 808 3302 7.
826 3288 870 3292 —-
886 3268 899 3292 3
913 3271 987 3311 Sap-
1006 3280 1053 3306 IX,
1078 3272 1130 3300 15.
1145 3286 1190 3290 ——-
1207 3265 1220 3292 -5
1235 3268 1313 3297 Gen.
1331 3273 1408 3299 VIII,
1424 3264 1478 3292 21.
1493 3278 1539 3282 —
1554 3256 1567 3280 ⁵
1583 3261 1677 3289 Rom.
1693 3268 1740 3290 VI,
1759 3258 1811 3285 22.
1827 3272 1871 3275 —-
1885 3250 1900 3274 6
1916 3251 1962 3282 Id.
1983 3260 2062 3285 vm,
2083 3250 2135 3279 23·
2151 3265 2194 3269 “”-

113 3324 127 3349 7
143 3319 258 3351 Mfflth-
274 3331 333 3351 X1X
347 3345 355 3359 ‚
374 3325 486 3353 29.—-—
502 3322 516 3346 3
530 3324 612 3356 Psal.
629 3337 746 3363 xxxw,
765 3327 796 3356 3.
814 3342 855 3345 -
871 3329 886 3352 9
900 3325 991 3354 Joan.
1008 3334 1077 3356 xxv,
1097 3327 1127 3352 6.
1145 3340 1186 3344 —u
1206 3325 1236 3340 ¹0
1250 3316 1330 3349 Psal.
1344 3326 1423 3349 xm,
1449 3317 1476 3345 1.
1495 3331 1538 3335 —-
1556 3317 1583 3333 ¹¹
1600 3313 1700 3342 Marc.
1718 3320 1738 3337 x
1752 3332 1759 3343 ,
1788 3310 1836 3337 18-

161 3384 175 3400 ³
194 3378 301 3416 Alias,
321 3380 366 3411 ita
385 3381 540 3426 appetitu.
