2565 3952
21 98 90 137 641
933 94 1196 129 EPISToLAE.
2034 100 2110 138 (342

73 175 109 213 2.
133 176 319 212 Caeterum
340 184 460 207 unum
487 171 642 220 quidem
664 185 682 208 a
705 185 765 208 me
790 173 884 221 petit
907 169 1176 208 vene-⁵¹⁰non
1207 178 1263 206 est
1300 182 1481 217 magnum
1517 179 1785 218 argumentum
1819 172 1866 207 ad
1900 174 2113 215 faciendam

23 235 146 276 rabilis
166 231 282 270 abbas
299 239 445 277 vester,
465 230 570 280 quod
592 231 682 267 mihi
705 231 863 267 minime
881 231 1027 268 bonum
1046 232 1072 263 A
1099 231 1153 267 rei
1170 229 1296 266 dubiae
1318 230 1453 275 fidem,
1475 229 1513 265 id
1534 242 1615 265 esse
1642 230 1832 267 laudabile
1851 233 1954 281 quod
1977 248 1997 270 a
2019 238 2116 273 mul-

23 295 180 334 videtur.
200 291 323 329 Credo
343 300 469 328 autem
487 291 593 340 quod
613 300 649 327 et
665 304 736 340 ego
761 291 938 341 spiritum
960 291 1033 328 Dei
1100 291 1146 327 tis
1170 290 1358 326 laudatur.
1382 289 1704 339 Archiepiscopus
1730 290 1983 330 Eboracensis
2012 298 2118 333 venit

23 355 176 394 habeam
189 381 198 394 ,
218 361 255 389 et
276 351 478 388 consilium
502 351 572 387 Dei
592 351 630 387 in
646 351 731 387 hoc.
751 351 836 389 Scio
853 351 1032 400 equidem
1101 351 1148 389 ad
1168 364 1237 388 vos
1253 349 1284 395 b,
1306 350 1369 386 ille
1385 379 1394 396 ,
1417 349 1463 386 de
1480 363 1558 399 quo
1574 349 1655 398 jam
1677 363 1944 400 saepenumero
1963 355 2120 404 scripsi-

25 413 125 467 quod
143 414 181 450 in
202 411 357 461 regione
373 410 552 447 habitatis
572 411 742 456 infirma,
768 420 805 448 et
823 412 953 448 multis
971 412 1036 448 ali-
1103 426 1188 448 mus
1217 410 1413 450 Sanctitati
1443 419 1601 454 vestrae,
1634 410 1752 447 homo
1781 411 1847 460 qui
1879 425 1957 448 non
1992 416 2122 463 posuit

25 476 87 527 qui
104 487 150 511 ex
176 471 286 509 vobis
311 470 490 507 laborant
516 470 804 508 infirmitatibus
828 486 835 508 :
860 472 926 508 sed
955 484 1036 508 me-
1102 477 1226 510 Deum
1252 471 1469 521 adjutorem
1494 485 1602 507 suum
1618 500 1627 517 ,
1649 471 1715 508 sed
1739 472 1905 520 speravit
1930 473 1966 508 in
1990 475 2122 511 multi-

27 542 191 574 mentote
215 531 296 581 ejus
317 532 382 581 qui
403 530 542 567 dixerit
556 561 566 578 ,
589 531 764 567 Libenter
781 531 976 580 gloriabor
995 536 1034 567 in
1105 532 1237 569 tudine
1259 532 1478 568 divitiarum
1503 544 1672 568 suarum.
1709 534 1830 569 Causa
1856 531 1939 581 ejus
1969 534 2122 572 infirma

27 592 301 645 infirmitatibus
332 597 446 637 meis,
479 601 519 628 uc
547 592 732 628 saltabitet
759 597 798 628 in
825 606 884 628 me
915 597 1035 628 virtus
1104 602 1181 639 est,
1203 601 1240 630 et
1255 592 1462 642 languida:
1486 599 1524 628 et
1544 592 1641 628 sicut
1657 591 1830 627 virorum
1847 593 2041 630 veracium
2063 603 2123 630 at-

31 658 184 698 Christi;
215 661 274 699 et,
313 654 400 688 Cum
424 654 607 700 infirmor,
636 652 783 702 inquit,
806 662 882 688 tam
897 651 1039 701 ιγ”ονῐίον
1107 654 1310 690 testatione
1327 652 1654 703 deprehendimus
1668 681 1676 697 ,
1694 666 1713 688 a
1731 652 1862 701 planta
1879 653 1988 703 pedis
2004 668 2126 705 usque

27 722 138 755 sum¹.
156 712 379 763 Compatior
399 713 556 762 utique,
586 721 624 750 et
645 714 808 749 multum
837 726 908 763 ego
931 726 1038 749 com-
1106 714 1154 752 ad
1173 714 1357 751 verticem
1381 727 1459 750 non
1487 722 1543 750 est
1569 713 1708 750 sanitas
1734 713 1774 749 in
1795 726 1850 750 ea.
1882 715 1983 763 Quid
2005 719 2125 766 ergo?

30 776 151 830 patior
164 773 376 811 infirmitati
395 787 604 824 corporum
622 789 630 810 :
647 774 714 811 sed
730 774 898 811 timenda
916 775 1038 811 multo
1107 774 1201 825 quid
1221 775 1358 825 quaerit
1379 774 1496 811 homo
1517 774 1597 811 sine
1624 773 1773 823 justitia
1802 774 1903 824 apud
1933 777 2129 813 examina-

32 837 167 887 magis,
196 835 438 884 ampliusque
465 834 635 872 cavenda
662 836 863 872 infirmitas
894 836 1040 872 anima·
1108 843 1230 871 torem
1247 834 1428 884 justitiae,
1445 834 1548 885 apud
1571 835 1771 872 custodem
1787 836 1976 885 aequitatis
1993 838 2128 875 ?Itane

32 911 124 938 rum.
144 900 352 946 Propterea
371 895 529 933 minime
559 897 744 947 competit
768 897 943 947 religioni
968 910 1015 933 ve
1107 896 1317 933 arbitratur
1335 910 1373 934 se
1390 910 1502 947 posse
1519 895 1727 933 absorbere
1741 895 1929 945 justitiam
1947 897 1986 934 in
2004 899 2127 939 curia,

33 969 136 1005 strae,
164 956 371 994 medicinas
405 970 578 1006 quaerere
609 959 830 1008 corporales
847 987 856 1004 ‚
883 958 948 995 sed
970 972 1041 995 nec
1061 968 1089 1001 Β
1109 958 1205 995 sicut
1225 971 1307 994 eam
1335 957 1537 995 absorbuit
1559 958 1597 995 in
1624 959 1788 1008 Anglia?
1815 957 2028 996 Absorbuit
2054 961 2130 997 flu-

35 1019 184 1072 expedit
202 1018 354 1055 saluti*.
376 1021 470 1055 'Nam
490 1018 536 1055 de
554 1018 694 1056 vilibus
715 1019 869 1070 quidem
892 1018 1020 1056 herbis
1034 1048 1043 1066 ,
1111 1018 1218 1055 vium
1233 1048 1241 1064 ‚
1264 1026 1301 1055 et
1322 1031 1400 1055 non
1423 1019 1585 1056 miratur
1599 1048 1607 1064 ,
1633 1027 1670 1055 et
1690 1018 1805 1056 habet
1826 1019 2004 1056 fiduciam
2024 1021 2131 1070 quod

38 1090 74 1120 et
90 1093 173 1132 quae
190 1092 379 1130 pauperes
397 1079 557 1117 deceant
574 1110 583 1126 ‚
603 1080 798 1118 interdum
820 1080 963 1131 aliquid
981 1094 1046 1117 su-
1112 1078 1247 1114 influat
1267 1078 1447 1116 Jordanis
1466 1079 1506 1115 in
1532 1092 1575 1116 os
1599 1078 1693 1128 ejus.
1721 1082 1818 1116 Ecce
1843 1080 1906 1116 ille
1923 1082 2028 1117 venit
2046 1095 2133 1118 cum

38 1153 155 1186 mere,
190 1139 389 1177 tolerabile
416 1149 496 1187 est,
529 1150 566 1178 et
597 1142 670 1178 hoc
712 1142 918 1191 aliquando
950 1142 1048 1178 solet
1114 1139 1265 1185 multis,
1289 1153 1387 1188 quos
1416 1140 1664 1189 adstipulavit
1694 1139 1789 1186 sibi,
1817 1149 1853 1177 et
1874 1141 2076 1191 precibus,
2098 1152 2136 1179 et

40 1203 128 1242 fieri.
149 1206 198 1239 At
218 1214 310 1238 vero
332 1202 478 1252 species
496 1216 623 1239 emere
638 1231 647 1248 ,
667 1216 840 1252 quaerere
855 1203 1024 1239 medicos
1037 1231 1046 1248 ‚
1114 1199 1253 1249 pretio.
1273 1200 1384 1238 Solus
1403 1200 1472 1237 iste
1489 1200 1611 1236 evasit
1624 1229 1633 1245 ,
1654 1209 1694 1236 ut
1712 1201 1906 1237 nuntiaret
1921 1201 1989 1238 tibi
2007 1218 2014 1238 :
2032 1204 2137 1240 solus

40 1263 204 1314 accipere
238 1262 419 1312 potiones
434 1292 443 1310 ‚
476 1264 652 1312 religioni
682 1263 864 1300 indecens
902 1272 981 1310 est,
1012 1272 1050 1300 et
1117 1260 1186 1296 iste
1209 1260 1247 1296 in
1266 1260 1482 1309 periculum
1499 1261 1633 1310 capitis
1651 1260 1709 1296 sui
1727 1261 1910 1309 opposuit
1928 1274 1966 1298 se
1984 1275 2138 1299 murum

41 1322 266 1364 contrarium
286 1323 468 1373 puritati,
493 1324 736 1374 maximeque
755 1324 909 1362 Ordinis
927 1324 1050 1360 nostri
1120 1334 1192 1370 pro
1214 1320 1330 1357 domo
1351 1321 1492 1365 Israel,
1528 1320 1595 1370 qui
1625 1334 1712 1356 cum
1747 1320 1831 1357 aliis
1858 1334 1936 1357 non
1965 1322 2139 1359 adoravit

42 1398 107 1423 nec
122 1383 313 1421 honestati
332 1384 529 1433 congruit,
559 1397 630 1421 nec
647 1385 817 1434 puritati.
842 1388 931 1421 Haec
948 1384 1052 1421 enim
1119 1390 1283 1418 statuam
1302 1380 1349 1417 ad
1369 1380 1575 1431 imperium
1598 1380 1708 1430 regis.
1731 1381 1842 1417 Solus
1863 1390 1937 1429 est,
1960 1383 2032 1420 nisi
2053 1384 2143 1433 quia

43 1445 166 1484 omnia
185 1452 316 1494 gentes
336 1444 553 1494 inquirunt.
573 1446 721 1484 Scimus
737 1454 863 1482 autem
881 1446 970 1496 quia
987 1445 1053 1495 qui
1116 1441 1267 1492 justitia
1289 1455 1368 1478 non
1396 1441 1552 1491 reliquit
1581 1454 1669 1478 eum
1696 1441 1834 1478 solum.
1865 1443 1935 1479 Illa
1969 1443 2142 1481 obviavit

43 1507 80 1545 in
108 1518 220 1544 carne
245 1506 402 1553 vivunt,
437 1509 521 1544 Deo
552 1508 706 1558 placere
735 1521 814 1544 non
844 1516 1009 1557 possunt
1024 1513 1051 1544 ².
1121 1504 1201 1540 filio
1222 1516 1315 1550 5υο,
1338 1503 1447 1553 quasi
1467 1511 1590 1540 mater
1609 1503 1867 1540 honorificata
1878 1502 1904 1541 6.
1928 1505 2029 1553 Quid
2050 1519 2141 1556 ergo

45 1565 255 1618 spiritualia
272 1566 438 1616 proinde
463 1566 727 1617 spiritualibus
753 1567 1012 1618 comparanda
1024 1567 1053 1613 3,
1122 1565 1234 1602 faciet
1257 1564 1432 1601 vicarius
1458 1564 1564 1601 Petri
1584 1563 1622 1600 in
1648 1563 1803 1613 negotio
1826 1563 1922 1610 isto,
1946 1565 2018 1601 nisi
2039 1566 2144 1615 quod

46 1636 82 1665 et
105 1625 311 1677 quaerenda
336 1628 445 1677 potio
466 1627 711 1674 humilitatis,
740 1637 778 1665 et
811 1627 1055 1665 clamandum
1123 1626 1212 1662 fecit
1228 1628 1364 1662 Petrus
1382 1637 1469 1661 cum
1490 1624 1557 1660 illo
1572 1653 1582 1671 ,
1605 1624 1671 1673 qui
1693 1623 1837 1660 donum
1853 1625 1923 1661 Dei
1944 1626 2146 1663 aestimavit

46 1689 85 1727 in
102 1695 182 1725 toto
199 1687 318 1724 corde
340 1701 348 1723 :
372 1689 476 1724 Sana
498 1693 670 1725 animam
697 1703 847 1732 meam,
870 1692 1052 1734 Domine,
1123 1686 1287 1737 pecunia
1315 1685 1505 1736 possideri
1520 1687 1561 1721 ΤΡ
1592 1686 1628 1722 Si
1664 1698 1780 1735 supra
1808 1693 1955 1735 petram
1989 1686 2147 1724 fundata

48 1753 132 1800 quia
148 1752 303 1797 peccavi
328 1747 394 1783 tibi
412 1748 440 1785 ⁴.
474 1750 573 1787 Huic
599 1749 769 1796 sanitati,
797 1750 932 1786 fratres
963 1749 1060 1786 dile-
1081 1751 1107 1787 C
1128 1756 1184 1785 est
1205 1748 1373 1784 Ecclesia
1390 1777 1398 1793 ,
1420 1755 1543 1798 portae
1563 1746 1676 1783 inferi
1694 1760 1771 1783 non
1794 1746 2061 1796 praevalebunt
2077 1748 2145 1784 ad-

49 1809 217 1856 cfissimi,
248 1821 406 1859 operam
435 1809 548 1857 date;
584 1811 682 1848 hanc
712 1811 930 1857 sectamini,
954 1811 1053 1848 hanc
1121 1822 1257 1846 versus
1282 1822 1365 1845 eam
1382 1807 1409 1845 ⁸.
1431 1812 1518 1846 Non
1546 1809 1687 1858 loquor
1711 1807 1786 1844 hoc
1813 1821 1834 1844 a
1855 1821 1915 1844 me
1940 1808 2026 1858 ipso
2043 1838 2052 1854 ‚
2079 1809 2144 1845 sed

50 1878 190 1909 servate
202 1898 212 1916 ,
232 1869 324 1919 quia
342 1882 441 1907 vana
458 1871 558 1908 salus
574 1870 788 1908 hominum.
1127 1870 1175 1907 ad
1192 1869 1455 1906 testimonium
1472 1869 1628 1905 illorum
1643 1868 1709 1917 qui
1727 1868 1867 1918 spiritu
1880 1869 1951 1905 Dei
1964 1878 2143 1918 aguntur.

89 2009 899 2021 ιιι-Λνινιιιιιυινιιανιυινιιιιιιςνινινινιᾳιιιιιιιιπιιιιιιι

1128 2011 1154 2020 ιι
1160 2010 1242 2020 uum
1248 2009 1374 2018 νινιικννι
1381 2008 1653 2018 ιωινυιικιιψνννυινι
1659 2007 2092 2018 ==s==zv=xxxxvvvnxvnzvvz-xxxsu
2099 2011 2106 2019 t
2113 2011 2151 2019 =s=

170 2133 548 2191 EPISTOLA
593 2131 973 2191 CCCXLVI.³
1209 2136 1596 2194 EPISTOLA
1657 2137 2067 2195 CCCXLVII.c

195 2292 241 2313 AD
271 2291 459 2315 DOMINIJM
490 2290 759 2314 INNOCENTIEM
787 2291 915 2313 PAPAM.
1187 2294 1233 2316 AD
1263 2294 1426 2316 ECMDEM
1456 2292 1638 2316 DOMINEM
1670 2292 1935 2316 INNOCENTIL'M
1967 2295 2098 2319 PAPAM.

61 2411 206 2440 Hortatur
227 2407 412 2441 Pontificem
424 2432 432 2445 ‚
451 2417 492 2438 ne
510 2416 610 2438 caus-<e
635 2405 862 2450 archiepiscopi
888 2405 1068 2439 Eboracen-

1139 2409 1347 2444 Commendat
1365 2410 1510 2446 nuntios,
1530 2419 1623 2440 causa
1640 2407 1926 2451 archiepiscopatus
1944 2410 1992 2442 ΕΙ)
2000 2413 2156 2443 oracensis

314 2463 374 2502 sis,
403 2468 513 2505 utpote
533 2462 668 2504 iniquae,
694 2462 808 2494 faveat.

1492 2467 1630 2496 Romam
1654 2469 1809 2505 petentes.

67 2583 331 2621 Amantissimo
351 2584 453 2635 patri
473 2592 511 2621 et
531 2583 712 2630 domino,
735 2584 806 2621 Dei
823 2586 943 2635 gratia
964 2599 1075 2623 sum-
1147 2585 1417 2624 Amantissimo
1439 2585 1540 2635 patri
1563 2593 1599 2621 et
1620 2583 1779 2620 domino
1795 2587 2032 2622 Ixxocnxmo
2053 2599 2162 2623 sum-

115 2657 178 2682 mo
201 2646 378 2682 Pontifici
396 2649 634 2682 INNOCENTIO
649 2674 659 2692 ,
685 2649 913 2683 Bam-Annus
934 2647 1076 2685 Clarae-
1198 2660 1262 2683 mo
1283 2646 1485 2692 Pontifici,
1515 2646 1630 2682 frater
1664 2648 1888 2682 Enna-annus
1903 2674 1912 2691 ,
1943 2646 2165 2684 Clarae-Val-

115 2705 299 2744 Vallensis
328 2715 488 2744 vocatus
517 2705 658 2752 abhas,
693 2707 889 2745 modicum
911 2708 949 2745 id
971 2708 1077 2758 quod
1199 2707 1315 2744 lensis
1337 2715 1496 2744 vocatus
1522 2705 1662 2752 abbas,
1686 2704 1881 2742 modicum
1905 2706 1944 2742 id
1965 2707 2070 2756 quod
2095 2716 2164 2744 est.

118 2775 183 2804 est.

1201 2836 1251 2874 Hi
1279 2848 1377 2885 quos
1398 2834 1534 2872 videtis
1550 2863 1559 2880 ‚
1593 2834 1667 2871 viri
1688 2842 1777 2870 sunt
1804 2834 1994 2884 simplices
2014 2843 2051 2871 et
2076 2837 2169 2873 recti

87 2906 92 2908 '
123 2896 214 2933 Cum
240 2896 351 2934 multi
375 2897 453 2934 sint
476 2897 626 2945 vocati,
653 2897 768 2948 pauci
798 2910 892 2934 vero
918 2897 1078 2945 electi53
1148 2911 1191 2934 ac
1212 2897 1388 2934 timentes
1412 2900 1550 2934 Deum.
1574 2899 1622 2933 Et
1644 2909 1748 2933 nunc
1768 2895 1809 2932 in
1829 2896 1968 2946 spiritu
1990 2897 2170 2934 ascende—

123 3051 180 3081 ¹11
200 3050 274 3081 Cor.
295 3061 367 3089 κη,
385 3054 556 3090 9,1o.—
577 3057 590 3073 2
606 3054 703 3083 Rom.
722 3062 807 3090 vm,
837 3054 868 3083 8.
893 3069 938 3074 —-
957 3049 972 3074 3
992 3054 1007 3082 1
1030 3052 1103 3083 Cor.
1123 3063 1169 3090 11,
1201 3053 1256 3082 13.
1274 3068 1317 3072 ——
1339 3048 1354 3076 4
1379 3050 1538 3088 Ρ531.Χι,
1561 3052 1592 3080 5.
1612 3067 1658 3072 ——
1679 3046 1692 3070 ⁵
1715 3048 1833 3081 Matth.
1856 3061 1921 3088 xx,
1947 3053 1986 3080 16
2003 3074 2010 3087 ,
2030 3056 2060 3082 et
2077 3061 2173 3087 xxxi,

62 3132 63 3136 ,
83 3102 133 3133 14.
150 3099 225 3125 -6
242 3105 337 3136 Eccli.
353 3116 410 3144 xv,
436 3108 468 3136 2.
489 3123 537 3128 —-
551 3112 564 3136 7
582 3108 656 3137 Act.
680 3109 838 3144 v111‚20.
858 3123 903 3128 -
923 3103 936 3127 8
955 3104 1173 3143 Matth.xv1‚
1197 3107 1250 3136 18.

122 3167 141 3232 ἰ
156 3163 243 3196 Alias
259 3165 392 3207 epistola
411 3168 478 3198 377
503 3176 510 3198 :
530 3177 601 3208 quae
616 3177 692 3211 vero
710 3173 802 3198 antea
831 3168 897 3198 346
918 3172 1005 3204 erat,
1025 3177 1109 3197 nunc
1129 3168 1207 3198 405.
1226 3165 1349 3208 Scripta
1363 3165 1446 3196 circa
1465 3175 1584 3196 annum
1602 3167 1703 3196 1141.
1725 3164 1808 3196 vide
1828 3165 1992 3207 epistolam
2014 3167 2090 3196 235.

156 3216 243 3248 Alias
257 3242 265 3255 ,
283 3219 373 3249 venit
395 3217 440 3250 ad
459 3231 526 3252 nos.

127 3273 142 3291 ⁶
160 3270 247 3303 Alias
263 3272 396 3314 epistola
412 3276 478 3305 378
495 3284 504 3305 z
520 3285 588 3316 quae
606 3285 681 3306 vero
702 3280 792 3306 antea
810 3276 876 3306 347
893 3281 979 3312 erat,
997 3285 1081 3305 nunc
1101 3277 1179 3306 391.
1197 3273 1320 3315 Scripta
1343 3272 1424 3304 circa
1442 3283 1559 3304 annum
1586 3276 1596 3303 l
1611 3275 1686 3304 141.

212 3344 302 3368 Toni.
334 3346 362 3368 1.
1969 3331 2010 3365 21
