2517 3936
0 3186 8 3576 —v-——W—
0 2900 5 3174 ..ὴ-
0 2773 3 2888 ᾖ
0 2694 3 2739 ψ,-
0 2630 2 2668 ⁴—

54 229 129 266 869

51 307 220 341 monachus
236 307 442 339 Tornacensis
453 332 460 344 ,
483 308 514 338 in
529 308 684 350 spicilegii
704 315 788 340 tomo
812 312 849 339 12
861 333 869 346 ,
886 319 956 351 pag.
974 312 1053 347 479,

51 361 104 393 ubi
113 361 152 392 de
167 363 198 392 S.
210 359 382 398 Bet—nardo,
402 371 493 402 quem
510 375 522 387 ιι
535 367 598 391 tam
617 372 655 392 ex
669 361 796 393 ecclesia
810 362 1054 393 Sanctae-Maria:

52 429 65 442 ι·
85 413 308 451 Tornaeensis,
335 423 428 455 quam
456 424 494 444 ex
522 413 586 455 ipsa
609 414 750 452 dicrcesi,
782 414 885 445 clerici
911 415 1053 445 videlicet

51 483 65 496 ι
82 468 170 499 multi
192 467 301 498 famosi
324 466 473 498 domnum
496 467 690 498 Bernardum
704 467 851 498 abbatem
866 469 1054 499 Clarze-Val-

50 537 64 550 D
82 522 198 553 lensem
217 521 428 552 conversionis
449 521 546 562 gratia
572 521 668 551 secuti
693 528 775 553 sunt.
806 536 819 547 n
846 524 913 552 lIoc
938 521 1054 553 factum

48 574 141 607 refert
173 577 372 606 Hermannus
400 584 470 616 pag.
509 576 575 605 476
588 599 596 611 ,
629 580 699 616 post
727 585 843 605 annum
874 574 1053 615 vigesimum

48 635 193 673 quartum
223 627 421 671 pontificatus
446 627 580 658 Simonis
603 627 840 665 Nox-tomensis,
868 628 921 668 qui
946 627 1054 659 sedere.

47 682 140 726 ooepit
159 693 242 714 anno
263 685 362 714 1122.
378 683 451 712 Non
472 691 545 722 ergo
561 681 628 712 haec
644 680 774 722 epistola
786 704 793 717 ,
815 686 847 711 ut
868 681 1053 721 Mauriquez

45 742 168 773 censet,
193 735 233 767 ad
255 746 372 767 annum
393 738 475 766 1131
499 734 609 766 referri
634 740 746 776 potest.
771 733 957 765 Gaufridum
982 737 1054 765 l’er-

45 799 210 822 fanensem
222 789 327 820 laudat
341 791 449 820 Petrus
463 788 502 819 de
519 791 608 830 Roya
625 787 769 819 Novitins
786 787 1053 819 Clarae-vallensis

45 853 151 886 supra,
169 843 202 874 in
218 842 348 885 epistola
366 844 446 879 479,
462 853 494 872 n.
517 845 551 873 9.
570 861 615 864 —
630 844 699 872 Huc
718 851 815 881 nsque
831 840 1048 879 Mabsslonius,

46 896 96 928 cui
115 896 148 928 in
172 906 210 927 eo
239 906 302 927 non
329 895 483 927 consentit
510 894 654 926 Horstius
668 919 675 932 ‚
698 893 783 935 quod
805 894 887 924 1111110
908 893 1062 927 eumdem.

46 948 233 982 eanfridum
252 949 326 980 velit
346 949 438 980 fuisse
457 948 595 980 Priorem
615 947 828 980 Clarae-Vallis
840 972 847 985 ,
869 947 908 979 dc
930 959 991 989 quo
1011 948 1054 979 sic

46 1001 141 1034 habet
158 1012 167 1034 t
188 1004 281 1034 Hunc
303 1008 428 1034 sanctus
451 1002 628 1034 Bernardus
644 1013 715 1033 cnm
731 1001 799 1032 aliis
818 1001 925 1043 xigimi
941 1012 1054 1033 novem

47 1055 205 1088 nobilibus
224 1067 260 1088 ac
273 1056 417 1088 litteratis
434 1056 603 1099 juvenibus
616 1057 649 1088 in
662 1055 809 1088 Flandria
821 1055 861 1087 ad
874 1056 1053 1097 religionem

46 1109 219 1148 convertit3
236 1116 398 1141 nutantem
418 1121 493 1142 vero
507 1116 559 1141 aut
576 1110 856 1153 procrastinantem
869 1109 952 1140 hisce
971 1110 1052 1141 litte-

47 1162 90 1195 ris
105 1163 262 1195 excitavit.
283 1167 314 1196 Is
332 1170 440 1206 postea
454 1164 552 1196 factus
575 1165 666 1195 Prior
682 1164 714 1195 in
731 1163 946 1198 Clara-Valle.
964 1163 1054 1205 quin-

45 1222 96 1249 tus
108 1217 141 1248 in
156 1217 285 1256 ordine3
302 1218 427 1250 demum
441 1219 557 1250 electus
574 1218 606 1249 in
622 1218 803 1260 episcopum
823 1220 1053 1248 Tornacensem

47 1269 114 1313 (alii
138 1271 245 1314 legunt
270 1271 538 1314 Nannetensem),
557 1273 733 1304 consentire
758 1271 867 1303 noluit.
891 1271 985 1312 Quod
1013 1271 1053 1301 ita

47 1326 156 1356 Petrus
185 1325 338 1357 Blesensis
365 1333 473 1357 narrat
500 1337 507 1357 ε
535 1341 547 1352 n
579 1326 721 1368 Legimus
733 1351 740 1363 ,
770 1324 855 1368 quod
887 1324 1055 1355 Gaufridus

47 1392 65 1405 ·
83 1380 303 1419 Perronensis,
322 1380 533 1412 Clarae-Vallis
558 1380 658 1418 Prior,
681 1380 796 1411 electus
822 1378 852 1409 in
875 1378 1055 1420 episcopum

49 1447 65 1459 ι·
83 1434 314 1466 Tomacensem
324 1458 333 1473 ,
349 1434 492 1466 electioni
505 1434 681 1465 nullatenus
694 1432 858 1475 acquievit.
873 1431 935 1473 Qui
948 1439 1056 1473 postea

49 1499 63 1512 ι·
82 1485 246 1518 defunctus
261 1493 292 1519 et
306 1498 461 1531 apparens
477 1487 602 1519 cuidam
617 1487 725 1525 fratri,
741 1486 910 1528 inquirenti
924 1486 1056 1527 qualiter

33 1547 63 1566 '¹-
81 1539 110 1571 ei
134 1547 232 1579 esset,
261 1541 425 1584 respondit
450 1553 458 1573 :
482 1542 647 1574 Revelavit
666 1541 744 1573 mihi
766 1540 904 1572 Trinitas
925 1546 1051 1578 sancta,

49 1607 65 1618 ι·
82 1593 167 1635 qnod
188 1594 214 1626 si
236 1595 439 1637 suscepissem
455 1596 688 1638 episcopatum,
715 1595 841 1626 fuissem
865 1594 904 1626 de
925 1604 1055 1624 numero

47 1660 62 1673 ο
78 1647 296 1689 reproborum.
315 1649 379 1680 Ubi
399 1656 430 1681 et
442 1650 509 1692 ejus
521 1650 666 1693 exemplo
682 1648 822 1692 percellit
839 1647 960 1679 animos
979 1647 1055 1678 alio-

49 1713 64 1727 »
83 1710 154 1731 rum
180 1702 389 1743 quorumdam
415 1704 604 1745 praesnlum,
631 1703 674 1735 ita
705 1702 810 1734 dicens
837 1712 845 1732 :
873 1700 958 1742 Quid
983 1711 1056 1742 ergo

49 1767 63 1780 -
82 1753 196 1786 facient
210 1755 367 1795 infelices,
385 1757 440 1799 qui
461 1757 680 1800 temporalium
697 1755 939 1788 sollicitudinum
956 1754 1056 1786 flucti-

49 1821 63 1834 -
82 1806 140 1839 bus
164 1819 197 1840 se
217 1817 329 1852 sponte
351 1817 382 1842 et
407 1817 564 1853 gratanter
588 1811 800 1853 immergunt?
817 1810 870 1851 qui
894 1809 1056 1851 splendide

49 1873 64 1887 n
81 1861 239 1904 epulando
249 1887 257 1901 ‚
274 1863 459 1896 dormiendo
473 1889 481 1902 ,
496 1865 636 1897 bibendo
647 1890 655 1903 ,
675 1864 814 1897 sedendo
831 1863 871 1894 ad
885 1864 1034 1895 telonium
1046 1889 1054 1902 ‚

28 1914 62 1941 ²»
81 1913 217 1947 fiscalem
250 1917 403 1949 calculum
437 1918 666 1961 dispensando,
697 1917 865 1961 quterendo
901 1928 969 1960 quae
1003 1929 1057 1949 sua

48 1981 62 1995 a
81 1975 172 2006 sunt,
191 1976 245 2001 aut
260 1971 364 2013 potius
380 1982 450 2014 quae
466 1979 539 2004 sunt
559 1972 705 2011 Caesaris,
726 1979 756 2004 et
777 1982 842 2003 non
859 1971 936 2009 Dei,
961 1971 1056 2002 vitam

46 2035 62 2049 a
80 2032 168 2054 suam
183 2023 216 2054 in
235 2024 425 2057 vanitatibus
440 2026 639 2068 transigunt?
659 2041 672 2053 n
692 2030 739 2057 Ita
758 2029 868 2057 Petrus
888 2025 1053 2063 Blesensis,

44 2075 135 2118 epist.
159 2080 234 2109 102.
254 2077 343 2109 Idem
360 2078 456 2111 refert
474 2079 643 2117 Caesarius,
665 2078 720 2110 lib.
744 2082 782 2117 2,
803 2089 872 2121 cap.
894 2081 947 2110 29.
974 2078 1056 2109 vide

45 2127 87 2160 de
101 2139 139 2161 eo
157 2131 336 2173 Henriquez
351 2132 385 2163 in
400 2133 559 2176 Menolog.
580 2132 620 2164 ad
636 2132 718 2164 diem
742 2137 778 2164 15
796 2132 957 2164 februarii.

47 2194 51 2197 ·
95 2185 160 2214 302
182 2186 222 2215 D.
239 2185 436 2226 quotidianas
458 2186 625 2218 orationes.
639 2206 686 2209 —
698 2189 774 2218 liaec
790 2187 953 2229 inscriptio
972 2198 1054 2219 nunc

46 2236 182 2279 primum
204 2239 348 2271 restituta
363 2246 411 2272 est
435 2252 475 2272 ex
495 2240 603 2272 codice
620 2241 801 2273 Corbeiensi
815 2252 898 2284 saepe
915 2241 1052 2273 laudato.

46 2291 98 2322 An
111 2291 243 2334 epistola
254 2292 322 2325 haec
334 2304 397 2325 una
410 2300 456 2325 est
469 2305 508 2326 ex
521 2294 597 2330 illis,
616 2305 692 2336 quas
707 2294 912 2337 scriptoribus
925 2306 1053 2338 compo-

45 2347 164 2379 nendas
186 2348 410 2391 praescribebat
426 2349 596 2391 aliquando
615 2349 671 2379 Vir
691 2355 832 2386 sanctuS,
860 2360 899 2380 ex
924 2349 1054 2391 epistola

43 2408 128 2433 nunc
151 2404 242 2434 389?
258 2403 414 2434 Caeterum
429 2402 468 2434 de
492 2402 541 2434 his
562 2403 672 2434 litteris
695 2403 737 2435 ita
764 2403 907 2434 Horstius
932 2413 940 2433 :
964 2405 1054 2433 Hanc

43 2455 208 2497 'epistolam
226 2456 404 2488 Bernardus
418 2457 545 2488 nomine
560 2457 637 2488 Eliae
654 2457 772 2489 Novitii
790 2456 836 2487 sui
853 2456 893 2487 ad
909 2463 1054 2499 parentes

43 2507 111 2550 'ejus
128 2509 268 2552 scripsit,
290 2516 324 2541 ut
340 2521 394 2541 eos
413 2510 512 2541 filium
531 2520 549 2541 a
564 2510 726 2552 proposito
738 2503 886 2541 revocare
906 2516 1054 2541 conantes

45 2562 240 2606 reprimeret.
263 2578 276 2591 ι
297 2564 430 2596 Acriora
456 2564 601 2606 quidem,
626 2579 638 2590 u
664 2565 767 2606 inquit
792 2563 932 2601 Lessins,
956 2579 969 2589 «
996 2564 1053 2596 ista

47 2629 62 2643 ι
79 2616 179 2649 videri
195 2624 341 2661 possent,
357 2618 416 2649 nisi
429 2629 447 2649 a
462 2623 550 2649 131113
565 2618 719 2660 sapientia
735 2625 765 2649 et
778 2618 939 2649 sanctitate
952 2624 1052 2648 essent

44 2680 62 2698 s·
79 2671 230 2713 profecta.
249 2672 328 2714 Quis
344 2672 428 2703 enim
446 2673 580 2703 electum
596 2672 675 2703 illud
692 2671 825 2714 Spiritus
844 2672 942 2703 sancti
964 2682 1053 2713 orga-

43 2736 62 2752 »
79 2734 155 2756 num
173 2725 288 2757 audeat
313 2725 566 2768 reprehendere?
589 2727 730 2757 Noverat
757 2725 825 2763 ille,
855 2726 963 2767 quanti
987 2725 1053 2755 haec

46 2789 62 2805 =
78 2788 129 2810 res
154 2779 194 2810 sit
221 2779 383 2811 momenti.
410 2782 522 2821 Neque
547 2785 652 2810 tamen
680 2790 768 2811 mens
798 2779 895 2821 ipsius
923 2785 988 2817 est,
1020 2784 1053 2809 nt

47 2844 62 2858 ι
79 2832 193 2874 passim
217 2838 282 2864 tam
306 2832 419 2864 acriter
445 2833 506 2864 illis
522 2832 688 2871 scribatur,
707 2833 767 2864 nisi
792 2833 860 2874 quis
879 2832 1001 2870 videat,
1022 2843 1054 2863 se

41 2879 62 2912 ’τ’
80 2884 114 2916 111
129 2886 235 2928 gravia
257 2885 364 2918 salutis
389 2886 528 2929 pericula
545 2886 671 2918 illorum
695 2886 932 2929 importunitate
956 2886 1054 2927 conji-

43 2950 63 2966 x
80 2938 225 2971 ciendum
235 2964 243 2978 ,
263 2945 315 2971 aut
331 2939 375 2971 illi
390 2939 484 2972 finem
495 2940 684 2972 sollicitandi
697 2951 761 2971 non
773 2939 900 2971 faciant.
915 2955 928 2966 ιι
946 2943 991 2970 lta
1004 2939 1055 2970 ille.

42 2995 178 3025 metatu
202 2993 365 3025 utilissimo
393 2993 433 3026 de
457 2982 545 3026 Statu
563 2995 635 3026 vitae
660 2993 824 3036 deligendo
838 3018 845 3031 ,
872 2999 981 3035 qucest.
1013 2995 1051 3030 4,

47 3048 103 3079 36.
120 3047 237 3079 Confer
251 3054 342 3079 notas
358 3047 398 3078 ad
413 3048 577 3090 epistolam
596 3050 672 3080 104.
694 3064 707 3074 n

43 3102 65 3111 ’“
95 3103 161 3133 305
178 3105 219 3133 Α.
237 3112 280 3132 An
293 3112 496 3132 santernum
514 3113 761 3132 LEXOVIENSEM.
773 3118 817 3122 —
838 3100 902 3131 Alii
921 3097 1051 3135 habent,

25 3170 29 3174 ·
47 3150 282 3186 luxoviensem.
298 3159 370 3198 Quo
389 3154 543 3186 vocabulo
562 3154 657 3186 etiam
673 3154 843 3186 Ordericus
857 3153 901 3184 nti
919 3152 995 3183 solet
1015 3150 1055 3181 ad

47 3205 252 3250 designandos
267 3209 490 3246 Lexovienses,
503 3208 536 3239 in
548 3208 694 3240 Neustria
712 3217 720 3238 :
738 3213 772 3238 ut
785 3207 871 3237 nulla
886 3205 923 3236 sit
940 3204 1055 3246 passim

46 3260 182 3293 nominis
201 3261 358 3294 distinctio
374 3263 456 3294 inter
472 3262 684 3294 Luxovienses
707 3262 739 3292 in
755 3259 941 3301 Burgundiae
958 3257 1054 3288 comi-

45 3315 114 3345 latu
126 3338 135 3353 ,
156 3315 240 3357 apud
255 3316 338 3358 illius
354 3316 505 3358 temporis
520 3315 697 3358 scriptores.

63 3366 66 3370 ’
98 3370 158 3400 311
194 3373 235 3402 A.
262 3370 346 3402 inter
369 3370 465 3409 duas,
488 3375 522 3400 ut
540 3369 666 3406 dicitur,
698 3368 788 3398 sellas
813 3374 985 3397 corrueras.
1012 3382 1056 3385 »-

50 3421 133 3464 Apte
151 3422 212 3455 hoc
231 3424 300 3455 loco
323 3423 403 3455 liber
426 3423 546 3466 primus
563 3422 603 3452 de
627 3420 803 3452 Imitatione
828 3417 958 3455 Christi,
985 3427 1054 3458 cap.

538 230 805 266 LECTIONES
833 230 1108 266 VARIANTES
1139 233 1198 266 ET
1229 234 1370 269 NOTA-2
1399 237 1644 273 FUSIORES.

2040 250 2114 285 871»

1124 313 1164 340 21,
1181 320 1188 340 ζ
1209 326 1220 336 ιι
1240 311 1413 352 Religiosus
1427 314 1581 355 negligens
1597 322 1625 346 et
1644 318 1763 358 tepidus
1780 319 1871 352 habet
1889 323 2114 358 tribulationem

1123 377 1134 387 ι»
1155 373 1247 404 super
1272 364 1522 403 tribulationem,
1550 373 1578 397 et
1608 379 1644 398 cx
1671 371 1752 400 omni
1782 379 1867 412 parte
1892 375 2007 415 patitur
2023 388 2116 416 attigu-

1122 431 1135 439 ·›
1155 422 1242 446 stiam
1263 428 1270 453 3
1289 427 1361 457 qiua
1384 417 1522 449 interiori
1539 422 1748 453 consolatione
1764 431 1843 454 caret
1857 449 1863 460 ,
1889 433 1916 457 et
1934 429 2114 460 exteriorem

1122 484 1133 493 ..
1155 479 1293 509 quaerere
1311 469 1503 511 prohibetur.
1526 488 1537 497 ι»
1556 476 1633 515 Lege
1651 486 1806 506 sermones
1827 481 1843 506 :l
1860 484 1888 508 et
1912 483 1929 508 ἱ)
1951 480 1980 509 in
1999 485 2113 512 Ascen-

1119 531 1215 551 51000.

1167 577 1227 605 311
1261 577 1295 606 C.
1325 575 1498 617 wimplatre.
1515 596 1555 599 -ἡ
1575 582 1621 608 Ita
1641 590 1747 609 omnes
1770 587 1919 622 quotquot
1945 584 2006 614 vidi
2032 586 2114 616 codi-

1118 637 1168 657 ces
1186 627 1411 668 manuscriptos
1436 639 1546 670 nempe
1564 631 1653 671 regiae
1673 632 1886 669 Bibliothecae,
1906 635 2090 667 (1011100003Δ
2104 663 2111 673 ,

1117 679 1266 711 Sorbonae
1278 704 1285 717 ,
1303 680 1429 722 Collegit
1446 682 1521 722 regii
1541 685 1705 720 Naxurrar,
1727 688 1756 715 S.
1776 687 1907 717 victoris·
1924 689 2112 726 parisiensis,

1117 732 1389 775 Compendiensis.
1414 733 1526 775 aliique
1546 735 1675 767 aliarum
1696 737 1949 770 bibliothecarum
1962 765 1968 777 ‚
1991 741 2042 782 qui
2062 741 2114 771 ha<

1117 783 1202 819 hent.
1221 784 1410 829 wimplc1tce;
1426 798 1495 817 eun,
1510 794 1611 818 tamen
1628 800 1733 820 omnes
1747 790 1896 822 editiones
1914 799 2023 834 111-(0101·
2037 794 2113 824 duas

1116 837 1343 878 (Parisiensetn
1362 839 1501 871 videlicet
1520 842 1591 871 30111
1615 846 1624 872 l
1641 845 1675 873 ’19
1687 846 1698 873 ‘i
1711 868 1718 879 ,
1743 850 1771 874 01
1792 845 2024 886 Lugdunensem
2041 849 2113 878 anni

1123 892 1235 933 1530),
1258 892 1414 931 habeant,
1432 894 1486 924 uni
1499 893 1628 935 inslatae.
1648 897 1730 937 Quid
1745 898 1825 928 enini
1837 922 1843 933 ,
1863 899 2016 940 inquiunt,
2033 902 2113 930 wim-

1113 944 1238 989 [Λαίαν]
1257 949 1347 978 Certe
1365 958 1423 978 vox
1440 947 1542 979 eslieta
1561 960 1577 979 a
1603 949 1725 991 wiinpla
1743 962 1795 981 seu
1814 952 1948 993 guinipla
1961 977 1967 987 ,
1985 954 2113 994 111-001111

1119 999 1262 1042 litteraeg
1275 1000 1304 1030 in
1323 1011 1340 1030 v
1361 1000 1590 1037 (1001013000ος
1610 1003 1716 1043 gallice
1731 1005 1857 1048 guimpe
1869 1028 1876 1039 ‚
1898 1006 1943 1035 vel
1959 1005 2109 1050 guimple,

1119 1053 1271 1083 muliebre
1301 1053 1410 1095 capitis
1437 1062 1653 1086 ornamentum
1669 1079 1676 1092 ,
1706 1057 1861 1087 nobilibus
1893 1058 2013 1089 seminis
2041 1059 2113 1089 olim

1118 1106 1254 1137 solemne
1279 1107 1345 1148 (nti
1363 1107 1508 1138 discimus
1532 1119 1569 1139 ex
1588 1110 1720 1150 antiquis
1736 1110 1884 1141 nobilium
1906 1118 2113 1143 matronarum

1118 1159 1287 1191 simulacris
1302 1160 1314 1201 )
1343 1171 1361 1191 a
1389 1160 1627 1202 simplicioribus
1648 1162 1804 1194 modestiae
1836 1174 1925 1194 eausa
1955 1166 2113 1206 rejectum.

1119 1213 1210 1244 L'nde
1236 1214 1310 1244 illud
1335 1220 1434 1255 110013·Υ
1458 1214 1538 1244 Galli
1564 1215 1645 1256 apud
1668 1218 1822 1247 Borelltun
1841 1217 1871 1247 in
1893 1218 2010 1248 Gallico
2028 1219 2114 1249 Glos-

1120 1277 1200 1297 sarto
1218 1277 1223 1296 :

1219 1366 1312 1391 Moult
1327 1366 1368 1391 fut
1386 1366 1541 1391 humiliant
1556 1371 1582 1391 ct
1596 1367 1699 1399 simple
1711 1387 1717 1397 ,

1221 1405 1281 1430 Elle
1295 1410 1341 1430 eut
1355 1414 1396 1430 un
1409 1405 1484 1430 voile
1499 1414 1534 1431 en
1548 1405 1606 1430 lieu
1621 1408 1653 1430 dc
1667 1406 1803 1438 guimpto.

1121 1503 1214 1544 Quod
1232 1504 1274 1533 sic
1291 1503 1379 1534 reddi
1395 1510 1495 1545 potest
1516 1514 1522 1534 :

1219 1610 1321 1636 Velum
1335 1620 1387 1643 pro
1400 1610 1516 1643 wimpla
1531 1611 1652 1643 simplex
1666 1611 1844 1644 humilisque
1856 1613 1978 1643 gerebat.

1123 1711 1214 1740 Nunc
1230 1719 1304 1739 vero
1325 1709 1456 1752 Gm‘mpe
1468 1719 1583 1740 nomen
1598 1715 1685 1739 extra
1702 1708 1882 1739 monialium
1901 1710 2033 1740 claustra
2058 1709 2120 1741 fere

1123 1762 1277 1804 ignotum.

1171 1819 1236 1848 313
1256 1817 1292 1847 C.
1315 1827 1356 1846 AD
1381 1826 1635 1846 tnmENGARnEM
1652 1826 1813 1851 QCONDAM
1832 1826 2029 1845 countssnx
2053 1827 2124 1847 mu-

1126 1881 1272 1900 rus-133.
1285 1887 1329 1891 -·
1342 1869 1412 1900 Fuit
1424 1868 1489 1899 haec
1505 1868 1598 1899 Alani
1611 1868 1730 1899 comitis
1744 1868 1856 1909 conjux
1868 1893 1875 1905 ,
1891 1868 1923 1898 in
1937 1869 2124 1900 clame-Val-

1124 1924 1224 1954 lenses
1244 1922 1379 1953 maxime
1401 1921 1556 1959 benefica,
1589 1920 1702 1962 quibus
1723 1921 1944 1952 monasterium
1964 1922 2051 1963 juxta
2076 1933 2125 1952 nr-

1123 1976 1196 2007 bem
1220 1979 1401 2008 Nannetum
1424 1975 1613 2011 construxit,
1639 1980 1715 2005 teste
1732 1974 1868 2005 Ernaldo
1886 1974 1917 2004 in
1943 1974 2023 2005 libro
2052 1980 2068 2006 2
2088 1975 2126 2007 de

1123 2030 1195 2061 vita
1209 2030 1307 2061 sancti
1328 2028 1496 2065 Bernardi,
1521 2038 1553 2058 n.
1576 2030 1639 2065 343
1665 2034 1693 2058 et
1717 2027 1840 2069 quidem
1855 2038 1936 2058 anno
1962 2031 2066 2066 1135,
2087 2040 2122 2059 ex

1122 2083 1330 2125 Chronologia
1346 2088 1460 2113 nostra.
1478 2081 1672 2113 §Ionasterio
1689 2080 1874 2111 vocabulum
1896 2087 1940 2111 est
1958 2082 2102 2112 Buzeium
2114 2106 2121 2119 ,

1121 2137 1170 2167 cui
1186 2136 1280 2167 modo
1298 2142 1408 2178 praeest
1426 2134 1647 2166 illustrissimus
1664 2133 1760 2164 abbas
1774 2134 2008 2171 Canmartinus,
2028 2144 2044 2164 a
2062 2145 2122 2175 quo

1121 2190 1283 2232 primarias
1301 2188 1417 2220 conditi
1435 2187 1570 2219 coenobii
1587 2187 1702 2218 litteras
1719 2187 1902 2228 accepimus.
1921 2186 1977 2217 His
1993 2187 2024 2217 in
2043 2187 2123 2217 litte-

1121 2243 1162 2274 ris
1182 2249 1311 2274 testatur
1331 2242 1394 2272 dux
1420 2243 1583 2278 Conanus,
1606 2240 1698 2272 Alani
1722 2251 1759 2270 ex
1785 2239 1993 2281 Ermengarde
2017 2240 2097 2271 filius
2111 2265 2118 2277 ‚

1121 2308 1152 2328 se
1177 2308 1239 2327 nna
1259 2307 1329 2327 cum
1346 2301 1444 2326 matre
1460 2305 1514 2325 5113
1531 2293 1687 2324 abbatiam
1713 2293 1860 2324 Buzeium
1885 2292 2036 2323 aedificare
2061 2300 2121 2323 sta-

1120 2350 1214 2382 tuisse
1226 2375 1233 2387 ,
1252 2350 1306 2381 sed
1331 2348 1536 2391 quorumdam
1554 2347 1678 2377 sinistro
1696 2346 1841 2387 deceptos
1866 2345 1993 2376 consilio
2019 2345 2058 2375 ab
2075 2345 2122 2375 in-

1120 2410 1222 2446 coepto
1247 2402 1420 2434 destitisse:
1438 2401 1511 2431 dum
1528 2400 1653 2430 veniens
1676 2399 1708 2429 in
1729 2399 1794 2429 illas
1814 2404 1917 2440 partes
1944 2398 2117 2429 Bernardus

1119 2457 1216 2488 abbas
1229 2454 1440 2488 Clarze-Vallis
1450 2479 1457 2491 ,
1474 2453 1513 2484 3(1
1526 2454 1612 2494 cujus
1625 2452 1780 2483 abbatiam
1795 2453 1931 2482 Buzense
1943 2451 2117 2481 coenobium

1118 2510 1294 2553 spectabat,
1313 2515 1343 2540 et
1358 2508 1462 2539 locum
1483 2517 1563 2549 pene
1582 2506 1752 2537 desolatum
1776 2504 1900 2541 videns,
1921 2503 2117 2534 vehementer

1119 2564 1217 2595 doluit
1235 2573 1242 2594 :
1261 2579 1275 2589 κ
1293 2568 1323 2593 01
1345 2572 1412 2599 me,
1433 2576 1447 2586 κ
1465 2559 1564 2600 inquit
1591 2561 1751 2595 conanus,
1771 2572 1783 2583 «
1802 2557 1887 2598 quasi
1910 2556 2063 2598 perfidum
2080 2567 2116 2587 ac

1120 2633 1134 2644 »
1153 2616 1333 2648 mendacem
1371 2612 1584 2645 austerissimis
1616 2609 1878 2652 increpationibus
1907 2609 2091 2650 redarguens
2105 2634 2112 2645 ‚

1120 2687 1133 2698 ι»
1153 2670 1260 2702 abbati
1279 2680 1313 2700 ac
1336 2668 1499 2704 fratribus,
1518 2665 1571 2707 qui
1589 2664 1704 2696 ibidem
1723 2662 1933 2699 morabantur,
1956 2668 1987 2692 ut
2013 2662 2114 2692 locum

1120 2742 1132 2752 u
1146 2724 1368 2765 relinquerent,
1385 2727 1414 2752 et
1428 2720 1468 2751 ad
1482 2718 1738 2752 Claram-Vallem
1751 2715 1899 2752 redirent,
1916 2714 2088 2756 imperant.
2104 2728 2116 2738 υ

1119 2776 1294 2809 Intercessit
1312 2777 1468 2810 Conanns,
1485 2779 1515 2803 et
1530 2770 1676 2802 restitutis
1689 2780 1763 2811 quas
1780 2768 1946 2799 abstulerat
1961 2773 2114 2798 monaste-

1119 2832 1157 2863 rii
1170 2830 1274 2866 rebus,
1295 2828 1422 2859 aedificia
1435 2825 1539 2869 perfici
1556 2824 1683 2855 curavit.
1702 2822 1822 2854 Ijucris
1833 2819 2030 2851 subscribunt
2050 2819 2115 2861 epi-

1119 2884 1204 2926 scopi
1220 2881 1380 2914 Rotaudus
1388 2878 1584 2914 Venetensis,
1601 2877 1718 2907 Alanus
1735 2873 1962 2910 Rhedonensis,
1977 2875 2116 2903 Joannes

1120 2935 1358 2971 Macloviensis,
1381 2939 1411 2964 et
1431 2932 1540 2963 Iterius
1558 2928 1781 2963 Nannetensi5‚
1802 2934 1830 2958 et
1851 2937 1920 2958 cum
1942 2926 1985 2957 eis
2011 2929 2119 2956 Petrus

1120 2991 1216 3023 abbas
1242 2988 1378 3031 ejusdem
1403 2984 1556 3023 coenobii,
1584 2990 1676 3025 atque
1702 2981 1844 3012 Andreas
1868 2978 2047 3010 monachus.
2070 2978 2119 3008 Ad

1120 3041 1363 3083 Ermengardem
1386 3044 1420 3069 nt
1442 3043 1647 3073 revertamur,
1669 3033 1830 3066 Goffridus
1853 3031 1948 3063 abbas
1971 3030 2120 3062 Vindoci-

1120 3095 1223 3127 nensis
1247 3095 1279 3125 in
1294 3093 1366 3124 libri
1382 3095 1398 3123 5
1414 3091 1503 3132 epist.
1524 3092 1564 3120 23
1583 3099 1650 3119 eam
1671 3086 1813 3118 hortatur
1838 3085 1877 3116 ad
1902 3083 2117 3115 resumendum

1121 3150 1191 3180 vitre
1218 3147 1368 3188 religiosae
1392 3143 1605 3186 propositum,
1637 3151 1654 3171 a
1683 3150 1744 3182 quo
1770 3138 1928 3169 deflexisse
1952 3136 2015 3166 visa
2043 3140 2116 3166 erat.

1122 3202 1207 3233 Idem
1227 3199 1388 3232 Goflridus
1405 3208 1473 3228 eam
1495 3197 1528 3227 in
1547 3195 1676 3237 epistola
1702 3198 1848 3234 sequente
1870 3190 1983 3231 regiam
2001 3188 2118 3229 prolem

1121 3254 1269 3297 appellat.

1171 3311 1236 3339 315
1255 3308 1295 3336 A.
1314 3316 1356 3335 an
1380 3314 1494 3334 nuciam
1511 3313 1552 3333 Er
1577 3310 1736 3331 111-0155311
1758 3305 1998 3327 Loriumxfflae.
2014 3309 2053 3313 --
2074 3291 2119 3322 Si-

1123 3360 1207 3392 moni
1235 3358 1379 3389 videlicet
1404 3363 1435 3388 et
1461 3353 1621 3389 Adelaidi,
1647 3362 1711 3383 non
1736 3347 1899 3383 Gertrudi,
1928 3352 1960 3376 ut
1981 3344 2119 3386 plerique

1127 3414 1275 3445 scribunt.
1294 3414 1342 3443 De
1363 3410 1456 3452 hujus
1481 3407 1608 3439 dncissae
1633 3402 1832 3435 conversione
1857 3410 1911 3441 per
1932 3396 2120 3429 Rei-nardum
