2533 3920
389 145 461 182 707

386 223 535 260 clesiem
573 218 812 257 commissam
844 214 937 259 tibi,
974 227 1052 250 non
1086 212 1183 249 sicut
1218 207 1433 248 ancillam³⁵

387 284 567 328 domino,
590 280 680 326 sed,
701 286 741 315 ut
758 277 805 314 ad
826 275 1058 326 principium
1078 272 1248 323 epistolae
1269 283 1398 307 rever-
1418 283 1447 316 A
1467 275 1528 303 tur
1543 295 1552 312 ,
1576 266 1635 302 vel
1658 273 1757 301 stare
1788 262 1919 300 debuit
1945 262 2094 308 adhuc,
2126 263 2185 299 vel
2209 264 2382 304 cecidisse
2407 283 2466 307 ca-

388 356 462 392 tar,
491 353 670 392 tauquam
703 339 781 376 lilio
813 345 994 378 matrem,
1029 344 1207 383 tanquam
1238 331 1397 368 Mariam

385 405 542 450 Joanni,
564 410 660 439 utet
678 400 724 437 dc
746 408 781 436 te
799 398 845 435 ad
873 411 955 434 cam
976 396 1049 432 dici
1068 394 1189 445 possit
1203 422 1212 439 ‚
1241 395 1394 437 flltclier,

385 467 593 512 eccesl'lius
614 472 722 505 ticum
748 468 786 497 et
815 459 861 496 de
890 459 971 508 ipsa
999 456 1045 493 ad
1076 465 1132 499 te,
1157 457 1255 490 Eece
1278 461 1400 488 mater

385 534 486 564 tuest.
507 530 564 562 Ita
591 524 692 560 enim
723 533 880 558 securus
907 531 987 555 esse
1017 516 1160 567 poteris
1180 513 1397 564 ingrediens

384 598 420 626 et
437 586 637 638 egrediens
652 612 661 629 ,
686 591 723 620 et
738 593 902 632 pergens
919 578 966 616 ad
987 577 1190 627 imperium
1213 574 1296 624 ejus
1308 603 1316 619 ,
1334 573 1399 623 qui

385 651 455 688 etsi
479 650 575 686 altus
597 655 674 692 est,
694 653 732 681 et
752 645 789 680 in
813 643 895 679 altis
916 640 1078 684 habitat,
1096 637 1255 674 humilia
1273 645 1399 672 tamen

388 710 541 761 respicit
563 710 600 745 in
619 707 716 744 coelo
733 714 770 741 ct
786 704 822 740 in
846 712 957 739 terra.

387 831 1369 857 ιιιιιιιιιιιιιιιιιιιιιιιιιιιιιιιιιιιιιιιιιιιιιιιιιιιιιιιιιιιιιιιιιιιι

490 954 865 1016 EPISTOLA
924 944 1306 1006 CCCXCIVf

527 1119 573 1140 ΑΙ)
605 1096 932 1139 ARCHIEPISCOPUM
961 1106 1257 1131 LUGDUNENSEM.

502 1241 564 1270 Pro
587 1235 703 1268 abbate
725 1230 939 1266 Athanacensi
971 1227 1055 1271 apud
1081 1226 1280 1269 Lugdunum.

385 1362 633 1416 Lugdunensi
666 1358 955 1408 archiepiscopo
968 1353 986 1378 b
999 1383 1008 1400 ‚
1040 1352 1260 1403 apostolicae
1297 1351 1402 1389 Sedis

440 1427 563 1475 legato
581 1452 590 1469 ,
630 1425 856 1458 BERNAanus
890 1413 1218 1453 Clarae-vallensis
1251 1411 1369 1449 abbas
1388 1441 1397 1457 ‚

436 1483 642 1537 providere
660 1481 762 1517 bona
779 1491 908 1516 coram
927 1480 1008 1513 Deo
1028 1483 1066 1512 et
1082 1472 1315 1511 hominibus.

440 1616 475 1653 Si
492 1614 619 1653 suavis
637 1612 769 1663 opinio
793 1618 830 1647 et
851 1609 949 1646 odor
965 1607 1109 1653 bonus,
1131 1619 1245 1656 quem
1267 1605 1314 1642 de
1330 1619 1400 1642 vo-

386 1678 445 1715 bis
475 1676 609 1713 habuit
641 1675 825 1710 hactenus
854 1678 975 1707 mater
1008 1668 1199 1713 Ecclesia,
1223 1667 1262 1703 in
1293 1666 1402 1716 cujus

387 1740 501 1777 horto
524 1734 763 1787 germinastis
788 1733 885 1769 sicut
904 1731 1046 1775 lilium,
1080 1729 1194 1766 suerit
1222 1728 1404 1764 immuta-

1159 135 1194 170 S.
1226 131 1479 168 BERNARDI
1510 129 1713 166 ABBATIS

1439 208 1450 224 “·“
1464 207 1646 243 nonicum
1677 203 1908 252 subterfugit
1922 215 2082 239 examen
2097 217 2107 249 ;
2131 203 2226 240 sicut
2242 203 2352 243 nobis
2365 207 2466 247 vide·
2484 221 2486 233 ³

2395 131 2464 170 703

1467 327 1607 363 nonico
1639 325 1787 374 judicio
1824 323 1870 360 de
1905 331 2057 360 caetero.
2094 323 2195 371 Quid
2230 324 2372 373 igitur?
2402 342 2466 367 nec
2484 339 2486 366 1

1466 395 1604 437 sponte
1622 386 1836 422 confessum
1853 413 1862 429 ‚
1882 397 1952 420 nec
1972 383 2052 420 aliis
2073 383 2314 421 manifestum
2326 415 2335 431 ‚
2351 389 2408 425 vel
2423 389 2468 428 ab
2485 371 2486 376 Ἰ

1466 448 1523 485 his
1539 447 1758 484 convictum
1773 445 2006 482 damnastis?
2024 444 2097 482 Sed
2112 444 2237 482 dicitis
2256 446 2346 483 mihi
2360 451 2467 488 :Cum

1465 509 1504 545 in
1522 522 1635 545 causa
1655 515 1771 553 esset,
1794 505 1935 542 decidit
1953 519 1973 542 a
1991 518 2114 542 causa.
2131 509 2216 542 Non
2234 506 2333 543 enim
2351 511 2469 558 putuit
2486 502 2487 505 ¹

1467 569 1683 620 producere
1706 575 1819 604 testes
1841 567 1927 603 illos
1941 595 1950 612 ‚
1971 579 2069 616 quos
2093 565 2127 602 ei
2150 566 2385 616 scripseram.
2404 571 2487 608 Be-¹

1468 644 1538 676 ne3
1558 629 1648 679 quia
1670 641 1746 665 non
1772 635 1960 664 steterunt
1980 640 2052 676 pro
2071 640 2117 663 eo
2138 627 2204 676 qui
2221 626 2370 665 stabant
2388 633 2487 669 con-'

1469 699 1527 727 tra
1559 703 1645 726 eum
1667 704 1674 726 :
1698 698 1878 738 tanquam
1913 688 1967 724 eis
1998 687 2213 733 diceretur,
2243 690 2320 724 Aut
2346 697 2489 729 contra.

1468 764 1538 788 vos
1559 749 1726 796 stabitis,
1749 757 1814 785 aut
1834 749 1902 785 iste
1924 747 2154 798 deponetur.
2170 747 2262 784 Illos
2275 776 2285 794 ‚
2304 747 2469 798 inquam,

1469 811 1609 848 hahere
1637 824 1714 847 non
1748 810 1875 860 potuit
1898 825 1908 856 3
1934 809 2000 846 sed
2038 808 2165 859 potuit
2196 807 2335 845 habere
2363 811 2470 860 alios,

1467 885 1633 922 quorum
1653 871 1870 907 testimonia
1891 883 1969 906 non
1991 870 2118 906 miuus
2138 876 2265 906 essent
2285 865 2489 911 credibilia}

1468 931 1698 969 testimoniis
1727 931 1906 977 illorum,
1933 943 2030 980 quos
2061 929 2203 966 habere
2232 942 2311 966 non
2339 927 2489 980 potuit.²

1419 997 1446 1031 Β
1469 992 1541 1030 Sed
1553 992 1632 1041 jam
1649 1005 1695 1028 ex
1710 991 1784 1028 alio
1796 991 1914 1027 latere
1931 1004 2082 1027 causam
2099 989 2356 1040 inspiciamus.
2372 994 2470 1041 Esto,
2486 1040 2490 1048 ς

1470 1066 1556 1090 reus
1574 1061 1648 1099 est3
1670 1052 1709 1088 in
1731 1051 1855 1088 media
1876 1064 1988 1088 causa
2003 1050 2142 1088 defecit
2156 1080 2166 1098 ‚
2183 1058 2222 1086 et
2237 1050 2470 1101 innocentia,
2488 1065 2489 1073 ¹

1469 1121 1506 1149 et
1529 1126 1653 1149 eausa.
1676 1116 1724 1149 Et
1749 1110 1818 1148 ubi
1846 1120 1902 1148 est
1933 1111 2028 1148 illud
2046 1140 2056 1157 ‚
2088 1128 2103 1144 α
2123 1110 2301 1149 Vitiatam
2331 1123 2490 1150 causam*

1471 1191 1485 1205 »
1502 1174 1590 1211 licet
1618 1173 1789 1210 relevare
1815 1172 2083 1223 appellationis
2118 1171 2318 1209 remedio?
2336 1189 2350 1205 »
2369 1158 2490 1221 Quod?

1471 1235 1501 1271 si
1527 1235 1788 1285 appellantem
1820 1234 1996 1271 noluistis
2025 1233 2178 1280 audire,
2213 1241 2377 1270 attamen
2411 1247 2473 1285 ap-

1470 1296 1613 1346 pellato
1636 1295 1775 1332 deferri
1796 1295 1981 1346 oportuit.
2012 1298 2144 1344 Neque
2175 1294 2277 1331 enim
2309 1293 2416 1331 decet
2437 1302 2490 1332 ιη’

1470 1356 1684 1407 procedant
1702 1356 1748 1393 de
1768 1355 1876 1392 labiis
1894 1355 2031 1393 vestris
2048 1354 2331 1392 inconsiderata
2345 1352 2473 1400 verba,
2488 1396 2490 1404 ‚

1469 1418 1528 1454 vel
1558 1417 1798 1467 praecipitata
1828 1415 1986 1466 judicia.
2016 1419 2126 1462 Non,
2161 1416 2340 1465 inquam,
2371 1415 2490 1465 prin-⁴

1469 1478 1591 1527 cipem
1624 1477 1800 1514 Ecclesiae
1830 1477 1967 1513 decent
1996 1475 2116 1513 verba
2144 1475 2510 1526 praecipitationiS,2-

1467 1538 1680 1588 praesertim
1710 1538 1793 1584 illa,
1824 1551 1910 1587 quae
1940 1551 2019 1574 non
2048 1537 2087 1575 in
2123 1535 2314 1582 tenebris,
2347 1535 2410 1574 sed
2439 1537 2475 1574 in
2506 1543 2517 1570 '2

1470 1599 1614 1635 lumine
1639 1599 1905 1649 proferuntur.
1931 1599 2025 1635 Dico
2050 1597 2185 1645 vobis,
2221 1598 2360 1635 multos
2392 1591 2491 1636 cum}

1470 1660 1536 1696 illo
1555 1660 1701 1697 laesistis
1715 1689 1723 1705 ‚
1743 1668 1780 1695 et
1807 1659 1916 1696 multi
1946 1660 1984 1696 in
2018 1659 2288 1709 persecutione
2309 1657 2390 1708 ejus
2408 1658 2491 1698 d0—t

1472 1720 1618 1758 lebunt.
1638 1724 1723 1758 Non
1746 1720 1879 1757 faciam
1896 1719 2006 1757 vobis
2021 1719 2182 1757 verbum
2204 1719 2509 1765 absconditum.

386 1809 446 1837 tus
461 1829 470 1845 ‚
504 1812 581 1835 non
614 1805 752 1847 potero
785 1807 862 1830 non
899 1792 1041 1828 dolere.
1075 1790 1179 1827 Sicut
1207 1788 1344 1825 cedrus
1364 1788 1401 1824 in
1424 1791 1450 1826 C
1472 1782 1683 1819 MUltOl'Uffl
1708 1780 1887 1831 Precibus
1908 1780 2071 1830 rogabar
2091 1781 2258 1818 scribere
2281 1794 2353 1831 pro
2372 1794 2416 1818 eo
2433 1776 2496 1832 ad}

385 1860 534 1898 Libano
561 1858 723 1894 exaltata
752 1862 826 1898 cst,
856 1852 907 1889 sic
930 1851 1019 1888 estis
1039 1849 1154 1886 hodie
1175 1850 1215 1885 in
1237 1848 1404 1885 Ecclesia

385 1921 483 1967 Dei,
519 1918 710 1962 amabilis,
740 1912 963 1959 laudabilis,
989 1919 1026 1948 et
1052 1910 1188 1947 charus
1209 1908 1401 1945 omnibus.

386 1986 524 2031 Magna
545 1987 633 2016 sunt
662 1990 747 2027 quae
776 1975 854 2025 jam
889 1974 936 2010 de
967 1971 1077 2008 vobis
1102 1970 1286 2007 habemus
1308 1985 1315 2006 :
1338 1969 1403 2006 sed

387 2043 512 2081 adhuc
532 2047 798 2090 exspectamus
819 2034 979 2084 majora.
1003 2037 1104 2070 Tene
1125 2032 1277 2068 interim
1298 2031 1403 2081 quod

387 2102 566 2153 accepisti
589 2116 596 2138 :
618 2113 696 2136 non
720 2097 828 2134 dabis
858 2096 996 2132 famam
1030 2102 1133 2130 tuam
1155 2092 1286 2129 videre
1313 2105 1402 2128 cor-

387 2164 623 2215 ruptionem.
657 2160 794 2199 Mclius
826 2166 883 2196 est
916 2156 1018 2193 enim
1050 2168 1190 2191 nomen
1228 2153 1399 2199 bonum,

387 2238 503 2276 quam
540 2222 681 2260 divitiae
715 2220 857 2257 multae.
897 2216 996 2266 Quid
1032 2216 1151 2253 fecisti
1188 2214 1234 2251 de
1264 2213 1402 2251 abbate

387 2283 695 2324 Athanacensic?
715 2285 798 2318 Jam
823 2279 1016 2329 judicatus
1041 2285 1117 2322 est,
1138 2276 1217 2326 jam
1243 2275 1402 2312 (lamna-

389 2356 448 2384 tus
474 2354 530 2383 est
545 2375 554 2391 ,
569 2344 648 2394 jam
670 2342 885 2393 depositus,
905 2348 943 2377 et
958 2340 1084 2375 locum
1103 2336 1271 2388 perdidit
1287 2335 1402 2373 abba-

388 2409 453 2454 tis,
475 2416 512 2444 ct
529 2407 712 2443 officium.
737 2402 850 2451 Quod
868 2402 1006 2438 factum
1030 2407 1086 2436 est
1103 2399 1149 2435 de
1170 2411 1238 2444 eo,
1261 2398 1401 2434 factum

386 2478 442 2506 est
463 2468 586 2514 citius,
608 2475 789 2515 tanquam
806 2464 844 2500 in
865 2469 1061 2499 momento
1077 2468 1114 2496 et
1131 2460 1171 2496 in
1189 2459 1266 2495 ictu
1283 2458 1398 2503 oculi,

387 2531 484 2568 sicut
517 2529 589 2566 erit
621 2528 660 2564 in
697 2524 977 2563 resurrectione
1005 2529 1261 2558 mortuorum.
1296 2522 1399 2556 Con-

387 2591 548 2629 fidentcr
581 2590 720 2638 loquor
750 2585 884 2631 vobis,
916 2583 1005 2633 quia
1033 2580 1235 2632 plenitudo
1261 2579 1451 2616 amorisD
1468 2571 1656 2608 homines.

386 2652 555 2690 excludit
575 2651 765 2687 timorem.
787 2651 928 2684 Tamen
950 2643 1043 2694 quid
1065 2641 1239 2693 peccavit
1257 2641 1403 2677 homo?

387 2713 478 2763 quid
508 2710 662 2747 tandem
694 2708 782 2745 mali
812 2707 899 2743 fecit
932 2705 1070 2749 homo,
1101 2702 1163 2739 eui
1188 2702 1268 2738 laus
1287 2700 1402 2737 estin

386 2773 553 2811 Ecclesia
570 2771 666 2809 Dei?
685 2768 797 2818 Quod
813 2767 970 2812 scimus,
990 2764 1189 2814 loquimur
1202 2792 1211 2809 ‚
1233 2762 1323 2812 quia
1343 2770 1402 2798 te-

387 2833 609 2870 stimonium
630 2830 775 2867 bonum
797 2826 932 2872 habet,
962 2834 999 2862 et
1030 2823 1077 2861 ab
1104 2823 1163 2860 his
1191 2823 1257 2872 qui
1285 2822 1401 2867 soris,

387 2903 423 2931 ct
447 2892 494 2930 al)
514 2892 572 2928 his
589 2891 653 2941 qui
672 2891 776 2926 intus
796 2895 894 2924 sunt.
923 2889 1108 2924 Caeterum
1124 2914 1133 2931 ‚
1161 2896 1247 2920 cum
1281 2881 1406 2918 adhuc

386 2955 585 3004 ignoretur
615 2959 744 2988 utrum
771 2961 889 3000 penes
915 2960 1001 2983 eum
1036 2946 1147 2995 culpa
1171 2944 1235 2991 sit,
1254 2957 1323 2980 nec
1344 2956 1407 2980 ca-

439 3097 446 3111 ¹
464 3092 557 3121 Joan.
575 3098 633 3118 xxx
647 3111 655 3125 ‚
674 3089 730 3124 26,
750 3087 804 3117 27.

1471 1842 1722 1892 apostolicam
1758 1841 1892 1879 Sedem
1912 1870 1921 1887 ‚
1958 1854 2125 1891 quorum
2159 1855 2237 1878 non
2273 1850 2330 1878 est
2362 1849 2475 1879 tutum

1471 1916 1605 1953 preces
1627 1911 1887 1939 contemnere.
1908 1901 1981 1939 Sed
1998 1901 2196 1951 quomodo
2215 1902 2296 1939 fieri
2311 1889 2491 1952 poterat,'

1472 1964 1595 2001 donec
1617 1964 1725 2013 prius
1758 1963 2006 2000 convenirem
2030 1962 2228 1999 dominum
2264 1975 2389 1999 meum
2405 1990 2415 2008 ‚
2444 1969 2478 2000 et

1471 2025 1737 2062 charissimum
1755 2037 1882 2060 meum
1900 2024 2075 2074 patrem?
2096 2023 2355 2061 Convenimus
2370 2017 2491 2072 igitur{
2515 2055 2517 2058 .

1470 2100 1538 2123 vos
1560 2085 1688 2123 verbis
1722 2085 1911 2135 pacificis,
1943 2093 2125 2134 tanquam
2152 2084 2260 2120 illum
2286 2082 2395 2133 cujus
2411 2072 2491 2120 ho?

1470 2160 1543 2183 nor
1559 2160 1711 2196 semper
1729 2146 1798 2182 fuit
1819 2145 1909 2182 mihi
1929 2159 2052 2193 curae,
2074 2153 2117 2182 ut
2139 2144 2365 2182 sententiam
2381 2143 2491 2209 illam}

1470 2207 1779 2258 intempestivam
1811 2207 1850 2243 in
1882 2207 2010 2243 locum
2048 2219 2161 2243 suum
2199 2204 2410 2251 revocetis,
2443 2211 2491 2257 §tl

1469 2267 1586 2305 homo
1604 2268 1668 2305 ille
1686 2268 1910 2305 restituatur
1926 2267 1965 2304 in
1987 2266 2148 2317 gradum
2169 2265 2395 2316 pristinum,
2412 2263 2477 2302 do-

1470 2342 1540 2366 nec
1562 2342 1674 2365 causa
1696 2327 1780 2378 ejus
1800 2341 1886 2364 cum
1906 2326 2046 2377 majori
2064 2327 2213 2363 cautela
2233 2325 2491 2378 examinetur..

1469 2392 1557 2426 Haec
1579 2388 1706 2426 scribo
1732 2387 1844 2425 vobis
1870 2401 2002 2425 servus
2033 2395 2172 2434 vester,
2195 2386 2386 2436 praecipue
2413 2396 2478 2435 pro

1468 2449 1591 2486 vobis.
1623 2453 1709 2487 Non
1750 2449 1854 2486 enim
1889 2457 2023 2485 contra
2056 2461 2152 2495 vos,
2186 2447 2253 2484 sed
2285 2446 2483 2484 vobiscum.
2512 2464 2516 2473 ·

1469 2519 1568 2547 stare
1588 2511 1700 2557 volo,
1723 2518 1760 2547 et
1777 2523 1850 2560 pro
1876 2509 2006 2557 vobis,
2028 2508 2130 2560 apud
2151 2513 2274 2547 Deum
2291 2536 2301 2554 ⁷
2325 2516 2361 2545 et
2382 2504 2492 2557 apud5

2487 2616 2495 2640 ’1

1633 3080 1646 3094 ⁰
1663 3077 1803 3120 Epistola
1820 3088 1914 3110 nova.

431 3149 448 3173 ¹³
461 3160 571 3193 Petro,
596 3153 650 3196 qui
669 3155 796 3184 Accone
810 3151 842 3181 in
866 3148 1030 3181 Palaestiua
1054 3147 1155 3187 obiit,
1176 3152 1252 3179 teste
1272 3145 1434 3177 Willelmo
1454 3144 1550 3188 Tyrio
1572 3144 1604 3176 in
1625 3144 1708 3176 libro
1734 3146 1774 3176 15
1787 3168 1794 3182 ‚
1821 3154 1890 3186 cap.
1921 3145 1959 3174 15
1977 3166 1984 3181 ‚
2007 3147 2037 3174 et
2059 3141 2187 3184 quidem
2206 3150 2289 3190 anno
2309 3142 2408 3172 1139.
2429 3139 2489 3194 De*

384 3211 445 3243 hoc
467 3208 645 3241 Bernardus
670 3206 703 3238 in
721 3204 859 3249 epistolis
882 3205 942 3235 171
971 3208 1001 3234 et
1026 3204 1103 3233 172.

431 3271 445 3287 c
472 3264 690 3296 Athanacense
717 3258 941 3292 monasterium
971 3255 1099 3288 Ordinis
1120 3257 1218 3287 sancti
1248 3253 1407 3286 Benedicti
1436 3253 1597 3294 antiquum
1627 3258 1655 3283 et
1678 3252 1815 3289 illustre,
1842 3250 1988 3293 Lugduni
2007 3250 2046 3281 ad
2071 3249 2266 3281 confluentes
2285 3244 2431 3280 Rhodani
2445 3248 2474 3275 et

391 3320 508 3351 Araris.
