2517 3936
57 218 153 257 1313

615 221 901 260 TRACTATUS
933 225 999 259 DF.
1027 225 1280 264 GRADIBUS
1308 228 1571 265 StJPERBIAE.

2022 239 2111 275 1:31³:

51 309 165 348 quam
189 296 223 351 si·
245 308 332 332 cum
358 294 504 332 caeteris
533 303 679 345 septem
708 296 788 334 dies
809 298 1108 348 jejunaverit.⁵⁷⁰
1123 304 1372 354 praesumptio
1393 305 1605 352 invenitur,
1628 309 1662 344 in
1685 323 1758 358 qua
1779 313 1959 361 septimus
1979 316 2117 363 gradus

51 355 299 395 Commodior
321 354 393 392 sibi
412 355 565 391 videtur
582 369 658 392 una
679 357 918 396 oratiuncula
944 373 1060 409 pecu—
1078 362 1110 394 A
1128 363 1383 399 constituitur.

51 417 172 462 liaris,
194 428 307 465 quam
331 422 410 451 tota
425 413 638 464 psalmodia
662 415 775 451 unius
799 418 933 454 noctis.
953 422 1057 455 Inter

51 475 318 527 prandendum
358 472 494 511 crebro
523 473 620 510 solet
652 475 783 511 oculos
809 475 954 524 jactare
988 491 1057 527 per

52 548 220 582 mensas,
247 543 289 571 ut
311 534 342 571 si
368 547 482 584 quem
511 533 637 570 minus
665 534 866 572 comedere
890 536 1055 585 viderit,

49 598 193 634 victum
210 608 249 632 se
272 594 418 641 doleat,
439 602 477 630 et
495 593 651 644 incipiat
678 593 844 644 idipsum
869 594 940 632 sibi
967 610 1057 633 cru-

53 657 190 697 deliter
202 655 426 693 subtrahere
439 682 449 700 ,
467 653 573 704 quod
590 653 847 690 necessarium
867 654 985 691 victui
1000 655 1059 691 in-

53 715 290 767 dulgendum
315 714 566 766 praeviderat,
599 713 687 763 plus
716 713 848 762 gloriae
885 722 1060 751 metuens

52 776 342 820 detrimentum,
367 787 483 824 quam
507 772 615 809 famis
636 772 860 809 cruciatum.
885 773 923 810 Si
944 786 1057 823 quem

17 850 28 863 ⁸
53 836 300 881 macriorem,
331 834 363 871 si
384 846 496 884 quem
526 832 767 883 pallidiorem
793 834 1056 883 perspexerit,

51 896 165 934 vilem
183 908 222 933 se
243 894 425 940 aestimat,
448 906 646 943 nunquam
668 892 881 943 requiescit.
901 896 948 930 Et
963 907 1061 943 quo-

53 957 154 995 niam
181 956 333 993 vultum
366 955 448 1005 ipse
484 967 595 992 suum
631 953 764 991 videre
801 967 880 990 non
908 962 1058 1004 potest,

52 1017 206 1068 qualem
233 1016 376 1054 scilicet
407 1028 448 1053 se
480 1013 721 1052 intuentibus
755 1014 895 1061 offert;
927 1028 1063 1053 manus

1464 482 1640 522 CAPUT
1672 484 1767 523 XVI
1776 515 1784 524 .

1196 599 1243 628 De
1256 597 1388 640 septimo
1401 596 1494 639 gradu
1512 598 1676 640 superbiw,
1695 600 1746 641 qui
1759 606 1801 631 est
1817 603 2053 643 prae511n1pti01·.

1180 717 1242 753 44.
1266 717 1338 765 Qui
1355 717 1455 753 enim
1474 717 1566 754 alios
1587 731 1625 755 sc
1646 719 1861 768 praeccllcre
1882 728 2007 769 putat,
2026 735 2123 770 quo-

1128 777 1243 813 modo
1261 791 1338 814 non
1362 777 1447 827 plus
1465 777 1510 814 dc
1531 792 1569 815 se
1582 808 1591 825 ,
1606 792 1717 828 quam
1734 779 1780 815 de
1799 780 1880 816 aliis
1898 784 2126 830 praesumat?

1127 836 1276 873 Primus
1293 837 1330 873 in
1351 837 1603 875 conventibus
1621 838 1777 884 residet,
1806 839 1842 875 in
1861 840 2025 878 consiliis
2042 842 2123 891 pri—

1127 909 1211 933 mus
1228 897 1454 947 respondet:
1472 911 1548 934 non
1566 906 1720 935 vocatus
1733 898 1895 946 accedit,
1910 913 1986 936 non
1998 899 2125 949 jussus

1127 969 1166 993 se
1185 956 1406 993 intromittit
1422 972 1430 994 :
1449 957 1646 994 reordinat
1665 957 1837 995 ordinata
1850 988 1859 1005 ,
1882 959 1999 995 reiicit
2017 959 2123 997 facta.

1128 1017 1323 1067 Quidquid
1342 1018 1422 1068 ipse
1442 1031 1519 1055 non
1545 1019 1673 1056 f'ecerit
1693 1027 1757 1056 aut
1776 1019 2028 1066 ordinaverit,
2057 1033 2126 1057 nec

52 1090 147 1128 quas
165 1084 294 1128 potest
313 1085 351 1113 et
374 1074 531 1113 brachia
549 1083 746 1126 spectans,
766 1074 899 1125 palpat
918 1083 1059 1123 costas,
1083 1083 1112 1118 Β
1130 1086 1230 1114 recte
1247 1078 1385 1114 factum
1400 1107 1409 1124 ,
1433 1091 1502 1115 nec
1515 1079 1672 1128 pulchre
1687 1079 1875 1116 existimat
1894 1079 2123 1117 ordinatum.

53 1138 236 1175 humeros
248 1133 424 1174 attrectat
436 1145 474 1174 et
489 1135 641 1173 lumbos
657 1150 665 1172 :
680 1143 722 1172 ut
738 1134 946 1172 secundum
958 1136 1064 1185 quod

53 1197 228 1248 corporis
247 1197 307 1235 sui
321 1196 512 1244 membra,
526 1196 586 1234 vel
605 1196 730 1233 minus
743 1224 753 1242 ,
774 1196 835 1233 vel
849 1196 943 1235 satis,
952 1197 1065 1234 exilia

53 1257 214 1311 probat,
235 1258 420 1309 pallorem
441 1257 518 1295 oris
538 1270 581 1294 ac
595 1256 765 1294 colorem
780 1256 983 1294 discernat.
1006 1258 1063 1296 Ad

54 1319 184 1357 omnia
217 1319 384 1369 denique
413 1332 482 1356 sua
515 1327 695 1355 strenuus
712 1347 722 1364 ‚
763 1317 812 1354 ad
846 1318 1065 1356 communia

54 1380 174 1431 piger.
194 1380 334 1430 Vigilat
355 1380 395 1417 in
415 1380 534 1427 lecto,
555 1378 699 1416 dormit
717 1378 757 1415 in
779 1379 898 1416 choro
923 1394 931 1416 :
957 1393 1066 1416 cum-

54 1454 130 1491 que
149 1440 231 1478 aliis
245 1439 495 1491 psallentibus
511 1440 558 1477 ad
577 1440 723 1490 vigilias
743 1447 821 1476 tota
842 1448 955 1476 nocte
974 1439 1066 1477 dor-

55 1501 185 1548 mitet,
204 1509 295 1552 post
314 1501 460 1552 vigilias
479 1501 559 1538 aliis
579 1501 619 1537 in
639 1501 806 1538 claustro
835 1500 1068 1550 quiescenti-

55 1560 155 1598 bus*
185 1562 290 1599 solus
320 1561 362 1599 in
383 1562 554 1599 oratorio
582 1569 784 1598 remanet:
808 1569 1000 1608 exscreat,
1029 1570 1068 1598 et

57 1619 167 1656 tussit
181 1647 191 1665 ‚
215 1619 421 1670 gemitibus
440 1633 484 1657 ac
501 1620 676 1670 suspiriis
694 1633 805 1657 aures
826 1620 917 1657 foris
934 1620 1068 1657 seden-

57 1679 151 1716 tium
175 1678 221 1716 de
240 1680 383 1730 angulo
403 1680 549 1730 implet.
574 1682 668 1718 Cum
691 1688 817 1717 autem
840 1693 887 1717 ex
906 1680 964 1717 his
983 1693 1068 1730 quae

56 1740 312 1790 singulariter,
330 1740 396 1778 sed
410 1741 575 1777 inaniter
590 1740 684 1791 agit,
700 1740 803 1791 apud
817 1741 1068 1791 simpliciores

57 1798 140 1849 ejus
156 1799 291 1850 opinio
308 1801 541 1847 excreverit,
562 1801 628 1851 qui
647 1801 822 1851 profecto
839 1814 957 1851 opera
975 1814 1069 1851 pro-

1129 1137 1281 1175 Judicat
1295 1137 1530 1187 judicantes,
1562 1138 1786 1188 praejudicat
1803 1137 2039 1188 judicaturis.
2065 1139 2125 1183 Si,

1131 1212 1217 1235 cum
1248 1207 1396 1249 tempus
1427 1199 1645 1245 advenerit,
1671 1212 1749 1236 non
1781 1207 2053 1249 promoveatur
2079 1199 2125 1235 ad

1130 1258 1364 1305 Prioratum3
1385 1272 1494 1296 suum
1511 1257 1685 1295 abbatem
1703 1258 1948 1294 autinvidum
1963 1257 2126 1307 judicat,

1131 1327 1196 1355 aut
1216 1319 1430 1369 deceptum.
1449 1318 1561 1367 Quod
1582 1319 1611 1354 si
1630 1318 1830 1354 mediocris
1845 1318 1878 1354 ei
1895 1318 2019 1367 aliqua
2036 1317 2127 1354 obe-

1132 1379 1273 1417 dientia
1288 1378 1460 1429 injuncta
1481 1379 1613 1425 fuerit,
1635 1378 1875 1428 indignatur,
1894 1386 2128 1427 aspernatur,

1133 1440 1322 1477 arbitrans
1348 1454 1386 1477 se
1407 1453 1484 1476 non
1508 1452 1587 1476 esse
1608 1438 1819 1476 minoribus
1840 1437 2103 1488 occupandum
2119 1466 2129 1482 ‚

1135 1501 1199 1551 qui
1219 1514 1257 1538 se
1286 1501 1334 1538 ad
1363 1500 1508 1550 majora
1539 1501 1653 1538 sentit
1677 1500 1869 1537 idoneum.
1897 1498 1968 1536 Sed
1994 1498 2058 1547 qui
2079 1498 2131 1534 sic

1133 1562 1378 1613 promptulus
1399 1561 1444 1598 ad
1466 1562 1594 1598 onmia
1624 1574 1662 1598 se
1688 1561 1805 1610 magis
1832 1569 1993 1604 temere,
2019 1571 2128 1607 quam

1134 1621 1252 1660 libere
1272 1622 1467 1659 consuevit
1489 1622 1682 1670 ingerere,
1703 1618 1934 1670 impossibile
1963 1626 2016 1654 est
2044 1630 2128 1653 eum

1135 1682 1339 1733 aliquando
1359 1696 1436 1719 non
1453 1695 1592 1718 errare.
1610 1680 1669 1719 Ad
1683 1680 1881 1730 praelatum
1900 1687 2026 1715 autern
2043 1690 2131 1727 per—

1137 1744 1231 1780 tinet
1255 1751 1444 1780 errantem
1469 1754 1639 1791 arguere.
1668 1739 1740 1778 Sed
1759 1738 1953 1789 quomodo
1982 1737 2130 1786 culpam

1136 1817 1241 1841 suam
1264 1802 1529 1848 confitebitur,
1551 1801 1616 1851 qui
1637 1813 1705 1837 nec
1726 1813 1805 1836 esse
1824 1807 1950 1848 putat,
1973 1811 2041 1834 nec
2061 1810 2132 1847 pu-

57 1859 151 1897 bant
170 1873 256 1910 quae
273 1870 457 1909 cernunt,
478 1861 545 1899 sed
563 1861 667 1898 unde
683 1861 875 1912 prodeant
893 1874 972 1898 non
991 1861 1069 1897 dis·
1088 1865 1115 1901 C
1138 1865 1208 1901 tari
1229 1863 1428 1915 culpabilis
1450 1862 1615 1913 patitur?
1635 1864 1841 1910 Propterea
1862 1871 1945 1895 cum
1970 1858 2002 1894 ei
2023 1857 2133 1906 culpa

57 1929 245 1968 cernunt;
267 1920 359 1958 dum
376 1921 557 1959 miserum
577 1920 816 1967 beatificant,
839 1921 878 1957 in
895 1934 1066 1958 errorem

58 1980 248 2018 inducunt
261 1987 287 2018 ¹.

413 2108 592 2147 CAPUT
622 2108 717 2149 XV.

173 2225 222 2255 De
233 2228 322 2255 sexto
334 2223 432 2266 gradu
443 2224 597 2267 superbia:
611 2248 619 2263 ‚
636 2224 668 2256 id
681 2231 728 2256 est
741 2224 918 2267 arrogantia
928 2226 954 2257 ².

111 2350 176 2388 43.
196 2350 327 2388 Credit
345 2351 451 2401 quod
468 2351 596 2397 audit,
622 2351 754 2388 laudat
773 2351 880 2402 quod
903 2352 999 2402 agit,
1031 2360 1070 2389 et

59 2409 165 2460 quod
182 2410 359 2447 intendat
377 2424 456 2448 non
477 2411 650 2448 attendit.
673 2410 922 2448 Obliviscitur
942 2412 1070 2448 inten-

60 2471 203 2507 tionem
215 2499 226 2518 ‚
257 2470 349 2508 dum
376 2472 620 2522 amplectitur
649 2472 884 2522 opinionem.
920 2473 1070 2523 Quique

61 2531 108 2568 de
127 2531 234 2568 omni
253 2532 326 2568 alia
344 2545 384 2569 re
403 2533 490 2583 plus
508 2532 581 2571 sibi
600 2533 722 2570 credit
735 2563 745 2581 ,
768 2547 881 2584 quam
901 2535 983 2571 aliis
995 2550 1005 2581 3
1025 2534 1071 2571 de

60 2603 100 2628 se
118 2590 202 2627 solo
217 2591 305 2640 plus
319 2591 401 2629 aliis
417 2592 539 2629 credit
551 2622 561 2639 ,
579 2606 695 2643 quam
714 2593 788 2630 sibi
808 2609 816 2631 ε
842 2603 884 2631 ut
901 2608 979 2631 non
992 2594 1072 2644 jam

1134 1925 1348 1975 imputatur
1360 1953 1369 1970 ‚
1385 1923 1518 1961 crescit
1529 1952 1538 1969 ,
1552 1934 1630 1958 non
1647 1927 1876 1970 amputatur.
1892 1918 1929 1956 Si
1943 1930 2031 1966 ergo
2048 1930 2133 1952 cum

1136 1994 1292 2035 argutus
1323 1984 1435 2021 fuerit
1453 2013 1462 2030 ,
1495 1982 1685 2019 declinare
1718 1993 1784 2017 cor
1814 1977 1894 2028 ejus
1928 1976 2068 2013 videris
2097 1976 2134 2011 in

1135 2045 1254 2083 verba
1269 2045 1422 2081 malitiae
1436 2073 1445 2090 ,
1468 2044 1507 2080 in
1524 2050 1700 2079 octavum
1716 2039 1872 2090 gradum
1887 2067 1895 2084 ,
1918 2036 1982 2087 qui
1999 2036 2137 2073 dicitur

1135 2106 1306 2143 defensio
1326 2112 1590 2156 peccatorum,
1609 2100 1761 2139 noveris
1779 2097 1976 2136 corruisse.

1468 2234 1643 2275 CAPUT
1670 2232 1807 2272 XVII.

1136 2363 1184 2391 De
1197 2364 1308 2390 octavo
1321 2354 1418 2397 gradu
1431 2351 1584 2395 superbiae
1597 2375 1604 2388 ,
1624 2350 1676 2391 qui
1689 2354 1734 2379 est
1747 2344 1885 2377 defensio
1898 2345 2095 2387 peccatorum
2107 2348 2132 2372 ς.

1192 2472 1254 2508 45.
1283 2468 1411 2507 Multis
1433 2479 1523 2503 vero
1550 2462 1671 2500 modis
1695 2461 1790 2496 fiunt
1810 2456 2071 2494 excusationes
2094 2454 2130 2489 in

1140 2530 1313 2583 peccatis.
1344 2533 1420 2566 Aut
1445 2525 1544 2562 enim
1575 2521 1664 2558 dicit
1684 2519 1748 2568 qui
1777 2530 1816 2554 se
1842 2523 2015 2560 excusat,
2050 2516 2131 2577 Non

1139 2592 1230 2638 feci;
1261 2598 1343 2635 aut,
1369 2587 1455 2626 Feci
1475 2583 1646 2634 quidem,
1669 2578 1734 2616 sed
1753 2577 1850 2613 bene
1870 2574 1957 2619 feci3
1979 2581 2065 2618 aut,
2097 2574 2133 2608 Si

57 2664 99 2689 v·
126 2650 178 2688 bo
194 2659 324 2698 tenus,
337 2660 403 2688 aut
417 2653 496 2690 sola
510 2666 672 2703 operum
690 2655 946 2692 ostentatione
963 2668 1070 2692 suam
1092 2663 1122 2696 D
1139 2652 1239 2691 male
1251 2682 1260 2699 ,
1280 2663 1358 2687 non
1376 2647 1535 2685 multum
1551 2643 1665 2687 male;
1684 2647 1770 2684 aut,
1788 2640 1824 2674 S1
1839 2636 1999 2672 multum
2018 2633 2112 2669 male
2124 2661 2133 2678 ,

157 2720 238 2749 erat
263 2704 506 2762 religionem,
529 2714 596 2751 sed
624 2714 762 2751 intimo
790 2715 918 2752 cordis
938 2715 1069 2753 credat

168 2786 176 2805 τ
219 2770 400 2808 omnibus
419 2785 459 2809 se
478 2773 709 2810 sanctiorem
727 2788 735 2810 ε
755 2782 793 2810 et
809 2774 1000 2824 quidquid
1024 2774 1070 2810 de

196 2839 316 2868 atum
336 2833 558 2881 agnoverit,
579 2846 658 2870 non
675 2833 900 2883 ignorantiae
919 2844 985 2872 aut
1004 2834 1074 2871 be-

197 2902 199 2905 ’
243 2890 289 2927 iae
304 2891 513 2929 laudatoris
524 2921 534 2938 ,
552 2892 619 2929 sed
637 2893 714 2930 suis
729 2894 874 2931 meritis
891 2908 1073 2944 arrogan-

265 2951 324 2989 ·it.
338 2952 452 2991 Unde
464 2962 555 3004 post
572 2953 873 3004 singularitatem
889 2983 900 3002 ,
923 2963 1072 2992 sextum

285 3028 303 3045 *a
326 3011 415 3062 jure
433 3014 652 3064 arrogantia
667 3014 851 3053 vindicat.
869 3019 959 3053 Post
975 3016 1074 3052 hanc

1140 2727 1218 2752 non
1240 2711 1336 2748 mala
1355 2706 1577 2746 intentione.
1609 2702 1646 2738 Si
1666 2708 1790 2737 autem
1811 2705 1847 2733 et
1869 2695 1914 2731 de
1932 2694 1992 2730 illa
2007 2722 2016 2738 ,
2039 2692 2135 2729 sicut

1139 2774 1260 2812 Adam
1277 2770 1337 2807 vel
1354 2772 1431 2805 Eva
1442 2794 1452 2811 ,
1471 2761 1720 2805 convincitur,
1741 2757 1861 2793 aliena
1877 2753 2051 2790 suasione
2069 2764 2136 2787 ex—

1140 2845 1272 2872 cusare
1285 2844 1323 2867 se
1335 2828 1477 2865 nititur.
1490 2822 1561 2862 Sed
1576 2820 1640 2871 qui
1654 2816 1865 2869 procaciter
1879 2814 1991 2850 etiam
2006 2819 2135 2876 aperta

1140 2890 1331 2934 defendit,
1362 2883 1513 2936 quando
1541 2880 1706 2917 occultas
1732 2884 1769 2912 et
1800 2874 1915 2910 malas
1941 2878 2139 2920 cogitatio-

1141 2966 1225 2997 nes,
1244 2948 1350 2987 cordi
1370 2958 1438 2983 suo
1459 2940 1720 2984 advenientes,
1740 2933 1933 2972 humiliter
1957 2931 2139 2967 revelaret

1146 3009 1274 3049 abbati
1284 3010 1298 3043 Ρ

334 3256 350 3270 Ἴ,
393 3235 410 3256 r
425 3226 576 3268 septimus
592 3227 705 3269 gradus
722 3227 907 3259 humilitatis
918 3253 925 3267 ‚
945 3233 1104 3270 Reputare
1122 3236 1153 3256 se
1169 3220 1313 3254 omnibus
1331 3216 1524 3248 inferiorem.

343 3279 352 3284 ”
365 3270 371 3274 ’
394 3319 412 3322 ..
432 3285 536 3311 sextus
549 3280 662 3322 gradus
679 3281 866 3312 humilitatis
878 3305 886 3318 ‚
906 3281 957 3312 Ad
973 3280 1076 3312 omnia
1093 3289 1124 3309 se
1138 3276 1296 3316 indiguum
1309 3296 1316 3308 ‚
1334 3277 1363 3300 et
1378 3268 1521 3299 inutilem
1539 3266 1688 3295 conlueri.

406 3328 426 3334 ”
442 3332 568 3375 ¹ouiutus
589 3334 703 3376 gradus
726 3333 920 3371 humilitatis,
945 3333 998 3374 qui
1021 3338 1077 3370 est,
1104 3328 1238 3362 Humilis

1260 3331 1288 3356 et
1312 3321 1443 3355 candida
1462 3317 1609 3351 revelatio
1628 3318 1822 3356 peccatorum
1842 3312 1869 3336 et
1895 3305 2041 3334 malarum
2061 3312 2141 3340 cogi-

1920 3414 1961 3450 Τ.)
