2517 3936
89 198 158 236 841

88 291 105 304 η
121 275 232 308 stolam
243 289 258 301 »
274 274 437 317 (nimirum
453 276 543 318 epist.
561 278 630 320 78).
645 294 659 305 u
676 279 772 320 Quod
793 291 868 310 vero
881 280 975 312 etiam
988 287 1018 312 et
1035 281 1100 323 ipse

87 346 102 360 a·
116 329 372 371 metropolitanus
383 330 570 361 Senonensis
583 331 834 374 archiepiscopus
844 333 999 365 Henricus
1012 344 1101 376 aeque

86 399 103 412 η
120 383 296 415 admonitus
311 382 420 413 litteris
433 383 530 414 sancti
544 384 695 415 Bernardi
710 400 724 410 n
736 385 800 427 (ep.
818 387 889 425 42),
904 401 916 412 α
929 392 959 417 et
972 387 1099 428 quidem

84 452 100 466 .
115 435 357 480 prolixioribus,
383 435 423 466 ad
442 436 603 467 meliorem
627 436 747 479 frugem
764 449 951 476 conversus,
971 450 1008 470 ea
1029 450 1099 481 quae

84 505 100 520 ι
113 495 216 522 essent
227 489 336 532 optimi
349 489 482 531 pastoris
496 500 626 521 munera
639 490 801 532 diligenter
815 492 953 534 expleret
965 517 972 531 ‚
989 493 1098 525 eadem

81 559 101 572 .-
115 554 155 576 ex
175 553 269 575 causa
290 542 430 585 ejusdem
445 542 595 585 principis
608 543 855 585 indignationem
869 544 1018 584 incurrit,
1034 552 1094 578 etc.

83 613 98 627 ι
113 596 175 630 sed
187 607 257 638 quae
275 596 334 627 ista
354 595 552 634 reformatio,
573 611 587 621 n
600 596 701 638 inquit
713 621 720 634 ‚
737 612 752 623 α
766 597 822 628 fuit
833 620 841 636 ‚
858 608 928 639 quae
942 598 1020 630 adeo
1036 599 1098 630 dis-

83 665 98 680 ·
112 650 227 694 pliceoe
247 648 385 692 potuerit
397 649 476 691 Regi
488 648 764 681 christianissimo?
783 650 841 681 llla
858 651 992 689 scilicet,
1011 654 1098 694 quod

81 717 98 734 ι
115 702 252 747 episcopi
282 702 397 734 assueti
429 702 516 744 prius
526 726 534 741 ,
566 702 673 733 relicta
708 703 837 734 ecclesia
848 728 856 742 ,
883 704 976 735 curiae
1002 707 1097 748 Regis

80 771 96 786 ι
109 757 250 790 assistere
259 781 267 795 ‚
292 755 434 787 militiam
446 756 557 787 sectari
566 781 574 795 ,
588 757 654 798 jam
667 767 734 788 sese
753 756 792 787 ad
805 757 967 788 ecclesiam
981 769 998 789 e
1011 760 1096 791 curia

77 823 95 840 ι
111 815 204 854 atque
223 810 334 841 militia
358 816 558 848 avocassent,
575 816 669 852 atque
689 810 783 841 etiam
803 810 944 842 subditos
962 811 1021 843 sibi
1034 813 1097 844 cle-

79 879 95 894 ·
109 863 190 896 ricos
210 863 328 906 pariter
349 869 560 895 revocassent.
577 866 651 894 Erat
667 863 782 895 horum
795 864 881 895 haud
894 865 1023 907 exiguus
1036 876 1096 910 nu-⁴

78 932 94 947 a
110 927 214 949 merus
226 917 259 948 in
271 917 389 959 palatio
402 917 496 959 Regis
516 917 716 949 militantium
728 942 735 956 ‚
752 929 810 949 nec
832 918 864 949 in
877 918 944 961 ipsa
958 919 1096 961 palatina

78 976 250 1008 nmmum,
277 970 333 1002 sed
358 976 390 1002 et
417 971 450 1002 in
478 971 628 1002 castrensi
652 971 762 1003 militia
787 971 984 1004 merentium.
999 973 1096 1014 Quod

77 1038 93 1053 ι
108 1023 251 1066 deplorat
271 1023 356 1055 idem
376 1030 502 1056 sanctus
515 1024 694 1056 Bernardus
707 1036 779 1056 cum
792 1025 825 1056 in
837 1025 982 1067 pluribus
995 1026 1070 1057 locis
1084 1051 1092 1065 ‚

76 1091 92 1106 ο
110 1082 178 1109 tum
200 1078 392 1120 praesertim,
419 1077 505 1120 quod
525 1078 565 1109 ad
589 1089 657 1110 rem
673 1084 810 1121 spectat,
840 1078 873 1110 in
897 1079 1029 1121 epistola
1055 1080 1095 1111 ad

76 1145 92 1159 ι
109 1131 274 1173 Sugerium
288 1130 436 1163 abbatem
449 1131 655 1163 Pan'siensem
666 1157 673 1171 ,
693 1147 705 1159 n
721 1138 780 1164 etc.
795 1135 867 1164 Huc
880 1143 980 1174 usque
996 1136 1094 1165 Baro-

74 1183 156 1216 niuS.
172 1183 234 1216 Sed
252 1190 286 1216 ut
300 1184 438 1217 historiae
451 1185 537 1228 apud
550 1191 692 1217 auctores
706 1186 789 1217 illius
803 1186 900 1217 aetatis
914 1186 976 1217 a!to
999 1186 1093 1218 silen-

74 1237 118 1270 tio
137 1238 269 1280 sepultae
289 1249 330 1270 ex
350 1238 508 1270 veteribus
522 1239 615 1270 etiam
629 1239 846 1270 instrumentis
859 1239 1003 1270 nonnihil
1017 1240 1094 1272 lucis

70 1289 242 1322 afferamus
251 1315 260 1330 ‚
278 1291 368 1323 lubet
380 1292 544 1334 cujusdam
556 1291 716 1324 familiaris
730 1292 770 1323 ad
783 1293 884 1335 ipsum
899 1293 1093 1335 Stephanum

73 1343 278 1376 Parisiensem
301 1345 485 1388 epistolam,
510 1356 605 1388 quam
626 1352 733 1377 noster
758 1345 912 1377 Acherius
937 1346 1093 1390 Spicilegii

72 1402 159 1429 tomo
181 1398 275 1430 tertio
300 1399 477 1442 evulgavit,
508 1398 650 1442 proferre
680 1399 713 1431 in
734 1399 892 1438 medium,
912 1400 1001 1442 cujus
1025 1400 1092 1433 haec

73 1450 169 1483 verba
193 1458 267 1484 sunt
293 1463 302 1485 ε

119 1571 134 1588 ι
151 1559 305 1601 Quamvis
321 1559 505 1592 Patet-nitati
522 1566 633 1592 vestrae
654 1560 863 1593 constantiam
887 1559 965 1592 nihil
989 1560 1094 1594 adbuc

73 1626 90 1639 ο
104 1613 219 1644 mutari
253 1624 313 1645 nec
338 1613 496 1645 debilitari
528 1614 754 1657 persenserim,
783 1620 891 1645 tamen
917 1625 976 1657 pro
1002 1614 1092 1647 vobis

73 1679 88 1709 1-
104 1675 192 1698 more
207 1667 299 1698 amici
321 1667 473 1699 sollicitus
497 1679 551 1699 vos
573 1678 686 1699 moneo
703 1674 734 1699 et
747 1678 895 1698 remoneo
907 1691 915 1706 ‚
931 1679 972 1698 ne
986 1678 1004 1699 a
1017 1679 1091 1710 pro-

73 1732 88 1746 ·
106 1719 208 1762 posito
224 1726 328 1752 vestro
342 1727 374 1753 et
384 1721 513 1763 justitiae
533 1722 636 1764 rigore
659 1721 838 1759 declinetis,
863 1732 921 1753 nec
946 1722 1093 1754 Ecclesiae

10 1775 12 1778 ’
61 1786 87 1800 ⁴-
105 1778 217 1805 vestrae
240 1774 436 1813 libertatem,
464 1785 534 1817 quae
562 1774 758 1818 temporibus
782 1780 1015 1806 antecessorum
1039 1787 1093 1806 ve-

10 1845 11 1850 =
60 1835 86 1857 4·
104 1832 241 1859 strorum
256 1828 381 1867 floruit,
400 1828 568 1860 annihilari
589 1828 775 1872 permittatis
786 1852 794 1866 ‚
810 1828 958 1870 illamque
980 1829 1090 1860 Domi-

59 1895 85 1909 -n
102 1880 205 1913 nicam
226 1882 412 1914 sententiam
434 1882 615 1914 memoriter
636 1881 795 1913 retineatis
811 1892 819 1912 ε
837 1881 933 1911 Beati
951 1881 1006 1926 qui
1017 1893 1088 1925 per-

61 1947 85 1964 .»
101 1935 291 1966 secutionem
311 1936 485 1981 patiuntur
506 1942 642 1980 propter·
659 1934 833 1977 justitiam.
851 1935 960 1966 Sciatis
983 1941 1089 1966 autem

63 2001 84 2019 ,ι
101 1997 153 2020 me
167 1989 201 2020 in
217 1989 364 2021 omnibus
377 1995 408 2021 et
422 2000 479 2032 per
492 1989 598 2020 omnia
611 1988 774 2020 vobiscum
793 1999 995 2031 perseverare
1007 2013 1013 2027 ‚
1030 2000 1088 2021 nec

69 2056 84 2070 =
99 2054 157 2087 pro
170 2043 293 2075 damnis
303 2067 312 2082 ,
328 2054 397 2085 quae
409 2042 487 2074 mihi
499 2048 531 2074 et
542 2041 720 2084 hospitibus
736 2042 812 2072 meis
834 2052 892 2084 pro
909 2041 999 2073 vobis
1012 2053 1087 2074 con-

68 2111 83 2124 ·
100 2097 236 2140 tigerunt
246 2121 254 2136 ,
271 2107 290 2128 a
303 2097 464 2140 proposito
478 2107 549 2127 meo
563 2095 676 2138 pedem
690 2094 861 2126 retrahere.
877 2098 945 2127 Rex
959 2096 1042 2127 enim
1057 2102 1086 2128 et

67 2164 82 2178 ι
100 2150 208 2193 regina
220 2151 297 2182 meis
309 2150 487 2193 hospitibus
500 2149 665 2181 duodecim
678 2149 775 2180 libras
792 2149 946 2180 dederunt
958 2174 965 2188 ‚
982 2156 1011 2181 et
1025 2149 1086 2181 hoc

67 2217 83 2230 n
98 2209 200 2235 totum
222 2215 281 2246 pro
302 2204 519 2247 redemptione
541 2214 669 2235 suarum
691 2214 797 2234 rerum
819 2202 1017 2234 abstulerunt
1033 2214 1040 2234 :
1055 2210 1085 2235 et

55 2265 82 2284 ἰ
96 2256 159 2288 mei
180 2263 326 2300 parentes
345 2263 378 2289 et
398 2257 489 2289 amici
502 2257 567 2299 regi
579 2263 611 2288 et
630 2257 744 2298 reginae
758 2256 863 2288 vineas
878 2267 961 2287 meas
975 2257 1084 2287 exstir-

67 2310 163 2353 2pari
179 2310 383 2353 jubentibus,
408 2311 517 2343 decem
537 2310 634 2342 libras
657 2309 830 2348 dederunt,
853 2316 882 2341 et
905 2309 966 2341 hoc
984 2316 1083 2342 totum

66 2377 82 2390 n
97 2363 208 2395 decani
223 2370 254 2396 et
268 2364 562 2396 archidiaconorum
584 2363 798 2406 instigatione.
815 2363 878 2394 imo
899 2366 936 2395 G.
955 2374 1083 2395 succen-

56 2427 81 2444 ἰ
96 2417 172 2449 toris
193 2423 349 2450 nocturna
367 2418 580 2450 susurratione
598 2423 761 2460 peractum
776 2423 834 2449 est.
850 2420 918 2448 Deo
932 2428 1006 2448 vero
1028 2428 1082 2448 vo-

57 2483 84 2497 ·-
97 2469 146 2502 bis
166 2477 198 2503 et
217 2471 294 2503 mihi
315 2471 539 2510 subveniente,
563 2482 614 2502 me
637 2471 761 2509 omnia,
778 2481 983 2512 quaecumque
1005 2471 1083 2502 ami-

66 2536 82 2550 ·
97 2524 208 2564 serim,
234 2531 495 2567 recuperaturum
527 2535 593 2555 non
626 2534 750 2562 vereor,
778 2535 837 2555 nec
862 2535 918 2555 vos
942 2523 1013 2555 sine
1032 2535 1082 2556 me

53 2590 83 2603 ’τ’
99 2587 268 2620 rerumque
294 2589 437 2610 mearum
470 2578 708 2620 recuperatione
744 2588 854 2619 pacem
882 2583 1082 2619 recepturum

55 2640 81 2656 ³·
99 2630 244 2663 arbitror.
260 2635 416 2664 Praeterea
436 2631 496 2662 nisi
518 2641 574 2662 vos
597 2631 728 2662 consilio
748 2631 822 2661 satis
836 2630 998 2661 abundare
1011 2640 1081 2661 sen-

55 2694 80 2710 ⁴-
95 2683 205 2722 tirem,
231 2685 369 2727 parvitas
392 2695 463 2716 mea
486 2684 668 2716 Paternitati
691 2690 802 2715 vestrae
827 2684 1020 2721 consuleret,
1047 2689 1080 2715 ut

65 2749 80 2762 ι
95 2735 256 2769 (1011111111111
290 2740 504 2770 Senonensem
529 2737 799 2780 archiepiscopum
824 2744 854 2768 et
879 2737 1080 2779 coepiscopos

64 2798 80 2816 ὑ
96 2796 216 2823 vestros
238 2791 386 2835 precibus
410 2791 520 2823 vestris
545 2797 576 2824 et
601 2792 773 2823 amicorum
794 2798 968 2823 vestrorum
992 2790 1080 2822 vobis

65 2855 80 2870 ο
96 2843 255 2884 alliciatis,
282 2851 314 2877 et.
338 2845 379 2876 ad
399 2845 528 2888 justitiae
553 2851 665 2876 vestrae
690 2846 958 2887 aggravationem,
987 2850 1022 2875 ut
1047 2844 1078 2874 in

49 2906 80 2924 ἰ
95 2896 327 2940 episcopatibus
351 2899 415 2930 suis
448 2909 467 2930 a
500 2898 614 2930 divinis
638 2905 777 2937 cessent,
805 2898 907 2930 modis
933 2897 1078 2929 omnibus

47 2972 49 2974 -
65 2962 79 2978 ι
96 2948 263 2992 impetrare
283 2962 349 2983 non
364 2951 533 2990 differatis,
549 2958 584 2983 ut
607 2952 746 2994 ejusdem
765 2952 894 2994 justitiae
911 2951 1078 2993 participes

64 3015 82 3028 π
96 3002 186 3035 vobis
206 3010 318 3036 contra
339 3016 449 3036 omnes
470 3004 677 3043 subveniant,
702 3012 750 3043 et,
776 3005 802 3037 si
820 3015 946 3036 necesse
962 3003 1073 3041 fuerit,

64 3067 80 3082 ι
95 3057 232 3097 Romam
251 3057 416 3090 nobiseum
438 3058 577 3089 veniant.
595 3073 608 3085 a

63 3163 111 3194 Ex
137 3162 198 3195 hac
221 3164 354 3207 epistola
381 3164 441 3196 tria
461 3164 636 3207 colligimus
668 3172 779 3197 notatu
802 3165 895 3206 digua
920 3175 926 3195 :
950 3163 1071 3206 primo,

63 3227 129 3249 non
152 3219 255 3250 solum
277 3219 477 3262 episcopum,
501 3219 557 3251 sed
578 3226 610 3251 et
635 3219 802 3251 familiares
823 3219 922 3260 iisque
943 3218 1074 3260 conjun-

51 3275 150 3310 ctos,
175 3271 269 3303 bonis
297 3273 444 3304 omnibus
467 3284 486 3304 a
506 3283 579 3315 rege
606 3273 780 3315 spoliatos:
809 3271 965 3308 secundo,
993 3270 1074 3301 hanc

39 3327 44 3330 '
63 3325 287 3365 persecutionis
307 3326 478 3368 procellam
502 3325 720 3368 instigantibus
748 3324 935 3368 quibusdam
958 3324 1076 3355 clericis

65 3377 246 3418 excitatam3
276 3378 386 3417 tertio,
415 3379 594 3411 libertatem
613 3379 851 3411 ecclesiasticam
877 3390 894 3410 a
919 3389 990 3420 rege
1009 3377 1074 3408 vio-

570 200 839 237 LECTIONES
868 203 1147 239 VARIANTES
1176 207 1236 242 ET
1264 209 1409 245 NOTAE
1439 211 1686 251 FUSIORES.

2090 226 2164 263 8¹12

1166 283 1270 315 latam.
1292 289 1370 327 Qua:
1395 288 1519 329 quidem
1543 292 1646 323 omnia
1671 294 1746 326 mihi
1772 296 1860 328 facile
1887 302 2090 341 persuadent,
2119 310 2162 333 t«.-

1166 341 1229 367 tam
1249 337 1340 379 liujus
1355 341 1426 370 mali
1441 341 1558 373 lernam
1572 354 1589 374 a
1602 345 1788 385 quibusdam
1810 351 1926 382 clericis
1948 355 2143 394 repetemlzuu
2155 381 2161 391 ,

1166 390 1218 430 qui
1247 402 1317 422 cum
1347 403 1404 433 pro
1434 395 1511 435 regis
1541 396 1669 429 arbitrio
1703 401 1912 434 ecclesiasticis
1941 407 2077 446 personis
2111 420 2162 439 ex-

1164 448 1302 474 actiones
1340 444 1562 486 imponerent,
1597 451 1871 495 experirenturque
1897 457 2085 498 Sti-phanum
2110 462 2164 492 ad-

1165 502 1358 534 versa11tem;
1392 500 1470 540 regis
1502 502 1639 533 animum
1669 504 1816 537 adversus
1839 508 1924 539 illum
1945 512 2073 551 pessime
2099 513 2164 544 irri-

1163 552 1282 586 tantes,
1308 549 1340 580 in
1362 550 1517 583 bonorum
1539 555 1678 586 omnium
1700 557 1865 590 discrimen
1887 561 2088 601 adduxerint,
2105 565 2165 596 imo

1165 600 1257 632 etiam
1280 602 1312 633 111
1329 603 1425 645 ipsius
1443 616 1549 638 necem
1566 609 1789 650 conspirarint,
1806 619 1840 644 ut
1858 620 1940 655 patet
1964 626 1999 646 ex
2022 617 2080 647 alia
2102 618 2164 659 epi-

1164 654 1243 685 stola
1257 655 1431 699 (Spicilegii
1451 664 1536 690 tomo
1560 664 1591 697 3,
1609 672 1679 703 pag.
1702 666 1762 695 102
1775 689 1782 702 ‚
1799 666 1887 707 epist.
1905 667 1963 709 37)
1977 668 2014 698 ad
2038 670 2166 711 Stepha-

1163 716 1240 737 num
1266 709 1392 751 scripta.
1420 712 1512 743 L'nde
1537 713 1653 746 factum
1678 722 1741 753 est,
1772 724 1805 749 ut
1831 720 1921 750 etiam
1947 721 2013 763 ipso
2037 722 2068 753 111
2091 723 2168 765 regis

1164 761 1292 801 gratiam
1307 761 1451 805 bonaque
1465 766 1568 797 omnia
1582 768 1722 800 restituto
1732 794 1740 808 ,
1760 771 1896 803 Thomas
1918 775 2168 806 Sancti-Victoris

1165 813 1345 845 Parisiensis
1365 817 1454 848 Prior
1474 829 1531 860 pro
1554 820 1640 852 istius
1662 833 1761 854 causae
1776 824 1953 858 defensione
1969 829 2165 869 postmodum

1164 866 1363 906 occubuerit,
1382 876 1415 901 ut
1439 871 1542 903 videre
1555 879 1600 904 est
1619 875 1708 916 epist.
1729 880 1789 908 158
1805 889 1872 920 sqq.
1888 883 1928 911 At
1951 880 2168 923 quodcumque

1164 920 1290 952 tandem
1316 921 1408 965 hujus
1443 927 1598 967 tragoediae
1631 930 1829 962 seminarium
1857 932 1962 971 fuerit,
1993 934 2166 978 Stephanus

1163 974 1256 1004 armis
1278 976 1488 1017 spiritualibus
1510 985 1616 1019 utenS,
1635 983 1727 1025 Regis
1741 990 1854 1016 terram
1866 986 2030 1020 interdicto
2052 1000 2167 1030 suppo-

1162 1026 1241 1065 suit;
1279 1029 1406 1072 ejusque
1437 1032 1682 1075 indignationem
1716 1037 1891 1077 declinans,
1921 1041 1960 1071 ad
1997 1042 2169 1073 Henricum

1163 1081 1390 1122 Senonensem,
1416 1091 1482 1116 tum
1505 1087 1596 1119 ambo
1619 1089 1658 1119 ad
1681 1091 1849 1133 capitulum
1872 1094 2072 1126 Cisterciense
2091 1105 2166 1126 cou-

1161 1131 1328 1175 fugientes,
1346 1136 1545 1170 fraternitatis
1556 1141 1644 1182 111111,
1662 1153 1722 1184 qua
1742 1150 1807 1175 tum
1820 1145 1896 1187 ipsi,
1912 1153 1978 1178 tum
1999 1149 2092 1179 etiam
2113 1159 2166 1178 rex

1163 1186 1311 1219 Cistercio
1334 1201 1366 1221 se
1387 1191 1599 1231 sociaverant,
1615 1195 1732 1227 litteras
1746 1198 1785 1228 ad
1802 1198 1987 1231 flectendum
2001 1202 2080 1243 regis
2102 1202 2165 1232 ani-

1161 1250 1246 1271 mum
1270 1252 1287 1272 a
1305 1244 1446 1276 Patribus
1469 1246 1675 1288 impetrarunt
1691 1261 1698 1281 :
1714 1261 1789 1291 quas
1811 1254 1986 1285 Bernartius
2007 1265 2077 1285 cum
2099 1258 2166 1285 Hu-

1159 1303 1239 1335 gone
1264 1296 1510 1337 Pontiniacensi,
1541 1301 1707 1343 multisque
1733 1304 1799 1334 aliis
1824 1307 1976 1346 prfelatis,
2007 1308 2165 1339 Ludovico

1158 1348 1290 1390 supplex
1314 1349 1448 1382 offerens
1460 1376 1467 1389 ,
1493 1354 1649 1395 repulsam
1671 1356 1796 1398 indigne
1819 1368 1924 1400 passus
1942 1366 1998 1391 est.
2014 1375 2026 1386 α
2043 1361 2170 1402 Episco—

1160 1416 1176 1427 »ι
1193 1412 1250 1444 pos
1261 1426 1268 1440 ‚
1287 1418 1299 1429 »a
1315 1403 1415 1445 inquit
1428 1406 1570 1437 AEmilius
1583 1407 1614 1438 in
1630 1409 1748 1439 Ludov.
1765 1425 1777 1436 ιι
1794 1410 1995 1453 deprecantes
2008 1424 2025 1444 a
2039 1413 2168 1446 senibus

1160 1470 1176 1481 »τ
1195 1455 1257 1486 suis
1283 1457 1398 1498 repulit
1422 1458 1598 1491 Ludovicus
1623 1471 1630 1492 :
1655 1462 1703 1493 cui
1729 1462 1964 1505 impoenitentiae
1991 1453 2166 1498 Bernardus

1160 1523 1176 1534 u
1196 1508 1294 1541 abbas
1322 1510 1401 1542 iram
1434 1512 1591 1544 coelestem
1626 1515 1780 1547 vindicem
1807 1517 1937 1556 instare,
1972 1519 2167 1551 denuntiasse

1160 1577 1176 1589 υ
1195 1561 1304 1594 fertur.
1322 1580 1337 1590 »
1350 1565 1518 1597 Addidisse
1532 1578 1604 1598 vero
1623 1569 1815 1600 Bernardum
1833 1571 2015 1610 Gaufridus,
2032 1575 2114 1605 Vitae
2131 1578 2162 1607 S.

1158 1616 1310 1648 Bernardi
1338 1617 1419 1649 libro
1443 1621 1478 1657 4,
1502 1631 1570 1662 cap.
1590 1624 1628 1659 2,
1658 1628 1687 1653 et
1716 1634 1752 1654 ex
1775 1634 1811 1654 eo
1838 1625 1998 1666 Gaguinus
2022 1627 2165 1660 Historia}

1159 1671 1271 1701 Franc.
1290 1670 1371 1702 libro
1388 1677 1405 1703 6
1421 1680 1572 1704 memorat
1589 1684 1596 1704 :
1616 1690 1630 1700 ιι
1651 1678 1744 1713 Haec,
1763 1676 1880 1718 inquit,
1901 1683 1972 1715 tua,
1990 1682 2057 1710 Rex
2071 1705 2078 1719 ,
2095 1692 2165 1723 per-

1161 1737 1176 1748 »
1195 1723 1310 1754 tinacia
1326 1724 1382 1755 filii
1395 1724 1521 1757 interitu
1540 1727 1748 1760 mulctabitur.
1763 1744 1775 1756 u
1792 1731 1885 1772 Cujus
1901 1732 2033 1763 vaticinii
2052 1734 2165 1767 veritas

1159 1775 1192 1806 in
1213 1775 1349 1819 Philippi
1367 1789 1443 1809 nece
1459 1779 1574 1810 infelici
1589 1781 1719 1822 probata
1743 1789 1799 1814 est.
1815 1786 1915 1815 Tanta
1929 1785 2051 1817 dicendi
2070 1787 2164 1819 liber-

1157 1834 1220 1860 tate
1237 1840 1254 1860 a
1271 1831 1432 1872 proposito
1450 1833 1595 1875 princeps
1610 1834 1767 1876 aliquanto
1789 1836 1942 1875 dimotus,
1969 1839 2009 1870 ad
2032 1842 2165 1874 Honorii

1156 1893 1246 1924 papae
1271 1883 1407 1922 litteras,
1440 1886 1553 1927 quibus
1581 1887 1781 1919 interdictum
1809 1890 1999 1930 solvebatur,
2027 1893 2162 1925 animum

1155 1935 1323 1975 refricans,
1356 1938 1436 1969 male
1465 1946 1565 1982 coepta
1594 1941 1754 1973 ardentius
1782 1949 1963 1985 prosecutus
1989 1952 2043 1977 est.
2071 1947 2164 1987 Quod

1154 1990 1332 2021 Bernardus
1350 1990 1550 2034 impatienter
1567 1993 1687 2031 ferens,
1715 2001 1778 2026 tam
1803 2007 1877 2034 suo,
1905 2008 1997 2038 quam
2023 1999 2163 2030 Gaufridi

1155 2044 1354 2075 Carnotensis
1371 2046 1498 2077 nomine
1519 2047 1635 2078 litteras
1651 2048 1689 2078 ad
1706 2049 1881 2080 Honorium
1898 2051 1989 2092 justae
2009 2052 2161 2093 querimo-

1153 2096 1213 2127 nia?
1229 2097 1337 2139 plenas
1354 2098 1439 2130 dedit
1456 2099 1571 2141 [epistt.
1597 2103 1651 2139 46,
1673 2102 1743 2144 47).
1769 2103 1910 2134 Tandem
1927 2116 2000 2136 vero
2016 2111 2079 2136 tam
2093 2117 2165 2148 per-

1153 2150 1256 2188 tinax,
1277 2157 1403 2193 tamque
1419 2153 1573 2185 concitata
1590 2153 1738 2186 dissensio
1758 2156 1853 2187 finem
1868 2158 2021 2199 accepisse
2040 2159 2162 2190 videtur

1151 2203 1184 2235 in
1209 2205 1341 2235 concilio
1369 2206 1535 2244 Trecensi,
1563 2217 1646 2238 anno
1668 2211 1774 2246 1128,
1795 2210 1843 2240 vel
1868 2217 1950 2241 certe
1973 2222 2036 2242 non
2062 2213 2158 2243 multo

1151 2264 1241 2299 post,
1271 2258 1367 2300 ipsius
1394 2260 1527 2291 Honorii
1551 2261 1760 2293 auctoritate:
1782 2273 1842 2304 qua
1867 2263 1905 2294 de
1930 2274 1963 2294 re
1985 2265 2158 2296 Bernardus

1151 2311 1264 2352 gratias
1279 2311 1402 2349 retulit,
1420 2312 1459 2343 ad
1473 2323 1542 2344 eum
1560 2313 1663 2344 denuo
1680 2314 1836 2352 scribens,
1853 2316 1943 2357 epist.
1959 2319 1999 2348 49
2017 2327 2025 2348 ς
2044 2333 2058 2343 «
2076 2318 2158 2349 Hinc

1151 2379 1164 2391 υ
1186 2364 1286 2404 8111111,
1317 2379 1329 2391 ιι
1348 2365 1466 2406 inquit,
1491 2380 1503 2392 α
1522 2366 1667 2407 gravibus
1690 2368 1884 2399 contumeliis
1901 2375 1931 2400 et
1953 2370 2072 2411 injuriis
2093 2372 2156 2412 epi-

1150 2432 1165 2443 u
1185 2418 1271 2459 scopi
1292 2417 1471 2450 Parisiensis
1494 2419 1668 2450 constantia
1684 2421 1807 2461 pulsata
1828 2428 1892 2459 est,
1911 2421 1963 2452 sed
1980 2433 2044 2453 non
2065 2433 2155 2464 quas-

1150 2487 1165 2498 n
1179 2477 1249 2505 sata
1277 2482 1284 2502 ε
1315 2471 1387 2512 quia
1419 2471 1572 2502 Dominus
1599 2473 1762 2514 supposuit
1788 2484 1915 2504 manum
1944 2485 2048 2512 suam,
2082 2487 2152 2507 cum

1148 2539 1163 2550 n
1180 2531 1313 2556 vestram
1327 2524 1483 2566 opposuit.
1497 2540 1509 2551 n
1522 2528 1619 2556 Porro
1632 2525 1715 2556 hunc
1729 2526 1918 2568 Stephanum
1934 2528 2150 2571 Parisiemem,

1147 2584 1238 2609 antea
1254 2578 1473 2609 cancellarium
1485 2602 1492 2615 ,
1516 2577 1693 2609 distinctum
1711 2589 1777 2609 esse
1799 2589 1816 2609 a
1837 2579 1994 2621 Stephano
2017 2580 2055 2611 de
2073 2584 2150 2613 Gar-

1146 2631 1240 2662 landa
1268 2630 1426 2673 dapifero,
1462 2630 1500 2662 de
1534 2642 1595 2672 quo
1625 2631 1656 2662 in
1681 2631 1857 2663 Annalibus
1885 2632 2003 2670 Tenui,
2036 2634 2148 2666 diserte

1145 2684 1259 2727 probat
1277 2684 1428 2716 Chesnius
1452 2684 1482 2714 in
1509 2684 1590 2714 notis
1617 2683 1655 2714 ad
1679 2684 1908 2719 Abaelardum.
1936 2696 1993 2717 nec
2018 2685 2148 2719 obscure

1145 2738 1327 2779 intelligitur
1357 2748 1394 2768 ex
1433 2737 1562 2779 epistola
1593 2736 1726 2779 quadam
1759 2737 1902 2769 Gaufridi
1934 2739 2143 2778 Carnotensis,

1145 2802 1214 2834 quse
1238 2797 1337 2822 exstat
1353 2790 1507 2832 Spicilegii
1532 2796 1616 2821 tomo
1640 2793 1672 2828 3,
1699 2801 1770 2832 pag.
1800 2794 1879 2828 260,
1907 2791 1939 2822 111
1958 2802 2018 2833 qua
2041 2793 2147 2825 scribit

1144 2851 1286 2876 sanctum
1324 2843 1518 2875 Bel-nardum
1548 2843 1641 2875 fuisse
1677 2843 1811 2874 electum
1848 2844 1888 2875 ad
1928 2855 2038 2886 pacem
2077 2857 2146 2878 cum

1144 2897 1302 2940 Stephano
1320 2897 1484 2928 Parisiensi
1507 2902 1536 2927 et
1558 2896 1715 2938 Stephano
1730 2896 1768 2927 de
1785 2896 1943 2928 Garlanda
1959 2908 2148 2940 componen-

1143 2951 1227 2982 dam.
1242 2950 1336 2991 Quod
1349 2949 1477 2980 ulterius
1499 2949 1538 2980 ad
1561 2949 1754 2980 Ludon'cum
1767 2955 1903 2991 spectat,
1919 2961 2012 2991 quem
2024 2959 2146 2984 sanctus

1142 3003 1318 3036 Bernardus
1341 3003 1380 3033 ad
1402 3003 1579 3033 Honorium
1600 3002 1738 3033 scribens
1761 3002 1851 3045 epist.
1868 3004 1922 3039 49,
1939 3003 2068 3035 alterum
2082 3008 2146 3036 He-

1142 3057 1251 3089 rodem
1273 3056 1426 3098 appellat;
1446 3055 1598 3086 memoria
1619 3062 1702 3087 certe
1724 3055 1851 3097 dignum
1865 3062 1930 3093 est,
1944 3063 2059 3097 quanta
2079 3058 2146 3089 reli-

1141 3111 1232 3152 gione
1245 3116 1273 3141 et
1288 3109 1471 3152 poenitentia
1484 3108 1567 3140 diem
1580 3109 1725 3139 clauserit
1738 3114 1926 3145 extremum,
1937 3119 2019 3139 anno
2032 3109 2145 3140 scilicet

1146 3170 1156 3195 1
1171 3166 1245 3195 137.
1261 3179 1275 3190 «
1291 3162 1355 3204 Qui
1368 3169 1401 3193 ut
1414 3168 1480 3193 erat
1493 3162 1525 3192 in
1539 3161 1666 3193 consilio
1680 3160 1841 3203 providus,
1860 3176 1875 3187 υ
1889 3161 1987 3202 inquit
2000 3162 2142 3202 Sugerius

1140 3216 1172 3247 in
1190 3217 1256 3259 ejus
1271 3216 1364 3253 Vita,
1385 3230 1397 3242 a
1421 3215 1480 3246 sibi
1502 3214 1562 3257 ipsi
1587 3215 1769 3251 consulens,
1797 3220 1826 3246 et
1850 3213 2010 3244 miseratus
2035 3214 2142 3244 animae

1143 3285 1157 3297 »2
1178 3281 1240 3301 sure
1254 3272 1322 3300 Deo
1336 3269 1462 3311 placens
1474 3292 1481 3306 ,
1504 3268 1658 3309 frequenti
1674 3266 1872 3298 confessionis
1885 3271 1914 3296 et
1928 3265 2072 3296 orationis
2085 3263 2143 3296 sibi

1141 3339 1154 3351 ι,
1173 3322 1342 3354 devotione
1377 3321 1581 3363 providebat,
1609 3320 1669 3351 hoc
1699 3329 1795 3349 unum
1820 3324 1884 3349 101⁰
1910 3317 2002 3347 animi
2034 3317 2146 3348 affectu

1142 3392 1156 3403 ‚‚
1179 3381 1367 3419 peroptans,
1400 3374 1484 3416 apud
1513 3379 1634 3405 sanctos
1663 3378 1810 3413 martyres
1836 3375 2023 3412 protectores
2054 3380 2145 3401 suos,
