2533 3920
361 207 436 244 587
1130 206 1164 238 S.
1196 204 1449 239 BERNARDI
1478 201 1680 238 ABBA'slS
2367 201 2457 238 588'

363 284 527 322 debilem
545 283 668 320 valde.
687 285 743 319 De
765 290 902 318 caetero
921 281 1016 318 scire
1032 293 1101 317 vos
1121 280 1212 316 volo
1225 309 1233 325 ‚
1257 278 1432 314 domi-‘²³³‘
1445 278 1637 327 dirigeret.
1653 276 1756 314 Scire
1773 276 1898 326 placet
1913 275 2006 324 quid
2023 273 2237 324 injunctum
2255 276 2303 312 sit
2317 277 2373 314 ei?
2388 278 2448 316 Ni-

365 358 457 382 num
478 342 693 382 Robertum
709 348 739 388 ³,
759 354 982 391 germanum
998 349 1167 377 vestrum
1183 368 1192 384 ,
1217 339 1374 387 dignati·
1391 340 1419 373 A
1439 338 1491 374 hil
1523 351 1568 373 ex
1593 336 1767 385 injuncto
1793 348 1926 385 agere,
1960 335 2027 372 sed
2058 343 2180 372 totum
2213 337 2449 376 committere

367 415 424 443 ter
454 418 526 442 nos
556 412 593 440 et
614 403 751 440 devote
783 402 873 440 satis
887 401 1057 438 visitasse
1083 401 1122 436 in
1155 399 1376 436 :infirmitate

367 473 510 502 nostra.
533 463 606 502 Sed
622 462 724 499 etsie
740 462 910 498 locutum
928 460 964 496 in
985 458 1140 496 auribus
1156 458 1317 504 nostris,
1335 466 1378 494 ut

368 525 549 576 gaudium
571 522 683 560 nobis
697 530 734 558 et
749 534 854 571 spem
872 521 918 557 de
937 533 975 557 se
992 520 1189 556 meliorem
1210 519 1377 568 relique-

366 586 426 622 rit.
445 585 600 634 Diligite
619 596 728 628 eum3
746 582 834 631 quia
852 581 881 618 si
897 580 1006 617 dictis
1024 580 1120 621 facta
1134 586 1375 628 compenset,

368 644 623 696 complacebit
642 642 752 680 vobis
780 642 817 678 in
839 641 904 678 illo
932 656 939 677 :
961 649 1017 687 et,
1037 641 1066 677 si
1088 640 1244 689 dignum
1271 638 1376 687 judi—

366 707 458 744 catis
471 735 480 751 ‚
506 705 598 743 sciat
618 703 726 741 vobis
744 703 894 753 placere
914 701 1019 751 quod
1040 709 1172 737 nostro
1191 708 1227 736 et
1246 699 1375 736 bono-

366 781 450 805 rum
472 765 639 804 consiliis
660 763 706 800 de
727 771 864 799 caetero
887 775 925 798 se
942 761 1206 810 acquieturum
1228 760 1375 810 promi-

366 827 424 864 sit.
447 826 616 876 Sigillum
635 837 713 860 non
730 831 810 859 erat
830 822 877 859 ad
898 835 1051 858 manum
1072 836 1079 858 :
1100 821 1168 858 sed
1183 821 1248 871 qui
1268 820 1372 870 legit²

364 894 545 937 agnoscat
562 885 710 929 stilum,
734 883 822 932 quia
843 883 924 932 ipse
941 882 1080 919 dictavi
1102 880 1131 917 b.

362 1027 1371 1042 ===================================================================

540 1157 920 1216 EPISTOLA
985 1156 1224 1215 CCCV.c

542 1315 586 1337 AD
616 1314 799 1337 DOMINUM
831 1314 947 1335 PAPAM
978 1314 1196 1336 EL'GENIUM.

363 1433 551 1475 Episcopum
564 1431 785 1462 Belvacensem
799 1441 816 1461 a
834 1433 978 1462 Romano
998 1430 1107 1462 itinere
1119 1431 1210 1472 justis
1224 1443 1260 1462 ex
1274 1432 1374 1463 causis

407 1487 581 1518 detentum.
597 1489 707 1526 Itaque
727 1496 851 1516 causam
867 1486 933 1527 ejus
954 1485 1113 1516 Pontificis
1130 1487 1259 1517 consilio
1277 1493 1374 1518 totam

409 1540 586 1573 committit.

413 1663 528 1701 Filius
551 1670 675 1698 vester
690 1662 752 1698 ille
769 1662 1009 1699 Belvacensis
1024 1663 1038 1677 *
1058 1663 1185 1712 (quem
1209 1662 1373 1700 dicerem

360 1733 397 1761 ct
416 1732 589 1760 nostrum
605 1751 613 1767 ,
637 1722 709 1759 nisi
739 1722 982 1759 insolentiam
1013 1722 1217 1773 redoleret)
1241 1725 1375 1774 appel—

361 1785 457 1820 latus
474 1782 521 1819 ad
538 1790 700 1818 vestram
719 1782 959 1832 praesentiam
971 1782 1169 1829 veniebat,
1187 1792 1224 1819 et
1239 1784 1374 1831 libens,

365 1852 498 1894 utpote
524 1843 570 1879 de
591 1856 656 1879 sua
675 1841 822 1891 justitia
845 1856 1022 1888 securim,
1045 1852 1080 1879 et
1107 1844 1153 1879 de
1171 1853 1296 1881 vestro
1315 1858 1378 1894 pa-
1396 1849 1423 1884 C
1444 1852 1502 1880 ret
1522 1857 1634 1894 posse
1665 1844 1908 1893 contingere,
1938 1844 2011 1880 nisi
2037 1843 2098 1880 cui
2129 1851 2221 1880 nota
2253 1856 2331 1880 non
2360 1850 2455 1881 esset

363 1913 473 1940 terno
494 1903 623 1939 favore
645 1915 723 1938 non
742 1901 893 1939 dubius.
913 1902 987 1940 Sed
1006 1902 1135 1939 obstiti
1152 1917 1242 1952 ego,
1257 1913 1294 1940 ct
1309 1905 1373 1940 vix

362 1976 448 1999 eum
478 1961 588 2012 potui
618 1962 802 2007 retinere,
833 1963 979 2012 quippe
1006 1963 1188 2013 cupidum
1219 1964 1374 2001 videndi

365 2022 496 2059 faciem
528 2030 706 2058 vestram.
740 2022 852 2069 Quod
896 2031 1020 2058 autem
1053 2024 1217 2061 retinere
1246 2025 1373 2069 volui,

363 2096 448 2119 cum
465 2082 592 2118 multae
607 2090 851 2118 occurrerent
867 2095 987 2118 causae
1001 2112 1009 2128 ‚
1026 2083 1117 2119 illud
1137 2086 1374 2134 praecipuum

364 2144 433 2180 fuit
446 2173 455 2189 ,
492 2143 597 2193 quod
633 2142 679 2179 (le
710 2151 833 2179 vestra
868 2142 1128 2181 dubitavimus
1161 2146 1373 2184 voluntate.

365 2202 510 2239 Deinde
541 2210 681 2252 praeter
713 2202 803 2238 alias
823 2202 1155 2240 incommoditates
1178 2218 1253 2241 non
1277 2219 1375 2255 pau-

364 2275 444 2307 cas,
465 2275 550 2311 quae
567 2260 722 2298 obviare
735 2261 960 2305 viderentur
972 2291 981 2307 ,
1003 2264 1081 2313 ipse
1097 2273 1133 2308 et
1155 2265 1270 2302 frater
1286 2280 1376 2303 suus

366 2327 445 2360 Rex
470 2335 545 2359 non
576 2321 773 2358 ambulant
793 2322 832 2359 in
853 2336 931 2359 uuo
953 2324 1112 2373 spiritu,
1140 2333 1176 2361 et
1194 2339 1272 2363 non
1293 2335 1375 2364 erat

365 2383 453 2419 satis
472 2390 595 2418 tutum
613 2382 678 2419 diu
696 2381 887 2419 absentari
905 2398 926 2419 a
942 2384 1030 2420 suis.
1049 2385 1147 2421 Nolo
1164 2400 1183 2422 a
1199 2399 1258 2423 me
1275 2401 1376 2436 quae-

1445 406 1571 434 vcstro
1590 397 1749 433 consilio
1763 425 1772 442 ,
1788 396 1834 433 de
1851 409 1930 446 quo
1946 404 2048 432 totus
2066 396 2210 446 pendet
2226 396 2319 446 ipse.
2339 401 2449 436 Nem-

1444 471 1491 508 pe
1520 457 1696 494 fiduciam
1718 456 1851 503 habet,
1879 470 1957 493 nou
1983 456 2100 493 modo
2116 455 2282 506 judicari
2303 471 2449 498 causam

1444 532 1549 555 suam
1567 532 1588 555 a
1604 518 1733 563 vobis,
1751 517 1815 555 sed
1830 516 1978 567 juvari,
1996 517 2061 554 sed
2079 517 2219 564 foveri,
2235 517 2302 554 sed
2319 531 2451 558 manu—

1443 579 1579 616 teneri.
1601 579 1637 617 Si
1670 579 1794 629 placet
1823 591 1905 614 eam
1930 577 2168 614 committere
2201 577 2358 615 domino
2376 582 2452 618 R&

1444 640 1564 677 mensi
1600 640 1907 690 archiepiscop0,
1944 647 2136 675 maturum
2178 652 2292 689 posse
2323 640 2452 679 sortiri
2482 674 2483 678 ,

1444 702 1559 739 linem
1579 702 1748 739 Domino
1766 700 1971 737 auxiliante
2002 699 2255 746 confidimus,
2273 699 2303 736 si
2328 708 2450 739 tamen
2481 717 2484 724 ·

1443 762 1663 812 appellandi
1681 761 1887 811 suffugium
1906 760 2006 811 parti
2021 760 2175 810 utrique
2195 759 2451 800 subtrahatur.
2482 774 2483 778 ’

1452 907 2454 918 ιιιιιιιιιιιιιιιιιιιιιιιιιιιιιιιιιιιιιιιιιιιιιιιιιιιιιιιιιιιιιι

1594 1029 1969 1086 EPISTOLA
2029 1019 2302 1087 CCCVI.‘l

1502 1197 1650 1220 DOMINO
1680 1184 1879 1220 OSTIENSI*
1910 1197 1982 1219 PRO
2012 1197 2223 1220 ELECTIONE
2251 1198 2403 1221 ABBA'rls

1644 1257 1809 1280 Tt'ROLDI
1840 1258 1887 1279 DE
1916 1256 2268 1280 TRIBUS-FONTIBFS.

1440 1388 1556 1427 Purgat
1575 1395 1608 1415 se
1624 1384 1773 1415 adversus
1797 1382 1988 1415 calumniam
2004 1383 2151 1426 Hugonis
2175 1383 2316 1426 episcopi
2332 1383 2453 1415 Ostien-
2501 1399 2508 1416 z

1487 1439 1544 1473 sis,
1564 1439 1617 1480 qui
1635 1438 1867 1481 promotionem
1883 1438 2017 1469 Turoldi
2034 1438 2068 1468 in
2081 1437 2231 1469 abbatem
2248 1437 2454 1469 Trium-Fon*
2499 1454 2503 1466 .

1487 1494 1566 1524 tium
1594 1493 1719 1534 indigne
1745 1492 1867 1524 ferebat
1892 1504 1900 1524 ε
1935 1503 2009 1524 nam
2030 1493 2129 1524 alium
2162 1492 2229 1535 ipse
2246 1516 2256 1529 ‚
2289 1492 2454 1525 Nicolaum
2479 1505 2483 1508 ·

1488 1548 1627 1585 scilicet,
1669 1547 1898 1589 designaverat.
1935 1547 2070 1579 Roberti
2103 1547 2288 1579 electionem
2318 1547 2353 1579 in
2383 1546 2455 1579 novi
2492 1560 2508 1580 Ἰς

1488 1602 1670 1634 monasterii
1690 1602 1838 1634 abbatem
1853 1608 1991 1634 excusat.

1500 1726 1530 1760 l.
1553 1728 1616 1761 Va?
1638 1723 1784 1760 mundo
1806 1737 1825 1760 a
1844 1723 2032 1760 scandalis
2054 1730 2080 1761 ¹.
2102 1727 2182 1773 Ego
2198 1736 2268 1760 vos
2295 1722 2454 1760 scanda-

1442 1784 1537 1820 lizo?
1558 1797 1628 1833 ego
1648 1783 1759 1821 vobis
1787 1783 1967 1821 scandalo
1992 1785 2100 1820 sum?
2119 1783 2213 1832 Quis
2229 1784 2303 1820 boc
2321 1783 2453 1821 crede-
2479 1784 2509 1823 *2

1442 1913 1573 1941 nostra
1604 1905 1857 1951 unanimitas,
1892 1913 2022 1942 nostra
2052 1913 2186 1942 mutua
2213 1905 2392 1952 charitas,
2419 1911 2456 1941 et

1442 1964 1640 2014 quomodo
1663 1965 1700 2001 in
1724 1964 1840 2002 domo
1867 1965 1939 2001 Dei
1959 1963 2239 2002 ambulavimus
2259 1978 2346 2001 cum
2364 1977 2456 2001 con-

1442 2026 1582 2061 sensu?
1603 2024 1736 2062 Subita
1753 2034 1791 2062 et
1811 2025 1977 2062 dolenda
1998 2025 2091 2062 mihi
2108 2025 2290 2062 mutatio!
2307 2025 2381 2073 Qui
2397 2037 2456 2062 me
2476 2050 2482 2062 .
2528 2040 2533 2058 ι

2476 2166 2488 2253 l
2522 2222 2533 2242 ,,

1444 2268 1550 2317 gravi
1568 2276 1605 2304 et
1629 2268 1812 2317 singulari
1840 2277 1998 2318 peccato
2019 2269 2299 2305 confessionem
2329 2267 2455 2318 requi·
2478 2295 2479 2298 η
2517 2282 2533 2292 -’

1443 2328 1503 2365 siti
1522 2336 1611 2364 sunt
1627 2333 1639 2348 ²
1660 2342 1667 2364 ε
1686 2328 1864 2364 Νἰῐιίνίῐεε
1885 2327 1932 2364 ad
1955 2327 2221 2377 poenitentiam
2247 2327 2455 2378 exspectati
2476 2343 2484 2378 ξ
2519 2352 2524 2362 ⁷

1442 2085 1641 2135 portabat,
1676 2100 1779 2123 nunc
1807 2096 1918 2136 parat
1946 2087 2188 2136 opprimere3
2211 2085 2277 2136 qui
2297 2099 2358 2122 me
2390 2085 2454 2122 de-

1445 2147 1635 2193 fensabat,
1660 2161 1763 2184 nunc
1785 2155 1903 2184 terret
1918 2148 2051 2192 minis,
2074 2146 2320 2197 blasphemiis
2340 2147 2456 2196 impe-

1445 2208 1510 2253 tit,
1544 2208 1669 2256 arguit
1698 2208 2044 2258 praevaricationis!
2078 2208 2310 2257 Protoplasti
2342 2219 2455 2258 super

1443 2396 1532 2424 sunt
1548 2386 1561 2409 3
1582 2403 1589 2424 ε
1614 2387 1822 2424 Sodomitae
1843 2401 1920 2424 non
1945 2388 1992 2424 de
2009 2387 2142 2424 auditu
2156 2417 2165 2433 ‚
2186 2388 2253 2425 sed
2273 2389 2392 2438 magis
2409 2387 2456 2427 de
2486 2407 2491 2419 ι

1444 2448 1524 2484 visu
1546 2449 1672 2498 puniti
1701 2456 1789 2485 sunt
1806 2448 1833 2484 ⁴.
1856 2452 2005 2485 Mecum
2027 2461 2073 2484 eo
2101 2448 2358 2495 differentius,
2379 2460 2455 2499 quo
2476 2467 2480 2494 ς

367 2444 456 2481 ratis
477 2443 585 2493 cujus
615 2444 662 2480 sit
682 2444 792 2494 culpa
816 2459 824 2480 :
846 2457 925 2481 non
946 2454 1002 2482 est
1022 2459 1149 2482 meum
1179 2447 1377 2498 inculpare

366 2518 612 2555 quemquam.
636 2504 782 2541 Sufficit
810 2505 900 2542 mihi
934 2519 1116 2543 excusare
1137 2508 1375 2558 episcopum.
1444 2508 1770 2559 contemptibilius
1791 2517 1918 2545 actum
1940 2518 2007 2546 est.
2037 2513 2122 2546 Non
2146 2523 2229 2547 sum
2258 2518 2455 2560 reputatus
2475 2518 2482 2553 9
2522 2519 2528 2544 i

365 2565 560 2615 Quidquid
597 2565 840 2611 humilitatis,
876 2565 1065 2615 quidquid
1097 2566 1270 2617 obsequii
1305 2583 1377 2619 pro
1445 2569 1510 2618 qui
1529 2582 1695 2619 ponerer
1716 2569 1762 2606 ad
1784 2570 1995 2616 rationem,
2018 2570 2085 2619 qui
2112 2570 2296 2606 invitarer
2321 2569 2369 2607 ad
2394 2568 2482 2607 stt-l
2522 2585 2527 2604 ι

365 2639 432 2662 sua
449 2638 614 2675 persona
629 2626 779 2675 potuit,
796 2625 962 2663 vidimus
979 2626 1222 2664 exhibentem
1237 2657 1246 2673 ‚
1267 2637 1304 2665 et
1322 2629 1377 2666 ni·
1393 2635 1427 2668 D
1444 2630 1695 2666 tisfactionem
1714 2658 1723 2675 ‚
1753 2631 1817 2680 qui
1847 2644 1998 2668 causam
2028 2630 2246 2680 requirerer
2260 2659 2270 2677 ‚
2293 2631 2358 2681 qui
2385 2643 2454 2681 pru
2474 2610 2482 2667 ἶ.
2532 2657 2533 2661 ,

366 2687 416 2722 bil
453 2686 731 2736 proficientem.
754 2686 895 2724 Scitote
928 2695 1074 2733 tamen,
1106 2688 1294 2738 quidquid
1327 2691 1376 2727 ti-
1444 2704 1504 2726 me
1544 2690 1801 2740 respondendi
1845 2692 2062 2728 facultatem
2105 2691 2332 2741 acciperem.
2367 2680 2479 2729 Noui

371 2755 489 2793 meat,
523 2746 709 2796 quidquid
751 2746 922 2783 accidere
958 2746 1117 2794 debeat;
1153 2749 1234 2785 sinc
1270 2764 1378 2787 mora
1445 2759 1658 2787 conventus
1680 2750 1874 2800 judicatus
1901 2765 2008 2799 sum3
2033 2765 2113 2789 non
2142 2751 2342 2788 convictus
2361 2762 2479 2788 con--
2521 2769 2526 2781 ·

369 2815 592 2852 venturum,
623 2806 690 2843 ubi
728 2805 835 2842 vobis
870 2807 1101 2856 placiturum
1141 2811 1376 2858 cognoverit.
1446 2810 1647 2847 demnatus
1666 2824 1762 2848 sum.

368 2869 535 2903 Persona
552 2865 652 2915 ejus,
671 2874 707 2902 et
724 2879 836 2902 causa
856 2865 938 2915 ejus
959 2867 996 2903 in
1015 2880 1131 2904 manu
1148 2878 1286 2906 vestra.
1302 2874 1378 2907 Nec
1501 2871 1535 2908 2.
1560 2875 1606 2908 Et
1633 2885 1736 2908 nunc
1766 2872 1913 2918 audite,
1935 2872 1963 2909 si
1995 2871 2224 2922 dignamini,
2243 2871 2456 2909 excusatio·
2474 2866 2478 2875 ⁸
2511 2882 2533 2905 *5⁴

369 2927 468 2962 cuim
486 2926 524 2961 in
540 2925 768 2962 sibim-odito
784 2926 836 2962 ita
856 2927 950 2975 agit,
969 2928 1027 2963 vel
1043 2928 1092 2964 ita
1110 2939 1376 2978 conversatur,
1446 2945 1532 2968 nem
1563 2941 1753 2979 nostram3
1776 2941 1812 2969 et
1840 2933 1871 2970 si
1896 2933 1994 2970 sorte
2024 2933 2182 2970 minime
2207 2932 2479 2970 sufficientem*
2512 2945 2526 2964 ἰ

368 2994 410 3022 ut
431 2998 469 3021 se
503 2985 565 3021 tali
598 2985 794 3034 indignum
823 2995 931 3035 putct
960 2990 1224 3037 praerogativa.
1247 2995 1379 3041 Itaque
1449 2990 1577 3033 vobis,
1603 3005 1731 3029 veram
1764 3002 1903 3030 tamen.
1924 2993 2109 3031 Voluistis
2128 2994 2215 3035 loco
2230 2993 2348 3030 vestri
2367 2990 2454 3030 sub-
2472 3000 2492 3046 ὶ-

371 3059 443 3096 pro
475 3059 514 3083 se
547 3045 686 3082 direxit
708 3046 844 3093 istum,
877 3048 997 3083 sciens
1027 3049 1131 3097 quod
1161 3051 1208 3087 ad
1231 3060 1377 3101 patrem
1448 3052 1550 3088 stitui
1584 3052 1737 3089 fratrem
1771 3054 1990 3101 Nicolaum;
2009 3062 2047 3090 et
2072 3066 2144 3104 ego
2173 3053 2353 3100 memini,
2378 3063 2453 3089 non
2484 3058 2502 3101 φ

2494 3306 2498 3318 .

418 3191 427 3206 ¹
445 3185 562 3217 Mallh-
580 3196 684 3223 ΧῊΙΙ,
706 3188 736 3217 7·
751 3204 796 3208 -
812 3192 823 3207 ²
842 3189 988 3219 Gen-111.
1008 3209 1051 3213 —
1066 3189 1078 3212 3
1092 3193 1182 3222 Jome
1206 3204 1259 3224 111.
1277 3212 1317 3215 —
1337 3193 1350 3219 4
1367 3197 1448 3226 Gen.
1466 3208 1538 3229 xxx.
1832 3201 1844 3216 ¹¹
1865 3199 1947 3231 vide
1966 3199 2113 3242 epistolas
2134 3179 2224 3237 222,
2245 3200 2311 3230 224
2324 3222 2332 3236 ‚
2352 3199 2430 3230 376.

414 3239 430 3259 b
446 3238 483 3269 Id
503 3244 562 3273 est,
581 3238 689 3279 scripsi
704 3250 711 3275 ;
729 3244 762 3269 ut
781 3249 817 3269 ex
836 3239 909 3281 ipsis
929 3241 1032 3273 verbis
1052 3243 1233 3286 intelligitur
1251 3257 1257 3277 :
1279 3258 1340 3288 quo
1362 3258 1453 3280 sensu
1472 3251 1565 3282 etiam
1581 3251 1650 3282 aliis
1669 3253 1699 3282 in
1720 3252 1859 3294 epistolis
1877 3252 1937 3283 boc
1955 3252 2086 3284 verbum
2109 3252 2258 3291 sumitur,
2274 3252 2305 3283 in
2325 3248 2452 3293 epistola

369 3297 430 3331 85,
447 3303 477 3323 n.
495 3294 510 3323 li
527 3316 534 3329 ,
551 3293 625 3324 etin
639 3292 778 3334 epistolis
796 3296 874 3331 307,
901 3297 978 3326 310.
999 3296 1111 3328 Differt
1128 3304 1232 3331 tamen
1255 3299 1340 3331 dicto
1355 3312 1371 3331 a
1387 3302 1486 3333 scribo
1507 3304 1537 3335 iu
1558 3305 1695 3347 epistolis
1712 3310 1753 3338 89
1770 3331 1776 3345 ‚
1799 3313 1828 3338 et
1847 3310 1903 3344 9⁰,
1920 3318 1951 3338 n.
1976 3310 2004 3338 1.

415 3352 426 3367 ⁶
445 3346 565 3388 Scripta
585 3356 667 3376 anno
687 3345 802 3377 (bristi
825 3350 833 3378 l
849 3350 923 3379 1:13.
942 3368 985 3370 ——
1000 3349 1015 3369 ‘¹
1031 3350 1150 3394 Scripta
1165 3364 1247 3384 auno
1262 3354 1375 3386 Christi
1396 3361 1404 3387 1
1421 3361 1428 3388 1
1443 3362 1495 3390 51.
