2517 3920
362 200 457 235 1327
1001 197 1279 233 ADMOMTIO
1309 197 1356 231 IN
1387 195 1688 231 OPUSCULUM
1717 195 1785 230 XI.
2339 194 2436 230 1228

354 288 601 326 anonymum
617 271 824 310 Abaelardi
839 271 1043 323 quondam
1059 272 1316 324 discipulum,
1335 273 1404 323 qui
1421 282 1459 311 et
1475 271 1724 324 praeceptoris
1740 273 1800 309 sui
1817 270 2037 308 doctrinam
2060 270 2240 317 callebat,
2258 280 2296 309 et
2320 272 2438 309 verba

355 340 437 390 ipsa
450 338 579 386 refert,
596 339 654 376 uti
665 346 703 376 et
718 336 972 384 Guillelmus,
993 347 1078 375 tum
1095 352 1139 376 ex
1156 337 1359 389 Apologia,
1379 346 1466 375 trun
1494 350 1540 374 ex
1562 335 1780 389 Theologia
1805 335 2029 384 Abaelardi,
2051 351 2139 388 quae
2166 338 2205 375 in
2225 337 2338 375 editis
2359 351 2438 375 non

356 412 599 455 comparent.
623 403 673 441 Et
684 412 784 441 certe
801 402 1044 440 Abaelardus
1060 403 1193 453 ipsein
1210 402 1312 440 libro
1325 401 1494 440 secundo
1506 403 1776 439 commentarii
1792 416 1908 452 super
1923 401 2141 453 Epistolam
2156 402 2206 440 ad
2221 403 2436 448 Romanos,

355 483 444 521 pag.
471 469 547 508 554
561 499 570 517 ‚
604 468 786 520 quaedaln
808 469 846 505 in
867 468 1085 520 Theologia
1106 482 1176 506 sua
1198 468 1401 506 tractanda
1420 476 1604 514 reservat,
1622 467 1671 505 de
1693 467 1839 518 quibus
1854 466 1964 505 nulla
1980 469 2128 506 mentio
2147 476 2204 506 est
2220 469 2261 506 in
2280 469 2445 520 impres-.
2471 487 2477 491 -

355 535 420 582 sis,
449 548 537 585 quae
557 535 609 572 sie
633 534 819 572 desinunt
842 551 851 571 z
879 552 892 565 «
915 533 1060 572 Caetera
1085 533 1227 572 desunt
1250 550 1258 571 :
1285 553 1298 567 »
1318 543 1364 572 ut
1384 542 1597 585 appareat,
1626 532 1887 585 Theologiam
1915 533 1955 570 in
1983 532 2096 571 editis
2128 533 2315 571 mutilam
2342 547 2436 572 esse.

410 599 448 637 4.
482 599 622 650 Itaque
654 599 756 637 male
788 600 951 637 omnino
980 608 1183 637 merentur
1217 598 1265 637 de
1303 600 1488 653 religione
1519 599 1753 647 christiana,
1781 599 1930 638 nedum
1963 599 2011 638 de
2040 599 2261 648 Bernardo,
2296 600 2366 651 qui
2393 609 2441 638 ut

357 664 623 709 Abaelardum
645 664 864 711 absolvant,
883 664 1127 703 Ber-nardum
1157 679 1269 709 caeco,
1292 674 1336 703 ut
1363 667 1498 712 aiunt,
1518 665 1597 704 zelo
1615 665 1834 716 impulsum
1853 665 1972 703 fuisse
1992 666 2266 703 criminantur.
2291 664 2440 703 Saltem

356 743 448 767 cum
466 729 685 768 Abaelardo
705 730 788 779 ipso
804 739 842 767 et
856 730 940 779 ejus
956 729 1159 768 defensore
1175 729 1408 782 Berengario
1423 740 1634 783 agnoscant
1661 730 1837 778 tandem,
1856 745 1949 769 eum
1965 732 2005 768 in
2021 730 2263 782 quibusdam
2277 744 2441 774 errasse,

359 797 418 834 lta
437 797 541 834 enim
563 810 616 842 se,
639 797 820 846 quamvis
847 810 926 833 non
953 796 1043 833 satis
1071 810 1116 833 ex
1139 797 1287 844 animo,
1305 810 1417 833 reum
1440 796 1613 848 agnoscit
1640 797 1679 833 in
1704 795 1907 834 nonnullis
1930 795 2172 834 Abaelardus
2194 797 2234 834 in
2253 795 2442 848 Apologia

357 875 427 898 sua
442 892 450 906 ,
478 861 546 898 ubi
574 861 654 899 haec
678 860 796 898 verba
824 877 832 898 :
868 880 881 893 «
908 860 1051 911 Scripsi
1066 860 1168 898 forte
1183 860 1316 911 aliqua
1331 875 1401 911 per
1421 875 1609 908 errorem,
1625 875 1712 912 quae
1734 876 1811 899 non
1829 863 2005 912 oportuit
2025 879 2033 899 ε
2051 861 2118 900 sed
2151 862 2281 900 Deum
2303 870 2440 900 testem

360 945 375 959 υ
401 926 624 976 etjudicem
653 927 692 962 in
717 927 893 963 animam
921 940 1051 963 meam
1078 926 1238 972 invoco,
1259 928 1352 977 quia
1376 928 1416 964 in
1438 926 1520 974 his,
1543 926 1591 964 de
1618 926 1766 977 quibus
1790 941 1969 974 accusor,
1989 927 2046 964 nil
2065 942 2135 978 per
2159 927 2353 965 malitiam
2371 937 2442 966 aut

365 1011 379 1026 »
405 991 632 1042 superbiam
653 992 899 1042 praesumpsi.
925 1010 938 1024 υ
962 991 1055 1029 Esto
1078 992 1210 1042 itaque
1228 991 1419 1029 malitiam
1436 1022 1446 1040 ,
1463 1000 1581 1043 atque
1600 992 1719 1029 etiam
1743 991 1923 1029 haeresim
1943 992 1993 1030 ab
2010 1006 2056 1031 eo
2077 1007 2276 1032 removere
2288 992 2403 1031 liceat
2425 1010 2434 1031 :

357 1066 397 1095 at
425 1071 574 1095 errores
603 1056 739 1095 saltem
766 1057 941 1109 aliquos,
976 1072 1118 1096 vocum
1144 1071 1339 1096 novarum
1367 1058 1569 1105 studium,
1586 1056 1810 1104 levitatem,
1835 1057 1966 1095 forsan
1996 1059 2118 1096 etiam
2153 1058 2381 1110 superbiam
2404 1068 2443 1097 et

357 1124 654 1161 contentionum
670 1123 915 1175 pruriginem
934 1124 974 1160 in
989 1137 1035 1161 eo
1049 1122 1298 1162 dissimulare
1316 1139 1396 1162 non
1415 1124 1518 1163 licet.
1538 1124 1616 1163 Sed
1633 1124 1798 1163 demum
1820 1124 2071 1163 Innocentius
2091 1126 2276 1176 rescripto
2291 1125 2341 1163 ad
2355 1125 2444 1176 epi-

357 1204 494 1240 scopos
521 1190 640 1227 misso
667 1188 873 1227 hominem
894 1189 1040 1227 recludi
1056 1190 1171 1239 jussit
1189 1220 1198 1237 ,
1219 1190 1382 1241 ejusque
1405 1190 1527 1229 libros
1547 1190 1744 1237 comburi,
1766 1204 1866 1241 quos
1892 1190 1974 1241 ipse
1990 1190 2127 1229 Romae
2153 1190 2325 1228 flammis
2340 1190 2443 1228 tradi

358 1254 589 1302 mandavit,
610 1262 774 1292 testante
792 1253 1001 1293 Gaufrido.
1025 1254 1179 1294 Verum
1204 1254 1365 1293 tandem
1392 1256 1557 1307 resipuit
1582 1255 1748 1301 Petrus,
1780 1263 1899 1306 atque
1926 1254 1976 1292 ab
2001 1254 2264 1306 appellatione
2294 1254 2443 1294 destitit

357 1321 518 1360 consilio
537 1330 576 1359 et
590 1320 753 1358 hortatu
771 1320 875 1358 Petri
893 1320 1138 1359 Venerabilis
1163 1321 1316 1359 abbatis
1333 1320 1613 1367 Cluniacensis,
1634 1322 1703 1371 qui
1723 1329 1920 1359 extremos
1940 1321 2023 1370 ejus
2039 1335 2167 1359 mores
2181 1322 2330 1373 egregie
2349 1320 2444 1358 lau-

359 1386 429 1424 dat
451 1388 491 1424 in
510 1385 675 1437 epistola
694 1384 744 1423 ad
764 1384 996 1423 Heloissam.

413 1456 450 1492 5.
485 1452 685 1491 Bernardo
708 1466 787 1490 non
808 1453 973 1504 impune
995 1454 1128 1501 cessit,
1147 1453 1256 1504 quod
1285 1452 1553 1492 Abaelardum
1574 1463 1610 1492 et
1629 1453 1779 1505 scriptis
1798 1462 1837 1491 et
1862 1452 1993 1492 verbis
2008 1462 2235 1505 persecutus
2257 1453 2318 1491 sit.
2338 1452 2444 1491 Nam

359 1534 437 1559 non
465 1518 594 1557 solum
614 1517 857 1556 Abaelardus
885 1532 1056 1557 censurae
1086 1508 1310 1571 impatiens,
1335 1519 1401 1557 sed
1420 1521 1536 1558 etiam
1560 1520 1834 1572 Berengarius,
1856 1519 1939 1569 ejus
1955 1518 2171 1571 discipulus
2188 1533 2231 1557 ac
2250 1517 2443 1567 defensor,

358 1585 541 1639 quaedam
570 1586 611 1622 in
641 1583 829 1622 Ber-nardi
860 1585 1009 1635 scriptis
1029 1599 1191 1624 erronea
1210 1586 1353 1636 jactare
1373 1586 1536 1625 demum
1561 1588 1645 1624 ausi
1672 1595 1779 1633 sunt,
1813 1587 1953 1638 insigni
1973 1594 2213 1624 commento.
2243 1605 2259 1620 u
2297 1585 2443 1624 Errasti

363 1672 378 1686 »ι
398 1666 487 1691 vere
502 1683 511 1699 ,
537 1669 553 1684 »
579 1651 710 1702 inquit
730 1650 988 1702 Berengarius
1005 1651 1252 1690 Bernardum
1274 1651 1479 1702 alloquens
1494 1683 1503 1699 ,
1530 1671 1543 1685 «
1563 1651 1659 1689 dum
1682 1652 1874 1704 originem
1894 1651 2121 1689 animarum
2149 1650 2197 1689 de
2223 1650 2318 1689 coelo
2340 1665 2446 1690 asse-

363 1738 378 1752 u
400 1719 511 1757 ruisti
535 1733 614 1756 esse
630 1749 638 1765 ,
663 1736 679 1750 »
703 1732 791 1769 pag.
818 1719 908 1756 310.
933 1718 983 1755 Et
1002 1733 1089 1770 pag.
1117 1720 1192 1757 315
1221 1735 1229 1755 :
1264 1737 1279 1751 α
1303 1718 1540 1756 Animarum
1564 1718 1755 1769 originem
1777 1717 1823 1755 de
1843 1716 1946 1755 coelis
1964 1716 2157 1755 fabularis
2179 1730 2272 1764 esse,
2303 1716 2373 1754 ubi
2394 1718 2445 1755 sic

367 1804 380 1818 υ
404 1784 530 1823 recolo
551 1794 586 1825 te
606 1784 784 1822 locutum
807 1803 822 1816 α
845 1791 1008 1834 (nempe
1037 1798 1216 1822 sermone
1233 1783 1385 1822 decimo
1416 1785 1583 1836 septimo
1601 1784 1641 1821 in
1663 1783 1841 1831 Cantica)
1861 1799 1870 1820 ε
1896 1802 1909 1816 »
1933 1782 2080 1821 Merito
2099 1782 2199 1821 dixit
2219 1782 2444 1834 Apostolus,

364 1870 380 1884 »
405 1855 541 1889 Nostra
561 1855 790 1887 conversatio
811 1860 864 1885 cst
891 1854 927 1885 ise
949 1853 1065 1887 coelis.
1091 1849 1179 1887 1131(-
1201 1849 1320 1887 verba
1346 1859 1414 1888 tua
1444 1849 1642 1887 subtiliter
1662 1848 1882 1899 explorata,
1901 1847 2120 1886 christianae
2149 1849 2291 1886 mentis
2314 1848 2447 1900 palato

366 1936 378 1949 ›·
400 1917 579 1955 liaeresim
600 1917 773 1966 sapiunt.
800 1933 815 1947 »
845 1914 975 1967 Apage
1006 1915 1191 1954 insanum
1218 1924 1337 1966 atque
1365 1901 1639 1965 impudentem
1668 1912 1923 1952 nebulonem.
1958 1911 2090 1950 Abbas
2120 1926 2344 1964 anonymus
2371 1913 2446 1951 sub

361 1984 480 2021 [inem
501 1981 591 2020 libri
611 1981 767 2020 secundi
791 1981 908 2020 aliam
928 1980 1137 2019 Abaelardi
1167 1982 1207 2018 in
1230 1980 1478 2019 Ber-nardum
1502 1978 1744 2017 calumniam
1763 1978 1927 2030 profert.
1954 1997 1970 2012 u
1991 1977 2236 2016 Miraculum
2253 1978 2352 2017 mihi
2373 1989 2443 2027 est,

362 2065 378 2079 ‚2
403 2047 511 2098 quod
537 2062 559 2085 a
594 2056 675 2089 tam
706 2046 822 2098 longo
840 2055 1032 2097 tempore,
1055 2055 1093 2084 et
1113 2060 1135 2083 a
1155 2047 1275 2084 tantis
1296 2047 1402 2092 viris,
1425 2059 1600 2096 quorum
1620 2045 1799 2084 doctrina
1826 2044 1952 2097 fulget
1973 2044 2143 2083 Ecclesia
2167 2055 2212 2084 ut
2236 2045 2315 2084 sole
2333 2045 2444 2107 luna,

364 2131 380 2145 n
401 2123 533 2151 nostro
551 2111 769 2150 Abaelardo
790 2124 1021 2162 responsum
1042 2125 1121 2148 non
1141 2119 1217 2156 est,
1240 2111 1310 2161 qui
1330 2112 1563 2150 criminatur
1582 2111 1776 2150 Abbatem
1789 2142 1798 2158 ,
1816 2110 1926 2162 quod
1952 2111 2071 2158 dicat,
2089 2111 2220 2150 Deum
2238 2121 2277 2150 et
2296 2126 2447 2150 assum-

365 2200 378 2211 „
404 2188 519 2229 ptum
539 2193 561 2215 a
577 2178 659 2216 Deo
686 2176 892 2215 bominem
913 2191 1036 2214 unam
1051 2191 1131 2215 esse
1148 2177 1188 2214 in
1208 2177 1403 2215 Trinitate
1420 2192 1630 2229 personam
1654 2195 1662 2216 ε
1688 2192 1779 2215 cum
1798 2177 1920 2215 homo
1941 2191 2000 2216 res
2015 2191 2223 2228 corporea,
2242 2187 2281 2217 et
2310 2191 2447 2216 mem-

364 2264 377 2277 »
402 2244 482 2282 bris
502 2245 730 2295 composita,
754 2253 792 2282 et
811 2242 1051 2282 dissolubilis
1085 2244 1134 2282 sit
1157 2261 1164 2282 :
1188 2243 1298 2281 Deus
1318 2258 1411 2283 vero
1440 2258 1512 2282 nec
1545 2257 1733 2294 corporea
1759 2257 1820 2282 res
1845 2245 1908 2290 sit,
1932 2257 2002 2281 nec
2030 2242 2220 2282 memhris
2250 2252 2441 2291 constans,

363 2329 377 2344 υ
402 2319 448 2348 ut
479 2310 636 2348 dissolvi
656 2318 791 2361 possit.
815 2309 931 2348 Unde
952 2324 1020 2348 nec
1047 2309 1154 2348 Deus
1184 2308 1328 2356 homo,
1351 2325 1419 2349 nee
1442 2310 1564 2349 homo
1591 2311 1698 2349 Deus
1723 2310 1912 2349 dicendus
1937 2320 2017 2358 est,
2055 2329 2069 2345 υ
2107 2318 2180 2348 etc.
2213 2309 2275 2348 Sic
2301 2308 2446 2349 Nesto-

358 2376 515 2413 rianum
542 2376 621 2428 agit
650 2374 890 2413 Abaelardus
906 2405 916 2422 ,
939 2389 1030 2412 cum
1059 2374 1307 2413 Bernardum
1332 2377 1473 2415 erroris
1499 2376 1724 2428 petulanter
1757 2385 1925 2415 accusat.
1952 2377 2070 2415 Recte
2097 2374 2148 2413 ad
2183 2375 2289 2413 hunc
2310 2374 2444 2414 locum

358 2441 597 2480 Guillelmus
614 2438 995 2480 Sancti-Theoderici
1011 2441 1050 2478 in
1067 2441 1192 2492 capite
1212 2449 1347 2479 octavo
1367 2451 1499 2480 contra
1516 2441 1785 2481 Abaelardum
1804 2459 1813 2480 z
1838 2461 1853 2476 ιι
1869 2441 1986 2480 Unde
2001 2451 2040 2480 et
2060 2454 2131 2479 nos
2151 2439 2330 2479 similiter
2343 2439 2446 2479 dici-

361 2526 376 2540 »
402 2522 505 2555 mus,
534 2507 737 2545 Christum
755 2506 883 2544 filium
906 2506 1080 2544 hominis
1102 2507 1143 2544 in
1164 2507 1247 2558 ipsa
1266 2516 1409 2546 natura
1432 2508 1693 2547 humanitatis
1712 2521 1806 2555 suae,
1840 2507 1907 2546 sed
1928 2521 2007 2546 non
2035 2521 2081 2545 ex
2102 2507 2200 2558 ipsa,
2225 2505 2443 2544 secundum

361 2593 376 2606 υ
397 2588 484 2612 eam
499 2588 622 2625 quam
644 2587 735 2611 cum
759 2572 841 2611 Deo
858 2572 980 2610 habet
1005 2573 1210 2620 unionem,
1232 2574 1389 2611 tertiam
1405 2588 1484 2613 esse
1505 2575 1545 2612 in
1563 2574 1759 2612 Trinitate
1779 2587 1988 2624 personam
2009 2589 2017 2610 t
2036 2572 2132 2623 quia
2150 2572 2250 2609 sicut
2267 2572 2445 2609 incarna-

361 2658 376 2673 ι»
401 2650 464 2678 tus
483 2640 589 2678 Deus
607 2640 734 2678 factus
750 2648 807 2677 est
833 2638 938 2676 filius
957 2638 1132 2677 hominis
1149 2648 1310 2690 propter
1330 2638 1535 2678 hominem
1556 2647 1829 2690 assumptum,
1851 2638 1904 2676 sic
1920 2645 2150 2688 assumptus
2171 2635 2295 2676 homo
2315 2637 2444 2675 factus

362 2725 376 2739 υ
401 2716 457 2745 est
473 2706 578 2744 filius
594 2706 664 2744 Dei
680 2714 843 2757 propter
857 2713 1127 2742 assumentem
1144 2704 1291 2744 Deum.
1320 2724 1336 2739 »

409 2774 447 2810 6.
480 2771 628 2809 Praeter
661 2770 855 2822 capitula,
887 2784 974 2821 quae
1005 2770 1137 2809 dedita
1166 2785 1285 2822 opera
1317 2771 1456 2809 refellit
1481 2771 1726 2817 Bernardus,
1757 2770 1950 2809 nonnulla
1977 2768 2242 2821 conglobatim
2274 2777 2445 2807 recenset

359 2853 398 2875 n.
424 2842 472 2875 10
485 2868 494 2885 ,
514 2847 720 2876 contentus
739 2852 783 2875 ea
798 2838 1040 2888 exposuisse,
1058 2851 1145 2888 quae
1173 2837 1223 2875 ab
1246 2837 1331 2875 aliis
1350 2839 1470 2877 etiam
1491 2837 1735 2884 refutantur,
1762 2837 1905 2876 scilicet
1936 2851 1958 2875 a
1980 2834 2219 2882 Guillelino,
2243 2843 2282 2872 et
2301 2833 2443 2873 abbate

357 2916 568 2954 anonymo.
598 2902 655 2941 De
679 2902 959 2949 accidentibus,
978 2916 1065 2953 quae
1086 2903 1125 2940 in
1145 2902 1392 2942 Eucharistia
1416 2912 1504 2955 post
1523 2903 1852 2941 consecrationem
1875 2915 2077 2940 remanere
2108 2901 2148 2938 in
2176 2913 2264 2938 aere
2279 2898 2443 2937 docebat

360 2968 615 3013 AbaelarduS,
637 2969 689 3005 ita
709 2968 948 3006 Guillelmus
964 2969 1081 3006 sentit
1115 2985 1124 3006 :
1148 2989 1163 3004 «ι
1191 2968 1315 3007 'Nobis
1332 2984 1424 3008 vero
1444 2968 1620 3017 videtur,
1639 2969 1668 3006 si
1690 2968 1799 3007 vobis
1820 2968 1941 3007 etiam
1971 2966 2142 3012 videtur,
2166 2983 2180 2999 ι»
2207 2965 2258 3003 sie
2277 2964 2443 3003 Gaufri-

357 3034 455 3072 dum
482 3032 759 3070 Carnotensem
791 3034 1016 3084 episcopum
1046 3042 1083 3071 et
1111 3034 1360 3074 Bernardum
1391 3034 1630 3086 alloquitur,
1653 3053 1668 3067 ιι
1699 3033 1809 3085 quod
1833 3031 2045 3071 accidentia
2071 3030 2162 3078 illa,
2195 3030 2275 3068 sive
2300 3030 2442 3082 prioris

361 3119 377 3137 n
400 3100 527 3138 forma
555 3098 794 3144 substantiae,
817 3112 903 3148 quae
919 3129 927 3143 ‚
950 3108 996 3139 ut
1023 3109 1142 3151 puto,
1166 3101 1322 3139 nonnisi
1349 3114 1542 3139 consonus
1570 3101 1609 3138 in
1638 3115 1767 3138 unum
1794 3099 2055 3138 accidentium
2076 3110 2290 3136 concursus
2309 3105 2381 3143 est,
2410 3097 2440 3134 si

361 3185 376 3200 n
398 3166 452 3205 ibi
479 3174 559 3212 est,
587 3165 627 3202 in
658 3177 817 3214 corpore
840 3164 999 3201 Domini
1026 3175 1104 3213 est,
1124 3181 1202 3204 non
1224 3167 1398 3205 formans
1418 3166 1540 3214 illud,
1563 3167 1630 3204 sed
1652 3168 1798 3206 virtute
1819 3166 2016 3218 operantis
2037 3165 2075 3202 in
2093 3178 2138 3202 ea
2155 3163 2352 3215 sapientiae
2369 3162 2442 3201 Dei

362 3253 374 3266 ,ι
399 3240 536 3283 aptans
556 3229 710 3268 illudet
740 3228 987 3274 modificans,
1012 3239 1057 3267 ut
1084 3232 1302 3270 secundum
1326 3233 1446 3270 ritum
1467 3233 1641 3284 mysterii
1657 3242 1696 3271 et
1711 3232 1879 3270 modum
1903 3231 2135 3270 sacramenti
2165 3228 2298 3268 habile
2317 3229 2385 3266 fiat
2403 3237 2442 3266 et

359 3318 373 3331 u
400 3296 619 3344 tractabile,
646 3303 684 3333 ct
699 3293 893 3347 gustabile
920 3295 959 3331 in
982 3294 1107 3332 forma
1127 3296 1266 3341 aliena,
1287 3296 1394 3348 quod
1418 3312 1495 3336 non
1519 3306 1670 3349 poterat
1689 3311 1769 3336 esse
1785 3298 1824 3334 in
1842 3297 2015 3348 propria.
2045 3316 2058 3329 »ι
2084 3296 2185 3334 Item
2212 3295 2251 3332 in
2269 3292 2372 3332 libro
2391 3292 2440 3331 de

356 3364 524 3415 Corpore
540 3361 785 3413 etSanguine
807 3360 966 3398 Domini
987 3360 1036 3397 ad
1066 3361 1305 3413 Ruperuun,
1325 3365 1448 3414 capite
1470 3364 1584 3402 tertio
1608 3380 1615 3400 :
1644 3383 1659 3397 «ι
1680 3362 1756 3401 Sed
1772 3372 1906 3401 contra
1921 3376 2082 3401 onmem
2099 3358 2449 3436 szecularis331}qu>

2394 3443 2399 3446 .
2428 3436 2447 3466 Ι
