2517 3920
364 183 462 227 1243

363 281 446 305 mus
464 267 564 303 inter
580 272 708 314 gentes
720 291 731 310 ,
748 263 846 300 forte
864 261 1065 299 didicimus
1085 268 1202 312 opera
1219 260 1399 308 eorum,⁵³

360 336 397 364 et
415 326 601 364 servimus
621 323 744 361 adhuc
764 321 1045 372 sculptibilibus
1069 323 1231 359 eorum?

412 388 474 424 28.
506 390 552 424 Et
571 393 613 422 ut
633 392 765 435 aperte
787 384 946 433 loquar,
970 396 1017 420 an
1038 383 1111 419 1106
1132 390 1256 418 10111111
1277 380 1363 417 facit

360 446 518 483 avaritia
530 475 539 492 ,
556 458 640 495 quae
657 452 714 481 est
728 443 921 480 idolorum
944 442 1131 486 servitus,
1150 450 1187 477 et
1202 453 1279 476 non
1300 452 1362 476 re—

360 506 547 557 quirimus
569 505 754 549 fructum,
773 502 837 540 sed
853 502 1006 539 datum?
1027 501 1063 538 Si
1082 500 1221 550 quaeris
1234 528 1243 545 ,
1264 512 1361 549 quo-

358 566 501 603 modo?
516 565 613 602 Miro
627 594 636 611 ,
659 564 813 613 inquam
827 592 836 609 ,
858 561 985 598 modo.
1003 561 1083 598 Tali
1101 559 1264 610 quadam
1282 568 1361 596 arte

357 627 547 676 spargitur
575 637 642 671 aes,
669 632 711 661 ut
741 622 1024 672 multiplicetur.
1054 620 1296 670 Expenditur
1321 628 1362 656 ut

357 696 558 737 augeatur,
581 694 617 722 et
643 684 777 721 effusio
800 683 949 732 copiam
977 682 1088 732 parit.
1114 685 1203 731 Ipso
1217 681 1360 731 quippe

357 748 442 784 visu
474 754 804 796 sumptuosarum,
837 742 901 779 sed
932 741 1192 779 mirandarum
1215 741 1358 777 vanita-

359 817 460 854 tum,
487 805 747 843 accenduntur
770 803 945 839 homines
975 802 1092 851 magis
1118 801 1163 838 ad
1190 801 1359 837 offeren-

357 868 469 913 dum,
491 879 604 916 quam
629 864 675 901 ad
695 863 896 900 orandum.
917 863 975 900 Sic
996 874 1089 911 opes
1108 859 1246 910 opibus
1266 860 1360 897 hau—

355 928 526 972 riuntur,
558 926 610 962 sie
648 923 810 974 pecunia
843 922 1043 972 pecuniam
1081 920 1195 956 traliit
1229 935 1235 955 :
1272 920 1359 969 quia

355 988 483 1025 nescio
504 1000 580 1036 quo
601 994 732 1035 pacto,
754 982 820 1020 ubi
845 982 1008 1031 amplius
1033 981 1249 1017 divitiarum
1274 993 1359 1015 cer-

1126 185 1160 221 S.
1192 182 1446 221 BERNARDI
1475 180 1676 217 ABBATIS

1404 260 1418 278 ⁰
1433 259 1591 296 ecclesia
1617 272 1625 294 :
1648 256 1737 307 quia
1764 257 1834 301 etsi
1857 256 1971 292 noxia
1996 265 2085 293 sunt
2106 258 2212 295 vanis
2232 267 2269 295 et
2289 262 2432 306 avaris,

1380 324 1413 357 A
1433 332 1510 356 non
1534 327 1660 355 tamen
1683 315 1920 367 simplicibus
1941 324 1979 352 et
1998 316 2159 354 devotis.

2338 184 2434 221 1244

1485 380 1546 417 29.
1578 382 1764 416 Caeterum
1792 377 1832 413 in
1861 376 2034 413 claustris
2063 390 2192 414 coram
2223 378 2436 428 legentibus

1430 438 1609 476 fratribus
1630 437 1723 488 quid
1742 436 1832 474 facit
1852 437 1916 472 illa
1938 436 2101 473 ridicula
2115 440 2432 488 monstruositas,

1429 499 1522 535 mira
1549 498 1723 548 quasdam
1746 496 1927 534 deformis
1950 497 2186 543 formositas,
2206 511 2249 534 ac
2269 499 2436 538 formosa

1429 558 1672 594 deformitas?
1687 556 1787 605 Quid
1806 555 1858 592 ibi
1877 556 2084 593 immundae
2100 557 2240 594 simiae?
2257 558 2350 607 quid
2367 560 2434 598 feri

1428 618 1580 654 leones?
1606 616 1698 667 quid
1727 616 1958 653 monstruosi
1986 617 2183 653 centauri?
2204 616 2297 667 quid
2322 621 2436 658 semi-

1428 678 1629 714 homines?
1649 676 1742 727 quid
1766 677 1969 714 maculosae
1991 676 2170 726 tigrides?
2185 677 2278 726 quid
2298 678 2434 718 milites

1426 739 1663 789 pugnantes?
1679 737 1771 787 quid
1790 745 1992 774 venatores
2011 736 2287 774 tubicinantes?
2299 739 2434 778 Videas

1427 798 1498 835 sub
1515 812 1593 835 uno
1613 798 1735 848 capite
1756 798 1873 834 multa
1891 811 2054 847 corpora
2066 827 2075 843 ,
2090 806 2128 833 et
2147 811 2279 834 rursus
2295 798 2336 835 in
2355 813 2434 838 uno

1427 872 1590 908 corpore
1611 859 1734 908 capita
1754 858 1885 894 multa.
1903 858 2080 895 Cernitur
2101 858 2188 895 hinc
2209 859 2247 895 in
2269 860 2434 908 quadru-

1426 918 1523 968 pede
1542 918 1661 955 cauda
1681 917 1888 967 serpentis,
1908 918 2011 955 illinc
2032 919 2069 954 in
2092 919 2194 968 pisce
2215 928 2330 968 caput
2343 934 2432 970 qua-

1427 978 1621 1028 drupedis.
1657 978 1714 1015 Ibi
1744 977 1863 1015 bestia
1894 979 2049 1028 praefert
2081 992 2221 1028 equum
2239 1008 2247 1024 ,
2279 994 2430 1031 capram

353 1048 474 1092 nitur,
504 1045 557 1082 ibi
586 1045 747 1081 offertur
776 1042 969 1079 libentius.
998 1045 1102 1076 Auro
1133 1040 1239 1076 tectis
1269 1039 1357 1075 reli-
1378 1044 1406 1078 Β
1427 1039 1581 1075 trahens
1613 1047 1715 1075 retro
1748 1038 1965 1085 dimidiam,
1988 1038 2047 1075 hic
2068 1048 2272 1076 cornutum
2297 1041 2432 1078 animal

353 1108 450 1157 quiis
486 1106 705 1155 saginantur
740 1102 859 1148 oculi,
899 1110 936 1137 et
971 1100 1085 1137 loculi
1120 1099 1357 1149 aperiuntur.

351 1167 573 1206 Ostenditur
592 1164 848 1215 pulcherrima
870 1163 989 1198 fornia
1007 1161 1124 1197 sancti
1146 1161 1202 1196 vel
1221 1168 1359 1196 sanetze

351 1226 510 1275 alicujus
523 1256 532 1273 ,
548 1234 583 1262 61
604 1238 648 1261 60
666 1223 836 1260 creditur
851 1221 1030 1267 sanctior,
1045 1235 1122 1271 qno
1138 1221 1357 1257 coloratior.

350 1292 518 1326 Currunt
553 1286 728 1322 homines
763 1284 809 1320 ad
841 1281 1116 1327 osculandum,
1149 1281 1359 1317 invitantur

348 1349 394 1385 ad
410 1347 630 1384 donandum
643 1361 651 1392 3
665 1354 701 1382 et
717 1345 833 1394 magis
850 1344 1038 1380 mirantur
1054 1342 1226 1393 pulchra,
1241 1356 1353 1392 quam

348 1416 582 1445 venerantur
611 1420 728 1443 sacra.
758 1409 960 1442 Ponuntur
983 1404 1120 1439 dehinc
1137 1403 1173 1439 in
1197 1403 1353 1439 ecclesia

347 1477 568 1519 gemmatae,
592 1480 669 1503 non
691 1466 887 1511 coronae*,
911 1465 975 1501 sed
997 1473 1108 1508 rotae,
1142 1464 1350 1499 circumse—

347 1540 421 1580 pta?
442 1527 680 1579 lampadibus
698 1556 706 1572 ,
732 1526 796 1563 sed
820 1539 896 1562 non
923 1526 1048 1561 minus
1076 1524 1262 1573 fulgentes
1291 1524 1350 1559 in—

346 1591 454 1627 sertis
485 1588 686 1639 lapidibus.
722 1587 920 1624 Cernimus
946 1594 983 1621 61
1011 1598 1082 1634 pro
1115 1583 1352 1620 candelabris

346 1651 501 1688 arbores
522 1649 704 1699 quasdam
727 1656 889 1693 erectas,
908 1646 1031 1682 multo
1054 1645 1138 1681 {eris
1158 1644 1349 1695 pondere,

343 1713 440 1749 miro
467 1709 621 1747 artificis
647 1722 764 1758 opere
795 1707 1012 1752 fabricatas,
1044 1720 1112 1741 nec
1140 1704 1257 1753 magis
1284 1719 1349 1740 co-

346 1780 542 1809 ruscantes
588 1768 839 1819 superpositis
885 1766 1069 1811 lucernis,
1112 1778 1224 1813 quani
1271 1766 1348 1801 suis

343 1833 511 1882 gemmis.
534 1829 634 1879 Quid
651 1858 660 1874 ,
685 1837 794 1878 putas
811 1857 819 1873 ,
844 1828 880 1863 in
913 1827 970 1863 liis
1000 1824 1179 1861 omnibns
1206 1825 1346 1874 quaeri-
1366 1830 1393 1864 C

344 1893 431 1928 tur?
456 1889 724 1940 poenitentium
748 1887 1017 1937 compunctio,
1043 1899 1088 1921 an
1116 1885 1346 1921 intuentium

345 1951 568 1988 admiratio?
602 1953 632 1986 Ο
659 1948 806 1984 vanitas
832 1947 1063 1992 vanitatum,
1082 1946 1146 1981 5611
1175 1960 1250 1982 non
1278 1959 1347 1981 va—

343 2013 429 2048 nior
450 2024 563 2060 quain
586 2009 776 2045 insanior!
800 2008 931 2057 Fulget
953 2007 1109 2043 ecelesia
1130 2007 1165 2042 in
1191 2006 1346 2055 paricti-

340 2072 431 2116 bus,
455 2080 489 2107 et
512 2072 546 2107 in
569 2068 801 2120 pauperibus
824 2078 920 2118 eget.
944 2071 1038 2104 Suos
1060 2066 1203 2116 lapides
1224 2065 1346 2102 induit

345 2140 612 2178 ι1111·0,6151105
630 2131 726 2166 filios
741 2130 865 2165 nudos
883 2128 1032 2165 descrit.
1056 2131 1108 2163 De
1130 2126 1344 2176 sumptibus

342 2205 548 2242 egenorum
582 2190 745 2227 servitur
778 2189 897 2225 oculis
931 2188 1102 2223 divitum.
1138 2187 1343 2223 [nveniunt

340 2253 474 2288 curiosi
505 2265 582 2300 quo
613 2250 867 2294 delectentur,
890 2258 925 2285 et
947 2262 1023 2285 non
1050 2248 1249 2284 inveniunt
1271 2248 1343 2283 uii-

293 2359 297 2362 .
340 2312 410 2349 scri
445 2324 522 2360 qno
552 2317 822 2345 sustententur.
853 2307 996 2357 l‘tquisl
1029 2308 1158 2343 saltem
1193 2315 1343 2343 sancto-

339 2385 421 2409 runi
452 2371 633 2419 imagines
666 2383 742 2405 non
773 2382 1014 2414 reveremur,
1046 2367 1185 2418 quibus
1212 2368 1343 2416 utique

339 2435 461 2483 ipsum
475 2460 483 2476 ,
507 2430 610 2480 quod
629 2429 790 2479 pedibus
809 2430 1055 2465 conculcatur
1068 2457 1077 2473 ,
1095 2436 1213 2465 scatet
1233 2427 1341 2477 pavi—

338 2493 533 2530 mentum?
551 2496 656 2540 Saepe
675 2490 825 2539 spuitur
841 2491 877 2525 in
894 2503 960 2526 ore
983 2489 1124 2538 angeli,
1151 2502 1251 2537 saepe
1269 2487 1342 2523 ali-

334 2552 442 2601 cujus
465 2559 681 2588 sanctoruni
707 2549 818 2585 facies
838 2548 1004 2585 calcibus
1030 2547 1203 2584 tunditur
1224 2556 1340 2583 trans-

1427 1112 1567 1148 equum
1598 1107 1718 1147 gestat
1748 1098 1949 1148 posterius.
1978 1102 2067 1135 Tam
2100 1100 2220 1136 multa
2245 1100 2428 1151 denique,

1428 1168 1580 1209 tamque
1600 1159 1694 1196 mira
1716 1159 1952 1196 diversarum
1973 1159 2183 1196 formarum
2205 1160 2348 1210 ubique
2363 1175 2432 1198 va-

1426 1220 1539 1256 rietas
1569 1228 1751 1270 apparet,
1776 1228 1815 1255 ut
1839 1219 1957 1268 inagis
1985 1219 2108 1269 legere
2129 1219 2244 1256 libeat
2266 1222 2304 1258 in
2327 1235 2429 1259 mar-

1427 1279 1617 1326 moribus,
1643 1293 1755 1329 quani
1784 1280 1822 1315 in
1853 1277 2073 1325 codicibus,
2102 1287 2301 1330 totumque
2331 1281 2431 1318 diem

1426 1354 1614 1397 occupare
1642 1340 1788 1396 singula
1818 1339 1887 1376 ista
1916 1339 2114 1386 mirando,
2143 1353 2257 1390 quam
2284 1341 2321 1377 in
2352 1342 2430 1391 lege

1424 1402 1492 1437 Dei
1508 1401 1742 1437 meditando.
1758 1400 1857 1437 Proh
1873 1402 1973 1437 Deo!
1989 1400 2020 1437 si
2036 1412 2115 1436 non
2131 1400 2250 1450 pudet
2264 1401 2429 1452 ineptia-

1424 1476 1523 1509 rum,
1540 1476 1608 1499 cur
1625 1462 1682 1498 vel
1702 1474 1778 1498 non
1798 1461 1900 1511 piget
1914 1462 2194 1510 expensarum?

1768 1587 1945 1625 CAPUT
1974 1587 2090 1625 XIII.

1416 1711 1532 1742 Modos
1549 1717 1578 1742 et
1596 1711 1697 1742 media
1713 1716 1828 1741 mutuae
1851 1710 2010 1741 charitatis
2032 1716 2063 1742 et
2081 1710 2166 1752 pacis
2183 1710 2324 1742 fovendae
2345 1720 2432 1744 sum-·

1454 1766 1560 1797 matini
1574 1766 1708 1806 colligit,
1725 1765 1859 1807 denique
1874 1765 2046 1807 transfugas
2062 1766 2271 1797 instabilitatis
2283 1773 2383 1799 notat.

1471 1878 1532 1914 30.
1564 1878 1681 1914 Multa
1699 1877 1851 1927 quidem
1870 1886 1908 1914 et
1923 1878 1994 1914 alia
2011 1877 2237 1928 suggerebat
2251 1878 2424 1917 addenda

1417 1939 1518 1987 larga
1546 1938 1702 1974 materia
1728 1953 1735 1974 :
1758 1938 1823 1975 sed
1846 1939 1975 1975 avellit
2005 1951 2065 1975 me
2091 1947 2129 1975 et
2154 1939 2312 1989 propria
2335 1941 2427 1977 satis·

1415 1999 1526 2034 anxia
1555 1998 1779 2048 occupatio,
1802 2006 1840 2034 et
1865 2006 1951 2044 tua,
1982 1998 2098 2035 frater
2120 1999 2234 2048 Ogeri
2250 2000 2289 2045 *,
2312 1999 2424 2036 nimis

1415 2058 1551 2095 festina
1575 2058 1772 2104 discessio,
1795 2059 1861 2108 qui
1887 2058 2065 2095 videlicet
2083 2072 2154 2096 nec
2177 2060 2318 2096 morari
2335 2060 2441 2097 diu--

1416 2119 1488 2155 tius
1508 2119 1738 2169 acquiescis,
1761 2132 1832 2155 1166
1853 2118 1958 2155 abire
1980 2127 2105 2156 tamen
2127 2119 2184 2156 vis
2205 2119 2348 2170 absque
2364 2134 2419 2157 re-

1412 2180 1511 2216 centi
1531 2180 1731 2230 opusculo.
1751 2180 1863 2217 Facio
1884 2180 2012 2229 itaque
2032 2179 2136 2230 quod
2158 2179 2238 2226 vis,
2260 2188 2298 2217 et
2315 2189 2350 2217 te
2367 2179 2419 2217 di-

1413 2241 1540 2286 mitto,
1572 2249 1611 2276 ct
1641 2252 1857 2277 sermonem
1887 2239 2021 2277 brevio
2053 2255 2060 2277 :
2091 2241 2301 2291 praesertim
2331 2241 2418 2291 quia

1412 2301 1565 2338 utiliora
1588 2309 1677 2337 sunt
1704 2314 1825 2350 pauca
1851 2301 1888 2336 in
1913 2314 2026 2350 pace,
2047 2314 2162 2351 quam
2189 2301 2309 2338 multa
2331 2313 2421 2337 cum

1413 2361 1604 2398 scandalo.
1628 2365 1673 2398 Et
1694 2362 1840 2398 utinam
1863 2362 1942 2398 haec
1961 2375 2083 2412 pauca
2104 2361 2319 2412 scripserim
2336 2361 2416 2398 sine

1410 2423 1599 2460 scandalo.
1622 2423 1829 2459 Enimvero
1856 2422 1947 2459 vitia
1965 2435 2146 2473 carpens,
2169 2423 2250 2459 scio
2274 2435 2333 2459 me
2355 2421 2420 2459 01-

1408 2483 1563 2520 fendere
1598 2484 1769 2520 vitiosos.
1806 2487 1936 2520 Potest
1967 2492 2093 2520 tamen
2127 2483 2232 2530 fieri,
2263 2483 2414 2520 volente

1407 2549 1507 2591 Deo,
1527 2543 1717 2594 aliquibus
1734 2557 1830 2593 quos
1851 2557 1910 2581 me
1930 2544 2044 2581 timeo
2059 2556 2324 2594 exasperasse,
2344 2556 2419 2594 110·-

335 2613 518 2651 euntium.
542 2615 587 2647 Et
617 2611 645 2646 si
670 2624 747 2646 11011
778 2609 892 2646 sacris
923 2609 979 2645 his
1004 2607 1252 2657 imaginibus,
1274 2621 1341 2643 cur
1358 2622 1391 2656 D
1409 2606 1481 2642 tius
1509 2605 1737 2655 placiturum
1765 2617 1867 2651 esse,
1893 2603 1958 2640 sed
1989 2604 2019 2641 si
2045 2604 2223 2641 desinant
2247 2616 2328 2641 esse
2353 2603 2412 2640 vi-

335 2675 391 2710 vel
415 2686 491 2709 non
510 2671 678 2722 parcitur
696 2669 867 2719 pulchris
886 2668 1104 2705 coloribus?
1125 2671 1202 2706 Cur
1227 2667 1338 2704 deco-

335 2748 394 2771 ras
426 2732 530 2782 quod
564 2744 651 2767 mox
690 2729 909 2766 foedandum
947 2730 1031 2766 est?
1064 2742 1132 2765 cur
1165 2727 1338 2777 depingis

333 2793 434 2843 qnod
469 2805 619 2828 11666556
645 2799 701 2827 651
722 2789 968 2826 conculcari?
999 2788 1099 2837 Quid
1129 2787 1182 2824 ibi
1213 2788 1339 2824 valent

333 2863 499 2889 ventistze
531 2854 680 2895 formae,
708 2850 772 2887 ubi
799 2851 960 2900 pulvere
980 2850 1220 2886 maculantur
1241 2848 1335 2885 assi-

334 2914 431 2950 duo?
459 2913 631 2961 Denique
655 2911 747 2960 quid
774 2911 852 2946 haec
879 2910 926 2947 ad
949 2922 1159 2960 pauperes,
1181 2908 1227 2945 ad
1248 2921 1342 2948 1110-,

334 2973 495 3016 naclios,
523 2971 569 3006 ad
603 2970 816 3019 spirituales
848 2970 975 3006 viros?
994 2969 1074 3006 §isi
1100 2969 1198 3005 forte
1219 2968 1335 3004 ethic

334 3034 513 3072 adversus
548 3038 798 3065 memoratum
831 3029 909 3077 jam
940 3038 1064 3079 poetae
1102 3028 1331 3065 versiculum

333 3090 580 3144 propheticus
598 3088 658 3123 illc
676 3088 952 3137 respondeatur
976 3104 982 3124 :
1008 3092 1189 3132 Domine,
1212 3089 1335 3123 dilexi

336 3156 504 3189 decorem
528 3151 655 3184 domus
677 3156 768 3191 eme,
792 3156 827 3181 rt
851 3150 967 3182 locum
993 3147 1237 3183 habitationis
1255 3150 1336 3195 glo-

335 3218 406 3249 riae
426 3221 502 3247 tuae
522 3216 548 3246 ¹.
568 3206 744 3245 Assentio
767 3221 774 3243 2
798 3207 986 3255 patiamur
1015 3217 1051 3242 ct
1080 3208 1158 3243 haec
1191 3207 1270 3243 lieri
1297 3208 1334 3243 111

374 3353 385 3368 1
407 3345 487 3378 Psat.
508 3354 587 3381 xxv,
612 3345 644 3373 8.

1407 2665 1491 2702 tiosi
1510 2680 1517 2702 :
1546 2665 1576 2702 si
1600 2665 1797 2711 videlicet,
1821 2673 1858 2701 61
1878 2664 2127 2701 districtiores
2143 2664 2318 2701 desinant
2333 2676 2412 2700 esse

1406 2725 1658 2771 detractores,
1676 2733 1714 2761 et
1733 2724 1968 2761 remissiores
1989 2733 2190 2775 amputent
2207 2723 2409 2774 superflui-

1406 2794 1521 2831 tatcs;
1542 2785 1572 2822 si
1594 2785 1647 2822 sic
1669 2785 1830 2835 quisque
1850 2783 1997 2821 bonum
2020 2792 2146 2821 teneat
2165 2783 2268 2834 quod
2291 2790 2407 2828 tenet,

1406 2854 1448 2881 ut
1483 2845 1597 2882 alium
1632 2845 1734 2882 aliud
1770 2853 1962 2882 tenentem
1992 2858 2069 2881 non
2094 2843 2261 2893 judicet3
2294 2842 2323 2879 si
2344 2842 2408 2892 qui

1403 2906 1548 2955 accepit
1569 2905 1647 2955 jam
1675 2919 1756 2942 esse
1781 2905 1927 2951 bonus,
1953 2918 2029 2942 non
2052 2904 2217 2941 invideat
2239 2903 2406 2940 meliori-

1401 2965 1496 3011 bus;
1525 2974 1562 3002 et
1585 2966 1650 3015 qui
1672 2965 1743 3002 sibi
1771 2965 1924 3002 videtur
1953 2978 2063 3015 agere
2087 2964 2241 3009 melius,
2264 2962 2404 2999 1101111111

1403 3039 1479 3062 11011
1514 3034 1666 3075 spernat
1697 3025 1852 3062 alterius
1875 3041 1882 3062 ;
1905 3025 1935 3062 51
1961 3025 2026 3075 qni
2051 3023 2257 3061 districtius
2278 3023 2404 3058 vivere

1403 3095 1582 3137 possunt,
1601 3099 1667 3123 605
1685 3086 1748 3136 qui
1771 3099 1848 3122 non
1869 3094 2031 3135 possunt
2053 3098 2122 3122 nec
2143 3091 2403 3133 aspernentur,

1403 3160 1472 3183 uec
1505 3146 1752 3192 mundentur,
1784 3155 1819 3182 et
1851 3146 1916 3194 qui
1946 3158 2022 3182 non
2050 3152 2234 3195 possunt,
2255 3155 2319 3179 eos
2339 3141 2403 3190 qui

1403 3215 1566 3258 possunt
1600 3207 1652 3242 sic
1680 3207 1888 3252 mirentur,
1918 3214 1960 3242 ut
1986 3215 2128 3243 temere
2154 3217 2231 3242 non
2257 3203 2403 3239 imiten-
