2533 3920
345 190 418 229 267

1113 186 1147 221 S.
1179 182 1433 218 BER-NARDI
1463 180 1665 216 ABBATIS

343 277 381 307 et
398 268 548 306 mittere
566 266 612 305 de
625 274 754 304 nostra
771 263 920 309 militia,
936 262 1050 312 quiin
1071 274 1186 297 manu
1201 258 1346 304 valida,
1365 256 1397 275 ⁹²³

2349 168 2424 207 268

344 330 374 367 si
395 329 506 367 vobis
520 342 600 366 non
617 327 810 377 displicet,
830 323 1045 372 requirant,
1061 327 1291 370 recuperent
1314 326 1352 355 et
1367 315 1399 349 A
1416 314 2346 358 “““““““““““““““““““““““““““““““““““”““““““ᾗ
2346 313 2434 324 “““““

345 390 542 428 reducant.
562 393 611 427 Et
634 401 736 425 nunc
757 384 871 433 hujus
888 384 941 420 rei
963 382 1080 432 gratia
1095 381 1261 432 praemisi
1281 379 1352 416 lios

344 464 441 500 quos
461 457 666 500 praesentes
689 445 841 497 cernitis
859 444 1140 493 exploratores,
1157 440 1223 491 qui
1243 445 1350 476 cssea

344 510 399 547 rei
427 509 609 560 indagent
633 506 828 557 sagaciter,
849 503 1149 552 renuntientque
1177 500 1350 537 fideliter.

344 570 515 608 Assistite
535 569 590 606 eis
618 577 795 616 tanquam
824 563 967 601 nuntiis
983 561 1138 600 Domini
1161 559 1298 605 vestri,
1317 566 1355 595 et

346 631 383 667 in
409 630 502 681 ipsis
528 629 682 666 feudum
710 634 879 663 vestrum
907 623 1094 660 deservite
1108 620 1137 657 ¹’.
1155 614 1242 671 Ipse
1261 633 1352 657 vcro

345 690 392 727 ad
430 691 618 727 honorem
655 700 785 733 suum,
817 684 865 722 ad
897 684 1056 721 salutem
1089 690 1273 727 vestram,
1304 679 1350 716 ad

344 751 476 801 patriae
494 750 714 801 sospitatem
737 755 774 784 et
798 758 952 796 pacem,
978 744 1106 780 lcetum
1132 755 1202 778 vos
1229 749 1266 777 et
1293 740 1351 776 in-

345 812 488 861 clytum
504 809 689 860 perducat
706 808 743 844 iu
759 806 905 843 bonum
923 818 964 840 ac
982 802 1172 853 placidum
1190 803 1317 837 linem,

359 927 1358 948 ιιιιιιιιιιιιιιιιιιιιιιιιιιιιιιιιιιιιιιιιιιιιιιιιιιιιιιιιιιιιιιιιιι

527 1033 904 1094 EPISTOLA
952 1030 1184 1088 XCHI.c

422 1190 468 1212 AD
497 1187 697 1211 HENRICL‘M
727 1182 1005 1207 WINTONENSEM
1034 1180 1207 1203 EPISCOPL
1220 1165 1289 1201 ΜΛ.

653 1289 800 1323 officiose
827 1298 899 1318 eum
923 1286 1048 1317 salutat.

347 1402 437 1440 Viro
460 1400 597 1438 illustri
622 1398 780 1435 domiuo
794 1401 972 1434 lim-mco
983 1394 1013 1441 *,
1029 1393 1099 1431 Dei
1116 1392 1235 1442 gratia
1248 1391 1358 1430 Win-

400 1461 551 1498 tonensi
575 1460 776 1510 episcopo,
793 1461 1016 1495 Bruxmnrs
1037 1454 1153 1491 abbas
1168 1454 1290 1505 dictus
1313 1452 1359 1488 de

400 1521 653 1566 Clara-Valle,
682 1520 719 1556 in
750 1518 916 1555 Domino
945 1516 1117 1552 salutem.
1208 1506 1215 1510 ³

399 1637 607 1675 Multorum
631 1635 708 1685 jam
736 1633 920 1671 relatione
937 1629 1177 1668 laetabundus
1203 1629 1354 1678 accepi,

344 1699 470 1736 locum
490 1698 618 1748 gratiae
635 1709 712 1732 non
729 1695 901 1731 infimum
916 1691 1168 1729 humilitatem
1187 1697 1356 1726 nostram

346 1759 449 1811 apud
467 1767 633 1796 vestram
665 1754 934 1795 Celsitudinem
956 1752 1142 1789 obtinere.
1167 1754 1251 1788 Non
1273 1763 1357 1786 sum

346 1820 525 1865 meritus,
563 1818 629 1855 sed
661 1830 707 1853 eo
744 1829 821 1852 non
854 1815 1034 1864 ingratus.
1067 1816 1201 1861 Itaque
1233 1809 1357 1847 refero

1612 411 1981 472 EPISTOLA
2011 397 2239 468 XCIV.r

1419 562 1465 584 AD
1495 560 1657 582 ABRATEM
1679 557 1868 581 CUJUSDAM
1889 553 2118 578 MONASTERII
2138 551 2386 577 EBORACENSIS
2397 545 2429 586 g,

1475 621 1575 644 t‘NnE
1599 619 1759 643 EXIERAT
1789 616 1905 640 PRIOR
1924 615 2000 640 CUM
2029 612 2250 644 ALIQL'ANTls
2278 611 2431 636 FRATRI-

1554 668 1571 684 *

1477 682 1540 704 mrs
1576 697 1583 704 .

1480 785 1510 821 l.
1541 781 1750 821 Consilium
1773 778 1948 830 expetitis
1968 790 1990 814 a
2011 789 2072 814 me
2091 774 2227 813 litteris
2246 782 2434 812 transma—

1427 845 1537 891 rinis,
1566 842 1670 893 quod
1702 842 1847 878 utinam
1876 839 1923 876 ab
1953 839 2026 876 alio
2047 837 2175 888 potius
2193 834 2432 887 quaesissetis.

1425 909 1609 943 Coarctor
1637 901 1823 952 siquidem
1844 913 1864 937 e
1886 898 2049 936 duobus.
2072 899 2109 937 Si
2136 897 2238 934 enim
2267 908 2347 932 non
2369 907 2433 931 re-

1426 963 1640 1014 spondero,
1676 961 1913 998 taciturnitas
1943 966 2208 1009 contemptum
2244 955 2435 1006 quodam-

1424 1023 1539 1060 modo
1558 1034 1693 1060 sonare
1714 1019 1920 1057 videbitur.
1941 1017 2190 1068 Respondere
2211 1025 2336 1054 autem
2355 1014 2436 1052 sine

1379 1092 1406 1125 Β
1424 1084 1596 1134 periculo
1628 1095 1688 1119 me
1716 1093 1829 1131 posse
1859 1093 1938 1116 non
1967 1078 2102 1123 video,
2132 1090 2219 1114 cum
2248 1074 2437 1126 quidquid

1426 1143 1684 1194 respondero,
1705 1153 1858 1178 necesse
1879 1140 1926 1177 sit
1945 1147 2011 1176 aut
2031 1137 2250 1176 scandalum
2270 1136 2434 1187 cuipiam

1425 1217 1627 1255 generare,
1648 1210 1714 1239 aut
1729 1200 1891 1239 reddere
1911 1212 2087 1237 securum
2104 1210 2335 1248 quemquam
2351 1196 2438 1247 plus

1425 1279 1541 1315 quam
1570 1271 1744 1315 oportet,
1765 1270 1831 1299 aut
1859 1269 1961 1298 certe
1989 1260 2028 1297 in
2060 1272 2139 1310 quo
2161 1271 2240 1296 non
2269 1265 2434 1308 oportet.

1426 1325 1537 1374 Quod
1568 1338 1589 1361 a
1624 1322 1733 1360 vobis
1765 1329 2004 1359 recesserunt
2033 1320 2168 1357 fratres
2198 1317 2336 1364 vestri,
2367 1330 2439 1355 nec
2468 1345 2471 1347 >
2506 1307 2507 1310 Ἰ

1426 1394 1579 1430 nostro,
1603 1398 1673 1421 nec
1696 1391 1918 1420 nostrorum
1939 1382 2080 1418 factum
2100 1388 2175 1426 est,
2199 1391 2261 1416 me
2279 1377 2435 1424 sciente,

1426 1446 1586 1483 consilio
1618 1445 1678 1481 vel
1707 1444 1874 1480 hortatu.
1905 1441 2103 1480 Credimus
2131 1447 2259 1477 autem
2281 1451 2329 1475 ex
2355 1441 2437 1475 Deo

1427 1507 1558 1553 fuisse,
1578 1505 1682 1555 quod
1698 1518 1767 1541 nec
1785 1503 1897 1540 tantis
1912 1501 2038 1552 potuit
2055 1499 2212 1538 dissolvi
2224 1497 2436 1536 conatibus.

1427 1568 1626 1606 Credimus
1646 1566 1718 1602 hoc
1739 1564 1841 1602 idem
1861 1571 1899 1600 et
1920 1563 2024 1612 ipsos
2041 1561 2182 1598 sentire
2203 1560 2355 1605 fratres,
2373 1559 2440 1609 qui

1425 1636 1599 1664 nostrum
1622 1634 1823 1675 tantopere
1844 1622 1890 1660 de
1913 1635 1952 1659 se
1977 1621 2068 1672 ipsis
2100 1619 2300 1657 consilium
2329 1618 2438 1668 flagi-

1426 1696 1526 1734 tant,
1552 1685 1669 1723 credo
1701 1683 1947 1722 remordente
1977 1694 2043 1719 eos
2076 1679 2310 1718 conscientia
2334 1677 2440 1729 quod

1426 1756 1528 1784 retro
1559 1745 1734 1783 abierint.
1767 1742 1947 1793 Alioquin
1980 1740 2082 1778 beati
2111 1747 2201 1777 sunt
2228 1737 2437 1776 secundum

1425 1806 1674 1857 Apostolum,
1697 1804 1727 1842 si
1745 1817 1783 1841 se
1801 1816 1879 1840 non
1899 1801 2075 1852 judicant
2094 1801 2133 1837 in
2155 1813 2202 1837 eo
2222 1798 2328 1849 quod
2346 1811 2439 1849 pro-

347 1880 503 1930 gratiam
526 1892 597 1929 pro
619 1878 756 1928 gratia,
788 1876 858 1913 etsi
885 1888 963 1912 non
986 1873 1234 1922 condignam,
1258 1879 1359 1907 certe
1379 1863 1406 1899 C
1426 1868 1520 1905 bant
1535 1873 1559 1904 ¹.
1592 1869 1781 1904 Caeterum
1809 1859 1903 1914 quid
1932 1863 2087 1908 faciam,
2109 1869 2152 1898 ut
2182 1860 2440 1909 interrogatus

348 1954 462 1991 quam
492 1953 662 1990 possum.
683 1942 760 1976 Nec
780 1949 931 1982 vereor,
952 1934 1136 1985 quantula
1165 1932 1229 1978 sit,
1249 1930 1359 1968 obla-

350 2010 444 2048 tam,
467 2000 527 2037 vel
559 1999 686 2050 potius
708 1998 862 2035 relatam
892 2009 913 2033 a
940 1995 1051 2032 vobis
1071 1992 1220 2044 sperni,
1244 2005 1357 2041 quam

348 2071 386 2098 ct
407 2069 580 2098 amanter
606 2059 838 2110 promereri,
861 2065 898 2094 et
925 2057 1126 2106 dignanter
1147 2053 1359 2104 praevenire

348 2122 518 2159 curastis.
534 2125 676 2158 Verum
694 2119 809 2156 modo
829 2119 941 2170 plura
955 2116 1121 2154 scribere
1138 2113 1333 2164 supersedi
1349 2143 1358 2160 ,

347 2183 470 2219 ‹lonec
501 2190 648 2226 vestro,
680 2181 710 2216 si
740 2179 895 2228 (lignum
926 2177 1123 2227 judicatis,
1157 2187 1359 2223 agnoscam

348 2242 554 2292 rescripto,
588 2241 668 2277 haec
701 2253 820 2290 pauca
852 2238 1015 2288 qualiter
1042 2235 1247 2286 accipiatis.
1267 2238 1360 2282 Quae

348 2310 475 2339 autem
496 2299 705 2337 rescribere
725 2300 784 2336 vel
806 2298 1004 2348 injungere
1018 2296 1140 2333 verbo
1158 2295 1358 2345 placuerit,

348 2361 476 2398 abbati
507 2360 669 2410 Ogerioe
697 2359 934 2396 committere
962 2357 1061 2393 hene
1089 2355 1268 2406 potestis,
1292 2368 1363 2404 per

349 2435 463 2471 quem
497 2428 534 2457 ct
563 2420 643 2456 haee
665 2427 795 2456 nostra
815 2417 1021 2468 recepistis.
1054 2419 1128 2454 Pro
1150 2428 1227 2465 quo
1248 2415 1359 2451 etiam

350 2491 514 2520 vestram
546 2480 820 2519 Excellentiam
853 2479 1148 2529 compellamus,
1172 2485 1361 2526 quatenus

350 2556 436 2580 vum
473 2551 511 2580 et
542 2550 676 2579 notum
706 2555 753 2578 ex
776 2541 851 2577 hoc
878 2539 1067 2585 habeatis,
1096 2546 1133 2574 et
1162 2549 1362 2573 commen-

1427 1942 1497 1965 ncc
1531 1926 1701 1972 silendo,
1733 1938 1804 1963 nec
1843 1922 2114 1974 respondendo
2152 1922 2335 1958 molestus
2368 1920 2437 1957 sim

1426 1989 1632 2038 cuiquam?
1663 1990 1721 2024 Ita
1744 1985 1912 2022 fortassis
1933 1983 2129 2035 expediar,
2154 1982 2185 2019 si
2213 1981 2354 2019 misero
2374 1993 2439 2018 eos

1426 2050 1491 2100 qui
1526 2062 1584 2085 me
1616 2048 1876 2096 interrogant,
1912 2045 1960 2082 ad
1993 2044 2225 2089 doctiorem,
2256 2050 2293 2079 et
2330 2041 2440 2091 cujus

1427 2109 1664 2147 reverentior
1693 2108 1937 2156 sanctiorque
1966 2105 2173 2143 auctoritas
2203 2104 2260 2141 sit.
2283 2105 2438 2141 Sanctus

1426 2184 1526 2222 papa
1559 2169 1767 2220 Gregorius
1789 2169 1826 2205 in
1860 2167 1959 2204 libro
1986 2165 2168 2204 Pastorali
2192 2179 2200 2202 z
2222 2181 2236 2196 «ι
2259 2163 2439 2214 Quisquis

1431 2251 1443 2265 υ
1464 2232 1610 2268 bouum
1643 2229 1766 2279 majus
1797 2228 1942 2273 subire,
1965 2246 1979 2258 υ
1999 2226 2141 2276 iuquit,
2169 2242 2184 2257 τι
2210 2224 2436 2275 proposuit,

1430 2311 1444 2325 »
1465 2292 1609 2329 bonum
1641 2291 1765 2327 minus
1789 2288 1893 2339 quod
1914 2287 2058 2338 potuit,
2091 2285 2164 2323 sibi
2183 2284 2356 2322 illicitum
2385 2284 2439 2321 fe—

1428 2372 1443 2387 »
1467 2354 1529 2390 cit.
1553 2370 1568 2384 n
1592 2351 1650 2389 Ad
1679 2350 1784 2400 quod
1813 2347 2057 2400 probandum
2087 2345 2241 2396 subjicit
2269 2345 2442 2382 testimo-
2468 2347 2470 2350 ’
2495 2389 2499 2392 -

1428 2414 1535 2451 nium
1557 2412 1603 2448 dc
1626 2409 1854 2459 Evangelio,
1876 2408 2024 2454 dicens,
2047 2409 2168 2443 Nemo
2188 2409 2336 2442 mittens
2353 2417 2439 2440 ma-

1428 2488 1516 2510 num
1534 2486 1641 2508 suam
1659 2473 1711 2507 (nl
1724 2478 1892 2506 aratrum
1903 2497 1915 2514 ,
1935 2478 1970 2504 ιί
1987 2471 2189 2517 respicic‘ns
2203 2475 2313 2510 retro,
2331 2474 2440 2514 aptus

1429 2542 1483 2569 est
1515 2546 1627 2581 regno
1661 2533 1837 2566 coelorum
1853 2535 1880 2574 ²,
1915 2537 1953 2565 et
1987 2528 2100 2565 insert

350 2602 500 2648 datum,
537 2610 671 2652 utpote
696 2600 893 2637 hominem
924 2599 1141 2644 honestate,
1174 2595 1409 2641 scientia,D
1430 2614 1443 2627 »
1467 2592 1614 2630 fortiori
1658 2590 1784 2628 studio
1830 2589 2078 2635 intenderat,
2112 2596 2215 2624 retro
2249 2585 2438 2636 respicere

351 2662 609 2713 religioneque
629 2659 986 2698 commendabilem.

400 2796 409 2811 ¹
426 2793 522 2821 Rom.
544 2801 613 2828 xxv,
631 2792 686 2820 22.
710 2806 754 2811 —
773 2794 785 2810 2
805 2790 883 2818 Luc.
904 2798 947 2823 xx,
969 2788 1026 2817 02.

1429 2673 1443 2686 »
1467 2652 1722 2698 convincitur,
1749 2651 1779 2688 si
1803 2650 1943 2687 relictis
1971 2649 2084 2687 bonis
2110 2645 2361 2699 amplioribus
2389 2645 2436 2684 ad

400 2855 413 2870 ‘¹
430 2848 601 2880 Familiaris
613 2847 773 2880 Beruardo
787 2846 854 2877 haec
870 2856 931 2876 vox
944 2856 1005 2876 esse.
1023 2843 1063 2875 ad
1080 2841 1315 2885 significandum
1328 2841 1371 2872 rei
1386 2848 1436 2872 aut
1460 2839 1594 2871 hominis
1608 2844 1722 2869 statum
1735 2863 1742 2875 ‚
1759 2838 1789 2868 in
1803 2838 1942 2881 epistolis
1966 2841 1977 2870 1
1992 2840 2042 2876 18,
2061 2839 2139 2870 304.

400 2895 417 2918 ¹¹
430 2901 556 2943 Quippe
573 2912 658 2943 reges
674 2907 702 2931 et
723 2899 878 2942 principes
897 2904 968 2929 sunt
983 2904 1129 2939 tanquam
1144 2895 1200 2927 Dei
1216 2894 1348 2926 vassalli.
1364 2912 1409 2917 ——
1429 2900 1442 2915 ⁰
1461 2893 1578 2935 Scripta
1596 2892 1676 2922 circa
1690 2902 1807 2922 aunum
1831 2895 1838 2922 Ι
1854 2894 1928 2923 132.

397 2963 412 2982 ‘¹
434 2962 588 2994 chricus
615 2961 780 3004 episcopus
807 2958 1053 2995 wintoniensis,
1080 2958 1112 2987 iu
1131 2956 1263 2997 Anglia.
1288 2966 1326 2986 ex
1357 2954 1470 2985 abbate
1490 2951 1719 2989 Glastouiensi,
1743 2951 1912 2982 Guillelmo
1935 2948 2080 2982 Gissardo
2099 2947 2250 2980 suffectus
2267 2947 2437 2979 u'intoniae

351 3026 434 3047 anno
459 3019 468 3046 l
484 3018 543 3046 128
557 3040 564 3052 ,
586 3014 730 3045 laudatur
749 3013 788 3043 al)
805 3011 942 3053 Auglicis
960 3010 1113 3042 historicis
1126 3034 1133 3047 ‚
1158 3015 1365 3051 praeterquam
1387 3006 1426 3038 ab
1445 3005 1582 3037 Heni-ico
1606 3003 1867 3035 lluutiudouiemi
1890 3003 1921 3034 iu
1938 3002 2091 3046 spicilegii
2109 3008 2193 3034 tomo
2211 3004 2246 3040 8,
2261 3012 2333 3045 pag.
2355 3003 2432 3039 190,

352 3069 404 3100 ubi
419 3068 544 3099 Heurici
559 3068 636 3109 regis
650 3078 746 3109 nepos
759 3065 871 3096 ‹lit-itur
883 3088 890 3099 ,
910 3080 923 3091 ‹-

943 3074 1058 3094 uox‘um
1076 3062 1234 3104 quoddam
1251 3067 1442 3097 monstrum,
1462 3058 1577 3090 scilicet
1595 3056 1767 3088 inonachus
1781 3062 1811 3088 et
1826 3056 1924 3088 miles.
1944 3071 1957 3084 »

396 3128 410 3143 θ
424 3121 474 3153 Ad
491 3132 583 3162 quent
600 3120 729 3163 epistola
750 3122 790 3151 87
809 3124 837 3149 et
858 3124 1031 3159 sequentes.
1050 3135 1090 3140 --
1106 3110 1116 3132 ¹*
1131 3116 1252 3158 Scripta
1272 3126 1353 3146 anuo
1367 3112 1482 3146 Christi
1507 3116 1515 3142 Ι
1530 3115 1604 3142 132.

398 3177 412 3200 S
429 3174 616 3207 Gaufridum
637 3173 749 3204 scilicet
765 3197 772 3211 ,
794 3171 938 3202 abban-n·
963 3170 1140 3201 monasterii
1159 3168 1405 3200 Sanum-Mariae
1425 3167 1456 3197 in
1475 3164 1598 3197 dimensi
1621 3161 1809 3195 Eboraceusi
1821 3186 1828 3200 ,
1844 3161 1972 3194 Ordinis
1992 3164 2023 3194 S.
2040 3161 2216 3196 Benedicti,
2230 3171 2294 3202 quo
2312 3169 2350 3191 ex
2365 3159 2434 3191 loco

348 3227 493 3260 monachi
509 3226 673 3257 duodecim
690 3237 759 3257 cuni
781 3225 889 3255 Priore
909 3223 1019 3265 egrossi
1031 3247 1038 3260 ‚
1055 3233 1124 3252 cum
1141 3222 1179 3252 ad
1199 3221 1416 3253 cistercienses
1430 3219 1596 3250 convolare
1616 3217 1659 3249 eis
1678 3227 1741 3248 uon
1760 3216 1882 3253 liceret,
1896 3216 2074 3258 confugium
2097 3215 2237 3247 fecerunt
2253 3214 2292 3245 ad
2313 3213 2433 3246 Tursti·

348 3292 423 3312 uum
444 3279 712 3322 archiepiscopum
733 3278 976 3311 liborum-nsvin,
1005 3286 1098 3317 quem
1117 3275 1157 3305 ol)
1179 3274 1357 3317 prwsidium
1382 3274 1424 3305 ris
1448 3273 1623 3316 impensum
1647 3270 1752 3301 laudat
1778 3269 1954 3301 heruardus
1982 3269 2114 3313 epistola
2141 3273 2301 3310 sequente.
2318 3265 2433 3299 Confer

349 3334 510 3376 epistolam
536 3336 600 3365 313
628 3332 666 3363 ad
692 3330 836 3362 euuulcni
861 3328 1058 3360 ‹lauti-idum.

2135 2542 2143 2564 ε
2173 2542 2187 2557 <«
2219 2525 2295 2575 Qui
2323 2525 2439 2575 igitur
2464 2518 2472 2546 T
2495 2526 2498 2555 ἶ

2506 3205 2517 3260 ⁴?

2508 3267 2519 3295 s
