2533 3920
361 141 438 178 679

358 225 505 263 hiscum
517 251 527 270 ‚
545 234 632 259 cum
649 219 776 256 locum
793 224 967 253 nostrum
987 214 1164 263 (lignatus
1178 222 1234 250 est
1250 211 1371 249 beatae

361 286 496 325 mortis
526 282 607 332 ejus
637 281 828 318 honorare
854 275 1076 326 praesentia,
1108 282 1146 310 et
1171 272 1371 323 pretiosis-

360 350 456 387 simo
491 343 664 395 corporis
695 339 777 389 ejus
810 337 1044 386 locupletare
1078 334 1270 371 thesauro.
1297 337 1373 370 Nec

360 410 563 447 molestum
591 404 639 441 sit
666 400 795 445 vobis,
813 398 917 449 quod
939 396 1042 447 apud
1063 409 1133 432 nos
1153 394 1292 431 habeat
1312 407 1373 431 se—

358 470 556 521 pulturam
578 480 586 502 :
609 460 765 513 quando
793 459 845 495 sic
874 457 1066 494 ordinavit
1099 459 1202 493 Deus
1235 467 1374 492 secun-

360 531 452 567 dum
478 523 761 564 multitudinem
799 517 1070 555 misericordiae
1105 529 1200 562 suae,
1233 523 1275 551 ut
1305 527 1374 551 vos

360 603 448 628 eum
468 588 599 624 vivum
623 580 834 624 haberetis,
854 577 966 614 nobis
993 576 1136 613 habere
1164 576 1294 612 liceret
1313 575 1374 611 vel

360 651 595 688 defunctum.
615 646 662 681 Et
682 640 794 678 nobis
813 638 1001 689 siquidem
1023 636 1236 674 communis
1251 635 1375 672 vobis-

360 725 447 749 cum
479 716 588 759 pater
612 705 675 741 ille
705 709 805 747 erat,
827 709 863 736 et
892 708 977 735 est:
1003 712 1088 734 nam
1116 706 1154 734 et
1183 698 1221 733 in
1252 705 1375 733 morte

357 773 477 824 ipsius
499 770 572 806 hoc
593 764 704 803 nobis
724 762 991 799 confirmatum
1011 767 1067 795 est
1088 766 1368 795 testamentum.

359 829 618 882 Quamobrem
637 826 732 863 sicut
752 835 822 859 nos
847 820 961 869 hujus
983 820 1075 856 tanti
1092 819 1210 868 patris
1235 818 1368 867 gratia,

359 894 559 931 universos
576 900 667 931 vos,
692 893 874 932 tanquam
893 893 1095 930 germanos
1117 879 1270 924 fratres,
1287 878 1377 914 totis

360 950 629 1002 amplectimur
657 941 869 981 visceribus
903 939 1095 976 charitatis
1129 952 1136 974 :
1168 937 1221 973 sic
1259 946 1296 974 et
1330 937 1376 973 de

357 1012 467 1050 vobis
488 1009 587 1047 idem
612 1004 753 1043 sentire
775 1000 982 1052 spiritualis
998 1000 1080 1049 ipsa
1097 998 1276 1049 cognatio
1289 1010 1372 1048 per-

358 1072 506 1112 suadet.

414 1133 450 1169 4.
478 1135 690 1169 Hortamur
720 1132 847 1161 autem
878 1134 949 1158 vos
966 1150 975 1167 ,
1009 1120 1145 1157 fratres
1162 1149 1172 1166 ,
1203 1126 1246 1155 ut
1272 1117 1374 1155 beati

356 1193 471 1244 hujus
486 1190 606 1242 patris
625 1186 746 1225 nostri
770 1196 921 1234 semper
940 1181 1081 1219 curetis
1101 1180 1238 1218 sectari
1258 1179 1374 1216 vesti-

356 1256 440 1307 gia,
469 1266 514 1290 eo
544 1248 752 1288 studiosius
770 1276 779 1293 ,
811 1257 889 1295 quo
922 1241 1033 1279 vobis
1064 1241 1204 1278 certius
1241 1248 1371 1277 sancta

356 1315 439 1367 ejus
464 1309 705 1350 conversatio
733 1304 924 1343 diuturnis
957 1301 1232 1353 experimentis
1256 1301 1370 1337 inno-

357 1376 441 1413 tuit.
465 1377 509 1412 In
532 1373 608 1409 hoc·
628 1369 729 1406 enim
747 1379 862 1403 veros
884 1378 950 1401 vos
967 1363 1050 1412 ejus
1068 1363 1164 1399 filios
1181 1374 1262 1398 esse
1280 1374 1370 1411 pro-

355 1435 514 1481 habitis,
535 1433 565 1470 si
582 1439 742 1481 paterna
764 1426 926 1463 viriliter
939 1424 1111 1461 instituta
1129 1422 1286 1459 servetis
1304 1437 1311 1458 :
1331 1430 1370 1458 et

355 1505 400 1533 ut
418 1496 457 1532 in
477 1507 523 1531 eo
542 1491 692 1529 vidistis
713 1497 749 1525 et
773 1486 931 1524 audistis
949 1484 996 1521 ab
1017 1497 1062 1520 eo
1078 1513 1086 1529 ‚
1111 1482 1367 1533 quemadmo-

357 1557 449 1594 dum
471 1567 540 1591 τος
566 1558 742 1602 oporteat
766 1547 984 1593 ambulare3
1008 1545 1060 1582 sic
1081 1543 1303 1589 ambuletis,
1328 1551 1369 1580 ut

357 1615 559 1654 abundetis
586 1611 702 1661 magis
729 1625 736 1646 :
767 1607 956 1658 siquidem
987 1605 1107 1656 gloria
1138 1604 1278 1654 patris,
1310 1617 1368 1640 sa-

355 1677 500 1728 pientia
519 1675 685 1711 filiorum
702 1678 727 1707 ¹.
745 1673 840 1707 Nam
862 1676 900 1704 et
920 1675 1091 1703 nostram
1112 1678 1191 1701 non
1220 1664 1369 1700 medio-

357 1738 472 1775 criter
491 1742 671 1773 excutere
695 1729 878 1767 desidiam
897 1757 905 1773 ‚
926 1735 963 1764 et
987 1725 1241 1763 reverentiam
1263 1724 1370 1760 ineu-

356 1806 436 1836 tere
471 1794 588 1845 coepit
616 1802 786 1843 praesens
825 1786 938 1824 nobis
973 1794 1086 1822 tantae
1120 1784 1368 1834 perfectionis

355 1857 564 1907 exemplar.
582 1858 707 1902 Atque
727 1850 873 1886 utinam
896 1848 949 1883 sic
965 1859 1035 1883 nos
1057 1854 1143 1896 post
1160 1858 1199 1881 se
1224 1845 1367 1891 trahat,

355 1928 398 1957 ut
418 1916 613 1969 pertrahat
630 1914 669 1950 in
691 1921 767 1948 tam
787 1909 930 1946 recenti
947 1908 1133 1944 virtutum
1151 1905 1232 1955 ejus
1247 1905 1367 1942 odore

355 1979 504 2017 avidius
523 1976 760 2023 alacriusque
777 1978 987 2008 currentes.
1008 1971 1189 2005 Orantem
1209 1980 1280 2016 pro
1302 1979 1369 2002 no-

356 2041 415 2078 bis
445 2037 733 2077 universitatem
762 2040 928 2069 vestram
963 2029 1135 2066 Christus
1163 2027 1367 2064 custodiat.

353 2160 1371 2184 ιιιιιιιιιιιιιιιιιιιιιιιιιιιιιιιιιιιιιιιιιιιιιιιιιιιιιιιιιιιιιιιιιιιιι

446 2267 821 2330 EPISTOLA
883 2258 1296 2323 CCCLXXVJ

473 2432 518 2454 AD
549 2430 641 2453 Insui
673 2424 901 2450 CO311TISSAM
930 2421 1222 2446 NIVERNENSEM.

346 2542 522 2576 Monaclios
545 2539 775 2571 vizeliacenses
791 2545 809 2565 a
835 2531 1007 2565 Comitissae
1028 2529 1195 2561 clientibus
1220 2529 1362 2562 infestari

781 2588 931 2631 querit-ur.

344 2712 500 2751 Dilectae
524 2710 562 2746 in
587 2707 736 2745 Christo
767 2703 850 2740 ffliae
877 2698 1104 2738 Nix-emensi
1128 2699 1356 2745 comitissae,

399 2774 513 2808 frater
541 2774 770 2806 Bi-:Rxmocs
809 2759 1159 2800 Clarae-Vallensis
1200 2769 1358 2797 vocatus

398 2831 533 2875 abbas,
553 2829 710 2865 salutem
732 2833 770 2861 et
790 2822 995 2861 orationes.

395 2941 651 2992 Conqueritur
667 2935 897 2974 venerabilis
915 2933 1032 2970 abbas
1048 2932 1314 2969 Vizeliacensis
1328 2932 1357 2980 ὓ,

392 3099 401 3114 ¹
420 3095 515 3123 Prov.
534 3101 574 3124 x,
596 3090 622 3118 1.
638 3104 681 3109 —-
698 3090 710 3106 ²
728 3088 848 3117 Jerem.
870 3094 901 3112 ιι
918 3107 925 3119 ,
943 3086 974 3113 9,
995 3099 1040 3103 —-
1056 3079 1069 3102 3
1084 3081 1131 3111 Id.
1150 3092 1182 3119 v,
1206 3085 1236 3113 3,

1130 137 1165 172 S.
1196 135 1450 170 BERNARDI
1479 136 1683 170 ABBATIS

2368 143 2440 182 680
2460 149 2463 182 Ι

1379 209 1430 227 ³⁵⁶
1442 212 1547 261 quod
1576 225 1646 248 vos
1664 241 1673 257 ,
1706 220 1744 248 et
1783 211 1940 248 clientes
1975 212 2094 249 vestri
2115 242 2125 259 ‚
2156 223 2382 256 mercatores
2407 231 2463 259 eti

1393 275 1423 307 A
1442 281 1600 309 caeteros
1639 272 1869 310 Vizeliacum
1905 272 2080 309 volentes
2116 274 2171 311 ire
2207 276 2413 324 prohibetis
2434 298 2443 319 :
2461 296 2463 322 ι

1440 333 1545 383 quod
1565 333 1656 383 quia
1676 333 1905 371 Guillelmus
1924 340 2075 370 comesc
2096 333 2208 371 bonae
2231 341 2440 388 memoriae,
2462 335 2463 339 ¹

1441 402 1478 431 et
1496 393 1597 430 filius
1613 392 1744 442 ejusin
1757 394 1961 444 praesentia
1982 393 2128 431 domini
2142 396 2444 439 Autissiodoren-
2462 427 2463 433 η

1444 455 1493 492 sis
1510 463 1548 492 et
1563 463 1694 492 nostra
1710 455 1867 505 penitus
1883 454 2076 503 refutavit,
2095 462 2273 505 tanquam
2292 458 2442 510 impium

1441 523 1478 552 et
1497 515 1690 565 iniquum3
1714 528 1917 551 monemus
1933 522 1971 551 et
1987 527 2165 564 rogamus
2182 543 2191 560 ‚
2211 529 2258 552 ne
2277 517 2316 555 id
2339 518 2442 559 dein.

1442 589 1532 625 ceps
1551 576 1632 612 ullo
1649 575 1764 611 modo
1786 575 1946 611 faciatis.
1970 575 2164 611 Timemus
2182 575 2298 622 enim,
2314 578 2342 614 si
2361 580 2443 620 talia

1442 637 1565 673 facere
1586 636 1797 686 coeperitis,
1826 649 1872 671 ne
1895 635 1992 671 forte
2014 642 2052 671 et
2074 633 2184 671 vobis
2202 635 2287 683 hic,
2307 645 2345 674 et
2361 638 2441 678 viro

1442 705 1570 733 vestro
1586 725 1597 742 ,
1614 695 1679 732 ubi
1700 696 1781 746 ipse
1799 704 1854 732 est
1871 725 1880 741 ‚
1904 695 2112 745 plurimum
2134 695 2282 745 possint
2301 696 2440 746 obesse,
2463 714 2465 717 ¹

1443 757 1548 807 quod
1570 758 1729 793 omnino
1751 757 1951 793 nollemus.
1975 755 2125 793 Credite
2144 769 2236 806 ergo
2257 756 2442 806 nobis,et

1441 818 1604 854 omnino
1626 817 1794 855 desistite
1815 830 1836 853 a
1859 817 2001 853 malitia
2022 816 2104 853 hac.

1441 956 1623 966 =m=nnx==s===
1632 956 1727 965 ιιιιιιι
1733 955 1959 966 ιιυυκιιινιιιιιι-
1966 955 2223 966 ιιικι-ς-ιιιιιιικκῑ

1394 1001 1424 1035 Β

2226 957 2440 972 ιωςνιηυιιιιῑη

1517 1077 1900 1134 EPISTOLA
1955 1070 2392 1137 CCCLXXVIJ'

1709 1232 1759 1254 AD
1787 1231 1978 1255 SUGERIL‘M
2005 1232 2185 1256 ABBATEM.

1436 1349 1591 1378 Hortatur
1604 1351 1634 1377 et
1653 1351 1761 1388 rogat,
1792 1352 1825 1378 ut
1851 1346 1963 1378 duellis
1982 1346 2193 1388 quorumdam
2214 1346 2387 1390 principum
2413 1359 2443 1382 se

1872 1407 2026 1444 opponat.

1435 1521 1654 1561 Venerabili
1676 1523 1775 1573 patri
1793 1531 1831 1560 et
1858 1523 2017 1560 domino
2038 1527 2226 1571 Summo,
2244 1524 2313 1561 Dei
2333 1526 2442 1575 gratia

1489 1583 1618 1621 abbati
1656 1583 2002 1634 Sancti-Dionysii
2024 1613 2035 1631 ‚
2072 1585 2189 1622 frater
2226 1588 2467 1624 BERNAnnus·

1490 1645 1754 1683 Clarae—Vallis
1783 1654 1942 1683 vocatus
1971 1645 2108 1693 abbas,
2126 1646 2286 1683 salutem
2307 1655 2343 1683 et
2362 1660 2442 1685 ora·
2464 1665 2468 1685 τ

1492 1707 1629 1742 tiones.

1389 1783 1418 1820 C

1489 1838 1599 1872 Nunc
1625 1843 1776 1886 tempus
1800 1844 1838 1872 et
1861 1849 1959 1886 opus
1978 1845 2061 1882 est,
2087 1845 2128 1873 ut
2153 1836 2443 1887 apprehendatis

1435 1896 1602 1945 gladium
1623 1897 1778 1947 spiritus
1792 1925 1802 1943 ‚
1822 1897 1927 1947 quod
1946 1906 2003 1934 est
2018 1897 2178 1935 verbum
2200 1898 2269 1935 Dei
2287 1926 2297 1944 ,
2317 1906 2442 1936 contra

1436 1956 1625 1994 diabolica
1645 1959 1839 2007 figmenta,
1855 1971 1942 2007 quae
1960 1958 2218 2007 regerminare
2238 1959 2443 1996 moliuntur
2483 1982 2487 1987 ·

1435 2018 1587 2055 iterum.
1609 2018 1795 2056 Homines
1818 2023 1984 2068 namque
2006 2019 2062 2055 illi
2085 2019 2150 2069 qui
2174 2019 2318 2056 reversi
2340 2027 2443 2066 sunt,
2464 2048 2467 2055 .
2485 2051 2492 2055 .

1436 2079 1656 2116 maledictas
1680 2079 1764 2115 illas
1794 2078 2012 2115 nundinas*
2028 2087 2117 2129 post
2142 2079 2234 2116 festa
2259 2078 2441 2129 paschalia
2490 2094 2494 2100 ’

1437 2140 1709 2190 praefixeruut‚
1732 2147 1770 2175 et
1789 2147 2006 2176 statuerunt
2036 2139 2170 2177 laxatis
2191 2139 2349 2177 habenis
2372 2139 2440 2177 do·-

2464 2166 2468 2197 ἔ

1437 2200 1562 2237 minus
1582 2199 1771 2237 Henricus
1790 2199 1890 2236 filius
1914 2199 2092 2245 Comitis,
2113 2208 2151 2237 et
2167 2199 2346 2238 dominus
2366 2203 2440 2239 ΚΟ.-
2464 2221 2467 2247 ;

1435 2261 1568 2299 bertus
1596 2261 1713 2298 frater
1737 2261 1871 2310 Regis,
1899 2269 1941 2298 ut
1970 2261 2119 2298 irruant
2146 2269 2185 2298 et
2215 2261 2439 2299 interficiant

1436 2323 1671 2373 semetipsos.
1687 2321 1992 2359 Animadvertite
2006 2322 2109 2372 quali
2127 2323 2324 2360 voluntate
2343 2321 2437 2362 viam
2464 2361 2467 2365 ,

1430 2383 1792 2432 Jerosolymitanam
1826 2382 1991 2431 aggressi
2022 2391 2135 2427 sunt,
2162 2383 2229 2432 qui
2256 2396 2342 2420 cum
2369 2394 2438 2420 vo-

1429 2445 1576 2481 luntate
1604 2442 1825 2492 hujusmodi
1859 2443 2020 2492 regressi
2059 2451 2160 2479 sunt.
2189 2446 2312 2491 Quam
2341 2450 2437 2480 recte

1431 2505 1505 2541 dici
1528 2512 1656 2555 potest
1673 2503 1720 2540 de
1740 2503 1822 2540 istis
1843 2518 1851 2540 ε
1875 2504 2094 2539 curavimus
2123 2502 2351 2551 Babylonem
2366 2531 2377 2548 ,
2402 2509 2439 2539 ee
2465 2526 2467 2531 ·

1376 2568 1410 2602 D
1430 2580 1505 2602 nrm
1521 2575 1575 2602 est
1589 2573 1727 2600 samita
1740 2571 1752 2586 ²
1763 2580 1773 2611 3
1783 2569 1954 2614 percussi
1965 2573 2065 2609 sunt,
2082 2573 2119 2600 et
2130 2578 2205 2600 mm
2220 2566 2415 2600 doluerunt
2423 2576 2439 2608 ‚⁶
2464 2576 2471 2618 ἰ

1428 2629 1545 2663 attriti
1561 2635 1660 2670 sunt,
1685 2635 1721 2662 et
1736 2634 1941 2661 retuterunt
1955 2628 2144 2674 suscipere
2157 2620 2434 2674 disciplinam-³!
2464 2623 2466 2629 '

1428 2692 1518 2725 Post
1537 2695 1592 2723 tot
1612 2686 1762 2723 labores
1775 2716 1784 2732 ‚
1809 2694 1896 2736 post
1919 2694 1974 2723 tot
1994 2686 2164 2736 pericula
2181 2714 2192 2732 ‚
2211 2684 2351 2735 quibus
2369 2695 2434 2721 ve-

1427 2749 1504 2786 xati
1537 2757 1625 2785 sunt
1657 2761 1677 2784 a
1710 2747 1956 2785 tribulatione
1990 2747 2181 2784 malorum
2214 2755 2253 2783 et
2282 2745 2433 2790 dolore,
2464 2768 2467 2770 v

1427 2822 1587 2859 regnum
1614 2809 1652 2845 in
1681 2822 1775 2858 pace
1806 2817 1883 2853 est,
1911 2817 1947 2845 et
1974 2808 2156 2845 dominus
2189 2811 2272 2845 Rex
2301 2805 2430 2843 abest:

1426 2879 1463 2907 et
1484 2883 1553 2920 per
1573 2869 1642 2905 lios
1666 2869 1762 2905 duos
1788 2876 1916 2919 potest
1940 2876 2041 2905 terra
2069 2867 2311 2917 singulariter
2331 2877 2432 2903 com-

1427 2930 1597 2976 moveri,
1620 2929 1687 2967 sed
1707 2937 1743 2966 et
1764 2928 1996 2980 perturbari.
2018 2928 2202 2979 Supplico
2221 2935 2259 2965 et
2278 2924 2432 2964 consulo
2464 2950 2466 2954 »

385 3157 398 3171 ·’·
416 3152 501 3184 Alias
517 3148 647 3191 epistola
670 3148 736 3177 390
753 3155 759 3175 :
779 3154 847 3185 (pue
867 3153 941 3172 vero
963 3146 1054 3171 antea
1074 3144 1138 3172 375
1156 3148 1219 3172 erat
1236 3166 1242 3177 ,
1265 3152 1349 3173 nunc
1368 3145 1445 3173 316.
1460 3141 1581 3183 Scripta
1599 3151 1682 3171 auno
1700 3139 1813 3171 Christi
1835 3142 1845 3170 1
1861 3141 1934 3170 148.
1953 3157 1997 3161 -
2017 3131 2032 3154 ¹'
2049 3138 2176 3169 Scilicet
2196 3138 2338 3178 Pontius

384 3213 398 3229 ⁰
413 3204 598 3237 Guillelmus
615 3201 670 3231 iste
686 3199 717 3229 in
732 3197 906 3229 Curtiisiaiii
926 3197 978 3235 (ut
994 3196 1058 3236 jam
1073 3195 1235 3235 notatum)
1262 3195 1409 3226 secedens
1420 3220 1427 3232 ‚
1445 3196 1576 3225 alterum
1594 3193 1797 3225 Guillelmum
1811 3192 1910 3222 fitium
1929 3202 2021 3222 suum
2034 3201 2247 3223 successorem
2265 3188 2371 3222 habuit
2385 3185 2424 3219 ab

338 3272 421 3293 anno
442 3262 452 3290 1
467 3259 547 3288 147.

381 3314 397 3334 d
416 3312 501 3344 Alias
521 3307 649 3351 epistola
670 3308 734 3337 358
755 3316 760 3335 ;
785 3314 853 3345 qua:
870 3313 941 3334 reru
956 3308 1046 3334 autea
1063 3305 1127 3333 :³76
1147 3308 1232 3335 emt.
1256 3313 1340 3333 nunc
1363 3306 1440 3333 3351.
1462 3301 1584 3343 Scripta
1608 3310 1691 3331 auno
1712 3298 1828 3330 Christi
1850 3300 1951 3330 1149-

2470 2108 2494 2160 3
2527 2109 2533 2172 ἶ
