2533 3920
1129 206 1164 239 S.
1196 200 1448 238 BERNARD'I
1477 197 1680 233 ABBATIS

1386 275 1433 294 ¹⁵⁰
1446 289 1532 313 eum
1562 275 1742 311 universo
1776 272 1879 308 clero
1909 279 1946 307 et
1973 270 2146 321 populis,
2171 270 2298 306 favent
2322 278 2359 306 et
2386 271 2451 308 ad-
2503 294 2505 303 ,

1398 338 1424 371 Α

397 365 1374 387 ιιιιιιιιιιιιιιιιιιιιιιιιιιιιιιιιιιιιιιιιιιιιιιιιιιιιιιιιιιιιιιιιιι

521 486 894 545 EPISTOLA
961 479 1224 540 CXXV?

424 659 468 681 AD
494 653 709 679 MAGISTRI'M
742 649 964 674 GAUFRIDUM
992 648 1040 669 DE
1066 644 1280 669 LORATORIO
1296 631 1325 666 *.

370 783 507 819 Operam
529 774 594 815 ejus
616 770 745 811 requirit
766 769 795 799 in
810 767 976 797 asserendo
999 763 1183 806 pontificatu
1206 759 1382 791 Innocentii

605 826 658 856 adi
667 834 752 855 ersus
768 822 900 853 srliisma
916 819 998 851 Petri
1014 817 1139 850 Leonis.

430 954 460 989 1.
483 950 588 988 Odor
609 948 644 984 in
674 947 787 989 ssore,
808 944 848 979 in
870 943 996 978 fructu
1026 953 1140 989 sapor
1160 937 1381 986 requiritur.

371 1013 499 1051 Odore
521 1006 738 1059 provocati,
767 1003 986 1041 charissime
1017 1001 1153 1045 frater,
1176 998 1248 1035 olei
1276 995 1386 1033 effusi

370 1071 534 1109 nominis
556 1068 630 1113 tui,
659 1066 833 1115 cupimus
858 1071 894 1099 et
924 1076 970 1098 ex
1001 1061 1126 1097 fructu
1155 1057 1283 1108 operis
1313 1069 1380 1092 co-

369 1143 551 1181 gnoscere
591 1137 636 1165 tc.
671 1130 755 1164 Non
791 1124 892 1161 enim
923 1135 994 1158 nos
1020 1117 1275 1166 tantum,sed
1303 1117 1384 1167 ipse

370 1204 524 1242 quoque
559 1188 625 1238 qui
657 1186 799 1223 nullius
836 1191 921 1233 eget
957 1185 1080 1228 Deus,
1123 1192 1220 1229 opus
1256 1186 1384 1214 tamen

371 1251 485 1289 habet
514 1250 586 1286 hoc
614 1248 651 1284 in
679 1255 851 1295 tempore
873 1255 990 1293 opere
1014 1250 1100 1287 tuo,
1123 1240 1151 1277 si
1172 1252 1249 1275 non
1276 1237 1384 1274 dissi-

374 1313 506 1350 mulas.
537 1308 757 1348 Gloriosum
793 1304 861 1341 tibi
890 1311 946 1339 est
973 1301 1044 1339 Dei
1075 1313 1155 1337 esse
1187 1311 1298 1349 posse
1323 1311 1384 1334 co-

374 1372 586 1422 adjutorem
616 1383 622 1404 :
652 1379 783 1417 posse,
819 1373 857 1401 et
890 1375 969 1399 non
1005 1374 1105 1405 esse,
1141 1359 1381 1396 damnosum.

377 1438 498 1470 Porro
542 1437 667 1466 autem
708 1425 845 1475 gratias
885 1421 1002 1459 habes
1040 1420 1143 1470 apud
1184 1422 1307 1456 Deum
1348 1425 1385 1453 et

378 1491 574 1534 homines,
605 1486 721 1523 habes
751 1483 968 1528 scientiam,
990 1480 1105 1517 habes
1134 1480 1309 1529 spiritum
1336 1478 1383 1513 li-

377 1549 554 1593 bertatis,
591 1545 707 1582 habes
743 1542 904 1580 verbum
940 1540 1070 1576 vivum
1105 1547 1142 1576 et
1177 1539 1385 1583 eslicax,et

378 1611 453 1647 sale
486 1607 682 1645 conditum
703 1620 709 1641 :
733 1618 803 1640 nec
827 1611 981 1653 oportet
1007 1610 1041 1637 te
1067 1613 1138 1651 pro
1160 1599 1272 1635 tantis
1290 1597 1385 1634 viri-

378 1671 450 1707 bus
472 1680 621 1719 sponsae
639 1666 777 1703 Christi
795 1664 924 1700 deesse
950 1663 988 1699 in
1010 1670 1114 1698 tanto
1140 1659 1360 1696 discrimine
1376 1685 1385 1702 ,

379 1742 463 1767 cum
497 1728 545 1764 sis
580 1726 721 1762 amicus
755 1723 898 1774 sponsi.
932 1722 1086 1760 Amicus
1127 1718 1315 1768 siquidem
1349 1717 1388 1752 in

379 1789 600 1826 necessitate
637 1785 832 1836 probatur.
867 1783 968 1832 Quid
999 1782 1123 1818 enim?
1141 1788 1180 1816 tu
1209 1778 1276 1815 tibi
1304 1777 1389 1826 qui-

379 1850 493 1895 escis,
512 1857 549 1884 et
568 1855 688 1883 mater
715 1854 777 1881 tua
808 1844 973 1881 Ecclesia
997 1842 1161 1892 graviter
1181 1838 1390 1876 conturba·
1409 1838 1436 1873 C

383 1911 466 1947 tur?
500 1907 644 1946 Habuit
674 1920 741 1942 sua
775 1914 947 1953 tempora
980 1902 1103 1952 quies,
1146 1909 1183 1937 et
1217 1907 1389 1936 sanctum

381 1970 503 2007 otium
533 1969 715 2004 haetenus
742 1979 809 2002 sua
830 1963 984 2013 negotia
1009 1963 1178 2007 licenter,
1206 1960 1391 1996 libenter—

1404 1052 1430 1085 B

383 2045 458 2080 que
480 2028 661 2066 excreuit.
688 2030 854 2076 Tempus
884 2023 1044 2061 faciendi
1070 2036 1193 2068 nunc,
1211 2021 1298 2071 quia
1320 2019 1393 2055 dis-

385 2092 606 2141 sipavcrunt
623 2089 755 2136 legem.
774 2086 898 2123 Bestia
916 2086 980 2122 illa
997 2085 1043 2121 (le
1059 2082 1313 2133 Apocalypsi,
1332 2079 1392 2116 cui

386 2151 516 2187 datum
547 2157 603 2185 est
631 2162 673 2184 os
698 2148 858 2195 loquens
884 2143 1159 2195 blasphemias,
1185 2150 1223 2178 et
1250 2140 1393 2177 bellum

387 2222 517 2260 gerere
535 2222 619 2245 cum
634 2198 800 2244 ‘sanctis‘
816 2235 826 2252 ,
849 2205 950 2242 Petri
975 2203 1193 2240 cathedram
1220 2207 1394 2250 occupat,

390 2280 568 2319 tanquam
587 2269 646 2304 leo
665 2275 818 2317 paratus
833 2266 880 2303 ad
900 2264 1078 2315 praedam.
1097 2263 1225 2300 Altera
1242 2273 1397 2310 quoque

391 2332 509 2368 bestia
529 2330 638 2379 juxta
667 2342 736 2364 vos
766 2326 985 2372 subsibilat,
1009 2325 1104 2361 sicut
1124 2323 1270 2360 catulus
1291 2320 1398 2357 habi-

393 2402 473 2428 tans
500 2391 539 2426 in
562 2389 709 2426 abditis.
741 2388 808 2424 Illa
830 2386 1004 2432 ferocior,
1025 2385 1095 2422 ista
1119 2382 1304 2427 callidior,
1328 2394 1398 2431 pa-

394 2451 485 2486 riter
499 2455 762 2486 convenerunt
778 2447 815 2483 in
834 2459 953 2482 unum
974 2444 1155 2481 adversus
1169 2442 1377 2480 Dominum
1389 2469 1398 2487 ‚

391 2519 429 2547 et
455 2510 636 2546 adversus
659 2508 839 2544 christum
862 2505 955 2555 ejus.
976 2509 1120 2542 Demus
1141 2515 1297 2553 operam
1324 2501 1399 2537 cito

393 2573 612 2621 dirumpere
632 2570 783 2606 vincula
802 2581 937 2605 eorum
950 2596 960 2614 ,
981 2575 1019 2603 et
1037 2564 1226 2615 projicere
1246 2577 1265 2599 a
1289 2560 1400 2598 nobis

388 2633 522 2682 jugum
548 2633 733 2682 ipsorum.

449 2696 484 2729 2.
510 2695 586 2728 Nos
621 2690 658 2726 in
689 2689 829 2726 nostris
866 2686 1059 2738 partibus,
1094 2697 1168 2721 una
1201 2695 1286 2719 cum
1323 2680 1403 2717 aliis

397 2752 465 2789 Dei
494 2751 611 2788 servis
648 2750 778 2785 divino
810 2749 896 2798 igne
927 2745 1111 2790 accensis,
1147 2747 1228 2780 Deo
1262 2754 1405 2791 eoopc*

400 2819 506 2847 rante.
534 2809 790 2846 labora-vimus
814 2809 852 2845 in
885 2803 1149 2843 conveniendo
1180 2802 1344 2852 populos
1367 2800 1404 2835 in

404 2883 540 2916 unum,
570 2877 607 2905 et
637 2882 742 2918 reges
770 2867 816 2904 ad
851 2860 1177 2914 dirumpendumh
1198 2872 1405 2911 pravorum

404 2943 651 2974 consensmn‚
680 2928 726 2965 ad
755 2926 1023 2964 destruendam
1049 2936 1203 2961 omnem
1235 2920 1406 2958 altitudi-

403 3004 488 3028 nem
526 2989 772 3026 extollentem
806 3001 845 3024 se
880 2986 1061 3023 adversus
1091 2983 1285 3020 scientiam
1323 2981 1404 3018 Dei.

402 3054 475 3088 Nec
495 3050 740 3086 infructuose.
763 3046 1020 3092 Alemanniae,
1044 3043 1229 3089 Franciae,
1248 3042 1405 3091 Angliae,

400 3110 534 3149 Scotiae
550 3138 559 3155 ‚
584 3108 853 3159 Hispaniarum
877 3115 914 3144 et
929 3106 1257 3154 Jerosolymorum
1274 3114 1379 3151 reges
1393 3130 1402 3148 ‚

448 3245 457 3260 ¹
479 3243 583 3281 Apoc.
605 3248 689 3275 xm,
709 3239 781 3267 43-7.

446 3302 459 3317 ²
486 3300 605 3341 Scripta
628 3308 711 3330 anno
735 3296 850 3329 Christi
880 3298 976 3328 1131.
996 3314 1037 3318 -
1056 3289 1071 3312 b
1098 3295 1200 3331 Alias,
1227 3291 1451 3339 diripiendmu.

450 3358 462 3373 ⁶
477 3352 574 3385 Alias.
592 3349 846 3395 Egolismwmm.

1445 336 1590 372 haerent
1619 333 1777 370 domino
1806 330 2056 376 Innocentio,
2090 339 2267 379 tanquam
2296 329 2361 366 filii
2381 343 2451 380 pa·
2503 331 2505 343 ¹

1445 395 1513 440 tri,
1547 403 1726 443 tanquam
1761 391 1875 441 capiti
1905 390 2095 435 membra,
2119 389 2271 426 solliciti
2304 402 2452 428 servare

1447 456 1629 492 unitatem
1657 452 1810 503 spiritus
1831 452 1869 488 in
1897 451 2051 487 vinculo
2076 450 2191 501 pacis.
2219 449 2356 487 Merito
2381 462 2449 487 au-

1449 524 1522 552 tem
1562 514 1668 550 illum
1709 512 1844 561 recipit.
1882 510 2071 556 Ecclesia,
2107 510 2214 559 cujus
2253 518 2290 546 et
2323 509 2452 560 opInio
2501 522 2504 544 ÷

1449 576 1598 618 clarior,
1627 582 1664 609 et
1690 573 1824 609 electio
1851 572 1980 608 sanior
2003 571 2157 607 inventa
2176 578 2252 615 est,
2276 570 2454 607 nimirum
2502 590 2504 610 ι

1449 635 1667 685 eligentium
1700 641 1737 670 ct
1764 645 1924 668 numero
1954 631 2130 676 vincens,
2163 638 2199 666 et
2229 630 2377 666 merito.
2408 635 2459 668 ΑΙ.

1451 705 1508 740 tu,
1541 696 1667 740 frater,
1698 693 1788 743 quid
1818 692 1941 729 adhue
1975 691 2157 741 negligis?
2180 702 2380 740 quousque
2404 690 2458 727 vi-
2502 683 2503 698 ³

1449 756 1537 792 cino
1561 762 1739 804 serpente
1771 762 1831 789 tua
1867 752 1963 788 male
1989 764 2121 788 secura
2147 749 2328 787 dormitat
2349 749 2458 788 indu-

1450 817 1562 852 stria?
1578 815 1724 853 Scimus
1739 813 1893 863 quidem
1913 820 1946 849 te
1967 812 2087 848 lilium
2106 810 2211 861 pacis
2227 810 2332 847 nulla
2349 823 2460 860 posse
2488 805 2503 855 s

1451 877 1598 912 ratione
1622 874 1749 912 induci
1773 874 1949 910 deserere
1971 874 2155 909 unitatem
2175 887 2182 909 ε
2201 871 2267 909 sed
2289 871 2458 921 profecto
2500 876 2503 921 J

1454 949 1530 972 non
1566 935 1723 979 suflicit,
1765 934 1836 969 nisi
1872 941 1910 969 et
1947 932 2166 982 defensare,
2196 940 2310 982 atque
2344 930 2460 980 ipsius
2498 935 2504 945 '

1455 1008 1609 1045 quoque
1638 994 1854 1030 turbatores
1878 993 1966 1029 totis
1995 992 2140 1030 viribus
2163 991 2354 1029 debellare
2381 999 2460 1028 stu-
2500 981 2501 1013 3

1453 1056 1592 1093 diteris.
1615 1058 1692 1092 Mc
1721 1050 1858 1102 quietis
1887 1053 2016 1089 timeas
2040 1052 2337 1095 detrimentum,
2359 1051 2462 1100 quod

1454 1129 1530 1152 non
1562 1127 1684 1165 parvo
1707 1122 1781 1150 tuae
1809 1112 1937 1162 gloriae
1966 1112 2204 1148 incremento
2235 1123 2462 1160 recompen-
2512 1157 2519 1164 ·

1452 1176 1619 1219 sabitur,
1656 1175 1685 1211 si
1719 1174 1797 1210 fera
1831 1173 1895 1209 illa
1928 1172 2052 1209 vicina
2092 1171 2201 1209 vobis
2238 1180 2304 1208 tuo
2338 1170 2462 1208 studio
2504 1173 2510 1178 '

1453 1243 1710 1281 mansuescat,
1741 1234 1800 1270 vel
1823 1232 2080 1279 obmutescat,
2101 1241 2139 1269 et
2166 1239 2309 1269 tantam
2335 1231 2463 1267 Eccle-
2498 1252 2499 1264 t

1451 1298 1513 1334 siae
1540 1296 1731 1347 praedam,
1755 1294 1932 1331 comitem
1967 1293 2052 1330 dico
2083 1294 2346 1330 Pictavensem
2364 1298 2390 1336 ⁰,
2424 1291 2461 1328 in
2496 1308 2508 1317 ··

1452 1371 1567 1394 manu
1586 1365 1647 1393 tua
1665 1355 1735 1393 Dei
1759 1355 1880 1405 pietas
1901 1354 1947 1391 de
1971 1367 2038 1391 ore
2059 1352 2199 1391 Leonis
2219 1352 2369 1403 eripiat.

2373 193 2446 231 324
2503 153 2506 277 J

2503 306 2505 328 t

2502 353 2505 373 t

2502 407 2505 435 Ι

1831 1489 1839 1496 ι
1872 1486 2465 1497 ῑιῑἏιὶιιι*ῑιιὶνινὶνδιιινιῆἱιῑιῑιςνὶἱὶἱυν-
2496 1484 2518 1498 ’,τι

1603 1597 1979 1656 EPISTOLA
2028 1587 2319 1655 CXXVI.d

2494 1682 2504 1705 ψ·
2493 1650 2503 1679 -v‹

2507 1598 2520 1637 Ᾰ.

1501 1768 1545 1789 An
1578 1762 1774 1788 Er1s‹:oros
1805 1763 2012 1793 AQUITANLE
2042 1761 2187 1785 CONTRA
2216 1761 2418 1784 GEKARDUM
2506 1707 2523 1799 1

1772 1822 2086 1847 ENoomsMENslsM
2099 1815 2127 1845 θ.
2508 1800 2533 1872 ⁴3¹

1459 1956 1592 1985 Causam
1613 1950 1786 1982 Innocentii
1799 1975 1806 1988 ,
1828 1956 1861 1980 ut
1883 1948 2011 1991 legitimi
2033 1946 2209 1986 Pontificis,
2227 1947 2348 1989 egregie
2369 1953 2469 1979 tuetur
2490 1944 2521 1995 ’τ’

1506 2006 1654 2037 adversus
1669 2003 1846 2037 Gerardum
1862 2003 2128 2045 Engolismensem
2139 2025 2146 2039 ,
2161 2000 2355 2033 Schismatici
2370 2007 2469 2044 partes
2492 2005 2521 2052 J

1507 2067 1666 2103 agentem,
1683 2059 1771 2100 eujus
1787 2068 1890 2089 mores
1903 2056 2060 2099 depingit,
2077 2061 2109 2087 et
2120 2055 2314 2098 subterfugia
2329 2055 2438 2088 eludit.
2452 2085 2457 2091 ,
2488 2050 2518 2110 μ’

1464 2191 1640 2228 Dominis
1656 2198 1694 2227 et
1714 2188 1888 2240 patribus
1909 2186 2165 2232 honorandis,
2187 2179 2492 2233 Lemovicens'ffiff'
2529 2199 2533 2210 ¹

1516 2252 1731 2289 Pictavensi
1744 2280 1752 2296 ,
1792 2248 2114 2298 Petragoricensi,
2152 2255 2190 2284 et
2226 2245 2467 2294 Santonenst,

1518 2314 1588 2351 Dei
1615 2312 1734 2361 gratia
1757 2309 1948 2359 episcopis
1976 2309 2137 2354 sanctis,
2167 2308 2284 2344 frater
2302 2309 2469 2344 Beuum·-
2488 2319 2490 2340 ι

1519 2387 1588 2410 nes
1602 2372 1718 2409 abbas
1738 2369 1860 2407 dictus
1881 2369 1927 2406 de
1948 2369 2199 2415 Clara-Valle,
2221 2367 2468 2405 constantiam
2487 2382 2492 2417 ᾗ
2532 2395 2533 2400 ,

1519 2433 1557 2468 in
1579 2430 1759 2468 adversis.
2485 2440 2489 2478 g

2484 2498 2511 2534 ¹'i

1526 2564 1556 2599 1.
1576 2562 1707 2599 Virtus
1727 2560 1765 2596 in
1786 2572 1879 2609 pace
1896 2558 2118 2609 acquiritur,
2136 2557 2174 2594 in
2194 2569 2371 2607 pressura
2388 2548 2512 2607 pro-il

1415 2625 1448 2658 D
1466 2621 1590 2668 batur,
1616 2619 1854 2671 approbatur
1874 2620 1911 2655 in
1936 2618 2110 2655 victoria.
2132 2621 2299 2668 Tempus
2319 2624 2375 2654 cst
2401 2627 2472 2669 ‘1¹¹9
2484 2604 2510 2668 ‘tl

1468 2691 1613 2727 restra,
1639 2683 1668 2718 si
1690 2694 1764 2731 qua
1787 2689 1860 2727 est,
1883 2693 1952 2716 nec
1977 2680 2093 2716 latere
2111 2677 2190 2728 jam
2205 2707 2214 2724 ,
2231 2690 2300 2714 nec
2328 2678 2494 2727 torpere}

1471 2745 1630 2788 sinatur,
1650 2741 1849 2779 reverendi
1872 2750 1909 2777 et
1933 2740 2070 2777 merito
2090 2737 2322 2788 suspiciendi
2341 2745 2487 2787 pattena

1474 2804 1631 2841 Hostilis
1651 2801 1837 2852 siquidem
1859 2800 2028 2850 gladius,
2049 2799 2116 2849 qui
2141 2798 2321 2835 universo
2345 2793 2487 2866 (311νίὀῖἱὲ

1472 2863 1625 2913 corpori
1659 2870 1819 2899 mortem
1853 2861 1980 2898 denuo
2010 2873 2114 2896 nunc
2143 2857 2328 2908 temporis
2354 2857 2485 2902 intem,v
2524 2872 2533 2886 ι

1473 2932 1551 2960 tare
1571 2923 1736 2968 videtur,
1753 2922 1889 2958 vestris
1908 2920 2149 2971 potissimum
2179 2917 2393 2955 cervicibus
2412 2903 2492 2954 iul-⁷.
2510 2907 2511 2910 Ἴ

1474 2983 1612 3029 minet,
1642 2991 1679 3019 et
1707 2982 1746 3018 in
1771 2994 1839 3018 vos
1865 2994 1911 3018 eo
1941 2980 2087 3026 acrius,
2116 2992 2194 3028 quo
2214 2977 2388 3015 cominus
2411 2970 2509 3033 εἶθ-1
2531 2988 2533 3009 ¹

1473 3044 1678 3081 bacchatur
1709 3058 1717 3080 z
1751 3043 1802 3079 ita
1831 3049 1872 3078 ut
1905 3039 2140 3091 quotidianis
2171 3036 2392 3083 assultibus,
2417 3031 2533 3086 aum*

1474 3104 1647 3141 resistere
1678 3103 1839 3149 sortiter,
1864 3109 1928 3139 aut
1956 3101 2120 3151 turpiter
2141 3098 2267 3152 (quod
2285 3095 2402 3147 absit)
2418 3105 2476 3133 ω-
2499 3091 2505 3112 ¹

2498 3122 2502 3131 .
2530 3095 2533 3133 ι’

1473 3311 1516 3318 -—
1542 3298 1555 3314 ⁸
1581 3292 1798 3324 (willelmum.
1816 3291 1891 3315 -d
1917 3290 2039 3334 Scripta
2067 3288 2149 3321 circa
2176 3297 2294 3320 aunum
2325 3286 2421 3317 11:32.
2438 3298 2475 3307 --
2530 3283 2533 3319 Ι
