2565 3952
48 200 124 240 229
966 187 1229 222 EPISTo},.-i:.
2065 183 2141 220 2:30

46 277 268 318 sollicitatur
287 272 373 323 plus
393 282 508 321 quam
529 267 718 314 volucrit,
737 274 774 303 et
793 265 895 302 unde
918 264 1056 300 nolue-
1074 262 1106 281 ⁷⁰
1126 261 1335 312 Apostolus
1350 260 1460 305 (licit,
1479 261 1599 295 Nema
1620 261 1914 295 adolescentiam
1933 269 2036 295 tuam
2053 276 2142 296 can-

47 340 113 386 rit‚
146 333 377 384 compatitur
414 331 573 377 nolens,
610 328 814 366 miseretur
843 325 976 362 invita.
1011 327 1059 361 Et
1079 326 1107 360 A
1125 331 1270 359 temnat
1285 329 1317 368 ¹3
1338 321 1471 367 citius,
1487 319 1747 370 quiajuvenes
1762 332 1906 364 sumus,
1927 319 1972 355 de
1989 320 2142 356 levitate

47 400 133 452 quia
158 396 287 441 vides,
313 393 391 439 fili,
414 405 485 429 nec
505 404 628 428 meam
655 388 918 426 meticulosam
943 385 1058 423 indu—

45 461 191 506 striam,
212 470 282 495 nec
299 464 402 492 tuam
424 454 525 504 piam
543 451 789 503 prudentiam
807 451 845 486 in
864 449 934 486 hac
948 456 1058 499 parte

45 520 226 575 prodesse
259 516 373 564 mihi3
393 514 497 565 jam,
533 527 683 565 quaeso,
721 512 802 549 noli
823 511 945 548 celare
972 522 1058 560 quae

46 584 144 621 circa
168 589 203 618 te
227 578 400 629 aguntur
418 592 426 614 :
454 589 502 613 ne
515 575 618 613 unde
636 583 672 611 te
692 573 784 611 mihi
805 586 964 624 parcere
983 585 1058 621 pu-

47 652 120 689 tas,
151 640 270 691 magis
291 638 448 688 affligaS.
471 635 667 687 Opuscula
688 647 772 672 mea
801 646 887 683 quae
915 631 1054 678 habes,

47 703 93 742 da
125 714 303 754 operam,
340 711 429 737 cum
457 705 680 749 opportune
708 694 902 746 potueris,
925 701 968 731 ut
994 693 1059 730 ha-

46 764 168 803 bearn.

48 895 1031 916 ===================================================================
1038 895 1061 904 ν-

197 1024 580 1084 EPISTOLA
634 1018 896 1080 LXXV.a

143 1185 192 1208 AD
214 1183 414 1207 ARTALDL'M
435 1166 771 1206 PRULL1ACENSEM*
790 1178 971 1202 ΑΒΒΑΤΕΜ.

148 1302 316 1335 Dissuadet
330 1300 511 1333 monasterii
526 1299 739 1332 conditionem
756 1300 789 1330 in
801 1297 968 1340 Hispania.

49 1422 280 1461 Dulcissimo
323 1421 446 1459 amico
485 1429 524 1458 et
558 1420 743 1458 confratri
779 1432 848 1456 suo
888 1424 1069 1457 Ani-Amo

169 1481 323 1530 abbati,
342 1483 458 1519 frater
476 1485 722 1527 BERNARDL‘S,
750 1480 912 1518 salutem
928 1480 959 1517 *.

105 1610 300 1662 Quidquid
320 1609 450 1661 gratiae
464 1618 503 1646 et
519 1608 739 1646 dilectionis
758 1609 984 1660 impendere
998 1608 1071 1646 sibi

54 1680 214 1725 possunt
251 1671 428 1709 absentes
458 1671 598 1717 amici,
640 1679 736 1721 puto
772 1679 809 1708 et
840 1685 901 1708 me
929 1671 1071 1708 debere

55 1733 122 1771 tibi
134 1762 144 1780 ‚
165 1741 203 1770 et
226 1733 319 1770 mihi
341 1731 473 1769 deberi
490 1745 511 1769 a
529 1740 584 1778 te,
604 1744 683 1768 non
701 1732 827 1769 solum
845 1731 895 1768 ob
913 1745 1073 1769 consor-

55 1794 149 1831 tium
185 1793 376 1844 propositi
409 1800 448 1830 et
478 1793 747 1843 professionis,
786 1792 853 1829 sed
878 1793 991 1830 etiam
1026 1806 1072 1829 ex

1126 392 1319 421 notemur.
1343 381 1416 421 Sed
1438 380 1592 418 confido
1614 381 1704 430 quia
1738 388 1778 416 tu
1807 380 2016 416 consultius
2037 392 2142 429 ages,

1126 454 1164 482 et
1184 446 1311 482 locum
1333 444 1398 493 qui
1432 442 1598 479 vicinior
1625 450 1662 477 et
1689 440 1769 490 jam
1801 449 2045 477 constructus
2065 449 2141 485 est,

1126 506 1241 556 eliges
1260 520 1267 541 :
1290 518 1404 554 quem
1427 503 1552 540 amico
1573 501 1729 552 quidem
1751 501 1896 537 tenenti
1918 501 2015 537 nosti
2036 502 2145 537 oneri

1126 580 1207 605 esse
1220 596 1229 614 ,
1252 566 1321 603 tibi
1342 573 1468 602 autem
1487 563 1743 601 necessarium
1763 563 1855 599 fore.
1878 562 1982 599 Vale.

1124 718 2147 733 ιιιιιιιιιιιιιιιιιιιιιιιιιιιιιιιιιιιιιιιιιιιιιιιιιιιιιιιιιιιιιιιιιιιιιι

1286 841 1671 901 EPISTOLA
1721 842 1990 897 LXXVI.

1132 1003 1179 1026 ΑΙ)
1211 1000 1379 1024 ΑΒΒΑΤΕΜ
1416 997 1687 1021 (ῘΑΝΟΝῙΟΟΒΙΣΜ
1719 996 1748 1020 S.
1773 984 2152 1020 PETRI-DE-MONTE*.

1133 1126 1219 1169 Quid
1238 1124 1394 1168 agendum
1421 1133 1493 1154 cum
1518 1122 1605 1159 viro,
1634 1122 1689 1164 qui
1712 1127 1782 1164 post
1807 1120 1989 1152 diuturnam
2008 1121 2041 1152 111
2059 1121 2154 1152 domo

1181 1188 1212 1213 et
1237 1180 1347 1212 habitu
1375 1179 1521 1221 religioso
1553 1176 1826 1209 conversationem
1848 1201 1855 1215 ‚
1885 1176 1925 1207 ad
1952 1176 2101 1208 saeculum
2126 1183 2156 1208 et

1182 1235 1334 1268 secundas
1356 1234 1481 1277 nuptias
1500 1233 1677 1264 transierat.

1137 1357 1473 1397 Reverendissimo
1492 1355 1591 1406 patri
1609 1354 1883 1392 canonicorum
1899 1354 2163 1391 Sancti-Petri-

1192 1419 1425 1463 de-Monte,
1459 1417 1575 1453 frater
1610 1419 1853 1461 Bertxxfflst‘s,
1885 1413 2025 1451 debitae
2067 1414 2164 1451 dile-

1193 1479 1332 1517 ctionis
1357 1478 1540 1515 officium.

1191 1609 1306 1648 Unde
1338 1607 1484 1659 placuit
1516 1615 1591 1643 tuae
1627 1604 1840 1655 dignationi
1875 1604 2031 1641 fratrem
2064 1604 2167 1642 1111116

1139 1680 1311 1708 nostram
1347 1669 1577 1721 parvitatem
1613 1666 1843 1712 consulere;
1875 1665 1927 1702 sic
1963 1679 2034 1703 nos
2060 1666 2166 1716 quod

1141 1731 1254 1769 nobis
1274 1731 1400 1768 visum
1422 1730 1514 1774 fuit,
1533 1727 1689 1766 noveris
1710 1727 1913 1764 consilium
1936 1726 2085 1764 dedisse
2098 1757 2107 1774 ,
2126 1736 2169 1765 ut

1142 1793 1284 1831 saniori
1311 1805 1388 1829 non
1421 1789 1816 1842 praejudicaverimus.
1838 1791 1893 1825 *Ne
1922 1801 2013 1838 ergo
2040 1802 2169 1825 rerum

56 1853 184 1891 debito
202 1856 342 1891 nostrae
363 1853 530 1901 invicem
551 1854 725 1904 pristinae
745 1854 937 1891 societatis
960 1868 967 1891 :
989 1867 1075 1903 quae
1094 1855 1121 1891 C
1143 1868 1236 1906 quas
1266 1854 1337 1891 scis
1351 1882 1360 1899 ,
1392 1852 1589 1902 superflua
1619 1850 1841 1887 narratione
1874 1858 1909 1886 te
1941 1862 2144 1899 gravemus
2158 1879 2167 1895 ‚

58 1923 132 1953 tam
166 1923 272 1965 grata
316 1915 494 1965 utrique,
539 1923 695 1965 tamque
729 1914 858 1952 debita
893 1914 1075 1961 devotio,

57 1983 240 2026 quantum
271 1974 312 2012 in
342 1988 582 2025 unoquoque
618 1983 796 2012 nostrum
835 1975 1004 2021 ferveat,
1035 1975 1075 2011 in

58 2036 164 2074 nullo
183 2035 401 2073 evidentius
419 2049 627 2086 agnoscere
648 2049 715 2073 seu
731 2036 975 2073 innotescere
988 2049 1075 2087 1105ν

39 2110 206 2149 sumus,
232 2110 349 2148 quam
384 2097 415 2134 si
450 2097 679 2134 alterutrum
716 2111 795 2134 non
825 2097 1015 2144 celemus,
1046 2097 1076 2134 si

62 2158 152 2210 quid
172 2159 270 2196 forte
302 2158 350 2196 de
372 2159 559 2196 alterutro
584 2158 691 2209 quod
723 2172 803 2196 non
830 2158 985 2202 deceat,
1008 2172 1076 2196 au-

63 2219 197 2258 dimus.
217 2220 358 2258 Audivi
374 2228 503 2256 autem
524 2233 595 2270 ego
614 2219 662 2257 de
683 2228 739 2267 te,
757 2219 864 2269 quod
881 2219 927 2256 de
943 2228 1076 2256 sancto

64 2289 254 2319 conventu
278 2289 345 2318 tuo
362 2280 556 2318 abbatiam
578 2281 618 2318 in
640 2281 825 2332 Hispania
853 2290 1078 2318 construere

64 2342 168 2381 velis.
190 2342 305 2391 Quod
327 2342 421 2379 mihi
452 2340 636 2378 nimirum
656 2342 695 2378 in
715 2355 893 2392 magnam
912 2341 1080 2378 admira—

67 2403 206 2442 tionem
231 2404 357 2451 venit,
397 2403 491 2454 quid
526 2417 650 2441 causae
681 2403 861 2441 videlicet
889 2404 954 2448 sit,
988 2403 1082 2454 quid

68 2465 239 2512 consilii,
261 2465 403 2516 quidve
434 2465 627 2511 utilitatis,
648 2465 755 2515 quod
778 2465 874 2502 filios
897 2474 981 2502 tuos
1012 2478 1082 2502 ex—

68 2525 189 2563 sulare
206 2527 313 2577 cupis
325 2556 336 2573 ,
352 2526 392 2563 in
410 2527 539 2564 locum
556 2527 690 2577 utique
711 2535 788 2563 tam
806 2527 1061 2576 longinquum
1074 2555 1083 2572 ,

69 2594 173 2624 tanto
193 2596 350 2638 sumptu
375 2597 414 2626 et
428 2587 562 2626 labore
578 2597 616 2625 et
638 2588 889 2639 quaerendum
903 2618 912 2634 ,
934 2597 972 2625 et
993 2587 1086 2624 aedi-

1144 1917 1224 1953 haec
1255 1923 1311 1952 est
1341 1925 1491 1951 summa
1522 1911 1684 1949 consilii.
1721 1910 1981 1948 Periculosum
2015 1909 2171 1959 quidem

1144 1985 1224 2024 est,
1248 1985 1286 2014 et
1316 1973 1488 2012 fortassis
1520 1972 1695 2009 illicitum
1713 2001 1722 2018 ,
1746 1971 1944 2008 hominem
1972 1979 2061 2021 post
2087 1970 2174 2007 diu-

1146 2039 1263 2075 tinam
1292 2037 1329 2073 in
1359 2035 1476 2071 domo
1499 2041 1538 2070 et
1566 2032 1700 2069 habitu
1734 2031 1931 2082 religionis
1965 2044 2174 2068 conversa-

1146 2099 1290 2135 tionem
1322 2095 1369 2133 ad
1400 2094 1583 2132 saeculum
1615 2091 1758 2129 redisse
1782 2106 1790 2128 :
1813 2092 1956 2142 quique
1985 2092 2113 2142 prius,
2138 2101 2175 2128 et

1145 2159 1270 2197 adhuc
1286 2157 1416 2208 priore
1431 2167 1555 2192 uxore
1569 2165 1636 2190 sua
1651 2152 1805 2190 vivente
1827 2166 1869 2189 ac
1891 2153 2154 2189 consentiente
2165 2183 2174 2199 ‚

1146 2220 1350 2258 fortissime
1386 2231 1428 2254 ac
1465 2215 1678 2253 diutissime
1714 2213 1993 2251 continentiam
2028 2213 2175 2260 tenuit,

1146 2280 1325 2320 secundis
1341 2291 1474 2316 rursus
1489 2275 1731 2328 amplexibus
1749 2288 1788 2312 se
1809 2275 2044 2325 ineptissime
2062 2283 2177 2324 atque

1147 2337 1456 2381 inhonestissime
1479 2337 1726 2389 implicuisse.
1751 2336 1850 2384 Quia
1873 2344 1999 2373 tamen
2022 2335 2177 2386 publice

1149 2418 1192 2441 ac
1220 2401 1443 2440 solemniter
1471 2399 1583 2449 juxta
1608 2411 1755 2435 morem
1787 2406 2021 2434 caeterorum
2048 2397 2178 2433 homi—

1150 2479 1265 2510 num,
1286 2472 1323 2500 et
1341 2463 1421 2500 sine
1438 2461 1594 2512 querela
1615 2460 1676 2496 vel
1698 2459 1888 2496 calumnia
1906 2458 2032 2509 ipsum
2048 2458 2182 2507 quale-

1153 2538 1320 2575 cumque
1341 2522 1564 2572 conjugium
1592 2519 1828 2557 celebratum
1850 2519 1944 2565 fuit;
1970 2532 2045 2556 non
2069 2518 2182 2555 nobis

1154 2588 1310 2626 videtur
1331 2595 1475 2631 tutum,
1498 2585 1605 2621 illum
1634 2583 1736 2619 illam
1765 2595 1844 2618 non
1876 2581 2183 2618 consentientem

70 2646 256 2686 ficandum
275 2664 283 2686 :
305 2663 391 2687 cum
409 2652 532 2701 prope
555 2658 589 2687 te
609 2649 752 2687 habere
769 2650 892 2701 possis
906 2680 916 2697 ,
939 2649 1006 2686 ubi
1022 2663 1088 2687 eos
1106 2654 1140 2689 D
1157 2650 1370 2693 dimittere,
1394 2646 1465 2684 nisi
1486 2645 1595 2696 prius
1614 2642 1843 2695 episcopalis
1864 2642 2102 2679 auctoritatis
2124 2641 2184 2678 vel

71 2707 254 2755 colloces,
274 2708 353 2759 jam
375 2710 604 2748 aedificatum
625 2719 664 2748 et
683 2710 783 2748 bene
809 2720 1085 2761 praeparatum.

72 2769 146 2806 Nec
175 2770 297 2817 enim,
330 2779 373 2807 ut
404 2785 512 2818 reor,
551 2772 641 2809 hinc
671 2780 707 2809 te
739 2785 923 2810 excusare
952 2781 1086 2823 potes,

74 2828 176 2878 quod
211 2830 319 2868 locus
353 2831 418 2868 ille
450 2839 539 2868 tuus
573 2845 652 2869 non
673 2833 744 2879 sit;
770 2847 858 2870 cum
881 2834 1091 2870 certissime

74 2889 184 2927 sciam
206 2892 311 2942 quod
344 2893 545 2940 facillime,
578 2894 609 2931 si
629 2894 706 2941 vis,
733 2903 820 2932 tuus
851 2908 932 2932 esse
957 2895 1091 2945 possit.

74 2952 355 3002 Numquidnam
390 2953 557 2992 domnus
589 2954 707 2992 abbas
743 2956 1048 2994 Pontiniacensis
1061 2956 1093 3003 *,

77 3011 140 3060 qui
160 3012 266 3050 illum
285 3021 389 3051 tenet
404 3043 414 3060 ,
435 3013 505 3052 tibi
526 3015 737 3065 requirenti
756 3018 940 3066 negaret?
960 3020 1044 3054 Imo
1067 3016 1098 3053 si

77 3070 190 3109 velles
206 3073 398 3124 accipere,
421 3075 679 3125 gratissimum
702 3076 886 3114 haberet:
907 3091 986 3114 non
1009 3077 1099 3127 quia

80 3127 202 3169 bonus
222 3146 300 3170 non
320 3143 397 3180 est,
421 3135 487 3172 sed
505 3136 594 3186 quia
615 3135 687 3173 sibi
701 3166 710 3184 ,
728 3145 771 3173 ut
788 3137 862 3175 scis
876 3167 885 3183 ,
907 3151 1004 3188 opus
1019 3151 1098 3174 non

81 3198 147 3227 est.
170 3193 398 3232 Timendum
417 3196 530 3234 valde
551 3196 620 3234 tibi
642 3198 788 3248 pariter
807 3207 845 3236 et
862 3199 978 3245 1111111,
1001 3212 1049 3235 116
1071 3199 1100 3235 51

84 3250 239 3290 sollicite
254 3254 293 3291 in
313 3256 498 3306 operibus
522 3260 662 3296 nostris
685 3273 762 3297 non
780 3273 977 3297 servamus
998 3259 1103 3310 quod

135 3383 143 3400 ¹
168 3383 182 3411 1
197 3381 280 3413 Tim.
299 3393 343 3422 n,
374 3388 427 3416 ιι,

1156 2711 1317 2749 consilio
1347 2710 1507 2754 fretum,
1529 2706 1590 2743 vel
1616 2705 1801 2755 imperiO,
1831 2712 1896 2740 aut
1927 2712 2029 2740 certe
2059 2703 2185 2739 eccle-

1157 2772 1309 2811 siastico
1341 2768 1608 2817 canonicoque
1636 2765 1783 2815 judicio
1796 2766 1826 2801 *.
1862 2764 2053 2812 Quoniam
2093 2776 2186 2800 vero

1158 2835 1233 2871 hoc
1255 2841 1331 2870 tam
1354 2830 1498 2882 grande
1518 2827 1685 2866 hominis
1706 2825 1922 2877 periculum
1946 2825 1993 2862 ad
2015 2833 2050 2861 te
2073 2824 2187 2861 nimi-

1161 2909 1247 2933 rum
1270 2907 1349 2931 non
1374 2892 1534 2929 minima
1562 2904 1608 2926 ex
1638 2896 1748 2939 parte
1776 2887 1967 2938 respicere
1997 2885 2189 2923 credimus

1165 2955 1234 3007 (ex
1261 2968 1307 2992 eo
1339 2953 1485 3004 quippe
1514 2950 1620 3001 quod
1650 2949 1846 2986 volentem
1876 2961 1919 2985 ac
1955 2947 2189 2997 flagitantem

1166 3030 1279 3054 51111111
1309 3015 1540 3053 confirmare
1571 3010 1836 3062 propositum,
1865 3008 1977 3045 nimis
1999 3007 2191 3057 suscipere

1167 3077 1372 3123 distulisti,
1405 3074 1605 3112 occasione
1637 3080 1810 3122 sumpta,
1839 3068 2015 3106 diabolus
2043 3068 2082 3104 in
2112 3068 2192 3103 haec

1168 3153 1254 3176 eum
1287 3138 1387 3175 mala
1418 3131 1720 3187 praecipitax·it);
1744 3131 1902 3169 omnino
1932 3144 1980 3166 cx
2012 3128 2193 3165 charitate

1169 3199 1375 3237 suademus
1404 3205 1442 3234 et
1467 3195 1725 3239 consulimus,
1748 3201 1791 3229 ut
1811 3202 2053 3242 quacumque
2083 3186 2194 3223 indu-

1170 3261 1280 3305 stria,
1301 3270 1548 3310 quocumque
1569 3263 1727 3305 sumptu
1746 3254 1806 3290 vel
1825 3252 1955 3289 labore
1976 3257 2103 3300 potes,
2123 3247 2195 3283 mi-

1204 3394 1216 3409 0
1233 3388 1354 3430 Scripta
1371 3396 1454 3418 anno
1473 3383 1588 3417 Christi
1607 3386 1617 3413 l
1632 3385 1709 3413 127.
