2533 3920
349 189 423 226 295

346 268 487 306 amanti
518 281 557 305 se
589 271 670 305 Deo
693 266 814 302 vicem
838 260 1015 313 rependit
1045 258 1220 296 amoris?
1250 252 1414 306 quod¹¹⁴

1118 183 1154 218 S.
1185 178 1440 216 BERNARDI
1472 176 1671 213 ABBATIS

2351 166 2424 204 296

1423 262 1582 291 storum.
1601 256 1668 290 Est
1688 250 1831 300 quippe
1847 246 2040 296 justorum
2062 245 2284 291 consilium,
2300 245 2427 294 pluvia

346 340 425 365 non
445 330 486 365 fit
506 328 577 364 nisi
602 326 795 364 revelante
816 322 959 373 Spiritu
979 333 1048 371 per
1070 319 1182 355 fidem
1209 315 1355 353 homini
1374 315 1403 347 A
1421 314 1655 359 voluntaria,
1692 323 1807 360 quam
1843 306 2052 357 segregavit
2087 309 2192 342 Deus
2217 304 2429 342 haereditati

346 396 532 424 :eternum
562 387 632 424 Dei
662 384 902 436 propositum
929 393 1044 431 super
1064 393 1130 416 sua
1157 378 1277 415 salute
1299 376 1357 411 su-

349 456 445 485 tura.
467 452 560 497 Quae
590 460 679 484 sane
703 444 883 482 revelatio
908 455 987 478 non
1008 448 1064 477 est
1083 438 1185 476 aliud
1203 466 1212 483 ,
1243 448 1358 486 quam

347 508 486 545 infusio
508 508 636 557 gratiae
663 504 890 556 spiritualiS,
908 516 978 553 per
1008 513 1123 550 quam
1142 499 1233 535 dum
1264 497 1360 533 facta

347 568 472 604 carnis
490 568 791 611 mortificantur,
813 564 929 600 homo
958 561 1005 598 ad
1028 572 1184 609 regnum
1208 570 1359 608 praepa—

348 636 476 674 ratur,
511 628 615 678 quod
652 640 741 664 caro
773 633 810 661 et
849 622 1000 672 sanguis
1032 633 1111 658 non
1138 617 1358 669 possident3

348 687 460 723 simul
481 687 670 737 accipiens
688 687 725 722 in
742 697 820 722 uno
841 683 983 733 Spiritu
997 711 1005 727 ,
1027 689 1065 717 et
1085 679 1188 716 unde
1206 690 1243 714 se
1260 690 1359 727 prae—

349 755 473 784 sumat
507 756 699 792 amatum,
737 754 775 782 et
806 744 908 781 unde
941 741 1129 786 redamet,
1159 751 1207 775 ne
1245 735 1360 786 gratis

353 815 499 844 amatus
515 807 572 843 sit.

408 867 467 903 10.
490 871 573 904 Hoc
592 865 718 914 itaque
735 872 791 901 est
808 862 903 899 illud
923 872 1072 897 sacrum
1095 865 1360 904 secretumque

349 927 548 963 consilium
562 956 571 972 ,
590 925 694 975 quod
713 938 733 961 a
749 928 858 961 Patre
874 922 990 960 Filius
1008 920 1046 956 in
1068 918 1212 968 Spiritu
1229 923 1360 952 sancto

349 987 558 1036 accipiens,
589 985 664 1021 suis
687 997 782 1033 quos
805 982 935 1026 novit,
955 993 1024 1030 per
1039 977 1215 1015 eumdem
1238 974 1359 1024 Spiri-

351 1054 447 1092 tum,
463 1044 710 1094 justificando
727 1056 808 1088 eos,
832 1039 1104 1083 communicat,
1122 1046 1158 1073 et
1176 1048 1354 1072 commu—
1375 1038 1403 1071 B
1424 1038 1545 1071 minus
1565 1037 1667 1070 Deus
1683 1039 1695 1053 ²
1720 1047 1727 1069 ι

348 1106 512 1143 nicando
528 1104 735 1154 justificat:
755 1102 910 1153 quando
931 1101 969 1137 id
986 1100 1147 1149 quisque
1167 1096 1304 1146 accipit
1318 1095 1357 1130 in

351 1165 690 1215 suijustificatione
701 1193 711 1211 ,
727 1172 768 1200 ut
781 1162 938 1212 incipiat
955 1169 992 1197 et
1008 1160 1090 1209 ipse
1108 1168 1356 1207 cognoscere,

350 1228 447 1264 sicut
466 1235 502 1263 et
524 1226 696 1275 cognitus
711 1233 787 1269 est3
807 1236 893 1260 cum
910 1221 1088 1257 videlicet
1107 1218 1218 1255 datur
1234 1225 1271 1252 et
1288 1215 1358 1266 ipsi

350 1288 573 1339 praesentire
593 1285 736 1335 aliquid
757 1285 803 1321 de
821 1297 886 1321 sua
903 1283 1021 1332 ipsius
1043 1281 1169 1317 futura
1191 1278 1359 1314 beatitu-

354 1349 466 1394 dine,
487 1345 812 1397 quemadmodum
832 1343 879 1380 ab
905 1351 1050 1380 aeterno
1075 1339 1185 1376 latuit
1205 1339 1243 1374 in
1264 1350 1360 1387 prae-

352 1408 566 1445 destinante
579 1436 588 1453 ‚
607 1406 756 1455 plenius
773 1402 1039 1454 appariturum
1054 1400 1093 1436 in
1106 1398 1359 1435 beatificante.

353 1472 410 1505 De
438 1481 514 1517 qua
548 1475 675 1502 tamen
703 1464 783 1513 jam
814 1470 995 1512 percepta
1017 1460 1155 1496 suimet
1187 1471 1231 1493 ex
1255 1464 1362 1506 parte

351 1528 507 1572 notitia,
531 1526 684 1562 interim
712 1523 867 1574 quidem
890 1522 1074 1572 glorietur
1093 1520 1131 1555 in
1154 1531 1239 1568 spe,
1266 1529 1363 1553 non—

353 1589 444 1625 dum
463 1597 589 1624 tamen
607 1587 645 1622 in
664 1585 877 1623 securitate.
900 1586 1023 1631 Quam
1046 1578 1276 1621 miserandi,
1297 1576 1363 1625 qui

353 1649 400 1685 ad
421 1657 498 1685 tam
522 1646 738 1696 jucundum
754 1644 949 1694 justorum
967 1640 1167 1678 consilium
1182 1667 1191 1683 ,
1214 1637 1362 1673 nullum

353 1708 478 1745 adhuc
498 1715 630 1743 tenent
649 1719 726 1742 suae
747 1702 958 1741 vocationis
982 1698 1260 1737 testimonium!
1280 1699 1360 1732 Do-

352 1768 477 1814 mine,
498 1766 583 1816 quis
614 1764 774 1802 credidit
800 1762 945 1799 auditui
973 1760 1132 1797 nostro?
1161 1761 1192 1795 O
1216 1756 1360 1793 utinam

1424 388 1502 412 suae
1524 389 1532 411 z
1550 382 1606 410 est
1626 370 1826 409 consilium
1856 381 1946 405 vere
1963 374 2150 403 secretum
2165 395 2175 412 ,
2197 364 2430 402 descendens

1426 433 1605 470 nimirum
1630 432 1725 468 sicut
1747 428 1876 479 pluvia
1897 427 1936 463 in
1956 426 2078 462 vellus
2097 438 2106 462 :
2124 433 2180 461 est
2197 424 2282 460 fons
2305 424 2429 473 signa-

1429 503 1507 540 tus,
1532 493 1591 530 cui
1608 492 1754 529 alienus
1774 502 1851 525 non
1869 486 2127 524 communicat
2143 500 2150 521 :
2169 493 2225 521 est
2242 485 2297 521 sol
2316 483 2429 533 justi-

1427 555 1508 599 tiae,
1528 553 1594 602 qui
1617 549 1838 588 timentibus
1859 551 1981 584 Deum
2003 554 2149 582 tantum
2171 544 2305 581 oritur.

1483 613 1542 651 1⁶2.
1564 618 1684 651 Porro
1703 619 1860 648 caeteros
1881 608 2082 645 advertens
2098 605 2289 655 propheta
2314 604 2354 640 in
2375 604 2432 641 sui

1427 675 1594 711 siccitate,
1626 681 1663 709 et
1689 671 1853 708 caecitate
1875 674 2135 711 remanente5‚
2159 663 2352 713 justorum
2379 663 2430 700 si-

1425 734 1580 785 quidem
1602 732 1734 769 imbris
1754 740 1791 768 et
1809 729 1903 767 lucis
1922 734 2121 777 experte55
2144 721 2369 761 infecundos
2391 735 2433 760 ac.

1427 794 1670 839 tenebrosos,
1695 791 1873 828 confusos
1902 796 1939 825 et
1968 798 2144 831 aversos,
2170 782 2378 820 subsannat
2397 790 2434 818 et

1427 863 1535 892 notat
1559 870 1566 891 ;
1587 856 1678 888 Hoec
1700 862 1772 897 est,
1796 850 1992 900 inquiens,
2018 860 2110 895 gens
2133 858 2220 894 (μα’
2237 857 2311 879 non
2327 845 2434 878 audi-

1428 918 1476 951 vit
1493 929 1622 951 vocem
1645 916 1715 948 Dei
1731 916 1790 947 sui
1807 918 1830 947 ¹.
1847 914 1932 947 'Non
1948 907 2062 943 vultis
2074 935 2083 953 ,
2105 919 2128 942 ο
2146 904 2290 950 miseri,
2309 902 2435 939 dicere

1427 989 1513 1012 cum
1534 973 1675 1018 David,
1699 974 1862 1008 Audiam
1884 971 1976 1018 qnid
2002 971 2180 1015 loquatur
2205 970 2244 1000 in
2284 978 2342 999 me
2363 965 2435 998 Do-

1755 1032 1886 1080 utique
1909 1029 2001 1065 soris
2031 1027 2102 1063 susi
2131 1026 2171 1062 in
2191 1025 2377 1061 vanitates
2397 1032 2434 1060 et

1425 1095 1588 1131 insanias
1610 1093 1740 1137 falsas,
1769 1091 1946 1127 intimum
1973 1088 2238 1137 optimumque
2268 1098 2346 1121 non
2378 1097 2434 1120 re-

1425 1155 1574 1204 quiritis
1588 1153 1755 1189 veritatis
1770 1150 1955 1188 auditum.
1969 1150 2058 1182 leiz·
2074 1150 2279 1188 hominum,
2303 1158 2435 1193 usque-

1426 1230 1498 1263 quo
1518 1216 1623 1264 gravi
1641 1214 1782 1249 corde?
1817 1211 1950 1259 utquid
1967 1210 2123 1256 diligitis
2152 1210 2377 1247 vanitatem,
2403 1213 2436 1239 et

1426 1280 1598 1324 (stam-itis
1618 1275 1853 1310 mendacium
1869 1270 1907 1305 3?
1934 1268 2046 1307 Surdi
2067 1266 2114 1304 ad
2139 1278 2272 1302 vocem
2295 1264 2436 1300 verita—

1429 1336 1495 1382 tis,
1519 1336 1740 1385 ignorantes
1771 1330 1975 1369 consilium
2006 1325 2207 1377 cogitantis
2237 1324 2437 1374 cogitatio—

1429 1409 1495 1432 nes
1515 1396 1639 1446 pacis,
1677 1393 1741 1430 sed
1777 1401 1813 1428 et
1836 1389 2028 1440 loquentis
2055 1400 2187 1438 pacem
2216 1386 2255 1422 in
2287 1384 2435 1435 plebem

1429 1470 1534 1492 suam
1550 1485 1558 1500 ‚
1580 1464 1616 1492 et
1635 1468 1751 1504 super
1771 1461 1922 1489 sanctos
1939 1463 2029 1487 suos
2043 1478 2051 1493 ,
2072 1457 2109 1484 et
2129 1447 2167 1483 in
2184 1459 2249 1483 eos
2265 1445 2331 1495 qui
2349 1457 2438 1481 con-

1430 1524 1635 1551 vertuntur
1651 1513 1696 1550 ad
1715 1526 1793 1549 eor.
1808 1515 1894 1548 Jam
1915 1524 2002 1554 vos,
2021 1508 2144 1557 inquit
2157 1536 2166 1553 ,
2188 1507 2320 1541 mundi
2337 1509 2436 1549 esth,

1426 1585 1582 1624 propter
1611 1587 1814 1610 sermonem
1849 1586 1958 1620 quem
1995 1573 2133 1605 locutus
2167 1581 2248 1603 sum
2285 1566 2389 1602 vobis
2409 1565 2437 1600 4.

1430 1639 1530 1685 Ergo
1542 1635 1607 1685 qui
1621 1635 1722 1671 hunc
1739 1644 1953 1670 sermonem
1970 1644 2047 1667 non
2063 1628 2238 1673 audiunt,
2252 1624 2439 1663 immundi

1429 1705 1530 1733 sunt.

1488 1758 1545 1793 13.
1569 1758 1755 1792 Caeterum
1776 1763 1838 1800 tu,
1858 1767 1880 1789 o
1900 1751 2137 1796 charissime,
2157 1748 2244 1785 huic
2266 1746 2350 1784 voci
2369 1745 2440 1783 Dei

353 1836 531 1878 saperent
551 1835 589 1864 et
613 1825 891 1874 intelligerent!
918 1826 1059 1859 Verum
1091 1819 1164 1855 nisi
1191 1815 1363 1853 credide—
1385 1813 1411 1848 C
1434 1815 1507 1861 tui,
1540 1814 1701 1851 dulciori
1736 1826 1850 1862 super
1879 1811 1951 1847 mel
1974 1819 2011 1846 et
2032 1810 2178 1854 favum,
2199 1807 2228 1843 si
2248 1817 2440 1856 praeparas

353 1889 447 1934 rint,
466 1901 545 1924 non
565 1887 790 1935 intelligent.

412 1949 471 1985 11.
510 1947 583 1985 Sed
614 1945 761 1983 habetis
792 1952 830 1981 et
865 1956 954 1989 ros,
979 1955 1001 1978 o
1036 1940 1204 1977 infelices
1238 1935 1364 1974 saeculi

354 2008 452 2045 male
468 2007 591 2044 securi
612 2014 799 2043 amatores
813 2031 823 2049 ,
844 2012 1012 2039 vestrum
1034 2012 1203 2038 seorsum
1221 2012 1241 2034 a
1253 1996 1367 2046 justis

355 2068 568 2106 consilium.
588 2070 751 2116 Squama
766 2077 932 2114 squamae
950 2061 1215 2111 conjungitur,
1236 2066 1272 2094 et
1289 2070 1366 2093 non

355 2137 412 2166 est
443 2127 675 2178 spiraculum
697 2126 735 2161 in
766 2123 886 2161 vobis.
915 2122 1071 2160 Habetis
1087 2150 1096 2167 ‚
1126 2121 1308 2169 inquam,
1331 2125 1369 2153 et

353 2203 424 2227 vos
436 2219 445 2236 ,
463 2202 486 2225 o
503 2188 624 2237 impii,
644 2185 967 2223 communicatum
991 2183 1037 2219 ad
1052 2182 1214 2218 invicem
1241 2179 1368 2216 consi-

356 2249 449 2286 lium
463 2277 472 2294 ,
495 2247 560 2284 sed
577 2247 690 2296 plane
711 2245 891 2282 adversus
916 2243 1147 2287 Dominum,
1172 2249 1209 2278 et
1230 2239 1365 2276 adver-

355 2323 418 2347 sus
435 2308 624 2347 Christum
643 2305 736 2355 ejus.
755 2305 906 2342 Etenim
924 2304 973 2349 si,
994 2303 1143 2340 dicente
1155 2300 1364 2350 Scriptura,

355 2372 484 2406 Pietas
503 2378 556 2405 est
585 2370 703 2404 cultus
731 2369 856 2412 Dei³3
881 2364 1057 2415 profecto
1085 2360 1258 2412 quisquis
1279 2359 1366 2409 plus

357 2435 458 2464 amat
479 2425 666 2463 mundum
687 2437 800 2474 quam
821 2427 965 2468 Deum,
987 2422 1128 2472 impius
1147 2428 1261 2470 atque
1278 2418 1367 2454 ido-

357 2489 493 2525 lolatra
527 2499 607 2523 esse
648 2483 895 2522 convincitur
915 2511 925 2529 ‚
958 2482 1089 2519 colens
1124 2488 1162 2517 et
1198 2477 1370 2515 serviens

358 2556 541 2584 creaturae
556 2546 685 2597 potius
705 2558 818 2596 quam
840 2543 1021 2581 Creatori.
1043 2538 1283 2579 Habentibus
1300 2550 1371 2573 au-

1432 1890 1562 1913 aurem
1584 1874 1805 1912 interiorem
1822 1901 1831 1917 ‚
1868 1873 1952 1920 fuge
1973 1883 2103 1907 curam
2124 1867 2352 1905 exteriorem
2366 1894 2375 1911 ‚
2399 1872 2441 1901 ut

1433 1936 1612 1988 expedito
1636 1944 1673 1972 et
1702 1942 1862 1971 vacante
1882 1933 2034 1969 interno
2058 1942 2193 1975 sensu,
2211 1927 2312 1964 dicas
2341 1934 2378 1962 et
2401 1933 2440 1961 tu

1434 2011 1520 2034 cum
1544 1995 1717 2034 Samuele
1741 2009 1748 2030 :
1777 1997 1969 2041 Loquere,
2003 1992 2182 2032 Domine,
2216 1992 2308 2036 qnia
2333 1988 2443 2021 audit

1433 2071 1555 2093 servus
1577 2066 1656 2092 tuus
1675 2054 1701 2091 5.
1723 2058 1808 2092 Vox
1828 2053 1908 2089 haec
1932 2065 2010 2088 non
2040 2058 2151 2087 sonat
2178 2049 2217 2086 in
2248 2049 2347 2094 foro,
2377 2046 2442 2084 sed
2495 2072 2497 2075 v

1434 2130 1504 2153 nec
1533 2115 1689 2153 auditur
1719 2115 1757 2150 in
1788 2111 1958 2163 publico.
1989 2114 2184 2149 Secretum
2216 2107 2440 2151 consilium,

1435 2185 1621 2213 secretum
1651 2173 1790 2224 quaerit
1820 2180 1857 2208 et
1877 2170 2061 2208 auditum.
2089 2167 2248 2206 Auditui
2269 2176 2334 2204 tuo
2355 2179 2443 2216 gau-

1436 2236 1540 2273 dium
1563 2249 1634 2286 pro
1655 2243 1761 2271 certo
1781 2232 1886 2269 dabit
1902 2240 1939 2268 et
1955 2229 2145 2274 laetitiam,
2167 2228 2197 2265 si
2213 2226 2340 2264 sobria
2353 2238 2443 2263 aure

1433 2296 1665 2347 perceperis.
1700 2293 1862 2331 Abrahae
1884 2289 2108 2341 praecipitur
2140 2288 2244 2325 exire
2276 2287 2322 2323 de
2344 2295 2443 2323 terra

1435 2364 1472 2392 et
1498 2355 1544 2391 de
1577 2354 1804 2403 cognatione
1832 2364 1921 2396 sua,
1954 2358 1996 2385 ut
2025 2348 2155 2385 videre
2182 2355 2219 2384 et
2248 2345 2444 2397 possidere

1435 2424 1649 2452 mereretur
1690 2422 1828 2449 terram
1858 2410 2070 2447 viventium
2089 2406 2116 2444 ⁶.
2153 2406 2273 2445 Jacob
2313 2407 2446 2444 relicto

1437 2477 1552 2512 fratre
1569 2483 1606 2511 et
1623 2473 1745 2524 patria
1768 2471 1975 2510 Jordanem
1993 2468 2127 2506 transit
2143 2468 2182 2504 in
2205 2467 2343 2504 baculo
2361 2473 2388 2512 7,
2409 2470 2455 2502 et'
2490 2488 2497 2510 3

1438 2536 1625 2585 excipitur
1644 2533 1820 2571 Rachelis
1840 2529 2080 2580 amplexibus
2094 2527 2122 2564 3.
2151 2526 2295 2576 Joseph
2323 2524 2446 2562 domi-

360 2617 434 2644 tem
450 2637 460 2653 ,
482 2615 524 2643 ut
544 2606 686 2643 dictum
716 2613 792 2649 est,
819 2603 958 2640 sanctis
980 2610 1092 2650 atque
1109 2598 1236 2649 impiis
1256 2609 1367 2634 suum
1387 2597 1420 2631 D
1436 2603 1550 2632 natur
1569 2598 1734 2643 AEgypto
1746 2599 1774 2639 9,
1793 2590 2026 2628 mercatione
2048 2588 2187 2625 furtiva
2203 2586 2303 2637 patri
2322 2584 2446 2622 subla-

359 2667 406 2704 ad
427 2680 465 2703 se
478 2665 692 2716 quibusque
713 2664 928 2707 consilium,
949 2674 1127 2710 magnum
1150 2658 1285 2709 procul
1302 2656 1370 2692 du-

359 2727 533 2764 biointer
547 2734 729 2774 utrosque
745 2723 858 2759 chaos
877 2723 1069 2758 firmatum
1087 2728 1153 2756 est.
1167 2722 1261 2756 Nam
1277 2730 1370 2766 quo-

362 2785 477 2822 modo
491 2784 615 2833 justus
636 2785 748 2832 longe
762 2795 800 2819 se
822 2782 910 2818 facit
938 2795 959 2817 a
976 2779 1136 2817 consilio
1154 2787 1191 2815 et
1207 2777 1370 2814 concilio

361 2845 651 2894 malignantium
671 2858 679 2880 z
702 2844 753 2879 ita
773 2855 843 2878 nec
864 2849 1068 2891 resurgunt
1089 2839 1248 2876 omnino
1263 2839 1370 2888 impii

362 2906 400 2941 in
429 2903 576 2954 judicio
591 2932 600 2950 ,
632 2915 755 2952 neque
778 2910 998 2952 peccatores
1030 2901 1069 2937 in
1092 2900 1251 2937 consilio
1272 2897 1290 2921 1,
1306 2898 1372 2948 ju-

1438 2664 1497 2691 tus
1532 2663 1569 2691 et
1595 2654 1728 2703 patriae
1748 2660 1791 2688 ¹⁰.
1832 2650 1999 2688 Ecclesia
2023 2647 2205 2698 jubetur,
2230 2655 2272 2683 ut
2302 2657 2445 2682 concu-

1439 2714 1557 2765 piscat
1590 2717 1672 2750 Rex
1702 2712 1879 2750 decorem
1916 2710 2021 2760 ejus,
2060 2707 2233 2746 oblivisci
2261 2705 2445 2757 populum

1439 2788 1570 2820 suum,
1591 2782 1627 2810 et
1645 2774 1802 2810 domum
1832 2772 1952 2823 patris
1971 2770 2027 2807 sui
2044 2776 2087 2806 ¹¹.
2108 2772 2206 2806 Puer
2224 2770 2334 2805 Jesus
2350 2766 2447 2802 inter
2531 2795 2533 2798 ⁴

1439 2843 1622 2884 cognatos
1651 2843 1688 2870 et
1724 2842 1835 2870 notos
1864 2846 1884 2869 a
1905 2829 2128 2882 parentibus
2149 2827 2352 2878 quaeritur,
2379 2836 2446 2862 nec

1440 2906 1562 2934 tamen
1586 2894 1779 2931 invenitur
1795 2900 1838 2930 ¹².
1872 2896 1972 2942 Fuge
1997 2891 2129 2927 fratres
2155 2897 2240 2924 tuos
2263 2895 2301 2924 et
2332 2894 2394 2932 tu,
2418 2883 2447 2921 si

414 3058 423 3072 ¹
451 3055 570 3084 Jerem.
590 3061 661 3090 vu,
683 3052 738 3081 28.
758 3067 800 3072 -
831 3054 844 3070 ²
864 3049 945 3081 Psal.
974 3059 1110 3086 mcxxxv,
1132 3050 1163 3079 9.
1190 3066 1235 3070 --
1260 3045 1274 3069 3
1297 3047 1379 3080 Psal.
1400 3060 1445 3089 1v,
1467 3050 1498 3079 3.
1522 3044 1594 3070 -4
1619 3046 1714 3076 Joan.
1743 3054 1799 3079 xv,
1826 3043 1858 3072 3.
1876 3058 1920 3063 --
1942 3037 1989 3070 51
2014 3041 2092 3079 Reg.
2121 3047 2178 3073 ιιι,
2201 3037 2252 3066 10.
2268 3030 2343 3057 ——6
2369 3033 2447 3063 Gen.

364 3117 438 3145 111,
462 3103 649 3136 1.—-71d.
678 3114 796 3140 xxxu,
832 3105 883 3133 10.
911 3120 955 3124 —-
984 3100 1063 3132 81d.
1089 3112 1192 3139 xxxx,
1218 3104 1269 3132 11.
1292 3119 1337 3124 ---
1363 3108 1378 3131 9
1398 3102 1445 3134 Id.
1470 3111 1540 3132 xm.
1562 3116 1605 3120 —-
1630 3102 1660 3118 ¹⁰
1686 3095 1734 3127 Id.
1762 3104 1893 3126 xxxva.
1920 3110 1962 3115 ——
1987 3097 2013 3112 ¹¹
2036 3089 2117 3122 Psal.
2135 3099 2227 3127 κων,
2259 3088 2387 3125 11,12.
2405 3099 2449 3107 --

368 3165 397 3181 ¹²
425 3161 501 3189 Luc.
521 3168 567 3194 11,
585 3158 648 3193 44,
669 3157 725 3186 45.

411 3233 424 3247 ²
450 3233 550 3261 Locus
575 3234 620 3260 est
644 3227 727 3265 Job‚
755 3238 884 3263 xxvnt,
907 3229 962 3258 28.
985 3226 1187 3268 Septuaginta
1207 3225 1407 3267 interpretes,
1427 3219 1498 3256 ἰδοὺ
1519 3218 1677 3254 θεοσέέεισι
1699 3218 1760 3251 ἐστὶ
1781 3216 1893 3261 σοφία,
1913 3218 1994 3247 Ecce
2020 3212 2123 3245 callus
2137 3212 2198 3244 Dei
2222 3217 2265 3242 es!
2287 3207 2449 3255 sapientia.

367 3283 502 3324 Vulgata
514 3306 521 3320 ,
541 3283 624 3313 Ecce
641 3280 735 3310 timor
753 3279 881 3310 Domini
899 3279 968 3323 ipsa
987 3285 1028 3310 est
1043 3279 1213 3323 sapientia.

413 3328 427 3350 ¹'
454 3338 500 3365 lta
515 3333 734 3370 sc1-'1bendun13
753 3343 815 3364 non
828 3356 836 3369 ,
856 3331 993 3363 concilio
1005 3355 1014 3367 ,
1038 3337 1071 3362 ut
1090 3331 1120 3362 in
1138 3331 1259 3362 Psalmo
1278 3343 1315 3362 11.
1339 3333 1452 3363 Sensus
1469 3331 1551 3362 enim
1577 3327 1692 3369 exigit,
1712 3322 1859 3361 consilio,
1879 3328 1909 3354 et
1926 3322 1969 3354 sic
1985 3320 2102 3353 habent
2119 3317 2335 3360 manuscripti.
