2517 3920
332 183 423 219 1011

682 326 860 365 CAPUT
890 325 961 365 IV.

353 452 432 490 Quae
445 449 577 480 servitus
597 449 708 492 digna,
729 460 797 491 quae
815 449 941 491 indigna
961 459 1053 480 servo
1068 457 1230 479 servorum
1243 446 1313 478 Dei.

382 572 419 608 5.
442 573 520 608 Ν60
540 570 631 607 1111111
653 583 817 621 reponas
832 576 845 592 ³
868 582 969 606 nunc
989 567 1164 618 Apostoli
1183 578 1337 611 vocem,

330 644 405 680 qua
425 630 476 667 ait
494 646 501 667 :
529 633 616 667 Cum
640 645 756 667 essem
781 631 874 666 liber
892 644 942 666 cx
958 627 1149 672 omnibus,
1172 630 1337 662 omnium

327 705 467 727 sermm
491 705 549 727 me
561 690 653 739 feei.
676 695 806 741 Longe
829 699 885 728 est
911 689 1011 727 istud
1032 703 1053 726 a
1074 697 1122 725 te.
1143 685 1340 737 Numquid

330 751 400 788 hac
427 752 490 788 ille
512 752 696 788 servitute
724 751 943 788 hominibus
965 747 1197 786 inserviebat
1216 747 1254 783 in
1275 759 1339 783 ac-

329 812 534 861 quisitione
556 813 674 862 turpis
695 813 887 862 quaestus?
904 809 1099 859 Numquid
1120 808 1167 845 ad
1185 820 1271 844 eum
1294 806 1340 842 de

331 881 411 908 toto
435 872 527 909 orbe
555 872 801 909 confluebant
829 870 1038 915 ambitiosi,
1063 868 1188 914 avari,
1221 867 1341 905 simo-

329 932 424 968 niaci
436 962 445 978 ,
460 932 642 981 sacrilegi,
656 931 933 973 concubinarii,
950 928 1168 974 incestuosi,
1183 936 1221 964 et
1236 940 1342 977 (11136-

329 1006 403 1042 que
437 993 651 1029 istiusmodi
690 1001 859 1029 monstra
895 991 1115 1035 hominum,
1147 997 1190 1025 ut
1221 988 1341 1038 ipsius

328 1053 537 1102 apostolica
571 1054 796 1090 auctoritate
827 1053 886 1089 vel
919 1051 1140 1088 obtinerent
1169 1049 1338 1085 honores
1359 1042 1385 1076 Β

329 1112 621 1159 ecclesiasticos,
651 1114 709 1150 vel
734 1113 969 1150 retinerent?
992 1115 1092 1161 Ergo
1121 1122 1273 1147 servum
1302 1121 1340 1146 se

329 1170 443 1208 seeith
463 1172 602 1220 homo,
634 1173 694 1210 cui
714 1174 843 1210 vivere
867 1171 1036 1210 Christus
1063 1178 1163 1216 erat,
1185 1178 1222 1206 et
1243 1168 1341 1205 mori

328 1232 500 1279 lucrum,
521 1243 562 1270 ut
586 1235 717 1285 plures
742 1234 981 1271 lucrifaceret
1002 1231 1150 1270 Christo
1165 1259 1174 1277 ,
1197 1243 1277 1267 non
1301 1238 1341 1266 ut

330 1292 436 1329 lucra
458 1303 613 1343 augeret
633 1295 814 1332 avaritiae.
837 1298 923 1332 Non
951 1302 1008 1330 est
1033 1293 1149 1342 igitur
1169 1291 1273 1341 quod
1294 1290 1340 1327 de

332 1353 576 1392 solertissima
607 1356 712 1393 Pauli
744 1355 957 1400 industria,
989 1362 1026 1390 et
1048 1353 1229 1390 charitate
1269 1361 1341 1388 tam

332 1413 453 1451 libera
469 1429 581 1464 quam
601 1416 769 1463 liberali,
790 1416 917 1453 servili
939 1413 1249 1452 conversationic
1271 1421 1344 1449 tuae

332 1475 588 1523 patrocinium
612 1491 748 1514 sumas.
772 1481 892 1525 Quam
924 1485 989 1512 tuo
1015 1475 1163 1524 dignius
1185 1481 1344 1523 aposto—

332 1533 439 1579 latu,
463 1549 576 1585 quam
611 1537 799 1574 salubrius
829 1546 902 1573 tuae
929 1536 1193 1581 conscientiae,
1228 1547 1342 1583 quam

333 1594 565 1634 fructuosius
594 1598 770 1635 Ecclesiae
798 1598 868 1635 Dei
902 1597 1034 1634 audias
1062 1596 1191 1646 potius
1216 1594 1344 1644 ipsum

334 1655 424 1692 alibi
447 1656 635 1695 (licentem
659 1674 666 1696 :
688 1662 816 1695 Pretio
839 1663 953 1707 empti
981 1662 1083 1703 estis,
1106 1658 1221 1692 nolite
1251 1656 1346 1699 effici

334 1718 428 1751 servi
446 1718 634 1756 hominum
653 1727 661 1741 ¹
682 1722 689 1756 !
711 1720 812 1768 Quid
845 1719 1019 1756 servilius
1053 1716 1320 1766 indigniusque
1335 1743 1344 1760 ,

335 1778 546 1825 praesertim
582 1792 732 1815 summo
759 1779 956 1823 Pontifici,
986 1791 1123 1827 quam,
1151 1790 1230 1813 non
1260 1776 1345 1812 dico

1095 185 1129 219 S.
1161 184 1413 218 BERNARDI
1442 185 1642 220 ABBATIS

1351 258 1415 277 ⁴¹0·

2311 182 2410 219 1012

1400 261 1549 310 judices
1578 260 1773 297 hominem
1799 259 1890 306 tibi,
1908 272 2022 309 quam
2045 259 2178 297 vitium
2209 259 2409 297 dominari.

1358 321 1388 354 A
1406 322 1506 370 Quid
1523 323 1681 358 interest
1696 351 1705 367 ,
1726 321 1859 358 volens
1877 320 2019 358 servias
2033 350 2043 367 ,
2061 334 2107 358 an
2131 320 2302 357 invitus?
2318 323 2413 358 Nam

1405 382 1475 419 etsi
1497 389 1628 418 coacta
1661 380 1825 417 servitus
1855 379 2121 427 miserabilior,
2147 379 2214 417 sed
2240 379 2415 417 affectata

1406 442 1580 479 miserior
1595 450 1661 478 est.
1682 444 1729 478 Et
1749 441 1841 491 quid
1861 440 1918 478 vis
1938 452 1999 477 me
2021 441 2145 478 faeere
2159 469 2169 488 ,
2186 439 2342 490 inquis?
2361 442 2416 478 Ut

1406 502 1474 539 tibi
1494 501 1541 540 ab
1562 502 1619 539 his
1645 499 1964 551 occupationibus
1995 513 2139 551 parcas.
2171 497 2414 550 Impossibile

1406 563 1565 599 sortasse
1591 560 1864 612 respondebis,
1886 560 2032 597 facilius
2058 559 2247 597 cathedrae
2274 557 2415 596 valedi-

1406 636 1491 660 cere
1513 636 1637 673 posse.
1663 626 1779 660 Recte
1802 622 1875 659 hoc
1887 651 1897 669 ,
1915 622 1946 658 si
1966 634 2146 672 rumpere
2160 650 2170 668 ,
2185 628 2224 658 et
2238 632 2318 657 non
2337 631 2415 656 ma-

1406 683 1461 734 gis
1480 684 1762 733 interrumpere
1781 683 1852 720 ista
1870 683 2057 720 hortarer.

1772 818 1951 857 CAPUT
1980 818 2031 857 V.

1407 944 1480 973 Non
1507 941 1673 983 gerendam
1692 941 1824 972 aliorum
1847 951 1955 972 curam
1976 951 2047 972 cum
2066 940 2114 971 sui
2134 940 2230 982 ipsius
2247 940 2368 971 incuria
2386 945 2417 970 et

1832 994 1985 1036 neglectu.

1463 1112 1498 1146 6.
1534 1108 1634 1146 Α11(11
1668 1121 1760 1158 ergo
1794 1107 1888 1159 quid
1922 1108 2169 1158 redarguam,
2208 1107 2299 1157 quid
2330 1120 2419 1144 sua—

1411 1169 1532 1207 deam.
1556 1169 1593 1207 Si
1613 1168 1718 1219 quod
1741 1168 1836 1205 vivis
1856 1177 1894 1205 et
1913 1168 2035 1219 sapis,
2059 1176 2184 1205 totum
2211 1168 2278 1205 das
2306 1168 2421 1205 actio-

1412 1229 1475 1275 ni,
1496 1229 1794 1266 considerationi
1817 1228 1932 1275 nihil3
1954 1228 2070 1266 laudo
2095 1230 2158 1265 te?
2180 1232 2225 1266 In
2244 1228 2318 1265 hoc
2341 1241 2420 1265 non

1408 1289 1535 1327 laudo.
1572 1294 1669 1327 Puto
1705 1289 1810 1339 quod
1841 1298 1879 1326 et
1909 1302 2044 1336 nemo,
2075 1289 2141 1340 qui
2167 1303 2188 1326 a
2217 1289 2420 1329 Salomone

1411 1350 1574 1388 audierit
1592 1363 1600 1385 ε
1624 1352 1699 1396 Qui
1712 1354 1922 1386 minoratur
1937 1359 2022 1386 acta
2033 1378 2045 1396 ‚
2058 1353 2250 1398 percipiet
2263 1353 2420 1397 sapien-

1411 1414 1505 1446 tiam
1523 1410 1548 1446 4.
1567 1412 1677 1447 Certe
1698 1422 1768 1446 nec
1782 1409 1854 1460 ipsi
1872 1409 2014 1446 actioni
2029 1408 2186 1459 expedit
2202 1408 2420 1446 considera-

1416 1470 1518 1507 tione
1536 1483 1612 1506 non
1635 1469 1851 1520 praeveniri.
1870 1470 1906 1507 Si
1923 1469 2015 1506 item
2033 1477 2137 1507 totus
2156 1469 2213 1506 vis
2233 1482 2314 1506 esse
2336 1482 2422 1505 om-

1414 1532 1539 1577 nium,
1559 1531 1679 1568 instar
1707 1531 1809 1568 illius
1840 1531 1906 1581 qui
1933 1530 2113 1568 omnibus
2141 1530 2272 1568 omnia
2303 1530 2423 1567 factus

1412 1600 1468 1629 est
1480 1591 1516 1639 ⁵3
1534 1592 1649 1629 laudo
1674 1591 1928 1628 humilitatem
1940 1620 1949 1638 ,
1965 1591 2032 1628 sed
2050 1591 2080 1628 si
2100 1591 2214 1642 plena
2231 1591 2289 1628 sit.
2313 1594 2423 1639 Quo—

1413 1653 1530 1689 modo
1563 1661 1689 1689 autem
1716 1653 1851 1702 plena,
1888 1660 1922 1689 te
1952 1653 2134 1690 excluso?
2161 1656 2208 1690 Et
2239 1660 2280 1689 tu
2304 1651 2422 1689 homo

1413 1727 1465 1751 es.
1500 1717 1600 1763 Ergo
1637 1722 1678 1750 ut
1710 1714 1856 1763 integra
1888 1714 1935 1750 sit
1965 1722 2002 1750 et
2038 1714 2154 1764 plena
2186 1712 2423 1759 humanitas,

1414 1773 1566 1822 colligat
1588 1781 1625 1809 et
1646 1781 1681 1809 te
1702 1773 1803 1809 intra
1831 1786 1870 1809 se
1893 1772 2000 1811 sinus
2023 1773 2090 1823 qui
2116 1786 2250 1810 omnes
2275 1772 2419 1822 recipit.

338 1837 442 1872 omni
464 1837 543 1882 dic,
564 1839 627 1875 sed
650 1853 748 1889 pene
765 1840 867 1876 omni
889 1840 995 1885 hora,
1014 1837 1192 1875 insudare
1209 1836 1347 1874 talibus
1367 1839 1394 1875 C
1414 1833 1595 1883 Alioquin
1617 1833 1707 1883 quid
1732 1832 1799 1869 tibi
1820 1832 2001 1882 prodest,
2015 1832 2127 1882 juxta
2150 1832 2312 1869 verbum
2340 1836 2423 1870 Do-

338 1896 464 1943 rebus,
481 1907 516 1935 et
532 1913 602 1948 pro
622 1900 782 1937 talibus?
800 1900 976 1949 Denique
993 1898 1149 1948 quando
1168 1900 1346 1934 oramus?

339 1958 493 2005 quando
515 1959 695 1997 docemus
716 1961 882 2010 populos
903 1962 917 1996 9
939 1958 1094 2008 quando
1118 1958 1348 1995 aedificamus

340 2018 575 2056 Ecclesiam?
592 2020 746 2070 quando
769 2020 998 2056 meditamur
1016 2019 1054 2054 in
1076 2019 1180 2067 lege?
1199 2022 1244 2054 Et
1261 2018 1348 2067 qui·

340 2078 426 2115 dem
448 2081 619 2129 quotidie
640 2089 888 2131 perstrepunt
908 2081 945 2116 in
968 2079 1109 2129 palatio
1130 2079 1231 2127 leges
1248 2107 1256 2122 ,
1283 2077 1349 2114 sed

337 2140 541 2177 Justiniani
557 2172 565 2188 ‚
587 2156 663 2179 non
682 2142 836 2179 Domini
852 2142 882 2178 *.
906 2146 1063 2178 Justene
1083 2141 1195 2176 etiam
1218 2139 1317 2175 istud
1334 2140 1348 2174 9

339 2203 393 2236 Tu
408 2201 559 2238 videris.
582 2207 674 2240 Nam
698 2212 798 2239 certe
819 2204 877 2239 lex
900 2202 1055 2239 Domini
1078 2201 1321 2237 immaculata
1336 2228 1345 2244 ,

339 2272 567 2300 convertens
584 2265 728 2301 animas
748 2272 771 2300 ².
795 2268 863 2300 Hse
879 2272 1005 2300 autem
1028 2276 1105 2299 11011
1131 2270 1205 2298 tam
1223 2261 1323 2310 leges
1339 2289 1347 2306 ,

340 2334 453 2369 quam
480 2323 561 2359 lites
591 2334 677 2361 sunt
707 2333 743 2360 ct
773 2323 1056 2368 cavillationes,
1082 2321 1349 2358 subvertentes

335 2381 536 2429 judicium.
564 2388 619 2421 Tu
642 2399 731 2434 ergo
755 2393 885 2434 pastor
908 2392 945 2420 et
971 2383 1175 2433 episcopus
1205 2381 1350 2418 anima-

340 2455 423 2478 rum
439 2472 448 2489 ,
474 2457 548 2493 qua
573 2454 721 2491 mente,
752 2445 934 2490 obsecro,
964 2444 1126 2481 sustines
1155 2456 1284 2479 coram
1314 2451 1349 2478 te

339 2516 490 2553 semper
507 2507 616 2543 silere
630 2508 732 2543 illam
748 2537 756 2553 ,
772 2507 914 2557 garrire
935 2506 1049 2542 istas?
1068 2505 1206 2550 Fallor,
1225 2503 1255 2540 si
1270 2516 1348 2539 non

340 2574 468 2601 movet
505 2566 572 2603 tibi
608 2569 827 2618 scrupulum
861 2566 1089 2617 perversitas
1124 2565 1216 2602 haec.
1250 2568 1347 2601 Puto

1415 1894 1528 1940 mini,
1548 1894 1577 1930 si
1593 1894 1794 1930 universos
1815 1893 1974 1930 lucreris
1987 1922 1996 1939 ,
2017 1901 2053 1930 te
2069 1906 2190 1930 unum
2210 1891 2425 1943 perdensfi?

1415 1957 1536 2002 Quam
1571 1953 1621 1990 ob
1650 1967 1730 1990 rem
1771 1967 1857 1991 cum
1895 1967 2029 1991 omnes
2060 1962 2096 1991 te
2126 1953 2313 2000 habeant,
2343 1962 2425 1991 esto

1415 2015 1528 2051 etiam
1552 2023 1592 2051 tu
1613 2028 1658 2050 cx
1683 2013 1914 2051 habentibus
1937 2027 2047 2051 unus.
2070 2014 2171 2063 Quid
2196 2015 2301 2052 solus
2321 2014 2426 2052 frau-

1416 2075 1515 2111 daris
1546 2088 1705 2111 munere
1736 2075 1789 2111 tui
1808 2076 1822 2111 9
1842 2078 2054 2125 Usquequo
2081 2074 2237 2125 spiritus
2260 2075 2425 2123 vadens,

1416 2145 1453 2172 et
1481 2150 1558 2173 11011
1590 2136 2029 2186 1·6(11611579Π5(1116(1110
2057 2149 2135 2172 non
2163 2135 2300 2186 recipis
2325 2145 2360 2174 te
2387 2144 2426 2173 et

1416 2197 1497 2248 ipse
1526 2198 1627 2234 inter
1647 2198 1740 2234 alios
1767 2198 1849 2234 vice
1876 2199 1966 2235 tua?
1993 2197 2236 2248 Sapientibus
2263 2207 2302 2235 et
2329 2198 2425 2236 insi-

1417 2258 1613 2309 pientibus
1632 2259 1784 2296 debitor
1799 2273 1838 2295 es
1854 2274 1863 2305 3
1881 2267 1918 2295 et
1938 2259 2008 2296 soli
2025 2272 2139 2309 negas
2158 2267 2192 2296 te
2213 2258 2308 2296 tibi?
2324 2260 2426 2297 Stul-

1418 2327 1477 2356 tus
1498 2328 1535 2355 et
1555 2319 1706 2369 sapiens
1721 2348 1730 2365 ,
1750 2332 1884 2356 servus
1904 2328 1942 2356 et
1959 2319 2068 2367 liber,
2086 2320 2192 2357 dives
2208 2328 2246 2357 et
2265 2333 2426 2370 pauper,

1418 2380 1476 2417 vir
1507 2388 1545 2416 et
1579 2380 1740 2426 femina,
1776 2393 1892 2417 senex
1928 2388 1968 2417 et
1999 2380 2173 2430 juvenis,
2202 2381 2361 2418 clericus
2389 2388 2428 2417 et

1417 2441 1552 2487 laicus,
1576 2440 1702 2489 justus
1729 2449 1766 2477 et
1787 2441 1944 2491 impius,
1973 2453 2107 2477 omnes
2132 2441 2276 2491 pariter
2306 2441 2450 2491 parti—'

1417 2502 1547 2551 cipant
1569 2509 1624 2546 te,
1651 2514 1784 2537 omnes
1813 2500 1859 2537 de
1884 2501 1989 2537 fonte
2011 2499 2167 2551 publico
2195 2500 2335 2538 bibunt
2360 2515 2425 2552 pe-

1416 2571 1520 2599 ctore
1551 2570 1638 2608 tuo;
1672 2570 1710 2598 et
1744 2569 1785 2597 tu
1823 2573 1995 2597 seorsum
2034 2560 2164 2597 sitiens
2205 2559 2351 2598 stabis?
2387 2562 2423 2600 Si

340 2625 443 2672 quod
464 2635 500 2662 et
520 2627 713 2664 interdum
732 2627 938 2677 compellat
957 2626 1120 2662 clamare
1141 2624 1187 2661 ad
1208 2623 1342 2661 Domi—
1366 2629 1399 2663 D
1417 2622 1639 2659 maledictus
1665 2622 1731 2672 qui
1758 2630 1903 2671 partem
1925 2635 2032 2658 suam
2057 2621 2146 2658 facit
2173 2620 2400 2659 deteriorem
2414 2651 2424 2670 ,

340 2697 429 2720 num
462 2700 546 2723 eum
582 2689 771 2738 propheta
793 2703 800 2725 ε
822 2690 1081 2724 Nar-mamma
1109 2687 1201 2721 mllzi
1231 2687 1349 2733 iniqui

333 2742 606 2793 salmhzffnnes,
630 2752 786 2785 sednon
815 2757 855 2784 [ct
873 2752 935 2784 [ατ
955 2757 1018 2784 tna
1034 2745 1060 2783 3.
1083 2750 1100 2783 I
1121 2759 1211 2795 ergo
1226 2774 1234 2789 ⁷
1255 2754 1291 2782 Οἵ
1312 2753 1348 2781 te

343 2803 438 2839 aude
476 2806 638 2844 liberum
676 2809 849 2858 profiteri
891 2807 960 2844 sub
996 2815 1070 2843 tam
1107 2806 1212 2856 gravi
1247 2806 1347 2842 mole

341 2863 657 2904 inconvenientiae
679 2869 815 2918 liujus,
842 2877 879 2905 et
899 2868 960 2904 cui
980 2868 1034 2904 fas
1056 2881 1134 2904 non
1158 2867 1206 2903 sit
1226 2866 1349 2902 cervi-

342 2937 422 2960 66111
444 2925 667 2964 subducere.
691 2933 784 2966 Nam
807 2930 835 2965 si
854 2938 963 2978 potes
981 2937 1018 2965 ct
1035 2942 1112 2965 non
1135 2928 1206 2972 vis,
1226 2928 1349 2964 multo

342 2986 458 3034 magis
485 3000 616 3024 servus
641 3002 680 3025 es
697 2989 810 3037 hujus
827 2990 946 3039 ipsius
968 2998 1041 3026 tam
1064 3002 1254 3040 perversae
1274 3002 1347 3025 vo-

341 3045 496 3082 luntatis
530 3055 614 3083 tuae.
648 3052 705 3084 An
735 3062 813 3085 non
849 3063 1002 3096 servus,
1033 3050 1094 3086 eui
1126 3049 1347 3086 dominatur

341 3104 618 3155 iniquitas?Et
640 3108 814 3144 maxime.
846 3109 922 3145 Nisi
953 3118 991 3145 tn
1025 3110 1120 3146 forte
1151 3109 1344 3158 indignius

1414 2683 1506 2732 quid
1527 2683 1589 2719 ille
1610 2683 1675 2732 qui
1697 2695 1736 2718 se
1764 2682 1918 2732 penitus
1939 2681 2065 2719 reddit
2083 2684 2303 2732 expertem?
2328 2686 2426 2721 Sane

1415 2744 1638 2780 deriventur
1668 2756 1776 2792 aquae
1811 2751 1885 2780 tuae
1913 2743 1952 2779 in
1987 2743 2152 2793 plateas3
2184 2742 2358 2780 homines
2389 2752 2426 2781 et

1410 2803 1585 2852 jumenta
1612 2811 1648 2839 ct
1678 2816 1818 2853 pecora
1850 2802 1984 2840 bibant
2011 2816 2059 2840 ex
2086 2803 2165 2848 eis,
2191 2803 2283 2853 quin
2305 2812 2342 2840 et
2363 2817 2425 2840 ca—

1415 2864 1522 2900 melis
1549 2863 1658 2913 pueri
1686 2862 1848 2900 Abrahae
1874 2871 2009 2913 potum
2037 2861 2182 2899 tribuas
2204 2877 2213 2899 ε
2233 2862 2299 2899 sed
2325 2863 2427 2900 inter

1417 2933 1574 2961 caeteros
1590 2923 1679 2960 bibe
1699 2932 1737 2960 et
1758 2932 1799 2960 tu
1825 2923 1871 2960 de
1889 2924 1994 2960 fonte
2018 2922 2125 2973 putei
2153 2922 2219 2959 tui.
2241 2925 2417 2967 Alienus,

1415 2985 1557 3034 inquit,
1577 2998 1650 3020 mm
1672 2984 1775 3020 bibat
1790 2998 1838 3020 ex
1862 2998 1904 3020 eo
1916 2983 1943 3020 8.
1967 2982 2162 3033 Numquid
2191 2991 2233 3020 tu
2253 2983 2426 3021 alienus?

1415 3046 1481 3082 Cui
1512 3059 1589 3082 non
1624 3045 1787 3091 alienus,
1809 3045 1840 3081 si
1869 3044 1938 3081 tibi
1966 3045 2031 3080 659
2060 3044 2234 3094 Denique
2264 3044 2329 3094 qui
2353 3043 2425 3082 sibi

1415 3121 1596 3157 nequam,
1621 3106 1680 3142 cui
1705 3105 2096 3143 00011599111611161110
2126 3104 2290 3155 proinde
2305 3133 2314 3151 ‚
2346 3118 2424 3142 non

391 3249 398 3263 ¹
428 3247 441 3274 I
465 3246 538 3276 Cor.
559 3255 623 3281 vn,
648 3248 702 3275 23.
719 3264 763 3266 -—
792 3250 803 3265 ²
831 3244 911 3275 Psal.
939 3255 1043 3279 xvut,
1072 3248 1101 3274 8.
1121 3263 1163 3266 —-
1183 3242 1196 3264 3
1219 3245 1300 3275 Psal.
1317 3256 1422 3275 cxvui
1439 3269 1445 3281 ‚
1470 3247 1524 3275 85.
1548 3261 1590 3265 -
1611 3241 1623 3267 '⁴'
1645 3241 1740 3272 Eccli.
1766 3252 1896 3271 xxxvm
1911 3265 1917 3280 ,
1935 3243 1990 3272 25.
2010 3238 2078 3263 ——5
2100 3243 2114 3272 Ι
2134 3241 2207 3272 Cor.
2229 3250 2286 3278 11,
2305 3243 2359 3271 22.
2377 3257 2420 3263 -ο-

338 3294 480 3328 ἰἷΜιιΗΙι.
498 3309 555 3327 xvt
571 3323 578 3335 ,
603 3302 657 3328 20.
679 3316 722 3319 —
741 3304 753 3327 7
772 3297 849 3329 l‘sal.
870 3309 959 3327 vau
974 3322 980 3334 ,
1001 3301 1055 3328 159.
1069 3317 1110 3320 -—-
1124 3296 1137 3318 S
1151 3301 1242 3328 Prov.
1270 3310 1301 3332 v,
1327 3301 1378 3329 17.
1400 3315 1444 3321 -—
1462 3304 1476 3327 9
1494 3296 1588 3327 Eccli.
1611 3306 1680 3326 Xiv.
1703 3298 1731 3324 f).

387 3362 398 3378 ³²
426 3357 692 3401 Ἰ111115,()Ι’)Ι)(>η(ι.1’.
727 3378 742 3379 ν’
780 3350 794 3372 ¹³
816 3357 923 3393 Alias,
946 3356 1071 3397 lensrcil.

1152 3362 1164 3376 ‘'
1179 3357 1264 3387 Alias
1280 3382 1286 3395 ,
1311 3356 1498 3387 condilicmi,
