2517 3920
358 246 431 284 875

356 326 395 358 de
420 326 541 357 incesto
561 349 570 364 ,
598 324 732 366 aliisque
764 321 951 354 criminibus
974 322 1136 354 Gnillelmi
1164 321 1363 352 Pictavorum

359 378 500 417 comitis,
518 378 550 409 id
571 378 610 410 de
629 377 798 410 Guillelmo
811 379 889 407 VIII
906 376 994 407 istius
1014 381 1104 418 patre
1128 373 1365 415 intelligendum

360 445 448 472 esse,
473 439 560 465 recte
585 432 704 464 notavit
720 435 858 463 Joannes
875 430 1008 461 Bestius.
1034 432 1116 460 Nam
1139 432 1249 459 Petrus
1268 429 1365 459 Picta-

364 498 476 518 xorum
503 486 690 529 episcopus,
714 485 798 526 quia
819 483 941 516 Comite
966 484 998 513 in
1018 483 1162 513 exsilium
1183 481 1296 512 missus
1322 480 1367 511 1111

363 545 575 576 memoratur,
592 539 624 570 in
639 539 706 581 ipso
723 538 835 570 exsilio
854 537 937 568 diem
960 537 1070 568 clausit
1085 546 1170 567 anno
1189 538 1221 566 11
1236 538 1286 566 17.
1324 538 1368 566 At

364 604 440 623 vero
461 593 649 624 Guillelmus
671 595 718 623 IX
740 602 824 622 anno
856 590 1009 620 duntaxat
1032 592 1116 620 1120
1144 589 1223 631 patri
1250 598 1369 619 succes-

365 645 421 682 sit,
438 651 470 676 ut
485 645 600 688 probat
618 645 700 675 idem
725 650 834 675 auctor
853 644 885 674 in
903 643 1044 674 Historia
1061 642 1182 673 Gallica
1210 643 1369 673 Comitum

367 697 582 735 Pictavorum,
602 708 694 739 quem
714 697 860 732 consule,
892 696 916 726 si
943 702 1059 726 caetera
1079 695 1239 726 Guillehni
1258 700 1343 736 gesta
1361 718 1368 732 ‚

368 763 403 783 ac
423 751 579 794 praecipue
602 757 735 781 mortem
760 750 940 791 diligentius
960 749 1046 780 lubet
1065 748 1275 789 investigare,
1297 757 1370 778 nec-

370 816 431 835 non
453 805 621 836 Baronium
649 804 688 835 ad
716 815 835 834 annum
864 806 963 834 1135,
995 807 1043 834 De
1067 813 1103 833 eo
1125 802 1193 832 fuse
1222 801 1253 832 in
1289 801 1370 832 libro

371 858 511 889 secundo
534 857 572 889 de
590 858 662 887 Vita
683 856 839 888 Bernardi
859 881 866 894 ‚
883 868 950 898 cap.
980 862 997 887 G
1013 881 1020 894 ,
1039 856 1092 886 ubi
1110 857 1178 897 ejus
1203 855 1369 887 conversio

370 923 427 954 per
448 911 644 942 Bernardnm
665 910 743 941 facta
761 916 964 940 memoratur.
983 909 1084 940 Multa
1103 908 1142 939 de
1167 920 1204 939 eo
1227 908 1369 940 fabulan-

372 972 432 996 tur.
456 969 583 996 Certum
602 970 668 1001 est,
685 969 818 993 testante
840 963 994 993 Orderico
1014 963 1081 1004 ejus
1098 962 1230 1003 zequali,
1251 962 1301 993 0111
1319 962 1371 993 3111

369 1024 513 1048 auctores
535 1027 695 1058 compares
713 1015 939 1057 suffragantur,
962 1016 1168 1046 Guillelmum
1184 1017 1371 1058 poenitentia

370 1077 488 1101 motum
519 1070 557 1101 ad
585 1073 616 1100 S.
644 1069 797 1100 Jacobum
827 1080 959 1111 peregre
983 1070 1159 1112 profectum
1190 1081 1280 1109 esse,
1312 1087 1324 1097 «ι
1341 1077 1372 1102 01

372 1140 383 1151 »
401 1124 479 1154 stria
503 1130 587 1154 sexta
614 1126 801 1153 Parasceves
813 1147 820 1161 ,
844 1123 956 1165 quinto
972 1123 1042 1154 idus
1060 1123 1170 1166 aprilis
1184 1134 1269 1155 sacra
1287 1136 1370 1156 com-

370 1195 381 1205 »
401 1178 550 1208 munione
575 1178 729 1207 munitum
746 1201 753 1212 ,
776 1183 850 1208 ante
870 1188 955 1208 aram
980 1177 1066 1208 beati
1086 1178 1231 1220 Apostoli
1258 1179 1370 1211 defun-

368 1248 380 1258 »
399 1237 483 1261 ctum
504 1240 570 1260 0550
587 1245 599 1256 υ
620 1230 679 1260 sub
704 1241 821 1261 annum
850 1233 933 1262 1137
948 1254 955 1267 ,
978 1242 1041 1272 quo
1067 1231 1133 1262 11100
1154 1231 1194 1263 31)
1214 1233 1371 1265 orderico

366 1290 589 1317 memorantur.

415 1342 478 1370 335
504 1340 539 1368 B.
568 1338 694 1369 Habent
715 1344 821 1369 tamen
844 1338 956 1369 ducem
982 1339 1117 1381 Apulixe.
1133 1359 1175 1362 —
1193 1343 1370 1375 Anacletus

364 1392 588 1436 pseudopapa,
622 1398 654 1423 ut
684 1393 855 1434 Rogerium
879 1393 992 1424 ducem
1021 1393 1144 1435 Aputiae
1172 1396 1368 1438 praecipuum

363 1445 508 1477 factionis
527 1455 591 1475 suae
611 1445 763 1475 fautorem
782 1445 894 1476 fortius
912 1446 972 1476 sibi
993 1446 1185 1485 devinciret,
1199 1449 1281 1491 regis
1295 1461 1367 1482 011111

364 1500 476 1532 Sicittae
505 1499 596 1529 titulo
622 1499 769 1535 donavit,
797 1500 841 1530 uti
865 1500 972 1531 videre
993 1501 1063 1531 lieet
1085 1501 1168 1543 apud
1194 1505 1367 1536 Baronium

359 1563 442 1584 anno
470 1554 568 1583 1130,
596 1562 627 1581 n.
651 1556 681 1583 G.
708 1554 812 1591 Quem
840 1558 944 1583 11111011
963 1553 990 1584 ei
1009 1560 1120 1595 postea
1146 1558 1366 1596 Innocentius,

360 1605 527 1636 infeliciter
547 1610 657 1635 contra
683 1615 753 1635 eum
780 1605 813 1635 in
834 1607 976 1647 praelium
994 1618 1177 1648 progressus
1192 1633 1199 1643 ,
1223 1610 1367 1653 adeoque,

360 1659 500 1701 captivus
523 1681 530 1692 ,
553 1657 773 1695 confirmavit,
803 1669 873 1689 cum
894 1660 984 1690 aliter
1013 1661 1144 1692 eluctari
1175 1673 1192 1693 e
1220 1664 1368 1697 manibus

359 1713 427 1754 ejus
447 1722 509 1742 non
529 1716 644 1753 posset.
673 1713 802 1751 Quanto
829 1711 939 1742 melius
957 1713 1007 1754 jus
1027 1724 1119 1744 suum
1139 1715 1241 1748 aliena
1269 1729 1366 1750 11131111

359 1771 544 1810 prosecutus
561 1764 669 1795 fuisset
690 1764 852 1802 Pontifex,
873 1766 897 1796 si
916 1766 1046 1798 omnino
1066 1768 1161 1799 armis
1178 1780 1257 1812 opus
1278 1778 1367 1811 erat,

360 1831 453 1862 quam
474 1824 506 1849 ut
532 1817 597 1856 ipse
622 1817 659 1847 311
674 1817 792 1848 1101111111
810 1819 1001 1860 procedens,
1025 1826 1055 1851 et
1073 1820 1155 1852 hosti
1170 1823 1285 1855 cedens
1300 1849 1308 1861 ,
1325 1825 1366 1856 ad

360 1873 486 1914 iniquas
514 1870 711 1903 conditiones
731 1871 934 1914 adigeretur!
962 1874 1047 1905 Yide
1070 1877 1265 1915 Baronium,
1292 1885 1378 1912 tomo

366 1931 422 1963 12,
448 1937 532 1957 anno
559 1928 656 1956 1139.

408 1982 471 2012 337
505 1982 544 2011 A.
571 1982 608 2009 In
636 1984 790 2010 aeternum
813 1991 878 2011 non
903 1980 1071 2013 obliviscar
1101 1983 1167 2021 tui,
1195 1985 1285 2027 plebs
1311 1987 1366 2019 de-

358 2040 451 2071 vota,
477 2032 672 2064 honorabitis
704 2043 778 2074 gens
797 2057 804 2070 ,
834 2033 941 2065 civitas
974 2034 1124 2068 illustris!
1152 2057 1197 2061 —
1224 2041 1297 2071 Non
1321 2046 1368 2071 est

359 2088 412 2119 hic
430 2086 684 2130 prseterenntlum
702 2087 786 2128 quod
809 2088 907 2119 refert
932 2090 1095 2121 Mauricus
1123 2091 1156 2123 in
1185 2095 1368 2127 Annalibus

359 2142 398 2174 ad
418 2153 535 2174 annum
560 2145 645 2173 1132
662 2166 669 2180 ,
695 2153 764 2184 cap.
785 2148 817 2174 6.
842 2146 932 2175 Hanc
949 2144 1101 2177 nimirum
1126 2149 1278 2180 Bernardi
1298 2162 1369 2193 pro-

359 2196 541 2228 missionem
566 2196 645 2228 adeo
670 2203 770 2228 ratam
795 2198 981 2241 firmamque
1010 2211 1135 2243 semper
1159 2203 1303 2241 stetisse,
1333 2212 1367 2238 ut

359 2256 431 2294 post
452 2251 640 2292 quingentos
660 2250 724 2282 fere
746 2262 858 2289 3011115,
877 2253 994 2285 Christi
1015 2255 1135 2287 scilicet
1157 2268 1242 2289 anno
1268 2263 1366 2299 1625,

359 2314 432 2334 cum
454 2303 751 2334 excellentissimum
769 2305 946 2348 principem
966 2309 1112 2340 Carolum
1126 2313 1368 2345 Emmanuelem

359 2357 526 2389 Sabaudiae
552 2356 684 2393 ducem,
701 2368 795 2399 quem
816 2363 994 2393 Januenses
1020 2363 1222 2405 patiebantur
1243 2366 1369 2399 hostem

357 2411 419 2442 51111
452 2410 719 2450 infensissimum,
753 2413 882 2445 ditionis
916 2427 978 2447 suae
1009 2419 1124 2460 oppida
1158 2427 1305 2460 vastare,
1338 2429 1370 2455 et

359 2465 418 2497 sibi
435 2466 501 2507 jam
524 2465 690 2496 imminere
712 2467 766 2499 vix
784 2469 896 2510 quinto
916 2470 956 2501 ab
974 2472 1053 2503 urbe
1076 2474 1180 2516 lapide
1204 2477 1368 2519 conspice-

358 2524 447 2554 rent,
480 2519 618 2549 humano
640 2520 766 2561 penitus
786 2521 928 2554 destituti
945 2525 1080 2564 auxilio,
1106 2527 1200 2559 tidem
1230 2532 1262 2561 S.
1293 2533 1369 2562 Ber-

356 2571 448 2602 nardi
473 2572 743 2613 interpellaverint
768 2582 922 2618 concepto
940 2583 1033 2615 voto,
1061 2580 1145 2621 qnod
1173 2582 1212 2612 ad
1232 2583 1368 2615 litteram

358 2624 540 2655 exscribere
560 2636 623 2655 1100
646 2627 812 2667 gravabor.
830 2645 841 2655 «
858 2633 931 2660 Post
950 2630 1016 2662 11100
1035 2632 1119 2664 inter
1141 2634 1228 2665 divos
1251 2643 1368 2668 nostrae

360 2693 373 2704 n
394 2679 575 2720 reipublicae
598 2681 751 2712 tutelares
781 2682 888 2714 divum
912 2686 1132 2725 Bernardum,
1155 2689 1207 2731 qui
1232 2690 1307 2722 dum
1337 2691 1368 2723 in

362 2746 374 2757 »
396 2730 543 2761 humanis
565 2732 696 2773 agebat,
730 2736 829 2766 nostri
852 2736 885 2767 iu
907 2744 1061 2770 aeternum
1086 2752 1149 2772 non
1180 2742 1369 2776 obliviscen—

362 2798 374 2809 »
397 2783 471 2814 (111111
493 2784 556 2815 suis
583 2786 695 2818 litteris
720 2790 908 2832 spopondit,
940 2792 1121 2826 adscribere
1144 2802 1175 2827 et
1198 2808 1369 2830 connume-

363 2852 374 2862 »
395 2848 465 2867 1310
494 2839 724 2879 promittimus,
752 2849 783 2873 et
809 2856 959 2877 voremus
981 2847 1065 2878 diem
1091 2850 1158 2891 ejus
1181 2850 1296 2883 festum
1318 2863 1370 2884 ce-

363 2906 375 2915 »
394 2890 539 2927 lehrare,
566 2897 598 2922 et
622 2904 639 2924 a
668 2896 791 2936 populis
822 2899 939 2930 nostris
965 2906 995 2931 et
1021 2913 1038 2933 a
1068 2903 1172 2941 clero,
1198 2906 1369 2939 accedente

365 2941 598 2974 »illustrissimi
624 2946 854 2992 archiepiscopi
879 2958 909 2982 et
937 2955 1276 2990 reverendissimorum
1302 2961 1369 3003 epi-

363 3010 376 3020 »
394 3004 560 3037 scoporum
583 3007 738 3031 consensu
753 3026 759 3038 ,
778 3004 931 3036 celebrari
953 3018 1077 3041 curare.
1112 3015 1148 3042 In
1163 3012 1223 3043 1130
1237 3015 1370 3047 ecclesia

363 3062 375 3073 »ι
394 3048 503 3088 majori
528 3049 576 3079 vel
606 3050 638 3080 in
661 3052 720 3083 alia
739 3055 871 3088 arbitrio
894 3067 1003 3092 nostro
1022 3064 1175 3105 capellam
1197 3066 1300 3098 eidem
1326 3068 1370 3099 di-

361 3114 373 3126 ›1
397 3106 498 3132 catam
521 3109 716 3136 construere.
740 3109 856 3141 Eadem
872 3111 921 3143 die
945 3114 1009 3145 diri
1029 3119 1182 3150 Bernardi
1197 3123 1368 3162 quotannis

360 3168 372 3178 »
394 3163 427 3184 10
450 3161 635 3196 perpetuum
657 3158 829 3191 solemnem
850 3167 1084 3204 processionem
1100 3172 1178 3209 lieri,
1197 3181 1227 3205 et
1243 3187 1367 3207 sacrum

358 3222 373 3232 »
393 3208 533 3239 solemne
556 3209 595 3240 ad
617 3211 684 3251 ejus
700 3213 798 3245 altare
814 3238 821 3251 ,
843 3217 933 3248 nobis
960 3221 1009 3261 pie
1031 3224 1252 3259 assistentibus
1267 3254 1273 3266 ,
1291 3231 1369 3262 cele-

358 3274 373 3284 »
389 3259 477 3290 111311
501 3260 616 3294 facere.
638 3266 675 3294 Et
693 3265 820 3298 (1011111111
841 3280 935 3300 11131111
956 3274 1069 3311 Ducis,
1097 3276 1204 3309 indicti
1224 3283 1303 3312 sacri
1319 3294 1368 3313 so-

358 3328 371 3340 »
390 3314 507 3346 lemnia
521 3316 652 3359 singulis
679 3320 771 3351 3111115
790 3321 821 3352 in
850 3332 1039 3367 perpetuum
1054 3353 1060 3363 .
1086 3337 1116 3361 1-1
1134 3343 1190 3373 pro
1206 3334 1265 3366 hoe
1282 3347 1367 3368 anno

354 3382 366 3394 υ
386 3367 552 3401 duodecim
586 3373 719 3413 puelli-3,
745 3381 778 3406 ut
808 3385 940 3415 vocant,
970 3380 1059 3412 dotes
1078 3407 1084 3419 ,
1117 3386 1235 3418 scilicet
1267 3390 1366 3422 libras

350 3436 364 3449 υ
382 3428 508 3454 centum
523 3448 531 3463 ,
561 3426 735 3469 unicuique
755 3431 947 3471 persolvere.
972 3437 1007 3465 Iu
1035 3437 1125 3477 cujus
1155 3440 1198 3470 rei
1219 3443 1363 3474 testimo-

862 246 911 280 IN
940 246 1117 280 TOMUM
1149 244 1346 279 PRIMUM
1376 241 1581 277 OPERUM
1611 240 1646 274 S.
1677 237 1929 273 BERNARDI

2356 239 2431 277 876

1433 334 1448 345 η
1469 318 1553 348 nium
1570 322 1631 347 etc.
1654 319 1752 350 Datas
1773 314 1806 344 in
1826 313 1959 345 ecclesia
1971 312 2169 349 cathedrali,
2186 313 2237 345 die
2255 315 2431 358 Dominica,

1434 387 1448 398 »ι
1464 374 1506 402 25
1530 370 1638 412 aprilis
1659 368 1735 399 anni
1765 371 1863 399 1625.
1889 383 1904 393 n
1928 370 2005 398 Haec
2024 369 2203 398 Januenses
2225 366 2363 399 instante
2378 370 2436 402 rei-

1432 423 1566 466 publicae
1588 433 1653 453 snae
1676 421 1779 452 ruina.
1797 424 1903 462 Quam
1924 425 2030 451 301001
2055 418 2093 449 ad
2119 424 2227 450 votum
2250 420 2296 451 eis
2318 432 2437 455 succes-

1434 478 1529 514 serit,
1562 476 1708 519 probax‘it
1740 480 1884 505 eventus.
1910 477 1995 505 Nam
2022 472 2204 504 Bernartius
2226 473 2258 504 in
2280 474 2347 517 ipsa
2373 487 2436 509 suae

1434 529 1641 561 solemnitatis
1672 528 1776 570 vigilia
1794 552 1801 566 ‚
1830 527 1976 569 Hispana
2004 526 2102 556 classe
2130 525 2282 565 advecta,
2311 527 2436 561 hostiles

1435 584 1541 626 copias
1559 583 1644 614 ocius
1662 583 1792 624 fugavit.
1807 585 1855 613 Ita
1872 581 1938 612 fere
1955 579 2130 611 Mauricus.

1486 639 1551 668 340
1570 639 1610 668 A.
1636 636 1851 667 marchionem
1872 634 2109 676 Engelbertum.
2132 651 2178 656 *-
2195 633 2275 674 Quis
2299 634 2357 667 iste
2379 640 2440 669 En-

1436 691 1596 732 gelbertus
1611 690 1776 721 marchio?
1790 689 2013 720 Existimamus
2026 687 2112 719 hunc
2128 699 2197 719 esse
2211 713 2219 726 ‚
2238 688 2293 730 qui
2308 689 2340 721 in
2359 690 2439 724 libro

1437 743 1475 774 de
1499 743 1573 774 Vita
1597 745 1627 774 S.
1652 742 1823 780 Norberti,
1851 753 1920 784 cap.
1952 746 2007 781 32,
2028 742 2146 773 dicitur
2173 741 2271 773 frater
2303 743 2440 788 episcopi

1437 795 1681 838 Ratisponensis
1711 807 1718 827 2
1753 796 1844 838 cnjus
1872 795 2055 837 Engelberti
2076 805 2138 826 11113
2167 794 2232 826 11113
2259 795 2442 832 Τ11001131ἀο

1437 848 1545 879 0001111
1563 848 1720 891 desponsa
1735 855 1794 880 est.
1812 852 1860 880 En
1880 849 1968 879 locus
1984 859 1990 879 z
2011 863 2023 874 κ
2041 847 2224 890 Assumptis
2238 848 2345 890 itaque
2359 850 2440 893 lega,

1442 916 1455 928 »
1477 901 1516 932 tis
1532 903 1657 933 comitis
1673 901 1851 933 Theobaldi
1865 926 1872 938 ,
1890 902 2098 944 Ratisponam
2121 912 2221 943 usque
2237 913 2299 947 eos(
2311 903 2442 938 adduxit

1441 972 1453 983 »2
1472 956 1662 988 Norhertus.
1690 959 1766 988 Erat
1784 956 1868 987 enim
1887 956 2054 998 episcopus
2075 956 2142 998 ejus
2158 955 2295 987 civitatis
2312 957 2441 990 nobilis-

1443 1025 1455 1036 »
1473 1010 1543 1041 simi
1558 1011 1736 1043 stemmatis
1749 1034 1756 1048 ‚
1774 1017 1805 1042 et
1824 1010 1965 1042 habebat
1989 1010 2120 1042 fratrem
2143 1010 2370 1052 Engelbertum
2387 1024 2441 1055 po-

1442 1077 1454 1088 »
1473 1063 1685 1095 tentissimum
1712 1064 1929 1095 marchionem
1942 1087 1950 1101 ‚
1969 1064 2019 1094 cui
2034 1069 2129 1095 erant
2151 1062 2268 1094 nubilis
2293 1064 2390 1096 {etatis
2406 1066 2441 1098 f}-

1441 1130 1454 1142 »
1473 1115 1521 1147 liae
1539 1126 1547 1148 :
1563 1128 1580 1147 0
1598 1117 1713 1158 quibus
1732 1128 1794 1148 una
1808 1116 1953 1159 expedita
1967 1116 2074 1148 comiti
2088 1116 2275 1148 Theobaldo
2289 1117 2442 1161 desponsa

1441 1186 1454 1197 »
1475 1177 1533 1203 est.
1547 1171 1677 1203 Reversi
1695 1177 1767 1203 sunt
1782 1171 1874 1213 legati
1889 1171 1968 1203 istuc
1982 1171 2165 1202 nuntiantes
2179 1195 2186 1209 ,
2204 1187 2217 1198 ιι
2234 1177 2294 1202 etc.
2310 1173 2443 1206 111311111-

1436 1224 1485 1255 dis
1500 1225 1687 1264 vocabatur,
1715 1231 1795 1256 teste
1809 1225 1964 1257 Orderico
1977 1225 2077 1256 Vitali
2101 1225 2164 1256 sub
2182 1224 2277 1256 finem
2291 1226 2361 1257 libri
2380 1230 2418 1260 13
2433 1240 2441 1261 :

1441 1294 1453 1305 α
1480 1279 1667 1310 Mathildem
1689 1290 1761 1310 vero
1791 1278 1965 1320 Ingelberti
1990 1277 2079 1308 ducis
2114 1277 2209 1309 filiam
2236 1288 2368 1310 uxorem
2385 1280 2442 1311 du-

1440 1348 1453 1360 »
1477 1333 1532 1364 1111.
1569 1348 1582 1360 »
1613 1332 1822 1375 Engelbertus
1851 1343 1946 1375 porro
1975 1343 2029 1363 seu
2059 1331 2258 1373 Ingelbertus
2282 1331 2347 1363 dux
2377 1340 2442 1366 erat

1435 1386 1606 1418 Carinthiae
1626 1412 1633 1425 ,
1663 1386 1804 1418 marchio
1833 1385 2096 1419 Foro-Juliensis.
2119 1385 2236 1417 Confer
2248 1386 2443 1420 notationem

1434 1440 1472 1472 ad
1492 1441 1657 1483 epistolam
1681 1444 1758 1472 299.

1483 1498 1550 1528 340
1583 1498 1620 1528 C.
1653 1495 1769 1526 factum
1801 1500 1859 1526 est.
1885 1512 1929 1517 -—
1952 1493 2045 1525 Missi
2075 1499 2150 1524 sunt
2181 1505 2254 1525 00111
2284 1495 2444 1527 Bernardo

1435 1550 1541 1582 Guido
1562 1550 1713 1588 Pisanus,
1733 1550 1904 1582 Matthaeus
1929 1549 2120 1581 Albanensis
2134 1573 2142 1586 ,
2171 1548 2344 1580 Gaufridus
2369 1552 2441 1582 Car-

1434 1604 1576 1635 notensis
1598 1603 1739 1646 episcopi
1756 1628 1764 1641 ,
1781 1614 1819 1634 ex
1838 1603 1921 1634 Vitae
1937 1602 2020 1633 libro
2038 1605 2070 1640 2,
2097 1612 2130 1633 n.
2150 1605 2182 1640 9,
2207 1613 2322 1645 nempe
2339 1602 2378 1634 ad
2396 1593 2443 1635 re-

1433 1658 1646 1690 conciliandos
1685 1658 1834 1689 Ecclesiae
1868 1660 2020 1689 Romame
2059 1655 2319 1687 Mediolanenses
2343 1680 2351 1694 ‚
2389 1657 2441 1698 qui

1433 1713 1568 1745 schisma
1598 1713 1814 1744 conflaverant
1846 1711 1887 1742 ob
1919 1710 2097 1755 depositum
2122 1710 2310 1742 Anselmum
2341 1710 2442 1742 archi-

1432 1769 1617 1810 episcopum
1631 1767 1671 1798 31)
1690 1767 1765 1809 ipsis
1779 1767 1925 1797 electum.

1482 1831 1543 1859 341
1567 1831 1602 1859 Β.
1621 1839 1636 1859 3
1654 1827 1942 1870 pseudoprophetis
1955 1825 2030 1858 tuis,
2048 1844 2094 1849 —
2110 1825 2268 1867 Loquitur
2284 1825 2323 1857 de
2341 1826 2442 1858 rebel-

1430 1881 1515 1913 lione
1539 1893 1600 1924 qua
1618 1882 1718 1912 secuti
1739 1882 1926 1913 Anselmum
1948 1881 1987 1912 de
2007 1881 2151 1912 Pnsterla
2171 1879 2442 1923 archiepiscopum

1431 1946 1522 1966 suum
1538 1960 1545 1974 ,
1565 1941 1672 1977 partes
1687 1934 1825 1966 Conradi
1846 1940 1957 1966 contra
1979 1933 2166 1966 Lotharium
2190 1934 2363 1977 legitimum
2386 1936 2442 1967 im-

1431 1996 1613 2032 peratorem
1627 1990 1887 2021 Mediolanenses
1904 1989 2091 2021 tuebantur.
2107 1993 2188 2021 Rem
2206 1996 2335 2022 enarrat
2357 1991 2441 2034 Sigo-

1432 2042 1503 2074 nius
1527 2044 1610 2074 libro
1637 2043 1805 2075 undecimo
1825 2043 1864 2075 de
1889 2047 2003 2086 Regno
2029 2043 2099 2075 Itat.
2129 2043 2170 2075 ad
2201 2054 2322 2076 annum
2344 2048 2442 2077 1128.

1432 2110 1446 2123 «
1465 2097 1628 2129 Conradus
1641 2121 1649 2135 ,
1672 2112 1684 2124 »
1704 2097 1808 2139 inquit
1822 2122 1829 2136 ,
1848 2112 1860 2124 n
1878 2096 2078 2139 principibus
2098 2097 2221 2139 aliquot
2240 2097 2443 2140 suffraganti-

1433 2165 1446 2177 »
1466 2150 1524 2181 11115
1545 2157 1656 2183 contra
1678 2151 1863 2183 Lotharium
1881 2162 1949 2182 sese
1974 2161 2081 2192 regem
2106 2151 2264 2189 asseruit;
2293 2151 2443 2183 insolenti

1434 2219 1446 2231 »
1462 2204 1536 2236 inde
1554 2205 1724 2237 arridentis
1739 2206 1876 2237 fortnnae
1887 2206 1987 2237 elatus
2002 2205 2169 2247 obsequio,
2187 2204 2219 2236 in
2234 2205 2355 2236 Italiam
2371 2217 2442 2237 cum

1433 2272 1447 2284 »
1465 2259 1611 2290 exercitu
1631 2259 1820 2298 maturavit,
1840 2265 1934 2301 atque
1959 2259 2147 2292 Anselmum
2169 2258 2443 2302 archiepiscopum

1434 2327 1447 2340 »
1465 2319 1496 2343 et
1520 2314 1671 2356 populum
1688 2314 1961 2346 Mediolanensem
1981 2313 2098 2345 amicos
2113 2319 2224 2345 nactus
2240 2338 2248 2352 ‚
2270 2313 2453 2345 Modoetiae.

1434 2381 1449 2392 »
1467 2366 1557 2408 regni
1574 2378 1724 2399 coronam
1754 2367 1895 2410 accepit,
1925 2373 2020 2408 atque
2040 2366 2116 2397 inde
2142 2367 2334 2409 perlustrata
2355 2371 2444 2399 Lom-

1435 2436 1450 2447 »
1466 2421 1577 2453 bardia
1591 2447 1598 2459 ,
1619 2422 1763 2454 civitates
1789 2422 1828 2453 ad
1850 2433 1882 2453 se
1908 2422 2076 2464 plerasque
2093 2431 2202 2452 omnes
2223 2421 2372 2454 traduxit.
2398 2425 2443 2453 Ea

1436 2488 1447 2500 υ
1465 2474 1504 2505 de
1518 2486 1611 2506 causa
1636 2475 1868 2518 archiepiscopi
1886 2474 2115 2517 Mogunfinus,
2136 2474 2420 2517 Magdeburgensis
2433 2499 2441 2513 ,

1434 2534 1492 2558 »et
1522 2529 1734 2560 Treverensis
1756 2554 1763 2565 ,
1788 2530 1878 2571 jussu
1910 2527 2055 2560 Lotharii
2084 2527 2188 2570 ipsum
2223 2520 2444 2559 communione

1434 2596 1447 2607 »
1468 2581 1593 2623 piorum
1612 2582 1881 2613 exterminarunt.
1906 2582 2069 2613 Honorius
2092 2587 2197 2612 autem
2221 2591 2285 2612 non
2307 2591 2378 2612 eum
2398 2592 2445 2612 so-

1434 2650 1446 2662 »
1465 2636 1530 2667 lum
1545 2661 1552 2674 ,
1578 2637 1632 2667 sed
1661 2637 1755 2668 etiam
1774 2637 1962 2668 Anselmum
1989 2635 2041 2678 qui
2062 2646 2210 2667 coronam
2228 2635 2441 2677 imposuerat,

1434 2704 1447 2716 »
1462 2695 1493 2720 et
1509 2691 1660 2732 populum
1682 2690 1735 2732 qui
1759 2696 1945 2733 receperat,
1971 2690 2120 2733 perculit.
2146 2689 2236 2720 Idem
2259 2688 2355 2720 refert
2368 2693 2444 2721 Otto

1433 2743 1644 2785 Frisingensis
1659 2769 1666 2782 ,
1687 2744 1838 2775 Clironici
1853 2743 1935 2775 libro
1950 2747 1981 2781 7,
1996 2753 2065 2786 cap.
2095 2745 2149 2774 17.

1482 2806 1543 2835 341
1575 2806 1610 2836 C.
1637 2804 1760 2846 privata
1779 2802 1941 2834 exstitisti.
1965 2822 2012 2825 —-
2033 2801 2195 2834 Nimirum
2218 2801 2302 2844 quod
2325 2800 2446 2833 Medio-

1433 2858 1577 2888 lanenses
1594 2858 1782 2888 Anselmum
1799 2857 2075 2899 arehiepiscopum
2097 2856 2195 2887 secuti
2209 2881 2217 2894 ,
2243 2856 2401 2888 Anacleto
2414 2862 2444 2887 et

1434 2910 1583 2942 Conrado
1610 2910 1838 2949 adhaesissent,
1862 2917 1897 2942 ut
1923 2910 2070 2953 superius
2093 2909 2237 2948 dictum,
2259 2914 2290 2940 et
2310 2908 2444 2951 amplius

1433 2963 1515 2994 infra
1532 2963 1756 2995 declarabitur.
1782 2968 1825 2996 At
1849 2964 1887 2995 iis
1910 2963 2173 3006 resipiscentibus
2190 2973 2224 2993 ea
2247 2961 2383 3004 dignitas
2403 2960 2443 2992 ab

1433 3019 1622 3050 Innocentio
1646 3019 1806 3050 restituta.
1832 3022 1872 3050 Et
1898 3019 1937 3049 de
1960 3018 2019 3049 hac
2040 3017 2168 3060 quidem
2191 3016 2391 3048 restitutione
2411 3014 2444 3045 in

1433 3072 1653 3114 superioribus
1679 3079 1725 3104 est
1745 3072 1971 3114 intelligendus
1991 3071 2194 3108 Bernardus‚
2223 3081 2295 3102 cum
2319 3069 2384 3107 ait,
2409 3067 2442 3098 in

1433 3127 1564 3168 gratiam
1578 3126 1869 3158 Mediolanensium
1881 3127 2120 3158 translationem
2134 3124 2286 3168 episcopii
2302 3124 2333 3155 in
2344 3121 2444 3155 archi-

1432 3180 1648 3222 episcopatum
1667 3191 1735 3211 esse
1753 3180 1881 3211 factam.
1898 3182 1978 3212 Nam
1996 3179 2114 3221 alioqui
2133 3178 2224 3210 sedes
2239 3176 2443 3219 metropolica

1432 3234 1584 3275 dignitate
1616 3234 1655 3265 ab
1679 3233 1771 3265 initio
1794 3234 1979 3276 praecelluit.
2005 3236 2078 3266 Non
2103 3238 2209 3264 tamen
2234 3230 2443 3263 omittendum

1432 3286 1516 3327 qnod
1540 3287 1686 3328 Sigonius
1713 3287 1809 3318 refert
1835 3287 1916 3318 libro
1936 3287 2102 3318 undecimo
2117 3286 2156 3317 de
2181 3289 2296 3328 Regno
2315 3284 2386 3316 Ital.
2403 3282 2442 3314 ad

1431 3350 1548 3370 3111111111
1570 3343 1578 3370 t
1595 3343 1667 3371 1:33.
1685 3356 1697 3367 κ
1717 3341 1924 3371 Innocentius
1938 3365 1945 3378 ‚
1970 3355 1982 3366 ›-
2005 3340 2111 3381 inquit
2125 3364 2132 3377 ,
2157 3355 2169 3366 «ι
2188 3350 2205 3370 3
2220 3336 2443 3372 Genuensibus

1435 3408 1447 3415 ›·
1468 3392 1602 3423 comiter
1623 3399 1717 3435 atquc
1739 3393 1915 3424 honorifice
1936 3394 2003 3435 jam
2022 3392 2072 3424 bis
2094 3398 2244 3435 acceptus
2258 3415 2265 3429 ‚
2291 3390 2375 3422 hanc
2397 3388 2442 3420 eis

1433 3444 1589 3483 »gratiam
1611 3446 1738 3483 retulit,
1760 3447 1844 3489 quod
1863 3446 2046 3490 episcopum
2073 3456 2183 3477 eornm
2204 3444 2244 3476 ab
2262 3440 2441 3475 obedientia
