2517 3920
327 198 424 234 1195
1097 196 1132 230 S.
1165 195 1416 230 BERNARDI
1443 193 1644 229 ABBATIS
2306 194 2401 233 1196

316 273 478 323 jubente
504 272 653 308 seniore
680 280 721 308 ut
750 272 880 308 sileam
896 300 904 316 ‚
929 270 1089 307 verbum
1118 271 1207 307 mihi
1231 270 1591 319 f01*te³''·‘quaqua111
1613 268 1772 305 omnino
1800 282 1820 304 a
1841 269 2013 318 quolibet
2029 269 2132 319 jussa
2154 284 2265 321 posse
2285 275 2404 310 teneri

319 347 390 383 per
412 331 644 369 oblivionem
671 330 854 377 elabitur3
877 344 982 367 rcum
1009 344 1068 367 me
1095 331 1217 367 fateor
1245 330 1330 365 ino·
1346 332 1379 366 A
1398 329 1639 377 prohibitave
1666 327 1903 364 conceditis?
1922 329 2028 378 quasi
2060 343 2151 367 vero
2178 330 2242 368 illa
2263 341 2404 381 queant

320 392 523 429 bedientiae
537 421 548 438 ,
585 392 651 429 sed
694 392 904 427 venialiter.
942 391 978 427 Si
1020 404 1067 427 ex
1105 398 1329 439 contemptu

320 453 441 489 sciens
461 460 498 489 et
518 451 733 488 deliberans
750 460 887 501 sponte
906 451 943 487 in
960 450 1078 487 verba
1094 463 1326 500 prorupere,

321 521 359 550 et
385 525 526 563 rupero
556 512 695 549 silentii
730 513 849 561 legem
865 527 874 558 3
905 511 1237 561 praevarieatorem
1270 522 1330 545 me

322 574 515 611 constituo
529 602 539 621 ,
553 582 590 610 et
603 573 850 609 criminaliter
864 588 873 619 3
891 581 928 608 et
943 572 973 609 si
989 571 1233 621 impoenitens
1248 583 1333 619 per-

321 648 457 672 severo
476 648 595 684 usque
613 634 658 670 ad
677 642 857 678 mortem,
879 632 1052 682 peccavi,
1073 640 1111 668 et
1130 629 1329 667 damnabi-

325 696 422 733 liter.

655 817 833 857 CAPUT
861 817 977 855 XIII.

320 941 442 972 Resellit
458 940 628 971 monachos
639 964 647 978 ‚
666 940 880 970 difficultatem
894 963 901 977 ‚
923 938 971 969 vel
988 938 1081 969 etiam
1098 936 1327 978 impossibilita-

405 1001 466 1026 tem
486 995 670 1026 obedientia:
689 995 838 1036 religssosae
858 993 989 1024 nimium
1007 997 1238 1033 exaggerantes.

371 1109 433 1145 31.
464 1112 523 1144 An
542 1116 579 1144 et
595 1107 668 1144 hoc
686 1107 825 1144 durum
843 1107 1000 1143 sortasse
1019 1105 1218 1142 videatur?
1236 1109 1326 1142 Haec

317 1168 460 1218 quippe
480 1176 569 1204 sunt
588 1175 714 1204 vestra
727 1195 736 1212 ,
759 1167 788 1203 si
807 1166 903 1203 bene
921 1166 1048 1202 recolo
1063 1195 1073 1212 ,
1087 1164 1222 1211 verba,
1239 1178 1324 1201 cum

317 1228 575 1265 difficultatem
598 1242 663 1265 seu
684 1227 1047 1278 impossibilitatem,
1070 1234 1114 1262 ut
1135 1225 1243 1262 vobis
1268 1225 1326 1262 vi—

315 1288 449 1334 detur,
479 1288 653 1325 tenendae
683 1287 933 1333 obedientiae,
957 1287 1016 1323 vel
1039 1285 1216 1322 cavendae
1240 1286 1326 1323 ino-

316 1348 538 1394 bedientiae,
562 1348 868 1393 considerantes,
904 1347 942 1383 in
971 1347 1087 1383 vitam
1119 1346 1170 1382 ita
1190 1359 1328 1382 mona-

318 1408 462 1445 chicam
504 1409 722 1445 exclamatis
760 1422 768 1443 ε
806 1426 820 1440 «
859 1408 1035 1444 Haeccine
1074 1415 1130 1442 est
1177 1407 1241 1443 illa
1283 1420 1329 1443 eo

320 1486 334 1501 »
355 1469 548 1515 securior,
569 1483 647 1518 quo
669 1468 828 1512 arctior;
850 1482 896 1505 eo
917 1468 1080 1514 certior,
1113 1481 1189 1517 quo
1210 1468 1328 1517 magis

319 1528 474 1564 »ardua
504 1528 683 1565 veniendi
715 1528 761 1565 ad
796 1532 919 1565 Deum
955 1529 1034 1574 via,
1064 1536 1106 1565 ut
1139 1528 1328 1564 monacho

319 1607 334 1621 υ
357 1589 580 1626 naturaliter
598 1590 695 1626 mala
714 1589 775 1625 vix
805 1603 959 1635 cavere,
983 1590 1208 1626 naturaliter
1227 1588 1329 1625 bona

320 1666 335 1680 2>
359 1649 417 1684 vix
441 1662 512 1699 pro
532 1650 727 1686 communi
744 1649 964 1686 infirmitate
982 1650 1124 1686 valenti
1144 1650 1304 1700 implere
1319 1678 1328 1696 ,

321 1728 333 1741 »
357 1721 435 1744 non
470 1709 596 1745 minor
631 1718 755 1745 tamen
790 1709 1000 1746 necessaria
1037 1710 1083 1746 sit
1112 1710 1258 1746 cautela
1283 1708 1330 1745 ad

319 1788 333 1801 υ
355 1769 546 1814 cavenda,
578 1770 637 1805 vel
666 1768 905 1806 observanda
936 1783 1021 1819 quae
1047 1769 1117 1806 sibi
1150 1770 1331 1819 praelatus

321 1846 335 1861 υ
357 1842 445 1865 suus
476 1829 537 1865 vel
568 1829 774 1878 prohibere
803 1829 989 1874 voluerit,
1025 1830 1083 1865 vel
1115 1828 1280 1878 jubere?
1315 1847 1331 1863 »
1352 1831 1378 1866 C
1399 1835 1464 1872 sed
1493 1836 1682 1873 Dominus

322 1891 367 1925 Et
391 1888 552 1924 subditis
585 1903 592 1925 :
625 1906 639 1920 a
676 1889 788 1937 Quod
820 1903 906 1925 cum
932 1903 952 1926 a
980 1890 1108 1926 multis
1128 1889 1325 1934 credatur,

322 1966 336 1980 »
360 1948 445 1984 licet
465 1962 485 1984 a
506 1948 654 1998 paucis,
675 1949 735 1985 vel
757 1949 867 1985 etiam
887 1963 905 1985 a
926 1950 1040 1986 nullis
1066 1950 1113 1986 ad
1139 1949 1327 1999 integrum

321 2026 335 2041 υ
357 2008 604 2056 observetur,
625 2009 717 2059 quid
738 2010 840 2046 aliud
860 2019 1042 2060 operatur
1062 2011 1144 2047 talis
1175 2020 1330 2048 senten-

321 2086 335 2099 »
360 2068 418 2105 tiae
448 2069 672 2116 credulitas,
701 2083 812 2119 quam
843 2070 947 2119 quod
975 2070 1037 2107 illa
1065 2070 1113 2107 ab
1140 2072 1328 2121 Apostolo

322 2146 336 2159 »
359 2137 504 2166 tantum
525 2131 675 2180 culpata
696 2131 952 2168 manducandi
971 2131 1185 2181 idolothyta
1211 2132 1328 2169 liber-

322 2208 335 2221 »
359 2197 413 2225 tas
430 2196 437 2210 ¹
455 2191 470 2225 ?
491 2209 504 2224 υ
523 2191 578 2228 Nil
597 2192 709 2241 plane
735 2191 856 2238 aliud,
878 2192 909 2228 si
925 2192 976 2228 ita
993 2201 1109 2238 esset,
1128 2201 1170 2229 ut
1194 2193 1328 2231 dicitis.

321 2253 422 2285 Bene
439 2263 596 2300 prorsus
615 2265 692 2288 non
712 2261 838 2302 potest
853 2252 1028 2289 conscius
1045 2266 1124 2289 esse
1146 2252 1216 2289 sibi
1229 2282 1238 2300 ,
1265 2253 1331 2302 qui

322 2322 360 2344 se
385 2322 461 2344 non
489 2309 647 2360 implere
668 2311 824 2348 confidit
848 2311 953 2362 quod
973 2311 1113 2348 debere
1137 2325 1175 2349 se
1196 2312 1329 2349 credit.

320 2369 480 2406 Creditis
501 2370 626 2420 itaque
667 2376 733 2422 (ut
765 2371 970 2409 verborum
1002 2381 1218 2409 vestrorum
1242 2386 1331 2409 sen-

321 2442 402 2465 sum
453 2428 620 2466 breviter
665 2431 868 2482 colligam)
905 2431 1010 2481 quod
1046 2431 1093 2468 ad
1140 2432 1331 2481 integrum

323 2488 499 2525 mandata
535 2490 604 2526 Dei
638 2489 833 2527 observari
871 2492 931 2528 vix
976 2492 1146 2535 valeant,
1185 2490 1332 2528 abbatis

322 2560 398 2583 non
436 2549 585 2585 valeant
615 2564 623 2586 z
657 2564 742 2587 cum
774 2551 921 2589 Veritas
951 2553 1033 2603 ipsa
1073 2560 1251 2597 testetur,
1287 2565 1335 2589 ne

1395 389 1537 438 absque
1563 389 1642 425 istis
1669 389 1813 438 integre
1837 389 2034 426 custodiri.
2056 390 2128 428 Sed
2146 391 2175 427 si
2191 392 2401 440 attenditis,

1396 448 1443 485 de
1475 449 1571 485 male
1593 461 1748 498 quoque
1771 448 1988 486 viventibus
2012 450 2178 499 praelatis
2202 451 2274 487 Dei
2300 465 2401 502 prae-

1397 516 1551 558 ceptum
1570 517 1648 554 est,
1668 511 1765 554 Quoe
1780 508 2043 556 dicuntsaeiee
2057 507 2083 546 3.
2102 510 2223 559 Igitur
2243 511 2403 561 quinon

1399 569 1508 615 facit,
1535 577 1665 619 aperte
1692 582 1770 605 non
1793 569 1832 606 in
1861 569 2055 606 hominem
2083 579 2254 616 tantum,
2276 571 2404 610 sedet

1398 630 1437 666 in
1459 633 1580 666 Deum
1612 630 1882 680 praevaricator
1902 630 2039 667 existit.
2067 634 2175 667 Itane
2205 644 2295 681 ergo
2315 633 2403 669 nul-

1397 690 1455 726 lus
1482 690 1660 726 mandata
1688 690 1856 740 perfecte
1886 691 2109 740 exsequitur
2131 691 2190 728 sui
2213 683 2404 742 magistri?

1395 749 1655 798 Quamobrem
1688 750 1854 800 putatis?
1886 749 1972 800 quia
1999 750 2198 797 nolumus,
2223 759 2289 788 aut
2316 753 2402 801 quia

1395 824 1473 847 non
1500 812 1728 860 possumus?
1757 810 1831 848 Sed
1851 811 1881 846 si
1902 811 2081 848 volumus
2104 819 2142 848 et
2166 824 2244 849 non
2265 825 2403 862 possu-

1397 884 1500 917 muS,
1528 871 1650 907 securi
1676 883 1819 907 sumus.
1848 871 1883 908 si
1914 884 2118 920 possumus
2141 881 2178 909 et
2203 873 2401 919 nolumus,

1396 930 1554 980 superbi
1574 943 1718 967 sumus.
1737 933 1859 966 Porro
1879 929 1927 966 ad
1944 931 2152 968 cavendam
2171 931 2405 982 superbiam,

1339 999 1343 1003 ’
1395 990 1497 1026 illam
1518 1003 1609 1026 vere
1629 989 1829 1026 annuerim
1850 991 2100 1027 necessariam
2122 1004 2203 1028 esse
2220 992 2404 1029 cautelam

1347 1061 1376 1095 Β
1397 1063 1510 1099 quam
1538 1049 1683 1094 dicitis,
1708 1063 1756 1086 ne
1777 1050 1874 1086 forte
1895 1049 2116 1087 incurratur
2134 1050 2405 1089 inobedientiae

1394 1110 1551 1147 crimen.
1573 1109 1684 1158 Quod
1704 1109 1734 1146 si
1750 1109 1989 1160 impossibile
2005 1123 2075 1147 vos
2089 1111 2252 1160 putatis,
2270 1120 2313 1148 ut
2327 1125 2404 1149 non

1392 1169 1570 1206 videlicet
1589 1170 1760 1220 imperiis
1782 1170 2029 1220 praelatorum
2051 1183 2122 1220 per
2139 1179 2404 1221 contemptum

1391 1230 1584 1267 interdum
1609 1229 1800 1281 superbiae
1821 1230 2039 1278 resistatur3
2059 1230 2193 1268 scitote
2210 1244 2290 1268 non
2311 1245 2407 1282 pau-

1395 1304 1482 1337 cos,
1505 1291 1572 1328 sed
1592 1291 1818 1328 innumeros
1837 1291 1947 1328 aliter
1973 1291 2133 1328 omnino
2150 1292 2311 1339 sentire,
2337 1306 2407 1330 nec

1395 1351 1498 1388 aliud
1534 1365 1649 1402 quam
1684 1351 1789 1401 quod
1823 1352 1985 1402 proprio
2018 1351 2221 1389 didicerint
2255 1354 2406 1404 experi-

1395 1420 1537 1448 mento.
1568 1411 1605 1450 Si
1633 1420 1758 1449 autem
1786 1425 1864 1448 non
1886 1411 2121 1462 impossibile
2141 1413 2294 1462 quidem
2310 1443 2321 1461 ,
2340 1414 2406 1451 sed

1395 1480 1520 1508 tamen
1546 1472 1701 1509 difficile
1725 1485 1806 1509 esse
1828 1473 1976 1509 sentitis
1997 1473 2195 1522 magistros
2216 1486 2293 1510 non
2315 1487 2406 1511 con-

1396 1541 1565 1570 temnere
1581 1548 1590 1580 ;
1609 1541 1646 1569 et
1662 1533 1753 1569 dum
1772 1532 1859 1569 ideo
1875 1533 2112 1580 consentitis,
2130 1533 2309 1583 quoniam
2325 1547 2407 1584 gra-

1395 1595 1551 1641 vamini,
1567 1608 1644 1631 non
1663 1593 1829 1644 superbe
1844 1607 1990 1644 sapere,
2007 1595 2254 1632 murmuratis
2266 1595 2404 1632 adver-

1397 1668 1459 1692 sus
1481 1654 1710 1692 obedientiae
1731 1655 1851 1704 legem
1867 1683 1876 1700 ,
1895 1654 2129 1691 affirmantes
2148 1655 2405 1704 periculosum

1397 1715 1640 1765 promittere,
1676 1715 1779 1764 quod
1809 1712 1885 1751 tam
1920 1714 2154 1751 laboriosum
2184 1724 2241 1752 est
2271 1715 2405 1753 obser-

1396 1785 1507 1822 vare3
1537 1775 1583 1811 ad
1613 1775 1686 1812 hoc
1721 1788 1792 1825 ego
1823 1775 2065 1825 respondeo,
2097 1776 2176 1812 imo
2204 1789 2282 1813 non
2311 1790 2406 1827 ego,

1706 1851 1714 1872 ε
1749 1838 1826 1883 Qui
1845 1845 1991 1884 potest,
2018 1836 2165 1885 inquit,
2181 1850 2317 1884 capere
2341 1851 2406 1873 ca—

1389 1895 1518 1943 piat4.
1556 1898 1638 1932 Hoc
1672 1895 1816 1945 quippe
1852 1903 1909 1931 est
1943 1894 2048 1944 quod
2080 1895 2197 1944 paulo
2231 1897 2407 1946 superius

1397 1955 1497 2000 dixi,
1519 1955 1610 2005 quia
1631 1964 1838 2005 antequam
1862 1955 2063 1992 aedificium
2084 1955 2303 2002 inchoares,
2319 1970 2406 2007 pro-

1396 2015 1535 2052 vidisse
1555 2015 1742 2052 debueras
1764 2015 1866 2052 unde
1889 2016 2106 2065 perficeres.
2129 2019 2240 2053 Nunc
2257 2025 2403 2064 autem,

1399 2083 1438 2111 ut
1467 2075 1518 2111 ait
1549 2075 1730 2125 quidam,
1763 2084 1829 2112 aut
1855 2088 1931 2112 non
1963 2081 2196 2121 tentasses³‚
2221 2084 2287 2113 aut
2315 2089 2405 2126 per-

1396 2136 1478 2172 fice.
1515 2139 1788 2173 Verumtamen
1816 2149 1954 2182 nemo,
1987 2136 2017 2172 si
2043 2144 2152 2173 caute
2177 2137 2404 2186 profitetur,

1396 2197 1602 2246 pollicetur
1621 2210 1660 2234 se
1679 2197 1778 2234 ultra
1794 2197 1832 2233 in
1850 2197 1957 2233 nullo
1972 2204 2297 2245 transgressurum
2308 2212 2319 2244 ;
2333 2197 2406 2234 hoc

1397 2265 1472 2303 est,
1496 2255 1574 2305 jam
1602 2270 1679 2293 non
1700 2265 1961 2307 peccaturum.
1985 2256 2168 2306 Alioquin
2189 2265 2255 2294 aut
2274 2256 2405 2307 perju-

1397 2324 1455 2352 rat
1481 2316 1547 2365 qui
1575 2316 1627 2353 ita
1649 2315 1773 2365 jurat,
1797 2324 1863 2353 aut
1881 2316 2049 2353 sanctior
2068 2324 2125 2352 est
2145 2316 2212 2353 illo
2235 2316 2302 2366 qui
2322 2316 2373 2353 ait
2393 2330 2402 2352 :

1398 2378 1442 2411 In
1476 2378 1601 2412 multis
1626 2374 1856 2424 offendimus
1879 2390 2007 2412 omnes
2025 2375 2052 2414 ⁵.
2074 2376 2186 2424 Quod
2211 2376 2242 2413 si
2268 2388 2404 2413 conse-

1399 2449 1521 2486 quens
1542 2436 1676 2473 falsum
1698 2449 1778 2473 esse
1797 2436 1973 2482 videtur3
1994 2436 2203 2473 videndum
2226 2444 2284 2473 est
2301 2443 2339 2473 et
2357 2435 2404 2472 de

1401 2510 1446 2533 eo
1468 2497 1574 2546 quod
1601 2497 1813 2543 antecedit,
1836 2510 1884 2533 ne
1911 2497 2008 2533 forte
2039 2497 2100 2533 lex
2127 2509 2212 2546 quae
2237 2495 2323 2533 data
2348 2503 2405 2533 est

1401 2565 1562 2606 propter
1583 2557 1901 2606 transgressiones
1921 2555 2154 2593 cohibendas
2166 2585 2174 2601 ,
2189 2569 2268 2593 non
2283 2555 2403 2592 solum

321 2621 439 2644 unum
478 2609 630 2658 quidem
658 2611 733 2647 iota
762 2611 998 2661 praeteritum
1025 2612 1071 2648 iri
1090 2617 1116 2647 ².
1146 2614 1332 2649 Caetcrum
1350 2620 1382 2653 D
1399 2629 1477 2652 non
1509 2629 1571 2652 eas
1602 2624 1794 2661 coerceat,
1823 2615 1889 2652 sed
1920 2624 1958 2652 et
1987 2624 2124 2665 augeat
2149 2615 2307 2665 insuper
2331 2613 2403 2650 cpi-

322 2668 385 2716 qui
406 2669 456 2704 ita
477 2670 609 2715 sentit,
635 2670 787 2707 videtur
810 2671 901 2707 mihi
925 2671 988 2722 (ut
1008 2685 1101 2721 pace
1125 2680 1250 2709 vestra
1270 2672 1331 2708 di-

324 2728 441 2764 xerim
458 2728 469 2778 )
489 2730 650 2766 necdum
670 2739 837 2780 gustasse
853 2745 966 2781 quam
989 2732 1114 2768 suavis
1131 2741 1186 2769 cst
1202 2732 1332 2769 Domi-

324 2802 414 2833 nus,
447 2789 516 2826 sub
544 2789 638 2839 jugo
671 2792 762 2841 legis
793 2805 944 2841 gemere
980 2793 1123 2839 adhuc,
1157 2793 1331 2830 nondum

325 2849 510 2897 respirare
538 2850 608 2886 sub
633 2852 771 2899 gratia3
797 2866 913 2889 suave
940 2854 1074 2890 Christi
1100 2853 1235 2903 juguni
1263 2867 1330 2891 ne-

325 2920 512 2956 quaquam
563 2922 641 2946 csse
676 2920 856 2961 expertus
875 2928 884 2959 3
920 2913 1084 2963 ideoque
1123 2914 1330 2951 certissime

325 2966 448 3002 adhuc
468 2967 653 3005 infirmari
683 2984 750 3019 per
779 2985 950 3019 carnem,
969 2974 1057 3023 quia
1079 2974 1233 3023 spiritus
1251 2988 1329 3011 non

326 3025 481 3074 adjuvat
500 3026 581 3075 ejus
602 3029 871 3067 infirmitatem.

379 3086 439 3122 32.
471 3087 570 3134 Quid
594 3100 685 3123 vero
709 3088 779 3124 sibi
801 3091 881 3125 vult
901 3091 962 3128 illa
985 3092 1196 3139 distinctio,
1221 3094 1326 3142 quod

322 3144 393 3181 Dei
416 3144 569 3194 quidem
594 3146 651 3181 vel
680 3146 762 3192 vix,
789 3149 930 3196 praelati
954 3164 1045 3187 vero
1067 3152 1232 3188 hominis
1256 3166 1324 3189 ne-

372 3277 377 3290 ¹
401 3275 411 3301 1
435 3274 504 3303 Cor.
531 3283 612 3305 viii.
643 3275 671 3302 7.
689 3292 695 3294 κ
715 3293 724 3294 ff
751 3273 889 3304 znauli.
912 3287 940 3307 κ’.
967 3280 1014 3305 ΙΝ.
1042 3295 1074 3298 ψ
1095 3276 1105 3297 3
1129 3279 1171 3309 ld.
1188 3291 1294 3313 xxnz,
1315 3284 1330 3309 1⁷*

368 3334 378 3343 '¹
401 3330 448 3359 Sic
465 3330 665 3371 manuscripti
703 3331 809 3362 Alias,
832 3344 893 3360 mm
914 3339 1008 3362 lenm.

1404 2675 1505 2711 minc
1527 2673 1688 2726 perjurii
1711 2689 1718 2710 :
1740 2674 1927 2724 siquidem
1953 2673 1992 2711 id
2020 2675 2245 2724 promittere
2271 2686 2341 2710 nos
2363 2674 2402 2709 in

1398 2743 1527 2772 nostra
1549 2735 1786 2785 professione
1807 2735 2007 2772 credamus
2021 2764 2031 2782 ,
2054 2734 2160 2784 quod
2185 2741 2330 2771 certum
2348 2739 2404 2769 est

1398 2808 1476 2832 non
1497 2808 1609 2844 posse
1632 2795 1765 2831 teneri.

1452 2855 1514 2892 33.
1544 2854 1746 2892 Partienda
1767 2862 1823 2890 est
1848 2853 2012 2904 proinde
2032 2852 2144 2891 nobis
2163 2854 2202 2890 in
2224 2852 2301 2889 duo
2322 2851 2397 2889 uni-

1397 2927 1506 2951 versa
1525 2914 1606 2951 haec
1626 2914 1845 2951 observatio
1864 2914 2066 2963 regularis,
2082 2915 2121 2950 in
2136 2917 2327 2963 Praecepta
2344 2911 2402 2948 vi-

1397 2974 1551 3020 delicet,
1578 2983 1615 3011 et
1643 2974 1837 3011 Remedia.
1859 2974 2063 3023 Praeceptis
2089 2973 2298 3010 instituitur
2328 2971 2402 3009 vita

1396 3043 1529 3071 contra
1566 3042 1787 3084 peccatum3
1823 3033 2015 3070 Remediis
2063 3033 2274 3070 restituitur
2312 3038 2398 3081 post

1393 3103 1590 3145 peccatum
1630 3094 1862 3130 innocentia.
1904 3094 1963 3130 Sic
1996 3106 2088 3143 ergo
2125 3101 2287 3142 utraque
2324 3092 2393 3128 ista

1392 3154 1661 3203 complectitur
1705 3162 1834 3190 nostra
1880 3153 2065 3203 professio
2081 3182 2090 3199 ,
2133 3162 2175 3190 ut
2206 3151 2398 3203 professus

1325 3298 1343 3310 ›‚
1360 3299 1401 3303 —
1420 3281 1433 3306 4
1451 3281 1589 3313 Id.x1x,
1614 3286 1662 3313 ι’ὶ,
1687 3300 1724 3303 -ν
1744 3279 1948 3312 5Jacobi1¹1
1963 3306 1969 3313 ,
1994 3286 2022 3310 ἶ),.
