2533 3920
1130 191 1165 226 S.
1196 191 1450 226 BERNARDI
1478 193 1505 226 A
1512 189 1678 225 BBATIS

354 272 435 309 dire
456 278 465 292 ¹
484 300 494 318 ‚
527 278 564 307 et
592 267 807 320 hospitibus
839 266 905 304 tibi
939 267 1142 304 humanius
1171 264 1422 304 deservire²'⁸
1435 275 1631 310 currente,
1655 264 1864 314 simplicem
1881 263 2053 311 oculum,
2072 277 2185 314 quem
2204 265 2298 303 alius
2315 267 2433 305 chari-

353 332 508 369 videri&
523 329 690 380 Simplici
706 329 818 366 oculo
836 336 872 364 et
894 336 934 364 tu
951 327 1087 372 uteris,
1109 327 1174 377 qui
1191 339 1360 363 mensam
1380 331 1412 364 A
1429 335 1563 372 tatem,
1587 326 1682 362 alius
1711 323 1979 361 salvandarum
2009 324 2221 362 animarum
2257 325 2439 364 intentio-

361 196 430 232 '175

352 391 499 429 abbatis
511 404 589 427 non
607 402 758 439 semper
780 401 866 425 cum
884 386 1118 436 hospitibus,
1134 386 1199 424 sed
1218 398 1368 435 semper

352 466 439 488 cum
467 449 646 487 fratribus
678 462 760 486 esse
795 447 969 484 decernis
996 461 1003 483 :
1037 447 1126 496 quia
1158 447 1367 482 multorum

351 512 536 549 abbatum
565 510 637 561 (ut
671 510 799 546 mitius
832 506 998 557 loquar)
1029 507 1271 557 profusioni,
1300 506 1366 555 qui

354 573 549 622 hospitum
566 569 770 606 occasione
786 568 855 605 sibi
872 568 1027 618 propitii
1039 597 1048 614 ‚
1070 567 1147 604 suis
1165 567 1270 616 impii
1288 578 1368 602 esse

354 632 528 670 solebant
542 661 551 677 ‚
566 644 652 667 eum
669 629 715 666 ad
733 642 901 666 mensam
917 641 1158 664 communem
1179 639 1364 664 revocan-

355 694 405 731 do
426 692 600 729 mederis.

412 755 470 791 17.
488 751 655 802 Simplici
674 750 785 787 oculo
804 758 842 786 tu
859 749 978 785 uteris
992 777 1001 793 ,
1021 748 1086 797 qui
1104 748 1208 785 velut
1222 747 1360 784 Esdras

353 814 473 863 legem
488 842 497 859 ,
520 812 585 862 qui
607 811 711 847 velut
737 808 943 846 Machabaei
968 808 1096 845 ruinas
1116 808 1247 857 templi
1269 807 1358 853 Dei,

353 875 406 911 sic
427 883 466 910 tu
495 871 691 909 monastici
725 869 878 908 Ordinis
909 868 1074 918 plurima
1106 868 1358 912 detrimenta,

355 935 570 982 multasque
595 932 631 968 in
656 930 781 967 multis
802 930 1012 965 multorum
1039 928 1360 964 monasteriorum

353 1006 582 1042 morumque
602 991 730 1028 ruinas
746 1002 924 1038 reparare
942 989 1094 1024 laboras
1112 1003 1119 1024 :
1142 996 1179 1023 et
1196 987 1364 1023 delicatis

354 1054 488 1103 magis,
510 1065 622 1102 quam
647 1049 868 1087 necessariis
890 1047 1280 1085 condescensionibus
1298 1061 1365 1083 ex—

353 1182 517 1209 strorum
535 1179 749 1220 temporum
767 1177 939 1218 teporem
952 1180 1134 1204 revocare
1150 1167 1361 1204 contendis.

353 1231 523 1281 Simplici
541 1230 653 1266 oculo
675 1237 713 1265 et
734 1237 773 1264 tu
790 1228 928 1273 uteris,
951 1227 1016 1277 qui
1032 1227 1082 1263 ita
1101 1235 1138 1263 et
1158 1228 1314 1276 Regula&
1329 1236 1365 1264 et

353 1291 506 1329 Ordinis
521 1289 698 1326 mandata
713 1287 923 1324 moderaris
935 1316 944 1333 ,
962 1295 1023 1333 ut,
1041 1286 1250 1323 secuudum
1269 1286 1366 1336 ejus-

354 1352 439 1388 dem
459 1351 614 1401 Regulae
630 1348 747 1386 verba
759 1355 771 1371 ²
787 1378 795 1394 ,
817 1348 863 1385 sit
879 1357 916 1384 et
930 1348 1034 1397 quod
1057 1348 1172 1384 fortes
1193 1348 1361 1398 cupiant,

355 1422 392 1449 ct
406 1411 546 1448 inlirmi
561 1424 638 1447 nou
656 1409 866 1458 refugiant:
884 1417 925 1444 ut
939 1409 1003 1457 qui
1020 1421 1117 1457 pauc
1131 1422 1209 1444 nou
1225 1417 1364 1458 potest,

356 1474 451 1510 lacte
480 1473 633 1516 saltem,
658 1483 705 1506 ne
733 1470 848 1505 vitam
879 1468 1034 1518 perdat,
1063 1469 1186 1504 alatur
1207 1484 1214 1505 :
1239 1477 1276 1504 et
1299 1469 1365 1518 qui

355 1532 499 1569 anhelis
517 1529 690 1568 cursibus
713 1529 958 1579 propositum
985 1527 1160 1564 bravium
1186 1541 1362 1577 compre-

354 1592 522 1628 hendere
544 1604 622 1627 non
648 1589 773 1634 valet,
794 1589 900 1624 lento
929 1588 1061 1624 saltem
1085 1588 1182 1638 pede
1205 1587 1250 1624 ad
1272 1588 1366 1624 illud

355 1652 572 1702 pertingere
590 1650 794 1694 doceatur3
817 1649 906 1698 quia
923 1661 1000 1684 non
1019 1648 1142 1684 miuus
1163 1648 1294 1698 patriae
1311 1648 1366 1684 in-

354 1712 544 1749 habitator
559 1710 715 1753 dicitur,
733 1709 796 1759 qui
811 1709 856 1745 ad
872 1722 953 1746 eam
969 1717 1056 1758 post
1069 1722 1211 1745 annum
1226 1737 1235 1754 ,
1253 1722 1366 1758 quam

355 1774 421 1822 qui
443 1780 529 1822 post
547 1784 715 1807 mensem
739 1770 957 1806 revertitur.
979 1768 1092 1817 Quod
1115 1778 1240 1806 tamen
1261 1770 1367 1805 salvo

354 1832 616 1870 itinerantium
648 1831 799 1867 diverso
829 1830 961 1867 labore
993 1830 1078 1867 dico
1111 1845 1118 1867 :
1151 1830 1242 1880 quia
1256 1829 1367 1879 juxta

355 1953 482 1986 (⁸0lele
497 1955 658 1999 [ICCsJ)i(¹t
671 1952 871 1985 Seslllldlllll
887 1963 994 1984 Slclcm
1013 1949 1176 1984 leOJ'ClN
1190 1946 1216 1986 3.
1237 1948 1363 1986 Habes

356 2020 396 2048 tu
421 2011 534 2060 hujus
566 2010 756 2060 propositi
778 2010 832 2047 tui
852 2010 1101 2047 Benedictum
1132 2018 1328 2046 auctorem
1347 2038 1357 2055 ,

353 2071 461 2121 cujus
479 2073 565 2109 licet
581 2072 740 2122 scripta,
757 2071 824 2108 ubi
841 2070 1142 2120 charitasjubet,
1163 2072 1246 2121 ipso
1266 2080 1360 2108 teste

354 2133 509 2170 minime
529 2133 635 2182 sequi
653 2133 797 2181 cogaris
815 2147 823 2169 z
846 2133 953 2181 sequi
974 2140 1121 2177 tamen,
1145 2132 1234 2181 quia
1256 2140 1360 2168 tanto

352 2194 435 2230 viro
454 2207 621 2243 congrua
643 2193 722 2229 visa
744 2201 853 2239 sunt,
873 2192 1078 2229 devotione
1100 2191 1280 2228 laudabili
1299 2192 1363 2228 de—

351 2254 512 2291 lectaris.
530 2253 656 2290 Habes
671 2262 708 2290 et
724 2262 763 2290 tu
785 2253 1069 2290 institutionum
1087 2261 1237 2289 tuarum
1259 2266 1363 2289 eum-

353 2314 439 2350 dem
463 2313 709 2350 Benedictum
732 2322 927 2350 auctorem
943 2342 952 2359 ,
975 2313 1041 2362 qui
1062 2312 1109 2349 ad
1136 2313 1248 2349 finem
1272 2313 1363 2350 cha-

352 2375 472 2411 ritatis
491 2375 670 2411 universa
691 2375 831 2423 scripta
854 2387 921 2410 sua
944 2373 1066 2422 redigi
1095 2373 1293 2423 praecipit,
1325 2381 1363 2409 et

353 2436 565 2472 animarum
598 2435 709 2471 saluti
739 2448 897 2484 quoquo
929 2433 1046 2470 modo
1060 2462 1068 2478 ,
1104 2434 1176 2470 isto
1208 2434 1266 2469 vel
1298 2434 1362 2469 illo

352 2495 487 2532 ordine
501 2495 699 2532 inservire.
724 2494 849 2532 Habes
864 2503 901 2531 et
923 2498 1101 2532 Maurum
1124 2495 1361 2544 praecipuum

350 2556 450 2593 inter
466 2556 548 2605 ejus
565 2555 771 2606 discipulos
788 2555 1017 2605 discipulum
1033 2585 1042 2602 ,
1064 2556 1130 2604 qui
1149 2554 1196 2591 ab
1213 2568 1258 2591 eo
1278 2555 1363 2590 mis-

351 2629 413 2653 sus
430 2616 476 2652 ad
492 2616 631 2654 Gallias
646 2645 654 2661 ,
674 2616 801 2665 aliqua
817 2617 876 2652 vel
895 2615 1015 2652 multa
1030 2615 1076 2651 de
1094 2614 1175 2664 ejus
1189 2614 1335 2663 Regula
1347 2642 1356 2659 ,

1434 399 1521 422 nem
1551 393 1768 434 nuncupat,
1791 383 1934 433 ubique
1958 383 2145 433 reperies;
2167 393 2205 420 et
2224 384 2298 421 hoc
2322 387 2436 425 modo

1435 446 1527 481 nihil
1544 445 1736 482 diversum
1748 474 1757 490 ,
1774 444 1865 480 nihil
1881 443 2077 480 dissonum
2098 458 2106 479 :
2124 444 2211 492 quia
2231 457 2301 493 per
2317 445 2440 484 chari-

1436 513 1550 542 tatem
1574 507 1669 542 liunt
1691 505 1820 541 onmia
1839 517 1958 540 unum
1973 532 1983 550 ,
2006 503 2043 539 in
2064 503 2123 539 his
2141 516 2225 552 quae
2245 504 2347 541 varie
2367 518 2441 553 ser-

1435 566 1516 601 vari
1537 565 1736 609 videntur,
1760 564 1946 600 invenies.
1968 563 2053 599 Istis
2080 562 2240 611 adjicio,
2260 564 2364 613 quod
2383 573 2440 602 ta—

1435 639 1522 662 men
1540 626 1720 663 omuibus
1737 633 1859 675 patet,
1877 624 1968 660 nihil
1984 636 2082 673 pene
2098 623 2227 659 talium
2245 624 2283 660 in
2299 616 2442 674 Regula

1437 695 1671 736 praeceptum
1687 715 1696 732 ,
1719 685 1784 722 sed
1805 697 1890 721 cum
1915 683 2146 720 conditionis
2166 682 2439 732 additamento,

1430 754 1467 781 ct
1483 745 1631 782 abbatis
1650 753 1953 795 temperamento
1972 744 2178 795 prolatum.
2201 743 2315 792 Quod
2332 746 2441 783 etiam

1425 806 1456 842 si
1475 806 1701 856 imperative
1724 806 1870 842 dictum
1904 804 2034 841 fuisset
2049 833 2058 851 ,
2080 817 2324 854 nequaquam
2349 805 2441 843 sim-

1426 865 1517 914 plici
1536 867 1669 911 oculo,
1692 865 1730 901 id
1751 873 1807 901 est
1828 864 2002 901 charitati
2022 865 2251 914 evangelicae
2267 893 2276 911 ,
2301 865 2442 916 praeju—

1428 925 1554 962 dicare
1574 926 1774 975 potuisset.
1808 925 1912 962 Talia
1939 925 2064 971 enim,
2084 933 2125 961 ut
2147 925 2270 971 nosti,
2299 924 2346 962 de
2373 939 2443 963 nu-

1430 998 1538 1021 mero
1560 994 1845 1034 praeeeptorum
1868 984 2067 1021 mobilium
2092 994 2181 1021 sunt
2203 1000 2210 1021 :
2230 993 2269 1021 et
2289 986 2442 1034 quando

1429 1045 1592 1081 charitas
1613 1045 1803 1094 imperat,
1821 1044 1963 1094 absque
1983 1045 2112 1094 aliquo
2135 1046 2442 1095 transgressionis
2495 1053 2499 1086 Ξ

352 1113 489 1163 plosis,
508 1111 554 1148 ad
575 1109 720 1159 antiqui
738 1117 775 1145 et
791 1108 907 1158 primi
927 1108 1088 1144 fervoris
1104 1121 1250 1144 morem
1265 1137 1274 1153 ,
1298 1121 1364 1144 no·
1383 1107 1410 1141 B
1426 1106 1564 1142 timore
1592 1104 1785 1141 movenda
1807 1114 1907 1142 sunt.
1929 1109 2005 1143 Nec
2026 1114 2203 1156 suspecta
2222 1119 2305 1143 esse
2329 1106 2441 1145 debet

1430 1166 1503 1202 hoc
1520 1174 1698 1215 respectu
1724 1156 1915 1215 Regulaui
1930 1167 2110 1216 professis
2127 1166 2282 1216 Regulae
2299 1180 2444 1216 praeva-
2494 1170 2497 1179 ¹

1435 1227 1568 1263 ricatio
1589 1242 1596 1264 :
1619 1227 1704 1276 quia
1733 1227 1879 1276 Regula
1898 1227 1960 1263 illa
1981 1227 2081 1264 illius
2109 1227 2229 1264 sancti
2248 1227 2367 1278 patris
2393 1241 2439 1264 ex

1431 1289 1495 1325 illa
1511 1287 1663 1324 sublimi
1681 1296 1718 1324 et
1740 1287 1908 1337 generali
1923 1288 2116 1324 charitatis
2132 1288 2262 1336 regula
2282 1287 2442 1337 pendet,
2493 1316 2495 1322 ,

1433 1363 1479 1386 ex
1495 1363 1570 1399 qua
1590 1357 1628 1385 et
1647 1349 1684 1385 in
1704 1362 1779 1398 qua
1792 1378 1801 1395 ‚
1819 1348 1928 1397 juxta
1944 1348 2122 1386 Veritatis
2136 1347 2276 1394 verba,
2298 1354 2444 1385 univer·-
2494 1375 2495 1379 ,

1431 1424 1472 1446 sa
1496 1413 1558 1444 lex
1571 1412 1733 1458 pendet,
1759 1418 1795 1444 et
1813 1408 2050 1457 Prophecoess.
2075 1408 2189 1456 Quod
2217 1409 2247 1445 si
2268 1408 2443 1446 universa

1432 1471 1514 1516 lex,
1551 1478 1641 1506 tunc
1662 1478 1700 1505 et
1726 1469 1827 1505 illius
1848 1468 2003 1518 Regulae
2025 1468 2098 1504 lex.
2123 1467 2334 1505 Monachus
2354 1481 2443 1518 ergo

1432 1531 1617 1580 Regulam
1639 1531 1759 1580 patris
1788 1529 1982 1566 Benedicti
2003 1528 2208 1578 profitens,
2243 1536 2333 1564 tunc
2361 1541 2443 1565 eam

1432 1604 1523 1627 vere
1559 1599 1712 1636 servat,
1748 1589 1903 1640 quando
1936 1589 1974 1626 in
2010 1588 2168 1625 servatis
2199 1589 2259 1625 vel
2293 1588 2445 1625 mutatis
2489 1617 2493 1623 .

1434 1651 1670 1701 quibuslibet
1691 1650 1774 1700 ejus
1788 1651 1985 1701 capitulis,
2007 1649 2201 1686 charitatis
2223 1650 2342 1698 legem
2363 1648 2443 1686 ubi-
2489 1681 2493 1689 ,

1435 1725 1510 1762 que
1532 1720 1744 1748 conservat.

1493 1773 1552 1809 19.
1572 1772 1672 1820 Quid
1694 1772 1835 1821 igitur?
1855 1771 1891 1808 Si
1906 1771 1987 1807 haec
2008 1778 2109 1807 certe
2123 1798 2133 1816 ‚
2152 1783 2175 1806 o
2193 1770 2348 1816 fratres,
2367 1778 2443 1807 tota

1436 1834 1560 1870 mutui
1591 1842 1672 1870 erat
1707 1846 1816 1870 causa
1855 1831 2002 1868 discidii
2018 1860 2027 1878 ‚
2064 1843 2194 1867 nonne
2222 1829 2300 1879 Jam
2335 1829 2443 1868 vobis
2488 1838 2490 1850 ³

354 1892 601 1942 apostolicam
616 1904 768 1936 VOCOED,
785 1889 1049 1938 Ulllcsqlclsqlll’
1058 1895 1254 1939 propriam
1268 1904 1365 1926 mer-
1384 1889 1411 1925 C
1435 1907 1596 1944 prorsus
1622 1895 1774 1931 exclusa
1799 1893 1982 1929 videtur?
2011 1904 2141 1928 nonne
2169 1890 2248 1940 jam
2277 1891 2442 1929 fraterna
2487 1900 2490 1905 ⁴
2506 1904 2514 1919 ἡ

1432 1968 1525 2004 pace
1560 1954 1661 1990 uniri
1697 1953 1839 1990 debent
1872 1952 1989 1989 corda
2023 1951 2324 1998 monachorum,
2357 1965 2441 1989 cum

1430 2015 1534 2051 varia
1547 2015 1610 2050 illa
1624 2044 1632 2060 ,
1647 2023 1809 2064 propter
1824 2026 1909 2063 quae
1923 2012 2077 2049 discissa
2092 2012 2261 2058 fueraut,
2283 2012 2442 2062 simplex
2475 2027 2489 2048 .-

1429 2074 1560 2110 fecerit
1573 2075 1735 2111 charitas
1750 2075 1895 2110 unum?
1909 2076 2045 2110 Nonne
2062 2073 2182 2109 multa
2196 2085 2316 2109 unum
2333 2073 2440 2120 facit,
2486 2068 2489 2073 Α

1427 2147 1512 2183 quae
1532 2133 1602 2170 sub
1624 2147 1702 2170 uno
1722 2132 1922 2169 monastici
1943 2131 2117 2178 Ordinis,
2137 2131 2197 2168 vel
2221 2131 2335 2168 unius
2366 2135 2441 2170 Re-
2485 2129 2507 2162 .'

1429 2194 1525 2242 gulae
1543 2193 1747 2243 proposito
1765 2193 1934 2239 diversa,
1951 2192 2018 2229 sed
2036 2191 2138 2228 bona
2152 2186 2373 2241 sequentes,
2394 2191 2439 2229 ad

1429 2267 1549 2291 unum
1566 2254 1706 2290 summi
1724 2253 1817 2291 boni
1833 2253 1894 2290 vel
1911 2253 2154 2303 sempiternas
2168 2253 2256 2289 vitae
2270 2252 2439 2290 debitum
2484 2248 2494 2262 ³
2511 2268 2513 2272 ·

1429 2315 1544 2351 finem
1575 2314 1780 2364 perducit?
1803 2314 1884 2352 Fiat
1915 2327 2006 2363 ergo
2027 2327 2102 2364 pax
2117 2342 2126 2358 ,
2150 2327 2173 2350 0
2205 2314 2412 2351 Jerusalem
2427 2341 2437 2360 ‚

1429 2374 1467 2411 in
1500 2375 1641 2411 virtute
1671 2383 1754 2421 tua,
1786 2382 1829 2410 ut
1851 2382 2034 2422 sequatur
2064 2382 2102 2410 et
2133 2373 2370 2410 abundantia
2398 2374 2437 2411 in
2482 2380 2487 2390 ¹·

1430 2434 1600 2471 turribus
1621 2435 1706 2471 tuis.
1736 2433 1808 2470 Sed
1835 2447 1883 2470 ne
1910 2433 2007 2469 forte
2033 2433 2278 2470 inveniamur
2299 2433 2346 2470 de
2365 2433 2438 2470 illis

1430 2508 1531 2541 esse,
1553 2495 1619 2545 qni
1640 2494 1771 2531 dieunt
1784 2523 1794 2540 ‚
1824 2496 1914 2529 Pax
1926 2521 1938 2538 ,
1953 2507 2058 2542 pax,
2080 2502 2115 2529 et
2137 2508 2212 2529 non
2233 2502 2288 2529 est
2303 2491 2436 2542 pax-⁵3
2482 2515 2484 2549 ᾗ

1431 2563 1646 2591 scrutemur
1664 2555 1693 2590 si
1711 2567 1786 2603 qua
1807 2553 1931 2590 adhuc
1951 2552 2106 2590 divortii
2126 2567 2236 2591 causa
2255 2553 2437 2604 supersit,
2480 2558 2483 2596 j

1432 2628 1479 2651 ne
1502 2616 1597 2652 forte
1618 2614 1730 2651 nobis
1751 2613 2030 2651 dormientibus
2051 2628 2094 2650 ac
2114 2615 2277 2660 securis,
2301 2627 2436 2665 repen·
2479 2625 2488 2647 ·¹

351 2691 396 2712 co
417 2690 529 2726 quem
550 2690 665 2726 supra
686 2676 821 2726 scripsi
839 2676 952 2712 oculo
970 2675 1109 2724 legitur
1125 2675 1357 2711 immutasse.
1379 2672 1410 2706 D
1430 2675 1531 2712 tinus
1548 2675 1593 2712 de
1615 2688 1777 2712 caverna
1793 2688 1859 2711 sua
1876 2675 2010 2724 anguis
2029 2675 2200 2722 exsiliat,
2220 2684 2258 2712 et
2272 2676 2436 2727 aliquem

352 2736 476 2773 Habes
499 2745 535 2773 et
564 2737 751 2786 plurimos
772 2744 860 2786 post
888 2736 1014 2785 ipsum
1037 2735 1360 2771 monasteriorum

351 2804 496 2845 patres,
523 2809 619 2846 quos
644 2796 787 2846 Spiritu
809 2796 880 2832 Dei
908 2809 980 2845 pro
1003 2794 1241 2845 temporibus
1258 2823 1267 2840 ,
1290 2808 1361 2844 pro

350 2855 461 2901 locis,
483 2868 553 2904 pro
575 2856 770 2905 personis,
794 2855 840 2891 ad
863 2855 1099 2892 moderanda
1127 2868 1227 2905 saepe
1250 2855 1360 2892 dictae

350 2915 505 2964 Regulae
533 2915 673 2964 scripta
700 2923 803 2951 actos
828 2928 927 2962 esse,
956 2923 992 2951 et
1013 2915 1088 2951 vita
1109 2916 1354 2965 praecellens,

350 2984 387 3012 ct
408 2976 608 3012 innumera
628 2984 703 3012 tam
722 2976 760 3011 iu
781 2975 879 3019 vita,
903 2989 1017 3025 quam
1039 2985 1126 3025 post
1150 2984 1311 3012 mortem
1337 2989 1358 3012 a

350 3039 431 3073 Deo
449 3048 518 3085 per
539 3035 642 3086 ipsos
663 3036 759 3072 facta
778 3036 981 3081 miracula,
1008 3036 1092 3073 luce
1116 3036 1254 3073 clarius
1277 3050 1359 3072 ma-

351 3096 542 3132 nifestant.

407 3157 467 3193 18.
490 3159 537 3193 Et
563 3155 655 3205 quid
676 3156 774 3193 ultra
801 3156 952 3193 dicam?
979 3157 1097 3195 Simili
1119 3158 1265 3194 ratione
1288 3172 1358 3208 pcr

351 3217 497 3267 reliqua
527 3217 655 3253 omnia
687 3230 771 3267 quae
800 3216 981 3254 videntur
1008 3217 1157 3255 diversa
1191 3218 1356 3268 capitula

402 3350 410 3365 ¹
431 3348 509 3384 Rxg.
530 3347 561 3376 S.
581 3345 749 3379 Benedicti,
772 3356 841 3388 cap.
864 3350 914 3377 513.
997 3352 1007 3366 ²
1024 3346 1103 3377 lbid.
1132 3357 1201 3389 cap.
1223 3349 1278 3377 (3'1.
1298 3366 1305 3370 —

1366 3347 1406 3378 31
1431 3351 1503 3378 (Zur.
1527 3359 1585 3382 υτ,
1605 3352 1636 3378 3.
1658 3368 1669 3369 ἡ

1429 2748 1476 2771 ex
1512 2735 1651 2771 nostris
1685 2735 1743 2771 vel
1780 2735 1913 2772 vestris
1948 2734 2137 2771 incautius
2176 2735 2434 2785 quiescentem

1430 2795 1614 2832 mordeat.

1483 2857 1544 2893 20.
1568 2856 1750 2894 Fortassis
1772 2856 1873 2892 enim
1895 2865 2019 2894 vestes
2037 2856 2117 2894 istae
2138 2856 2278 2894 coloris
2298 2854 2435 2904 diversi
2477 2878 2481 2889 ι
2499 2867 2502 2878 ’

1426 2916 1660 2952 incentivum
1683 2916 1883 2953 discordiae
1904 2925 2106 2967 praestant,
2135 2925 2173 2953 et
2192 2914 2434 2954 multiformis
2478 2952 2479 2955 ,

1426 2977 1590 3013 varietas
1620 2977 1783 3013 vestium
1818 2977 2040 3014 varietatem
2072 2990 2228 3027 quoque
2263 2977 2364 3028 parit
2397 2983 2434 3012 et

1426 3037 1624 3074 mentium.
1643 3041 1736 3074 Nam
1748 3067 1756 3083 ,
1772 3046 1814 3074 ut
1828 3050 1927 3087 pene
1941 3037 2090 3074 assidue
2107 3050 2224 3075 cerno
2235 3066 2245 3084 ,
2261 3045 2300 3074 et
2314 3035 2433 3074 omni-

1426 3097 1498 3134 bus
1513 3098 1603 3148 ipsis
1621 3111 1776 3147 quoque
1793 3099 2029 3147 negligenter
2045 3098 2283 3135 intuentibus
2303 3097 2433 3134 adver-

1428 3167 1506 3195 tere
1528 3159 1708 3209 perfacile
1732 3167 1811 3205 est,
1832 3159 1940 3208 niger
1961 3159 2030 3210 (ut
2047 3159 2098 3196 sic.
2116 3158 2267 3209 dicam)
2296 3170 2430 3195 mona-

1425 3218 1517 3255 chus
1534 3218 1662 3255 album
1683 3219 1842 3255 fortuitu
1857 3227 2125 3256 occurrentem
2139 3218 2298 3269 obliquo
2311 3217 2430 3255 sidere
2476 3231 2477 3234 ¹

1720 3348 1734 3374 4
1754 3347 1869 3380 Muuh.
1898 3359 1981 3383 xxii.
2007 3350 2057 3379 50.
2077 3367 2108 3371 -—
2138 3345 2150 3368 5
2166 3350 2283 3380 Jerem.
2299 3359 2348 3384 vx,
2375 3347 2426 3378 14.
