2517 3920
339 248 438 284 1319

334 331 449 362 sceris
473 341 496 363 a
521 330 612 374 Deo,
636 327 741 364 dabie
762 326 828 363 cibi
850 329 960 363 Deus.
979 326 1128 364 Deinde
1154 324 1382 376 quaerenti³⁷

1079 252 1113 285 S.
1146 250 1343 284 BERMR
1352 250 1400 283 DI
1432 248 1631 284 ABBATIS

2317 250 2416 288 1320

1387 324 1514 372 ⁹ctus;
1534 323 1714 375 privatim
1736 332 1862 360 tamen
1888 331 2086 374 potentem
2106 323 2169 374 pia
2182 325 2317 364 Filium
2335 341 2416 377 ma·

336 386 401 422 ubi
423 387 639 437 posuissent
663 400 750 424 eum
764 416 774 434 ,
797 385 1004 437 respondet
1023 401 1031 423 :
1062 388 1172 432 Veni,
1194 396 1230 422 et
1249 388 1337 423 vide
1360 389 1393 422 A
1411 395 1468 424 ter
1488 386 1598 433 adiit,
1621 398 1700 422 non
1720 385 1933 436 potentiam
1955 393 2125 431 tentans,
2148 385 2215 423 sed
2236 388 2415 430 volunta-

336 446 618 493 Quamobrem?
639 450 670 485 Ο
694 447 864 492 Martha,
882 459 1017 496 magna
1038 446 1147 483 nobis
1167 455 1240 483 tuae
1256 445 1343 482 fidei

335 505 496 556 insignia
527 506 662 544 tribuis
686 522 694 543 :
716 506 782 544 sed
805 505 1002 556 quomodo
1029 519 1115 542 cum
1142 514 1245 543 tanta
1268 505 1342 542 fide

336 564 506 603 diffidis?
537 570 645 612 Veni,
667 566 816 616 inquis,
847 576 881 602 et
905 568 1003 603 ville.
1032 569 1109 604 Cur
1132 575 1190 613 et,
1211 567 1240 603 si
1265 579 1342 603 non

336 625 534 676 desperas,
557 641 634 664 non
662 627 851 677 sequeris,
873 636 909 664 et
936 627 1048 674 dicis,
1069 631 1115 664 Et
1138 628 1343 665 resuscita?

334 687 364 723 si
393 697 518 724 autem
546 688 744 738 desperas,
775 701 844 725 cur
868 688 1090 737 Magistrum
1121 689 1201 725 sine
1232 701 1343 725 causa

335 747 489 797 fatigas?
508 749 687 790 An,f0rte
714 748 807 784 fides
827 747 1032 797 aliquando
1053 748 1206 798 recipit,
1237 748 1342 798 quod

332 808 454 844 oratio
483 821 562 845 non
590 808 811 858 praesumit?
832 808 1006 857 Denique
1026 808 1344 858 appropinquan-

333 876 407 904 tem
431 868 606 905 cadaveri
633 867 838 918 prohibes,
857 877 894 904 et
917 868 1009 904 dicis
1033 882 1040 904 :
1064 871 1238 912 Domine,
1251 869 1338 914 jam

321 927 444 976 fetet,·
466 930 742 977 quatriduanus
770 933 869 964 enlm
891 935 982 964 est1.
1004 928 1255 978 Desperando
1285 928 1340 964 di-

330 988 382 1025 cis
405 988 499 1035 hoc,
523 1002 570 1025 an
598 987 900 1026 dissimulando?
921 988 980 1026 Sic
999 989 1143 1038 quippe
1161 988 1242 1038 ipse
1258 992 1337 1025 Do-

328 1048 453 1085 minus
492 1056 580 1098 post
612 1049 933 1086 resurrectionem
969 1049 1078 1104 finxit
1113 1061 1152 1086 se
1187 1048 1338 1099 longius

1411 456 1485 484 tem
1506 447 1724 497 explorans.
1743 447 1895 490 Vinum,
1911 445 2048 495 inquit,
2063 459 2137 481 non
2152 446 2301 486 habent.
2315 449 2415 498 Quid

1411 508 1644 545 modestius?
1681 506 1772 557 quid
1810 506 1984 543 fidelius?
2011 509 2097 544 Non
2130 506 2251 544 defuit
2286 508 2419 558 pietati

1411 568 1525 615 fides,
1548 568 1634 605 voci
1659 567 1840 618 gravitas,
1860 566 2027 604 efficacia
2046 575 2151 604 vot0.
2170 567 2207 605 Si
2225 580 2316 618 ergo
2332 569 2414 617 illa,

1410 643 1495 666 cum
1520 638 1641 666 mater
1662 629 1731 674 sit,
1759 641 1838 665 sese
1868 636 2027 664 matrem
2057 626 2177 664 oblita
2196 640 2275 664 non
2302 629 2416 667 audet

1410 698 1540 740 petere
1573 689 1798 726 miraculum
1831 688 1926 735 vini,
1952 701 2023 738 ego
2047 688 2123 724 vile
2156 688 2411 739 mancipium,

1409 751 1470 788 cui
1505 763 1755 801 permagnum
1785 757 1841 787 est
1868 749 1954 787 Filii
1980 749 2091 786 simul
2117 761 2160 786 ac
2185 749 2316 786 Matris
2335 762 2414 786 esse

1409 811 1656 847 vernaculum
1672 840 1681 856 ,
1709 823 1783 859 qua
1807 810 1931 846 fronte
1948 822 2141 860 praesumo
2156 821 2229 860 pro
2250 809 2326 846 vita
2351 822 2415 860 pe-

1406 880 1485 907 tere
1507 870 1779 921 quatriduani?

1461 931 1523 968 54.
1554 934 1640 967 Duo
1678 930 1791 966 etiam
1830 930 1869 967 in
1903 930 2112 980 Evangelio
2148 929 2236 966 caeci
2269 928 2411 977 visum,

1405 988 1501 1025 alter
1522 988 1711 1038 accepisse
1726 1017 1736 1034 ,
1760 988 1856 1025 alter
1877 989 2066 1039 recepisse
2087 989 2269 1039 leguntur
2291 1003 2299 1025 :
2319 989 2414 1027 alter

1404 1061 1519 1098 quem
1551 1049 1745 1096 amiserat,
1778 1049 1873 1086 alter
1898 1062 2012 1099 quem
2043 1062 2242 1099 nunquam
2268 1048 2413 1087 habue-

327 1110 382 1146 ire
401 1115 413 1130 ²
432 1138 441 1154 ,
476 1123 559 1146 cum
590 1110 719 1147 mallet
745 1124 831 1147 cum
860 1110 1055 1160 discipulis
1077 1123 1287 1147 remanere.
1305 1113 1337 1148 O
1356 1108 1384 1143 B
1406 1118 1485 1156 rat3
1503 1123 1602 1147 unus
1628 1110 1770 1147 scilicet
1787 1118 2018 1155 excaecatus,
2037 1110 2134 1147 alter
2148 1123 2269 1147 caecus
2289 1117 2410 1148 natus.

324 1178 462 1207 sanctae
492 1170 670 1207 mulieres
702 1170 840 1208 Christi
871 1171 1092 1216 familiares,
1119 1170 1148 1206 si
1182 1170 1335 1207 fratrem

323 1240 493 1269 vestrum
520 1231 679 1277 amatis,
713 1245 782 1268 cur
815 1230 898 1281 ejus
927 1231 1226 1269 misericordiam
1256 1245 1336 1269 non

323 1292 518 1343 flagitatis,
549 1291 596 1329 de
623 1290 732 1341 cujus
759 1291 932 1342 potentia
969 1291 1163 1339 dubitare,
1195 1293 1335 1343 pietate

322 1351 496 1389 diffidere
529 1365 608 1388 non
634 1352 821 1402 potestis?
847 1351 1100 1402 Respondent
1124 1367 1131 1389 :
1162 1352 1222 1390 Sic
1250 1365 1334 1390 me-

320 1412 394 1450 lius
426 1421 606 1462 tanquam
632 1425 711 1449 non
742 1421 895 1449 orantes
925 1426 1097 1460 oramus,
1123 1413 1176 1451 sic
1206 1414 1336 1451 effica-

321 1474 400 1510 cius
415 1481 594 1523 tanquam
611 1472 828 1509 diffidentes
843 1473 1084 1511 confidimus.
1099 1473 1334 1512 Exhibemus

319 1533 454 1579 fidem,
472 1532 719 1582 perhibemus
739 1533 917 1570 affectum
939 1549 946 1570 :
968 1534 1039 1570 scit
1058 1534 1154 1584 ipse,
1174 1535 1234 1572 cui
1253 1548 1331 1572 non

319 1600 374 1629 est
400 1605 498 1642 opus
523 1599 565 1628 ut
590 1591 732 1642 aliquid
752 1591 920 1638 dicatur,
942 1592 1033 1642 quid
1053 1592 1327 1630 desideremus.

318 1653 464 1689 Scimus
494 1651 648 1702 quidem
682 1652 786 1703 quod
818 1653 947 1689 omnia
973 1661 1101 1703 potest
1128 1668 1136 1690 :
1161 1653 1227 1690 sed
1257 1653 1330 1691 hoc

318 1720 392 1748 tam
409 1711 550 1761 grande
571 1712 796 1749 miraculum
812 1742 820 1758 ,
840 1720 914 1749 tam
936 1726 1080 1750 novum
1094 1743 1103 1760 ,
1124 1722 1199 1750 tam
1217 1714 1330 1750 inau-

317 1771 438 1807 ditum
454 1800 463 1817 ,
493 1771 563 1808 etsi
589 1770 671 1820 ejus
700 1771 827 1808 subest
859 1773 1064 1822 potentiae,
1083 1773 1247 1810 multum
1270 1782 1327 1810 ta—

316 1846 404 1869 men
445 1832 595 1869 excedit
623 1833 801 1869 universa
840 1833 974 1870 merita
1008 1834 1231 1870 humilitatis
1260 1847 1329 1870 no-

1404 1170 1475 1208 Sed
1497 1170 1563 1220 qui
1582 1179 1812 1216 excaecatus,
1832 1169 2112 1208 miserabilibus
2134 1170 2316 1221 mirisque
2331 1171 2410 1208 cla-

1403 1230 1575 1269 moribus
1590 1231 1724 1269 miram
1741 1228 2041 1268 misericordiam
2057 1231 2199 1269 meruit
2215 1245 2224 1268 :
2241 1231 2412 1281 quivero

1403 1306 1525 1330 caecus
1550 1301 1682 1339 natus,
1701 1301 1810 1330 tanto
1835 1291 2121 1330 misericordius
2135 1320 2145 1338 ,
2167 1300 2313 1342 quanto
2337 1292 2411 1330 mi-

1402 1352 1560 1390 rabilius
1582 1353 1697 1391 nullis
1722 1353 1801 1390 suis
1823 1351 2002 1403 precibus
2024 1360 2264 1403 praeventum
2285 1351 2344 1389 sui
2361 1351 2410 1389 il-

1401 1413 1642 1450 luminatoris
1667 1412 1896 1450 beneficium
1918 1413 2038 1450 nihilo
2060 1413 2186 1449 minus
2207 1412 2335 1450 sensit.
2349 1413 2409 1450 Illi

1401 1474 1568 1524 denique
1588 1474 1731 1511 dictum
1752 1482 1832 1520 est,
1859 1475 1975 1510 Fides
1996 1483 2059 1510 tua
2077 1483 2112 1510 te
2131 1476 2273 1510 salvum
2286 1472 2383 1522 secie
2398 1489 2410 1510 :

1399 1534 1488 1571 huic
1511 1543 1636 1572 autem
1663 1547 1741 1572 non
1757 1535 1784 1571 ⁴.
1806 1538 1914 1571 Duos
1933 1547 2088 1584 quoque
2108 1542 2281 1571 recenter
2303 1547 2409 1572 mor-

1401 1603 1506 1642 tuos,
1531 1595 1685 1632 tertium
1706 1593 1784 1645 jam
1803 1595 2124 1644 quatriduanum,
2140 1595 2225 1644 lego
2245 1595 2409 1632 resusci-

1398 1663 1497 1692 tatos
1524 1670 1532 1692 z
1561 1655 1679 1692 solam
1715 1664 1841 1692 tamen
1872 1655 2172 1705 Archisynagogi
2199 1655 2314 1692 filiam
2331 1683 2340 1700 ,
2368 1655 2407 1692 in

1397 1710 1514 1752 domo
1549 1715 1673 1752 adhuc
1708 1715 1893 1765 positam,
1927 1715 2106 1765 precibus
2137 1714 2281 1765 patris3
2311 1715 2407 1752 duos

1395 1784 1522 1812 autem
1543 1789 1590 1812 ex
1609 1776 1802 1826 insperata
1819 1776 2081 1826 magnitudine
2102 1776 2252 1826 pietatis
2270 1774 2297 1812 ⁵.

1449 1837 1511 1873 55.
1543 1836 1663 1873 Simili
1693 1836 1805 1873 etiam
1833 1837 1954 1873 forma
1985 1836 2016 1873 si
2045 1836 2246 1885 contigerit
2274 1835 2404 1886 (quod

314 1901 412 1929 strae.
454 1892 601 1930 Sufficit
642 1891 755 1928 nobis
797 1893 980 1942 potentiae
1014 1894 1163 1940 locum,
1195 1894 1323 1944 pietati
1342 1891 1369 1927 C
1391 1900 1493 1933 Deus
1514 1896 1684 1947 avertat)
1705 1897 1870 1946 aliquem
1890 1896 1936 1933 de
1954 1895 2134 1933 fratribus
2151 1896 2305 1941 nostris,
2323 1908 2401 1932 non

317 1951 464 1988 dedisse
483 1951 722 1987 occasionem
739 1967 748 1997 ;
772 1953 956 1990 malentes
980 1954 1170 2003 patienter
1188 1968 1325 2005 exspe-

315 2020 416 2048 ctare
446 2011 539 2060 quid
571 2011 686 2055 velit,
719 2024 833 2060 quam
868 2012 1116 2062 impudenter
1151 2028 1323 2064 quaerere

315 2071 419 2122 quod
445 2072 602 2107 forsitan
624 2072 732 2107 nolit.
755 2072 931 2121 Denique
952 2073 1056 2122 quod
1085 2075 1225 2110 nostris
1246 2089 1322 2112 me-

315 2132 395 2168 ritis
415 2132 541 2176 deest,
561 2131 794 2167 verecundia
819 2132 975 2169 sortasse
996 2133 1202 2183 supplebit.
1220 2135 1321 2171 Petri

314 2205 468 2242 quoque
492 2200 579 2241 post
597 2205 751 2241 gravem
768 2192 915 2242 lapsum
935 2194 1140 2243 lacrymam
1163 2194 1319 2243 quidem

310 2252 441 2297 video,
463 2251 528 2287 sed
559 2265 711 2302 precem
740 2265 818 2288 non
842 2252 956 2289 audio
985 2267 1084 2290 :nec
1115 2262 1240 2290 tamen
1270 2254 1317 2290 de

309 2313 546 2361 indulgentia
569 2312 716 2348 dubito.

364 2373 426 2409 53.
457 2372 568 2409 Disce
603 2381 639 2408 et
668 2373 706 2409 in
732 2377 853 2411 Matre
885 2375 1040 2412 Domini
1076 2387 1251 2425 magnam
1279 2375 1317 2412 in

311 2431 548 2468 mirabilibus
573 2431 685 2468 [idem
709 2433 849 2470 habere
864 2464 873 2480 ,
895 2435 932 2470 in
958 2447 1094 2484 magna
1116 2435 1189 2471 fide
1213 2448 1324 2471 vere-

311 2491 488 2528 cundiam
526 2493 702 2529 retinere.
734 2494 844 2531 Disce
873 2495 1106 2531 verecundia
1141 2495 1322 2532 decorare

312 2553 444 2597 fidem,
470 2553 677 2603 reprimere
698 2556 1050 2605 praesumptionem.
1079 2558 1238 2601 Vinum,
1261 2556 1324 2592 in—

310 2613 410 2661 quit,
432 2627 505 2648 ηοη
525 2613 663 2649 habent
676 2613 702 2651 3.
725 2619 846 2663 Quam
869 2615 1056 2661 breviter,
1078 2630 1190 2665 quam
1215 2630 1323 2653 reve-

1391 1957 1429 1993 in
1455 1970 1638 2006 corpore,
1656 1957 1721 1994 sed
1738 1957 1776 1993 in
1793 1957 1919 1994 anima
1940 1957 2057 2004 mori,
2075 1956 2259 2007 quamdiu
2279 1956 2403 1994 adhuc

1391 2018 1491 2054 inter
1518 2030 1588 2054 nos
1609 2018 1701 2065 erit,
1723 2016 1886 2068 pulsabo
1906 2027 1944 2055 et
1966 2031 2036 2068 ego
2062 2017 2157 2055 meis
2176 2018 2403 2068 qualiscum-

1390 2090 1464 2126 que
1486 2086 1684 2127 peccator,
1708 2077 1871 2128 pulsabo
1892 2087 1929 2115 et
1949 2079 2108 2116 fratrum
2126 2078 2308 2129 precibus
2326 2078 2402 2116 Sal-

1389 2146 1575 2175 vatorem.
1598 2138 1635 2175 Si
1666 2138 1865 2186 revixerit,
1890 2139 2026 2176 lucrati
2050 2139 2192 2176 erimus
2213 2139 2366 2176 fratrem
2389 2152 2397 2174 :

1389 2197 1445 2234 sin
1477 2211 1571 2235 vero
1600 2212 1679 2235 non
1700 2212 1918 2236 mereamur
1944 2199 2139 2246 exaudiri,
2160 2198 2226 2236 ubi
2241 2198 2320 2249 jam
2340 2198 2400 2235 vel

1386 2259 1550 2295 tolerare
1573 2259 1702 2306 vivos,
1718 2260 1779 2296 vel
1804 2260 1959 2297 tolerari
1979 2273 2000 2297 a
2021 2260 2117 2297 vivis
2137 2273 2214 2297 non
2233 2259 2400 2311 poterit,

1386 2319 1452 2355 sed
1483 2319 1639 2369 incipiet
1676 2320 1826 2367 efferri,
1868 2334 2021 2372 semper
2048 2321 2203 2372 quidem
2240 2321 2402 2359 fideliter

1388 2391 1499 2427 gemo
1517 2407 1526 2423 ,
1561 2378 1626 2414 sed
1653 2377 1733 2427 jam
1763 2392 1842 2416 non
1869 2380 1921 2417 ita
1947 2380 2177 2417 fiducialiter
2206 2394 2288 2418 oro.
2315 2384 2399 2418 Non

1391 2447 1521 2488 aperte
1556 2438 1679 2476 audeo
1715 2438 1867 2486 dicere,
1894 2440 2010 2487 Veni,
2043 2440 2230 2487 Domine,
2263 2441 2399 2478 suscita

1390 2507 1586 2535 mortuum
1609 2507 1784 2535 nostrum
1805 2514 1812 2535 :
1835 2499 1952 2536 corde
1974 2508 2098 2536 tamen
2121 2513 2306 2550 suspenso
2328 2509 2400 2537 tre-

1390 2559 1518 2596 mulus
1534 2560 1636 2596 intus
1654 2560 1817 2596 clamare
1832 2573 1910 2596 non
1926 2573 2045 2607 cesso,
2061 2561 2098 2598 Si
2112 2561 2222 2608 forte,
2240 2561 2270 2598 si
2287 2561 2396 2606 forte,

1390 2620 1418 2656 si
1449 2619 1547 2656 forte
1571 2619 1801 2656 desiderium
1830 2633 2044 2671 pauperum
2072 2621 2251 2658 exaudiet
2269 2620 2399 2659 Domi—

312 2681 440 2708 renter
469 2674 671 2723 suggessit,
694 2675 797 2711 unde
825 2675 887 2725 pie
915 2676 984 2712 fuit
1010 2676 1192 2713 sollicita!
1215 2679 1261 2713 Et
1283 2685 1323 2714 ut
1342 2689 1373 2723 D
1391 2692 1483 2725 nus,
1504 2679 1824 2728 praeparationem
1851 2679 1977 2716 cordis
1997 2692 2131 2717 eorum
2152 2679 2281 2716 audiet
2299 2679 2400 2717 auris

311 2732 431 2768 discas
462 2733 501 2769 in
531 2734 753 2783 hujusmodi
782 2736 900 2786 magis
921 2736 983 2786 pie
1009 2749 1183 2786 gemere,
1206 2751 1321 2786 quam

311 2801 440 2840 petere
465 2803 790 2844 praesumptuose,
822 2796 974 2845 pietatis
1001 2805 1131 2833 aestum
1161 2797 1321 2846 pudoris

314 2859 528 2900 temperans
552 2853 707 2900 umbra,
737 2864 961 2905 conceptam
990 2857 1112 2906 precis
1142 2857 1319 2893 fiduciam

312 2912 526 2948 verecunde
560 2915 783 2964 suppressit.
816 2919 900 2953 Non
936 2917 1104 2954 frontose
1140 2917 1319 2964 accessit,

310 2984 387 3006 non
418 2972 541 3021 palam
570 2974 697 3011 locuta
721 2984 795 3021 est,
818 2985 859 3013 ut
882 2976 1064 3014 audacter
1089 2991 1217 3014 coram
1242 2991 1322 3015 om-

309 3030 421 3067 nibus
461 3030 637 3068 diceret:
672 3033 862 3081 Obsecro,
901 3036 970 3082 fili,
1000 3035 1128 3073 deficit
1161 3037 1318 3083 vinum,

310 3091 584 3128 contristantur
615 3094 810 3141 convivae,
846 3097 1096 3134 confunditur
1130 3111 1319 3148 sponsus;

308 3151 467 3188 ostende
501 3151 594 3201 quid
619 3153 753 3202 possis.
783 3155 854 3192 Sed
885 3156 971 3193 licet
1007 3158 1087 3194 liaec
1112 3167 1177 3195 aut
1197 3159 1320 3195 multo

309 3211 418 3260 plura
447 3220 580 3262 pectus
609 3221 794 3260 aestuans,
817 3214 967 3252 fervens
987 3218 1211 3266 loqueretur
1231 3219 1320 3255 affe—

1389 2737 1490 2786 eJ'us;
1514 2745 1551 2774 et
1571 2737 1686 2784 illud,
1710 2739 1907 2786 Numquia'
1925 2743 2082 2775 mortuis
2093 2736 2218 2786 facies
2245 2737 2399 2775 mirabi-

1389 2800 1451 2841 lia,
1471 2807 1538 2834 aut
1556 2800 1693 2834 medici
1711 2798 1950 2843 suscitabunt,
1966 2807 2003 2834 et
2016 2798 2290 2846 confitebuntur
2307 2797 2398 2834 tibi?

1388 2866 1425 2894 et
1451 2858 1498 2894 de
1524 2858 1783 2908 quatriduano
1807 2873 1815 2895 :
1843 2861 2040 2909 Numquid
2067 2859 2238 2895 narrabit
2262 2861 2400 2908 aliquis

1389 2923 1428 2955 in
1453 2922 1621 2968 sepulcro
1651 2922 1947 2956 misericordiam
1976 2929 2094 2964 tuam,
2133 2928 2171 2956 et
2201 2923 2396 2956 veritatem

1389 2988 1488 3015 tuam
1520 2984 1558 3015 in
1582 2978 1857 3028 perclitz'onefi?
1877 2983 2008 3017 Potest
2029 2979 2180 3016 interim
2204 2979 2394 3024 Salvator,

1389 3040 1418 3076 si
1447 3040 1551 3086 vult,
1576 3040 1768 3090 insperate
1796 3049 1833 3077 et
1857 3040 2064 3090 improvise
2094 3052 2296 3077 occurrere
2326 3051 2397 3076 no-

1387 3099 1466 3145 bis,
1493 3099 1749 3150 lacrymisque
1775 3101 2013 3151 portantium
2041 3108 2189 3147 motus,
2209 3112 2286 3137 non
2307 3111 2397 3149 pre-

1388 3158 1515 3205 cibus,
1548 3160 1689 3197 mortui
1720 3161 1837 3197 vitam
1867 3160 2028 3198 reddere
2061 3160 2176 3207 vivis,
2205 3167 2271 3196 aut
2295 3165 2397 3196 certe

1383 3217 1462 3268 jam
1499 3220 1690 3269 sepultum
1725 3233 1906 3257 revocare
1942 3233 1962 3257 a
1997 3220 2170 3257 mortuis.
2202 3222 2395 3257 Mortuum

355 3353 363 3367 ¹
384 3350 550 3385 Joan.x1‚
573 3351 628 3385 21,
659 3352 716 3386 22,
741 3351 797 3386 3ἰ,
828 3351 883 3381 30.
911 3368 948 3372 —-
984 3357 996 3372 ²
1014 3354 1087 3382 Luc.
1107 3364 1199 3387 κων,
1220 3357 1274 3384 28.
1297 3373 1338 3376 -
1367 3352 1381 3376 3
1399 3358 1493 3387 Joan.
1513 3367 1560 3392 11,
1587 3358 1616 3386 3.
1645 3373 1685 3376 —
1710 3354 1723 3381 4
1745 3358 1819 3387 Luc.
1839 3366 1946 3393 xvm,
1977 3357 2094 3393 35-43,
2121 3359 2152 3386 et
2169 3356 2262 3386 Joan.
2281 3363 2326 3383 tx.
2350 3368 2394 3374 --

303 3397 316 3420 ⁵
336 3402 436 3431 Mare.
458 3411 490 3438 v,
511 3403 611 3432 35-42
630 3412 638 3439 ;
655 3404 730 3433 Luc.
749 3413 796 3431 v11
810 3426 817 3440 ,
843 3405 958 3440 11-1.·›‚
980 3409 1008 3434 et
1027 3407 1119 3435 Joan.
1142 3416 1248 3436 x1.—
1268 3405 1380 3438 &rs-al.
1402 3419 1562 3445 rxxxvrr,
1585 3410 1637 3443 11,
1667 3411 1704 3439 12
