2565 3952
89 212 155 249 181
999 215 1265 251 EPISTOLAE.

1125 292 1154 310 ⁴ss

83 377 1105 389 .....................................................................
1123 354 1156 387 Λ
1175 378 2195 395 ...m...m.m....„.....„„.„.....m-mm....numm..um

247 496 624 555 EPISTOLA
684 497 958 557 XXXV.a
1320 503 1698 560 EPISTOLA
1751 505 1923 562 XXX
1936 497 2055 564 VI.‘¹

207 649 252 671 ΑΙ)
281 647 503 672 MAGISTRUM
534 647 722 671 HUGONEM
754 648 940 673 FARSITUM
954 635 983 672 *.
1558 654 1604 675 AD
1635 654 1810 677 EUMDEM.

87 762 254 796 Humberti
275 761 439 805 cujusdam
468 773 595 793 causam
622 762 650 794 ei
679 763 899 802 commendat,
934 771 1106 808 monetque

1175 769 1359 813 Respondet
1376 770 1487 801 litteris
1507 770 1651 813 Hugonis
1665 795 1672 809 ‚
1690 771 1864 813 suadetque
1883 777 1917 803 ut
1935 771 1974 803 ab
1989 771 2201 814 impugnanda

113 818 192 849 utin
209 816 364 848 sententia
376 815 513 859 quadam
533 826 667 848 erronea
680 817 795 859 corrigi
813 828 880 848 nou
902 818 1079 850 erubescat.

1320 824 1460 868 episcopi
1479 826 1545 868 jam
1573 825 1715 858 defuncti
1732 827 1888 858 sententia
1919 826 2060 859 desistat.

89 937 318 977 charissimo
337 936 444 974 fratri
462 945 499 974 et
517 936 695 975 coabbati
713 952 782 976 suo
798 943 975 985 Hroom,
994 938 1111 976 frater

140 1003 386 1047 Bsnmnnus,
405 997 579 1036 debitum
601 999 868 1038 sincerissimae
891 1000 1109 1038 dilectionis

141 1060 336 1098 affectum.

1179 947 1436 985 Dilectissimo
1458 960 1550 993 suo,
1577 957 1615 985 et
1635 949 1725 986 olim
1741 979 1750 996 ,
1774 958 1811 986 et
1832 949 1949 987 modo
1963 980 1972 997 ,
1991 949 2061 987 Dei
2084 949 2205 999 gratia

1231 1018 1364 1048 sancto
1395 1007 1524 1045 abbati
1546 1013 1726 1057 Hunos-1,
1759 1011 1877 1048 frater
1897 1015 2128 1049 Bnnxmncs
2159 1010 2205 1046 de

1128 1078 1157 1112 Β
1231 1070 1487 1115 Clara-Valle,
1507 1069 1833 1109 irreverberatum
1861 1072 2019 1109 sincerae
2037 1071 2208 1108 dilectio-

1239 1132 1298 1169 nis
1319 1131 1512 1168 affectum.

145 1194 405 1233 Humbertum
433 1197 569 1243 istum,
595 1197 755 1247 injuste,
773 1206 816 1235 ut
844 1198 971 1245 aiunt,
989 1197 1118 1235 exhae—

91 1257 289 1304 redatum,
318 1256 428 1307 cujus
461 1272 532 1295 nos
559 1272 631 1308 pro
659 1259 731 1296 Dei
759 1273 891 1296 amore
922 1259 1024 1310 apud
1054 1273 1118 1296 ve—
1238 1253 1299 1291 Ad
1320 1254 1464 1291 litteras
1484 1263 1622 1291 vestrae
1651 1254 1892 1304 Dignsstionis
1910 1283 1919 1300 ,
1943 1254 2030 1290 licet
2050 1253 2206 1304 quidem

91 1328 212 1356 strum
243 1319 430 1355 Comitem
455 1333 609 1356 causam
640 1320 739 1356 tueri
770 1321 1033 1370 suscepimus,
1067 1319 1114 1356 de
1185 1314 1385 1352 breviores
1424 1329 1538 1365 quam
1582 1316 1769 1365 cupierim
1796 1345 1806 1361 ‚
1847 1315 2041 1365 longiores
2081 1324 2209 1352 tamen

91 1389 218 1417 vestra
248 1379 490 1417 confidentes
519 1380 703 1417 charitate
732 1389 863 1417 vestro
897 1380 1115 1431 patrocinio
1184 1388 1298 1425 quam
1329 1376 1561 1422 meruerim,
1589 1375 1801 1412 rescribere
1831 1376 1973 1425 largius
2001 1385 2037 1413 et
2065 1375 2208 1421 debui,

93 1441 389 1488 committimus,
410 1454 481 1492 per
506 1454 601 1485 vos,
633 1450 676 1478 ut
704 1441 869 1478 fideliter
896 1455 1116 1492 speramus,
1185 1445 1223 1473 et
1241 1436 1347 1474 volui
1370 1450 1378 1473 ε
1403 1435 1470 1473 sed
1500 1436 1685 1474 festinans
1716 1437 1876 1473 nuntius
1911 1450 1989 1473 non
2023 1436 2207 1487 permisit.

93 1512 206 1540 terrae
232 1502 426 1553 principi,
455 1502 541 1539 coeli
576 1502 746 1539 Domino
770 1511 1029 1554 cooperante,
1060 1516 1118 1539 10-
1184 1500 1239 1534 Ne
1260 1505 1388 1534 tamen
1403 1510 1548 1534 vacuus
1569 1497 1730 1534 omnino
1752 1496 1968 1544 recederet,
1987 1511 2058 1547 pro
2078 1497 2206 1543 tantis,

94 1563 406 1610 conciliandum;
438 1563 592 1614 patriae,
621 1563 754 1610 uxori,
793 1563 903 1610 filiis,
937 1562 1053 1600 rebus
1080 1571 1118 1599 et
1186 1571 1350 1608 quarum
1377 1571 1437 1595 me
1464 1557 1680 1595 debitorem
1709 1572 1900 1608 agnosco,
1922 1557 1990 1594 has
2017 1558 2180 1594 tantillas
2198 1587 2208 1603 ,

94 1624 223 1662 amicis
249 1624 326 1661 suis
350 1623 646 1661 restituendum.
677 1627 762 1661 Hoc
789 1632 917 1661 autem
946 1632 1119 1674 satagen-
1185 1633 1280 1670 quas
1292 1619 1402 1656 ets-ix
1418 1620 1670 1670 exspectavit,
1691 1620 1930 1656 velocissime
1949 1619 2112 1656 reddidi.
2132 1618 2209 1657 Ubi

97 1685 166 1731 do,
188 1693 225 1723 et
252 1699 416 1736 egenum
441 1685 488 1722 de
510 1699 627 1722 manu
649 1685 863 1736 peccatoris
888 1684 1115 1731 liberabitis,
1186 1681 1356 1731 primum
1369 1679 1541 1717 breviter
1555 1694 1597 1717 ac
1611 1680 1800 1717 veraciter
1815 1680 1989 1727 insinuo,
2007 1681 2208 1730 antiquum

96 1754 134 1783 et
162 1746 402 1797 oppressoris
431 1746 553 1797 ipsius
583 1747 836 1784 nihilominus
875 1746 988 1784 saluti
1020 1760 1118 1784 con-
1187 1750 1363 1778 nostrum
1391 1749 1429 1778 et
1451 1741 1697 1788 dilectorem,
1729 1749 1766 1778 et
1799 1740 2004 1787 dilectum,
2030 1741 2119 1777 totis
2151 1752 2211 1776 me

97 1807 227 1844 suletis
245 1821 253 1843 :
270 1805 383 1844 nobis
400 1820 558 1857 quoque
573 1820 645 1844 vos
663 1820 741 1844 non
761 1806 1009 1844 mediocriter
1030 1807 1120 1844 offi-
1188 1801 1381 1839 charitatis
1401 1800 1614 1839 visceribus
1633 1810 1670 1838 et
1691 1801 1886 1852 suscipere
1904 1809 1946 1838 ut
1966 1801 2210 1847 catholicum,

99 1867 243 1905 ciosum
277 1866 527 1915 exhibebiti53
557 1868 624 1905 sed
653 1876 692 1905 et
719 1868 888 1906 officium
922 1868 1122 1918 implendo
1140 1873 1166 1910 C
1188 1872 1225 1901 et
1244 1864 1463 1914 susciperee
1488 1872 1531 1900 ut
1557 1871 1752 1910 sanctum,
1770 1871 1808 1900 et
1839 1863 2019 1913 amplecti
2048 1871 2090 1899 ut
2121 1862 2212 1899 cha-

98 1928 346 1980 pacificorum
359 1958 369 1975 ,
387 1928 500 1966 vobis
520 1929 622 1966 inter
644 1929 742 1966 filios
760 1929 832 1967 Dei
852 1929 982 1966 sedem
1000 1929 1039 1966 in
1057 1943 1122 1966 ex-
1188 1925 1393 1963 rissimum.
1419 1924 1615 1975 Siquidem
1638 1924 1684 1961 de
1709 1924 1929 1974 integritate
1948 1916 2039 1961 'fidei
2057 1953 2066 1971 ,
2096 1923 2211 1960 credo

99 1990 200 2027 celso
226 1988 476 2027 collocabitis.
503 1993 561 2027 De
587 1998 747 2037 eaetero,
768 1990 971 2040 epistolam
994 1990 1120 2037 illam,
1188 1996 1325 2025 vestrae
1344 1987 1600 2034 confessioni3
1623 1987 1731 2024 famae
1749 1995 1786 2024 et
1800 1987 1988 2037 opinioni,
2008 1986 2055 2023 de
2074 1985 2215 2023 sancti-

99 2063 213 2100 quam
235 2049 283 2087 ad
303 2063 364 2088 me
381 2049 462 2099 jam
483 2050 573 2087 olim
597 2050 764 2088 scribere
786 2051 974 2088 Sanctitas
995 2059 1123 2088 vestra
1191 2057 1290 2095 tate3
1315 2048 1361 2085 de
1384 2048 1524 2085 affectu
1538 2078 1547 2095 ,
1564 2062 1679 2098 quem
1692 2062 1782 2098 erga
1798 2062 1868 2085 vos
1890 2062 1950 2085 me
1968 2047 2109 2084 habere
2127 2060 2216 2098 pro-

100 2111 253 2160 dignata
275 2119 353 2158 est,
376 2124 455 2147 non
472 2124 533 2148 me
552 2110 566 2162 ζ
587 2111 684 2148 510111
704 2125 773 2148 vos
793 2111 944 2148 audisse
963 2111 1121 2163 audivi)
1191 2117 1350 2146 testatus
1379 2122 1463 2146 sum
1479 2138 1489 2155 ,
1510 2109 1682 2159 propriae
1703 2109 1959 2146 conscientiae.
1985 2112 2080 2146 *Nam
2109 2107 2214 2158 quod

99 2171 279 2208 incendio
311 2170 533 2219 tradidisse,
557 2171 624 2208 sed
657 2185 773 2223 penes
800 2186 862 2209 me
893 2172 1018 2209 adhuc
1038 2186 1121 2209 ser·
1191 2170 1290 2207 illius
1317 2171 1539 2216 sententiae,
1568 2184 1654 2220 quae
1675 2183 1769 2207 meze
1794 2170 2029 2220 simplicitati
2057 2169 2213 2215 merito,

100 2245 191 2269 vare
211 2232 410 2270 noveritis.
432 2233 534 2281 Quid
560 2234 662 2270 enim
689 2234 762 2270 hoc
782 2234 933 2280 livoris,
956 2234 1033 2270 imo
1061 2234 1124 2270 fu-
1191 2240 1233 2268 ut
1251 2231 1342 2267 mihi
1356 2231 1574 2276 videbatur,
1599 2232 1826 2282 scrupulum
1842 2230 2035 2277 movebat,
2050 2229 2212 2267 oblitum

102 2293 200 2330 roris
220 2293 373 2339 fuisset,
397 2307 497 2344 opus
520 2294 615 2331 utile
636 2303 673 2331 et
703 2293 895 2331 laudabile
909 2323 917 2339 ,
942 2293 1010 2331 ubi
1030 2294 1124 2330 nihil
1190 2305 1261 2329 vos
1283 2306 1364 2329 esse
1393 2292 1579 2339 fatemini,
1602 2301 1679 2329 tam
1701 2292 1867 2329 libenter
1885 2292 2031 2342 accipio
2051 2321 2060 2338 ,
2097 2304 2212 2340 quam

102 2354 175 2391 nisi
193 2354 299 2404 quod
321 2368 423 2392 sanae
443 2355 551 2402 fidei,
575 2355 682 2405 quod
700 2355 887 2392 doctrinae
914 2355 1125 2392 saluberri—
1194 2353 1303 2389 laetus
1325 2352 1640 2403 compendiosam
1666 2353 1878 2403 purissimae
1899 2353 2069 2390 veritatis
2091 2365 2217 2389 asser-

104 2427 194 2462 mae,
211 2414 316 2465 quod
330 2415 595 2454 aedificationis
608 2416 817 2467 spiritualis
835 2425 893 2454 est
910 2416 1125 2467 deprehen-
1194 2414 1336 2450 tionem
1361 2415 1400 2450 in
1421 2415 1560 2451 litteris
1579 2415 1716 2451 vestris
1737 2414 1957 2451 novissimis
1972 2415 2058 2464 lego
2079 2429 2086 2451 2
2108 2414 2160 2450 ita
2176 2421 2218 2450 ut

105 2475 162 2523 di,
186 2477 388 2514 temerario
416 2476 600 2515 damnare
619 2477 793 2528 judicio?
823 2487 1009 2529 excepto,
1036 2478 1126 2528 quia
1192 2489 1253 2512 me
1277 2475 1407 2525 potius
1434 2489 1545 2512 sensa
1565 2485 1693 2513 vestra
1716 2489 1794 2513 non
1821 2475 2053 2512 intellexisse
2069 2504 2078 2521 ,
2102 2488 2217 2524 quam

105 2536 205 2574 inter
224 2538 367 2576 amicos
388 2547 524 2576 contra
551 2539 749 2577 veritatem
775 2540 881 2576 nulla
902 2538 1018 2576 debet
1043 2552 1125 2576 esse
1192 2549 1263 2573 vos
1301 2535 1500 2586 quidpiam
1537 2535 1626 2572 mali
1658 2535 1820 2572 sensisse
1846 2548 1945 2585 pene
1975 2534 2219 2571 crediderim.

106 2599 350 2647 meticulosa,
367 2613 456 2637 cum
477 2600 525 2638 sit
541 2600 781 2651 periculosa,
804 2600 994 2651 palpatio,
1019 2599 1125 2650 quod
1192 2596 1342 2634 Deinde
1359 2596 1558 2633 modestiae
1575 2605 1710 2633 vestrae
1727 2596 1895 2633 fraterna
1914 2596 2219 2646 praesumptione

105 2659 180 2697 hoc
199 2673 278 2708 me,
307 2661 453 2708 fateor,
487 2661 611 2698 movit
637 2670 676 2699 et
703 2670 857 2707 movet,
890 2660 996 2711 quod
1024 2661 1127 2697 illam
1144 2662 1177 2696 D
1195 2658 1374 2703 consulo,
1400 2666 1601 2708 quatenus.
1615 2658 1840 2708 episcopum
1871 2664 2046 2693 sanctum
2080 2663 2117 2691 et
2150 2654 2222 2691 do-

106 2720 206 2758 inter
224 2734 295 2759 nos
310 2720 391 2771 jam
411 2730 500 2759 ante
522 2721 691 2759 habitam
714 2721 761 2759 de
780 2721 1032 2759 Sacramentis
1049 2720 1127 2758 col·
1194 2720 1457 2768 ctum*,que1n
1473 2719 1601 2769 quiete
1612 2719 1743 2755 vivere
1760 2717 2001 2769 permisistis,
2019 2724 2219 2753 mortuum

108 2781 288 2819 lationem
301 2781 333 2830 b,
359 2783 400 2820 in
429 2783 622 2834 principio
654 2783 832 2834 praedicti
855 2782 1033 2833 opusculi
1056 2782 1126 2819 de-
1194 2781 1410 2831 inquietare
1434 2780 1616 2817 desinatis
1635 2795 1642 2817 :
1662 2794 1710 2817 ne
1730 2779 1821 2816 dum
1840 2792 1919 2816 non
1937 2778 2129 2815 valentem
2148 2790 2220 2827 pro

110 2841 262 2880 fendere
295 2852 333 2881 et
361 2844 561 2881 adstruere
587 2844 716 2881 conati
747 2844 851 2882 estis.
884 2847 928 2881 In
954 2857 1029 2894 qua
1052 2843 1128 2880 uti-
1196 2855 1234 2879 se
1253 2841 1489 2892 respondere
1508 2841 1790 2892 reprehenditis
1807 2869 1816 2886 ,
1840 2839 1959 2890 magis
1977 2839 2051 2875 1100
2068 2852 2115 2875 ex
2133 2838 2224 2874 cha-

110 2916 184 2952 que
211 2904 437 2953 collatione,
473 2906 504 2943 si
536 2914 675 2943 vestrae
707 2919 897 2943 summam
931 2905 1129 2942 sententiae
1198 2903 1319 2940 ritatis
1335 2903 1490 2953 inopia,
1513 2916 1629 2953 quam
1656 2902 1833 2939 veritatis
1854 2900 1993 2938 fiducia
2016 2897 2221 2936 descende-

109 2962 207 3002 bene
240 2966 487 3013 meministis,
515 2980 563 3004 an
589 2966 717 3004 sensui
749 2966 981 3004 conveniatc
1011 2966 1132 3003 eccle·
1199 2977 1262 3009 re,
1286 2972 1405 3000 totam
1423 2976 1495 3014 pro
1523 2977 1568 3000 eo
1596 2962 1900 3014 respondentem
1918 2960 2125 2998 Ecclesiam
2148 2972 2219 2995 au-

112 3025 260 3064 siastico
278 3057 288 3074 ,
317 3029 386 3065 Vos
410 3028 596 3065 videritis.
631 3032 775 3065 Vestrae
805 3036 931 3064 autem
953 3027 1130 3077 ingenuae
1199 3024 1325 3061 (hatis.
1343 3028 1418 3061 Pro
1434 3023 1652 3061 Humberto
1667 3053 1676 3071 ,
1700 3024 1797 3061 sicut
1817 3022 1950 3072 rogavi
1965 3034 2035 3057 vos
2048 3050 2057 3067 ,
2079 3021 2217 3056 iterum

111 3085 333 3126 humilitatis
359 3097 418 3126 est
437 3102 516 3126 non
537 3087 765 3125 erubescere
789 3088 953 3138 corrigi,
985 3088 1015 3125 si
1035 3087 1128 3138 quid
1199 3098 1293 3135 rogo
1311 3100 1320 3132 ;
1341 3093 1384 3121 ut
1404 3094 1575 3122 vestrum
1597 3086 1651 3131 ei,
1676 3099 1762 3122 cum
1782 3084 1957 3135 poteritis
1971 3112 1980 3129 ,
2002 3094 2072 3119 1100
2092 3079 2219 3117 001151-

75 3144 78 3146 ’
113 3146 317 3198 aliquando
337 3149 448 3187 aliter
467 3149 658 3200 sapuistis.
677 3150 820 3188 Valete.
1198 3147 1289 3183 lium
1313 3145 1432 3193 desit,
1456 3159 1527 3183 nec
1547 3146 1819 3198 patrocinium.
1842 3145 1984 3183 Valete.

160 3257 175 3271 Ξ
190 3255 310 3298 Scripta
327 3268 410 3289 anno
428 3257 543 3290 Christi
563 3260 665 3289 1128.

161 3301 178 3325 ¹³
193 3310 405 3352 Conjieiebam
423 3302 570 3343 eumdem
585 3321 652 3343 esse
671 3314 839 3353 Hugonem
861 3310 1035 3347 Farsitum,
1061 3310 1149 3352 cujus
1171 3309 1358 3342 sententiam
1377 3308 1541 3351 impugnat
1566 3308 1744 3341 Bernardus
1760 3308 1792 3339 in
1813 3305 1945 3349 epistola
1969 3306 2024 3341 77,
2054 3312 2122 3344 quae
2140 3300 2220 3331 iuter

117 3364 278 3394 Traetatus
294 3364 391 3395 relata
404 3371 467 3403 est,
481 3365 521 3396 ad
535 3368 703 3407 Hugonem
716 3364 916 3395 Victorinum
930 3377 936 3401 3
955 3363 1040 3406 quod
1056 3370 1161 3395 tamen
1180 3365 1278 3395 nolim
1294 3373 1443 3394 asserere.

163 3420 177 3436 ‘³
193 3416 280 3448 Alias
291 3442 298 3456 ,
316 3425 487 3461 congruat.
504 3437 547 3442 —-
574 3419 590 3439 (ἱ
605 3418 727 3461 Scripta
743 3429 826 3450 anno
847 3417 963 3451 Christi
986 3421 995 3449 1
1010 3421 1086 3449 1¹28.
1104 3437 1149 3441 —
1167 3423 1179 3440 ‘2
1196 3419 1303 3456 Alias,
1328 3416 1483 3448 venerari.
