2517 3920
297 209 392 245 1527
916 214 1197 250 ADMOMTIO
1227 216 1275 249 IN
1308 215 1611 251 OPUSCULUM
1640 217 1748 251 XIII.
2284 218 2381 253 1528

292 287 416 338 magis
441 285 489 324 de
513 288 659 325 caeteris
679 287 787 339 apud
814 289 1085 342 Hommeyum
1104 321 1112 338 ‚
1139 303 1226 341 quae
1251 290 1441 328 Bernardi
1464 304 1545 329 esse
1561 305 1640 328 non
1657 301 1861 342 putamus.
1883 292 1955 329 Hic
1974 292 2218 342 subjicienda
2235 302 2292 331 cst
2307 292 2384 331 ad—

292 352 459 389 monitio
476 353 640 403 piissimi
660 353 863 404 quondam
882 356 956 393 viri
971 356 991 393 J
996 357 1133 393 oannis
1154 356 1262 394 Bona
1276 386 1285 403 ,
1304 355 1352 394 de
1367 355 1443 394 hoc
1458 356 1649 408 opusculo
1666 356 1718 395 ad
1735 373 1798 397 me
1819 359 2047 396 transmissa
2061 388 2070 406 ,
2088 371 2176 409 quae
2190 359 2243 396 sic
2259 355 2384 396 habet

295 426 340 455 ut
355 418 550 469 sequitur.

1033 507 1090 552 D.
1128 505 1407 554 JOANNES
1443 507 1607 555 BONA
1622 545 1635 564 ,

326 646 710 681 CONGREGATIONIS
736 653 1017 683 REFORMATAE
1044 654 1075 683 S.
1102 654 1342 690 BERNARDI,
1372 655 1551 685 ORDINIS
1576 654 1903 690 CISTERCIENSffi,
1931 654 2066 684 ABBAS
2093 656 2352 694 GENERALIS,

883 778 1273 835 LECTORI
1353 779 1788 837 SALUTEM.

349 911 396 949 In
424 912 568 950 celebri
599 915 839 952 monasterio
862 905 1232 953 Sancti-Salvatoris
1260 915 1309 953 (16
1339 926 1475 954 monte
1504 916 1661 954 Amiato
1687 916 1848 954 Ordinis
1876 917 2142 956 Cisterciensis
2165 919 2206 956 111
2228 918 2381 957 dioecesi

295 976 485 1025 Senensi,
516 988 642 1016 exstat
670 979 849 1028 ejusdem
878 979 1038 1018 Ordinis
1066 989 1181 1018 vetus
1214 981 1553 1032 Antiphonarium
1571 1012 1581 1028 ,
1616 981 1726 1033 quod
1756 996 1889 1020 secum
1926 997 1946 1021 e
1978 982 2164 1022 Cistercio
2195 973 2381 1022 monachi

296 1042 530 1081 detulerunt
546 1075 554 1088 ,
575 1058 666 1081 cum
686 1045 865 1095 primum
885 1045 1152 1084 Cisterciensis
1173 1046 1422 1085 Resorinatio
1437 1047 1478 1084 in
1498 1045 1600 1084 illud
1619 1046 1846 1085 coenobium
1867 1047 2094 1087 introducta
2110 1048 2189 1087 fuit
2209 1063 2232 1086 a
2249 1049 2383 1087 Vene-

297 1107 409 1145 rabili
442 1109 642 1162 Raynerio
670 1111 812 1151 abbate
846 1127 951 1151 anno
981 1112 1143 1151 Domini
1172 1115 1286 1152 1231.
1319 1114 1419 1150 Huic
1452 1112 1741 1163 Antiplionario
1767 1115 1950 1164 praefixus
1979 1123 2037 1153 est
2067 1113 2132 1152 hic
2169 1123 2381 1162 tractatus,

296 1173 346 1211 D.
375 1173 579 1213 Bernardo
602 1175 923 1217 Claiae-Yallensi
943 1178 1076 1217 abbati
1098 1178 1332 1229 adscriptus.
1363 1178 1447 1217 Nec
1468 1178 1611 1217 dubito
1638 1181 1736 1230 quin
1758 1178 1833 1217 alia
1854 1181 1940 1230 ejus
1965 1179 2209 1231 exemplaria
2236 1182 2278 1218 in
2298 1180 2384 1219 aliis

292 1239 459 1279 abbatiis
480 1241 640 1281 Ordinis
661 1245 927 1295 reperiantur.
955 1245 1118 1284 Carolus
1140 1244 1190 1283 de
1217 1245 1338 1283 Yisch
1366 1246 1406 1283 in
1434 1245 1681 1283 Bibliotheca
1709 1244 1955 1284 Cisterciensi
1978 1245 2097 1284 unius
2116 1246 2301 1285 meminit
2321 1245 2384 1284 his

294 1305 425 1345 verbis
449 1323 457 1344 :
483 1326 499 1340 «
519 1307 566 1345 In
596 1311 835 1349 monasterio
864 1311 1061 1352 Laudensi
1082 1315 1122 1352 in
1151 1314 1182 1351 F
1187 1314 1341 1352 landria
1360 1324 1542 1354 servatur
1563 1314 1742 1365 ejusdem
1762 1333 1778 1348 »
1809 1314 1851 1353 S.
1880 1313 2071 1353 Bel-nardi
2096 1334 2112 1349 α
2132 1314 2308 1366 Epistola
2334 1314 2384 1353 de

299 1390 314 1404 υ
339 1373 491 1411 ratione
514 1373 663 1414 Cantus
684 1376 865 1415 nondum
887 1378 1015 1427 edita,
1042 1381 1154 1431 cujus
1181 1381 1342 1419 initium
1363 1389 1421 1419 est
1444 1397 1452 1418 :
1477 1380 1704 1419 Bernartius
1727 1380 1894 1419 humilis
1914 1380 2037 1419 abbas
2057 1379 2238 1420 Clarae-V
2243 1379 2344 1419 allis.
2363 1398 2379 1414 υ

297 1437 534 1478 Possevinus
550 1442 591 1478 in
612 1440 858 1482 Bibliotheca
878 1444 1042 1494 selecta,
1066 1445 1169 1484 libro
1190 1445 1344 1484 decimo
1364 1448 1506 1498 quinto
1520 1477 1529 1494 ,
1549 1447 1675 1497 capite
1693 1455 1825 1495 sext0‚
1848 1447 1996 1485 caeteris
2012 1446 2292 1495 scriptoribus,
2313 1446 2382 1497 qui

295 1502 345 1541 de
375 1503 530 1543 Musica
557 1508 721 1557 scripsei
725 1518 820 1557 unt
853 1509 1179 1550 S.Be1na1dum
1208 1526 1430 1550 connumer
1433 1521 1485 1551 at.
1519 1511 1693 1565 Angelus
1720 1511 2020 1565 picigitonensis
2041 1512 2233 1550 Minorita
2261 1510 2385 1550 edidit

296 1568 477 1609 Venetiis
497 1586 602 1611 anno
627 1575 758 1613 1547
762 1575 915 1615 ‹Floris
939 1578 1104 1630 angelici
1127 1578 1176 1617 de
1199 1588 1319 1616 cantu
1340 1578 1462 1630 plano
1483 1589 1521 1618 et
1541 1580 1711 1632 figmato
1731 1577 1854 1617 libros
1873 1577 1997 1627 duos,
2017 1596 2033 1612 »
2057 1591 2234 1630 quorum
2253 1579 2384 1629 piimo

294 1635 411 1686 plura
430 1638 520 1677 citat
550 1653 596 1677 cx
624 1640 698 1678 boc
727 1651 895 1681 tractatu
915 1675 923 1690 ‚
950 1646 1187 1684 nominatim
1211 1647 1336 1696 capite
1358 1647 1550 1699 vigesimo
1568 1660 1703 1684 nono:
1733 1665 1749 1679 «
1771 1646 1877 1693 Hoc,
1897 1663 1913 1679 υ
1942 1646 2094 1696 inquit,
2118 1644 2385 1696 «comprobat

299 1720 314 1733 u
339 1701 379 1740 S.
401 1702 628 1743 Bernartius
652 1707 690 1743 in
714 1720 783 1745 sua
801 1708 976 1758 Musica,
999 1710 1152 1759 dicens,
1176 1710 1247 1749 ubi
1270 1711 1496 1749 molliorem
1523 1726 1667 1750 sonum
1691 1712 1775 1749 fieri
1798 1710 1977 1762 expedit,
2004 1710 2035 1748 B
2055 1709 2177 1749 molle
2197 1711 2385 1762 quando-

299 1785 315 1799 »
339 1782 417 1818 que
448 1771 625 1820 ponitur,
660 1772 801 1812 furtim
834 1784 992 1823 tamen,
1020 1792 1070 1815 ne
1102 1788 1240 1817 cantus
1269 1778 1577 1816 similitudinem
1607 1778 1770 1817 alterius
1797 1778 1880 1816 toni
1909 1791 2113 1816 assumere
2143 1776 2340 1816 videatur.
2362 1795 2379 1810 »

296 1832 431 1884 Capite
464 1837 560 1874 item
587 1837 892 1891 quadragesimo
915 1851 1023 1880 sexto
1041 1873 1049 1889 ,
1071 1843 1120 1880 (le
1143 1844 1422 1881 terminatione
1448 1853 1637 1882 tonorum
1667 1861 1675 1881 :
1703 1863 1718 1876 «
1748 1844 2007 1881 Doctissimus
2036 1852 2118 1881 tam
2144 1844 2185 1880 in
2214 1842 2382 1891 divinis,

299 1917 315 1933 n
341 1915 463 1951 quam
494 1904 532 1940 in
556 1903 743 1944 humanis
766 1908 934 1945 scientiis
964 1909 1004 1947 S.
1038 1910 1264 1949 Bernardus
1283 1910 1355 1948 has
1370 1910 1518 1949 litteras
1545 1910 1732 1949 describit
1766 1911 1805 1947 in
1827 1924 1897 1948 sua
1920 1908 2020 1948 bene
2038 1908 2256 1961 ponderata
2286 1909 2385 1947 Mu-

300 1984 316 1998 »
341 1967 432 2013 sica,
454 1967 523 2005 ubi
548 1968 641 2008 dicit
669 1972 779 2022 quod
802 1972 862 2011 11ae
884 1973 1022 2013 litterae
1053 1975 1108 2023 D,
1143 1976 1173 2012 E
1189 2006 1197 2021 ,
1227 1975 1257 2012 F
1274 2007 1282 2023 ‚
1308 1976 1343 2013 G
1358 2007 1366 2023 ‚
1397 1986 1489 2015 sunt
1515 1986 1707 2015 cantuum
1735 1977 2011 2015 terminativae.
2031 1994 2048 2009 »
2071 1975 2121 2014 Et
2140 1976 2266 2026 capite
2288 1989 2385 2026 qua-

296 2030 518 2083 dragesimo
549 2037 716 2085 septimo
731 2069 739 2085 ‚
763 2038 811 2077 de
843 2054 1006 2078 ascensu
1036 2052 1074 2079 et
1101 2041 1291 2079 descensu
1324 2051 1515 2080 tonorum
1536 2060 1543 2081 :
1566 2062 1582 2076 «
1602 2043 1743 2081 Omnis
1763 2050 1905 2089 tonus,
1926 2061 1942 2076 »
1964 2043 2042 2090 ait,
2069 2061 2084 2076 ‘¹
2114 2041 2251 2080 decem
2273 2051 2385 2080 notas

301 2115 317 2130 »
341 2097 490 2137 habere
513 2111 663 2151 potest,
693 2113 737 2141 ut
765 2115 899 2155 aperte
929 2106 1116 2145 describit
1135 2122 1216 2145 non
1248 2108 1382 2146 minus
1411 2123 1552 2157 verax,
1575 2123 1698 2160 quam
1728 2108 1868 2147 doctus
1898 2107 1938 2146 S.
1963 2107 2190 2146 Bernardus
2219 2108 2260 2145 in
2281 2107 2383 2147 bene

300 2165 584 2205 »considerato
616 2169 779 2222 piologo
813 2185 891 2210 suae
926 2171 1112 2219 Musicae,
1147 2174 1242 2223 assi}
1236 2188 1347 2225 pians
1380 2183 1458 2212 ties
1486 2175 1740 2226 potissimum
1768 2175 1962 2222 r;ationes
1992 2173 2177 2213 videlieet
2206 2173 2382 2225 psalterii

302 2250 315 2264 υ
340 2233 640 2281 auctoritatem,
671 2234 733 2288 111(
727 2238 871 2286 ‚nitatis
902 2238 1191 2288 aequalitatem,
1218 2250 1255 2277 ct
1280 2240 1440 2278 notandi
1471 2243 1802 2280 necessitatem.»
1832 2242 1931 2291 Quae
1956 2241 2091 2279 onmia
2113 2255 2207 2278 cum
2227 2242 2384 2292 plaecise

295 2296 522 2336 habeantur
550 2301 589 2337 in
619 2265 693 2338 lioc
726 2311 919 2349 trac‚tatu
951 2303 1043 2341 hinc
1070 2305 1161 2342 satis
1194 2305 1398 2344 evidente-i
1424 2305 1650 2354 deducitur
1679 2308 1763 2357 ejus
1791 2316 1995 2345 auctorem
2016 2321 2098 2345 esse
2116 2306 2379 2345 Β6111311111111.

296 2362 378 2401 Nec
396 2363 507 2402 stilus
525 2365 758 2418 refragatur,
777 2378 975 2419 quantum
993 2371 1144 2421 proprii
1161 2370 1206 2408 M
1211 2372 1324 2410 usicoe
1343 2373 1503 2411 termini
1521 2374 1744 2423 patiuntur.
1763 2373 1870 2412 Voce
1888 2372 2058 2411 barbara
2071 2403 2080 2420 ,
2103 2372 2286 2411 Maneria
2302 2373 2383 2412 sive

297 2429 521 2479 Malim-ies,
555 2446 642 2482 qua)
676 2432 741 2470 liic
774 2448 874 2484 sfepe
904 2437 1112 2486 repetitur,
1140 2446 1312 2475 utuntur
1342 2439 1489 2489 passim
1518 2439 1677 2477 Musici.
1709 2439 1927 2490 Reperitur
1946 2439 2066 2477 etiam
2095 2439 2136 2476 in
2165 2437 2302 2476 libello
2333 2437 2383 2476 de

296 2496 450 2535 Musica
466 2500 633 2548 practica
648 2530 656 2545 ,
675 2500 782 2550 apud
802 2501 949 2539 Bedam
970 2520 977 2540 :
998 2518 1089 2540 nam
1106 2503 1221 2542 1161131ἱ
1236 2519 1446 2556 perperam
1462 2504 1708 2556 adscriptum
1727 2519 1808 2543 esse
1829 2506 2019 2544 evincunt
2035 2513 2135 2543 notae
2153 2503 2380 2553 musicales,

297 2564 482 2602 trecentis
504 2564 588 2603 fere
609 2567 722 2603 annis
743 2580 789 2605 eo
808 2570 1044 2617 posteriores
1062 2599 1070 2616 ‚
1093 2578 1131 2607 et
1157 2569 1286 2608 multa
1306 2585 1394 2622 quae
1416 2570 1469 2608 ibi
1490 2582 1584 2609 sunt
1603 2570 1653 2608 ad
1672 2570 1845 2609 verbum
1864 2579 2022 2621 accepta
2041 2584 2089 2608 ex
2109 2569 2327 2608 Doctrinali
2345 2579 2384 2609 et

297 2628 516 2682 R‘Iicrologo
542 2630 737 2670 Guidonis
764 2632 931 2671 Aretini.
958 2635 1046 2685 Ipse
1067 2649 1230 2686 quoque
1252 2635 1478 2673 Bernartius
1498 2650 1543 2673 ea
1566 2649 1659 2674 voce
1679 2649 1775 2674 usus
1797 2646 1855 2674 est
1881 2634 2044 2686 epistola
2073 2634 2384 2688 quadringente-

296 2694 395 2732 sima
427 2695 627 2744 secunda,
661 2697 711 2735 ad
743 2698 1003 2738 Balduinum.
1039 2700 1098 2738 Ex
1130 2701 1192 2739 1115
1223 2710 1359 2739 autem
1382 2710 1575 2752 apparet,
1610 2715 1734 2752 quam
1763 2700 1925 2739 sollicite
1957 2701 2185 2739 curaverint
2214 2702 2384 2752 majores

298 2762 443 2809 nostri,
464 2771 510 2799 ut
529 2763 568 2799 111
588 2762 732 2801 divinis
755 2765 890 2802 officiis
919 2767 1028 2803 omni
1049 2776 1202 2806 icinota
1224 2767 1446 2805 indecentia
1467 2776 1505 2805 et
1524 2768 1701 2806 novitate
1716 2798 1725 2816 ,
1748 2766 2004 2805 ecclesiastica
2030 2767 2200 2819 gravitas
2224 2775 2264 2806 et
2290 2781 2378 2804 ma-

295 2825 413 2874 jestas
437 2836 517 2865 tam
551 2829 591 2865 in
620 2838 764 2878 cantu,
799 2845 922 2881 quam
945 2832 986 2869 in
1015 2832 1146 2880 verbis
1177 2842 1493 2873 conservaretur.
1531 2833 1700 2872 Animus
1734 2842 1818 2871 erat
1850 2833 2104 2871 uberioribus
2135 2833 2238 2872 notis
2273 2833 2384 2872 hunc

298 2898 509 2928 tractatum
536 2892 735 2931 illusnffle
767 2912 775 2932 :
802 2894 869 2932 sed
898 2910 940 2933 16
968 2897 1167 2935 matuiius
1190 2912 1384 2949 perpensa
1401 2930 1410 2947 ,
1441 2899 1492 2937 ab
1524 2899 1586 2938 his
1613 2899 1787 2939 abstinui
1819 2918 1826 2939 :
1857 2915 1952 2938 nam
1981 2899 2142 2939 Musicae
2169 2899 2381 2952 disciplinae

299 2956 434 3005 peritis
455 2957 689 3007 superfluae
683 2962 859 3012 ‚ignaiis
882 2961 1042 3000 inutiles
1062 2962 1122 3001 foi
1125 2972 1204 3001 ent
1223 2963 1259 3002 ἶ
1262 2963 1326 3002 1116
1349 2965 1509 3003 inteiim
1532 2980 1619 3017 quae
1640 2965 1690 3004 de
1713 2975 1831 3005 cantu
1851 2965 2129 3013 ecclesiastico,
2151 2975 2190 3004 et
2207 2965 2259 3031 de
2278 2967 2382 3005 tonis

299 3020 476 3061 disseio
470 3036 509 3060 m
529 3037 617 3061 mea
642 3024 847 3065 Psallentis
865 3026 1044 3068 Ecclesiae
1063 3029 1301 3077 Harmonia⁷
1321 3044 1405 3083 cap.
1430 3033 1492 3080 17,
1515 3031 1537 3082 ἓ
1557 3032 1581 3069 3
1601 3040 1641 3069 et
1662 3031 1698 3070 4.
