2517 3936
89 220 182 257 1201

83 297 228 347 quippe
251 294 506 339 securiorem,
530 294 713 331 securitas
741 296 957 344 segniorem
985 296 1055 332 saci

85 370 163 394 non
183 355 424 405 nequiorem.
445 357 511 390 Est
531 361 657 390 tamen
679 367 723 390 ex
741 354 813 391 hoc
827 356 959 405 procul
975 355 1094 392 dubio
1113 358 1140 391 Α
1161 365 1309 406 ceptam
1346 358 1605 395 innocentiam
1636 375 1643 396 :

83 416 262 461 deterior,
282 414 386 465 quod
407 414 470 450 ille
489 414 614 450 solum
635 412 749 450 habet
770 415 932 461 malum,
955 416 1091 451 malam

82 470 358 521 intentionem‘3
394 475 463 511 iste
497 482 535 510 et
566 473 697 509 falsam
732 474 1090 511 considerationem.

32 566 36 567 γ
81 537 150 575 1116
171 548 250 573 11110
270 542 374 571 caret
400 546 420 570 e
441 531 593 569 duobus
614 531 740 578 bonis,
762 532 867 569 bono
901 534 1002 579 zc103
1024 534 1092 569 iste

81 605 119 635 et
142 609 237 634 vero
259 594 423 644 judicio.
451 596 509 630 Ex
528 592 600 629 hoc
622 592 750 642 itaque
770 593 937 643 pessimo
964 594 1090 639 oculo,

81 657 149 708 qui
181 664 359 693 neutrum
398 653 544 691 bonum
582 652 722 700 habet,
753 662 791 689 et
822 653 911 690 item
947 667 994 690 ex
1025 654 1091 690 illo

81 719 230 770 optimo
249 716 317 766 qui
334 723 474 752 neutro
495 723 619 761 caret,
643 714 886 751 sentiendum
915 722 971 750 est
988 715 1092 751 Veri—

81 787 195 816 tatem
216 776 458 821 disseruisse,
486 783 552 812 aut
580 774 748 812 tenebris
778 773 936 811 obvolvi
969 782 1090 824 totum

79 844 240 889 corpus,
261 845 328 875 aut
359 837 444 873 luce
474 835 668 886 perfundi.
700 838 795 872 Nam
827 835 964 884 reliqui
995 834 1087 880 duo,

79 911 247 949 quorum
265 905 401 935 neuter
414 905 622 946 utrumque
638 904 703 932 aut
718 894 862 932 bonum
880 894 1007 941 habet,
1025 903 1090 932 aut

80 959 246 1005 malum3
273 958 343 996 etsi
359 971 406 995 ex
431 965 541 1008 parte
561 965 742 1007 possunt,
763 969 841 993 non
872 964 999 992 tamen
1020 955 1089 992 toti

80 1019 276 1057 sufficiunt
295 1019 355 1056 vel
376 1019 500 1056 lucem
524 1017 628 1065 dare,
646 1017 707 1054 vel
726 1015 902 1053 tenebras
920 1016 1087 1066 corpori.

602 220 748 254 LIBER
778 222 842 255 DE
871 220 1139 256 PRAECEPTO
1170 221 1230 255 ET
1259 223 1650 260 DISPENSATIONE.

1060 303 1073 331 t
1098 294 1148 312 510

1083 325 1092 342 5

2062 232 2159 268 1202

1161 306 1283 333 calum
1312 308 1383 344 cst,
1406 308 1443 335 et
1466 314 1601 337 caecam
1626 302 1799 339 videlicet
1821 307 2022 353 malitiam,
2041 318 2078 345 et
2098 310 2159 346 ‹le-

1670 362 1758 409 quia
1787 365 1888 412 quod
1923 380 1941 402 a
1971 369 2158 406 nesciente

1161 417 1202 452 fit
1218 445 1227 463 ,
1247 425 1284 453 et
1304 417 1447 455 bonum
1470 431 1625 469 prorsus
1649 421 1876 459 condemnat
1897 425 2054 463 intentio
2073 442 2158 477 pra—

1161 489 1226 521 va,
1249 485 1286 513 et
1309 478 1450 514 malum
1482 492 1558 515 non
1586 480 1738 529 penitus
1760 493 1914 519 excusat
1941 495 2051 522 recta.
2075 489 2159 524 Sive

1159 537 1286 586 itaque
1317 539 1456 574 malum
1492 548 1600 589 putes
1628 539 1772 577 bonum
1807 543 1908 591 quod
1941 545 2037 580 forle
2066 548 2155 595 agis,

1160 596 1238 633 sive
1268 596 1414 634 bonum
1438 599 1579 635 malum
1613 601 1716 649 quod
1744 603 1934 650 operariS,
1958 612 2159 654 utrumque

1159 665 1357 706 peccatum
1378 667 1452 704 est,
1474 659 1562 708 quia
1583 669 1759 697 neutrum
1781 675 1826 698 ex
1842 662 1914 698 lide
1938 678 1944 699 z
1967 664 2053 699 licet
2073 678 2160 701 sane

1159 716 1280 753 levius
1300 717 1507 754 admodum
1531 728 1733 768 peccetur,
1754 720 1818 757 ubi
1840 734 1929 758 sana
1951 722 2159 759 intention(-

1159 776 1239 811 sola
1259 776 1569 825 reprehensibilis
1599 778 1697 814 actio
1728 779 1817 815 foris
1841 789 2018 829 apparet,
2047 794 2158 830 quam

1160 834 1225 872 ubi
1242 836 1405 885 maligna
1419 837 1507 873 latet
1528 837 1641 873 etiam
1663 838 1700 873 in
1717 851 1793 874 non
1806 838 1927 875 malab
1940 840 2088 877 actione
2106 841 2162 877 in·

1158 895 1289 932 tentio.
1302 899 1445 932 Verum
1466 896 1568 946 quod
1590 896 1732 947 absque
1750 900 1807 935 vel
1827 899 1982 935 minimo
2005 910 2159 950 peccato

1158 969 1236 993 non
1254 965 1328 1003 est,
1354 970 1494 1006 purum
1516 956 1659 994 bonum
1682 958 1835 995 minime
1853 968 1919 997 est.
1941 964 2024 1008 Quo
2046 970 2158 1011 pacto

1157 1029 1248 1065 ergo
1267 1015 1413 1052 bonum
1437 1030 1514 1053 non
1536 1030 1677 1067 purum
1705 1031 1803 1068 puro
1830 1020 1929 1055 malo
1954 1033 2155 1070 compara-

131 1080 195 1120 41,
225 1079 264 1116 81
295 1079 412 1129 igitur
431 1078 501 1130 (ut
523 1076 604 1127 jam
632 1077 679 1114 ad
712 1076 951 1127 propositam
986 1089 1090 1126 quae-
1110 1075 1136 1109 B
1158 1075 1262 1113 bitur
1292 1077 1331 1113 in
1360 1077 1583 1122 efficientia,
1612 1078 1684 1114 hoc
1704 1087 1760 1115 est
1782 1087 1823 1115 ut
1853 1088 1925 1115 tam
1957 1080 2087 1116 efficax
2109 1080 2154 1116 ad

78 1141 307 1178 stiunculam
328 1138 591 1190 revertamur)
611 1138 642 1176 is
662 1151 753 1175 vere
774 1139 907 1175 oculus
924 1150 1088 1187 nequam

77 1199 153 1248 est,
169 1200 235 1251 qui
255 1213 461 1251 perversus
478 1199 622 1250 pariter
636 1207 674 1235 et
690 1211 812 1235 caecus
827 1197 974 1235 bonum
992 1198 1087 1248 agit,

78 1269 116 1299 et
137 1261 284 1298 inalum
316 1260 455 1307 credit3
488 1260 622 1309 utique
652 1268 755 1296 recte
786 1259 1000 1310 operando,
1023 1258 1089 1295 sed

77 1320 273 1372 opinando
289 1320 435 1370 inique,
456 1318 603 1356 bonum
627 1318 699 1356 sibi
731 1319 770 1355 in
792 1319 934 1355 malum
955 1319 1088 1366 vertit3

77 1389 116 1419 et
141 1389 290 1419 tantum
317 1380 481 1427 malum,
502 1388 688 1430 quantum
717 1379 948 1416 crediderit:
971 1393 1090 1429 quan—

76 1441 283 1493 doquidem
296 1441 409 1492 juxta
425 1441 648 1479 sententiam
664 1441 840 1487 Domini,
862 1449 985 1478 totum
1007 1454 1090 1477 cor-

78 1516 148 1553 sus
181 1502 427 1540 tenebrosum
459 1501 586 1539 reddit
617 1503 753 1539 oculus
786 1515 965 1552 nequam.
987 1501 1087 1550 Quid

74 1563 178 1601 enim
199 1563 276 1600 luci
296 1562 539 1613 relinquitur,
561 1561 627 1599 ubi
647 1576 717 1599 nec
739 1563 799 1613 pia
816 1562 1000 1607 intentio,
1018 1576 1087 1599 nec

75 1637 166 1662 vera
179 1623 312 1674 opinio
329 1623 522 1660 invenitur
537 1625 552 1660 Ρ
568 1627 619 1661 Α1
635 1636 713 1660 11011
731 1623 817 1660 11160
835 1623 1022 1673 sequitur,
1045 1630 1087 1659 ut

74 1684 141 1734 qui
161 1697 182 1721 e
201 1683 395 1721 contrario
428 1683 570 1720 malum
592 1683 696 1730 facit,
719 1691 757 1720 et
785 1682 930 1720 bonum
954 1691 1082 1733 putat,

70 1743 183 1794 juxta
218 1758 326 1782 suam
366 1744 480 1781 fidem
515 1744 690 1781 similiter
717 1752 756 1781 et
788 1744 869 1795 ipse
902 1744 1084 1781 inveniat.

74 1807 228 1853 Quare?
247 1809 332 1843 Non
349 1813 406 1842 est
426 1805 571 1855 quippe
589 1805 752 1855 simplex
768 1806 903 1842 oculus
920 1805 996 1851 ille,
1020 1804 1087 1854 qui

75 1878 122 1902 ex
136 1864 284 1915 judicio
307 1865 483 1904 Veritatis
504 1873 629 1902 totum·
650 1878 790 1915 corpus
806 1865 977 1902 lucidum
995 1865 1085 1902 red-
1106 1869 1133 1904 C

75 1925 158 1974 dat,
174 1927 326 1976 qualem
346 1926 520 1977 profecto
541 1926 717 1976 superius
734 1925 989 1963 definivimus.
1013 1930 1087 1964 Ne—

75 1999 150 2036 que
174 1986 277 2024 enim
297 2000 343 2024 ex
378 1995 459 2024 toto
485 1986 611 2023 adhuc
646 1986 813 2024 tenebrae
837 1987 997 2033 desunt,
1021 1987 1086 2024 ubi

75 2047 288 2097 ignorantia
309 2047 480 2084 veritatis
510 2047 634 2084 lucem
656 2046 836 2084 obscurat
856 2047 996 2084 1101166ει
1021 2061 1086 2084 vo-

74 2107 242 2145 luntatis.
264 2110 359 2146 Cum
390 2107 518 2156 itaque
538 2107 601 2144 ille
622 2108 756 2144 oculus
775 2116 983 2158 utrumque
1004 2121 1087 2144 ma-

75 2166 174 2213 lum,
192 2166 224 2204 is
249 2180 344 2204 vero
365 2166 521 2203 minime
538 2174 746 2216 utrumque
762 2166 902 2204 habeat
918 2167 1085 2213 bonum3

75 2240 205 2264 nonne
222 2227 320 2264 ratio
337 2227 491 2264 videtur
506 2226 670 2276 exigere,
687 2236 730 2264 ut
747 2228 834 2278 plus
848 2228 910 2264 ille
930 2236 1085 2275 noceat,

75 2300 189 2337 quam
203 2287 327 2337 prosit
340 2287 433 2324 iste?
447 2290 580 2337 Neque
592 2287 693 2324 enim
705 2301 948 2338 consequens
961 2298 1030 2335 est,
1047 2298 1087 2326 ut

76 2355 223 2384 tantum
245 2348 369 2385 valeat
388 2348 426 2384 in
456 2347 602 2385 bonum
630 2347 775 2385 bonum
804 2363 944 2397 unum,
965 2363 1087 2399 quan—

78 2415 157 2445 tum
187 2408 264 2445 duo
301 2409 399 2446 mala
432 2409 471 2445 in
506 2409 660 2445 malum.
698 2412 746 2446 Et
780 2407 935 2459 quidem
975 2409 1087 2446 laude

75 2467 229 2518 dignam
260 2468 422 2506 dixerim
442 2470 503 2506 vel
525 2469 645 2507 solam
678 2470 931 2507 intentionem
961 2471 1084 2520 piam:

75 2540 146 2565 nec
165 2529 280 2578 plane
303 2529 495 2579 condigna
513 2530 826 2567 remuneratione
847 2530 1088 2567 fraudabitur

73 2587 113 2624 in
129 2601 247 2638 opere
265 2599 420 2639 quoque
443 2603 521 2626 non
542 2589 648 2627 bono
666 2590 748 2640 ipsa
766 2589 868 2628 bona
895 2591 1085 2628 voluntas.

47 2645 49 2647 ¹
73 2651 252 2686 Attamen
283 2650 364 2686 sine
396 2650 497 2687 malo
531 2664 777 2701 quocumque
807 2665 885 2688 non
915 2652 987 2689 erit
1017 2652 1086 2688 116-
1107 2671 1135 2704 D
1156 2667 1239 2690 rum
1260 2652 1423 2695 videtur,
1449 2660 1485 2687 et
1512 2648 1759 2686 necessarium

74 2716 184 2759 cepta
201 2709 434 2760 simplicitas.
455 2712 530 2748 Cur
549 2711 702 2761 inquis?
732 2711 920 2761 numquid
941 2725 1018 2748 non
1041 2725 1088 2748 ex

74 2767 175 2805 fide?
193 2772 356 2807 Prorsus
371 2783 420 2806 ex
440 2769 525 2817 fide,
546 2771 612 2807 sed
630 2771 740 2818 falsa3
763 2772 821 2808 vel
840 2780 941 2809 certe
962 2772 1091 2822 potius

74 2839 154 2864 non
173 2841 220 2865 ex
241 2829 335 2876 fide,
357 2830 446 2879 quia
467 2829 560 2866 fides
582 2830 693 2877 falsa,
718 2830 812 2868 fides
829 2845 907 2868 non
929 2840 996 2869 est.
1019 2835 1092 2869 De-

74 2887 191 2937 nique
214 2888 262 2925 de
282 2889 356 2926 fide
376 2902 480 2937 vera,
500 2903 580 2926 non
602 2890 694 2927 falsa
714 2899 810 2940 puto
829 2891 967 2928 dixisse
987 2896 1090 2942 Apo-

74 2949 213 2986 stolum
232 2964 241 2987 :
267 2951 389 2986 Omne
408 2952 511 3000 quod
535 2965 610 2987 non
634 2960 689 2987 est
708 2965 757 2987 ex
769 2953 872 3000 fide,
892 2962 1087 3001 peccatum

74 3016 164 3047 est1.
180 3013 267 3048 Non
288 3019 415 3048 autem
444 3024 491 3048 ex
515 3010 589 3047 fide
617 3024 708 3048 vera
739 3010 887 3049 bonum
917 3012 1087 3050 creditur

74 3071 179 3119 quod
202 3072 343 3109 malum
375 3080 458 3109 est:
486 3080 542 3110 est
576 3072 677 3109 enim
711 3073 861 3111 falsum.
885 3077 1085 3111 Peccatum

74 3129 190 3180 igitur
204 3140 274 3170 est.
285 3135 505 3182 Utrumque
522 3132 687 3183 proinde
705 3133 974 3184 complectitur
989 3146 1088 3184 prae-

2 3193 4 3199 '
33 3229 36 3232 ,
74 3203 159 3229 sens
175 3192 398 3243 capitulum,
415 3195 536 3229 Omne
551 3196 654 3243 quod
665 3207 739 3230 mm
760 3203 815 3230 est
828 3196 984 3242 eoefide,
1000 3207 1087 3242 pec-

1156 1136 1299 1174 bonum
1332 1137 1426 1174 illud
1458 1138 1525 1183 sit,
1562 1151 1675 1187 quam
1709 1138 1755 1175 ad
1788 1140 1926 1176 malum
1959 1140 2081 1176 istud?
2111 1144 2158 1177 Et

1158 1196 1237 1233 haec
1271 1210 1387 1247 super
1416 1197 1486 1233 hac
1519 1198 1728 1246 quaestione
1762 1198 1958 1235 sufficiant.
1982 1203 2075 1235 Nam
2109 1199 2156 1235 ad

1158 1257 1375 1307 superiores
1409 1271 1561 1307 quoque
1591 1258 1678 1295 satis
1707 1272 1794 1294 reor
1822 1272 1901 1295 esse
1933 1272 2156 1308 responsum

1158 1318 1349 1369 superius.
1370 1322 1416 1354 Et
1437 1318 1590 1368 quidem
1610 1332 1678 1355 vos
1705 1319 1856 1355 easdem
1885 1320 2020 1369 szepius
2050 1318 2156 1355 dubi-

1158 1379 1320 1415 tationes
1344 1379 1486 1415 iteratis
1509 1387 1620 1428 atque
1646 1379 1846 1415 revolvitis
1864 1394 1870 1415 :
1891 1379 1955 1415 sed
1977 1392 2059 1415 mea
2079 1392 2156 1414 non

1156 1439 1313 1476 interest
1330 1439 1497 1489 ipsarum
1517 1439 1627 1475 toties
1644 1447 1817 1489 repetere
1838 1439 2056 1475 solutiones.
2071 1439 2157 1475 Suf-

1156 1501 1235 1537 ficit
1253 1500 1353 1537 enim
1375 1501 1489 1536 semel
1510 1499 1665 1536 solvisse
1683 1500 1793 1536 etiam
1809 1499 1912 1550 quod
1934 1498 2102 1536 crebrius
2119 1499 2156 1535 in

1155 1561 1365 1612 quaestione
1384 1569 1574 1598 versatum
1597 1560 1723 1597 fuerit.

1511 1688 1686 1726 CAPL‘T
1715 1688 1806 1727 XV.

1213 1816 1264 1845 An
1284 1818 1434 1855 quantum
1454 1811 1632 1843 obedientia
1649 1811 1730 1842 valet
1746 1811 1784 1842 ad
1801 1810 1961 1849 meritum,
1980 1817 2099 1842 tanturn

1342 1867 1554 1899 inobedientia
1577 1867 1677 1897 valeat
1700 1865 1739 1897 ad
1765 1865 1957 1896 demeritum.

1207 1989 1270 2026 42.
1301 1985 1568 2036 Quaerentibus
1588 1986 1676 2022 item
1702 1985 1747 2021 de
1769 1983 1995 2021 obedientiae
2015 1984 2156 2034 ponde-

1156 2063 1214 2095 re,
1237 2062 1302 2086 seu
1319 2047 1536 2084 discrimine
1552 2045 1840 2092 inobedientiae,
1862 2059 1881 2081 a
1897 2045 2012 2081 latere
2027 2044 2158 2080 incidit

1155 2108 1264 2145 vobis
1280 2117 1317 2145 et
1333 2108 1378 2144 de
1393 2107 1528 2143 merito
1546 2107 1743 2155 utriusque
1755 2105 1934 2154 quaerend
1942 2118 2016 2151 um,
2030 2113 2155 2141 utrum

1155 2169 1330 2206 videlicet
1346 2169 1384 2205 in
1406 2167 1621 2218 quibusque
1640 2165 1838 2216 praeceptis
1860 2173 2041 2214 quantum
2064 2164 2158 2201 obe-

1155 2229 1297 2267 dientia
1323 2229 1445 2274 valet,
1480 2236 1624 2264 tantum
1654 2234 1783 2276 gravet
1805 2224 2060 2261 inobedientia
2083 2239 2090 2260 :
2115 2232 2155 2260 ut

1154 2289 1262 2327 verbi
1281 2289 1418 2339 gratia,
1438 2289 1496 2325 vel
1516 2287 1706 2325 Abraham
1728 2286 1773 2322 de
1794 2285 2027 2321 immolando
2043 2284 2156 2329 fili02,

1155 2352 1215 2387 vel
1236 2351 1297 2387 ille
1319 2350 1447 2386 nescio
1477 2349 1561 2398 quis
1587 2348 1632 2383 de
1655 2347 1732 2383 filio
1754 2346 1883 2382 itidem
1908 2345 2007 2381 furni
2028 2345 2156 2380 incen-

1156 2411 1226 2448 diis
1246 2410 1524 2461 exponendo³‚
1556 2417 1701 2444 tantum
1727 2407 1864 2443 (111-11166
1890 2404 2157 2454 indignationis

1155 2481 1191 2509 et
1212 2471 1367 2509 ultionis
1388 2471 1524 2508 merito
1546 2468 1816 2512 incurrissent,
1840 2466 1869 2503 si
1896 2479 1973 2502 non
2001 2464 2153 2501 obedis-

1155 2541 1259 2579 sent,
1283 2540 1470 2582 quantum
1491 2529 1611 2567 laudis
1634 2536 1670 2564 et
1688 2527 1814 2577 gratiae
1839 2532 2062 2574 receperunt
2082 2536 2153 2573 pro

1155 2606 1200 2629 eo
1217 2591 1322 2642 quod
1343 2590 1582 2628 obedierunt.
1605 2586 1715 2635 Quod
1733 2584 1838 2621 vobis
1857 2583 2008 2633 quidem
2030 2591 2066 2618 et
2087 2581 2154 2617 du-

1783 2659 1790 2681 :
1817 2644 1880 2681 sed
1907 2657 1984 2679 non
2015 2650 2069 2678 651
2090 2641 2152 2677 ita.

1158 2713 1362 2750 Enimvero
1388 2718 1533 2748 constat
1559 2707 1741 2744 nonnulla
1768 2718 1836 2741 nee
1863 2703 1942 2740 fieri
1969 2703 2047 2739 sine
2071 2702 2154 2750 glo-

1157 2774 1233 2819 ria,
1253 2782 1289 2809 et
1320 2784 1430 2823 posse
1459 2783 1536 2807 non
1569 2767 1649 2804 lieri
1677 2766 1756 2802 sine
1786 2764 1914 2813 culpa;
1942 2761 2104 2811 ideoque
2125 2760 2155 2796 si

1158 2835 1271 2880 liant,
1292 2833 1405 2881 digna
1425 2843 1504 2867 esse
1520 2827 1697 2878 praemiis,
1717 2837 1794 2861 non
1816 2832 1939 2859 tamen
1961 2819 2156 2870 suppliciis

1158 2894 1186 2932 si
1208 2907 1286 2930 non
1319 2894 1421 2929 fiant.
1453 2894 1544 2928 Nam
1576 2896 1613 2924 et
1646 2899 1725 2923 non
1757 2893 1910 2933 tangere
1942 2881 2153 2923 mulierem,

1158 2954 1282 2991 meriti
1303 2960 1357 2989 est
1374 2964 1450 2988 non
1470 2947 1692 2993 mediocri53
1719 2954 1756 2982 61
1775 2944 1915 2981 1111111115
1943 2951 2065 2978 tamen
2090 2940 2156 2975 de-

1153 3015 1231 3052 licti
1265 3012 1460 3063 propriam
1495 3007 1671 3058 amplecti
1703 3004 1916 3054 conjugem.
1939 2999 2154 3040 Istiusmodi

1154 3081 1243 3109 sunt
1273 3082 1522 3121 quaecumque
1551 3066 1768 3115 evangelico
1798 3064 1851 3100 illi
1878 3062 2043 3113 capitulo
2064 3071 2154 3095 con-

1154 3144 1288 3182 gruere
1312 3137 1473 3180 possunt
1492 3142 1499 3164 :
1523 3129 1597 3173 Qui
1611 3133 1732 3175 potest
1752 3136 1899 3173 capere,
1927 3120 2088 3169 capiat-¹.

1208 3192 1269 3229 43.
1302 3185 1347 3227 Et
1369 3202 1520 3226 rursum
1544 3186 1714 3237 quaedam
1737 3197 1806 3234 per
1826 3181 2071 3224 contrarium,
2091 3189 2152 3212 ne<

122 3310 132 3325 ¹
156 3308 248 3337 Rom.
269 3315 336 3344 xiv,
358 3308 415 3337 23.
431 3324 477 3328 —
493 3311 506 3327 ²
527 3308 609 3338 Gen.
630 3317 711 3338 xx11.
727 3325 770 3329 —-
786 3306 800 3329 3
817 3310 926 3338 Doctr.
944 3307 1000 3337 SS.
1021 3308 1081 3337 PP.
1100 3305 1155 3336 lib.
1175 3304 1213 3336 de
1229 3303 1332 3335 obed.
1353 3314 1383 3334 11.
1407 3306 1438 3333 ss.
1463 3320 1501 3323 —
1524 3301 1537 3327 4'
1558 3298 1672 3331 Manli.
1695 3307 1766 3334 am,
1792 3298 1842 3326 12.

120 3370 132 3385 ³
154 3365 240 3397 Alias
257 3364 362 3403 deest,
382 3363 486 3397 bouoe.
502 3384 546 3389 ——
559 3359 576 3382 ¹³
593 3366 699 3405 Alias,
722 3367 753 3396 in
774 3364 880 3402 νηπία,-
900 3366 952 3397 5611
971 3365 1130 3396 mendose.
