2517 3920
360 90 434 125 803
1126 88 1160 123 S.
1193 87 1446 122 BERNARDI
1475 85 1678 122 ABBATIS
2362 87 2432 127 804

357 176 553 212 mentum,
576 166 680 216 quod
709 178 850 215 eorpus
877 173 1030 214 tegeret.
1058 164 1133 212 Qui
1157 164 1256 201 enim
1280 161 1423 213 plus⁵⁹¹
1439 162 1500 199 vio
1527 161 1675 199 occisus
1695 167 1775 204 est,
1802 158 1931 208 ibique
1957 160 2186 197 Holofernes
2205 174 2243 198 se
2263 164 2436 212 neglexit.
2461 164 2464 208 1

357 227 468 277 petit,
498 227 626 276 potius
655 225 866 263 Pharisaeus
896 225 1098 275 hypocrita
1120 223 1231 260 nobis
1258 223 1362 260 dice-
1387 230 1415 262 A
1435 222 1647 259 Comedens
1682 219 1878 257 Balthasar
1913 221 2046 257 mortis
2083 234 2158 257 suae
2187 225 2434 271 praenuntiam

360 297 440 333 tur,
463 288 529 337 qui
554 287 692 323 vestitu
716 287 904 323 honorem
930 293 1111 330 venatur,
1131 297 1244 334 quam
1267 296 1365 333 pau-

358 348 514 398 pertatis
534 347 762 396 evangelicae
784 345 991 395 discipulus
1013 353 1049 381 et
1066 344 1246 380 imitator.

408 409 443 445 2.
475 412 560 445 Non
588 408 668 444 haec
694 407 771 443 vita
793 415 874 452 est,
896 419 1009 455 quam
1040 418 1098 441 me
1121 413 1158 440 et
1181 413 1215 440 te
1237 403 1369 440 docuit

356 477 465 518 pater
493 476 530 505 et
559 467 818 518 praedecessor
849 474 979 502 noster
1009 463 1225 501 Bernartius
1251 463 1368 500 felicis

355 529 650 574 recordationi53
683 542 752 564 nec
787 526 946 572 modus,
978 539 1091 575 quem
1121 525 1241 561 nostri
1272 523 1368 560 sacri

355 589 510 627 Ordinis
530 589 684 625 abbates
707 597 744 624 et
762 587 937 624 monachi
958 594 1172 635 sequuntur
1185 614 1193 630 ,
1213 584 1278 634 qui
1299 597 1369 620 nos

355 663 454 700 pane
482 663 528 685 ex
552 662 673 685 avena
696 648 891 692 confecto,
914 655 950 683 et
978 645 1106 682 herbis
1127 645 1206 681 sine
1228 644 1314 680 oleo
1331 652 1369 679 et

356 710 562 747 abdomine
584 710 700 745 coctis
718 709 983 751 enutrierunt,
1002 715 1038 742 et
1056 705 1150 742 fabis
1170 705 1336 755 pisisque
1356 731 1365 748 ‚

355 772 438 821 ipso
463 771 574 807 etiam
602 769 791 806 Paschatis
819 768 913 804 sesto
935 767 994 802 die
1015 782 1021 802 :
1039 779 1124 815 quae
1146 765 1364 809 austeritas,

355 833 416 868 vel
443 832 575 868 similis
599 831 634 866 in
661 828 841 865 omuibus
861 827 1015 865 Ordinis
1037 825 1217 862 domibus
1235 824 1368 861 obser-

354 901 477 928 vatur.
493 895 537 928 Et
552 900 604 935 tu,
623 889 729 938 quasi
743 887 858 936 hujus
872 887 1026 924 Ordinis
1043 899 1121 922 non
1138 886 1249 930 fores,
1263 883 1367 920 cibos

1433 282 1529 319 vidit
1546 282 1788 331 scripturam.
1809 282 1856 316 Et
1872 280 1910 315 in
1931 280 2110 316 convivio
2130 280 2294 331 denique
2307 312 2316 329 ‚
2337 297 2434 333 prae-

1436 341 1678 379 ternaturalis
1710 339 1811 376 illius
1852 340 2044 385 Miraculi,
2088 354 2166 390 quo
2194 341 2315 391 majus
2340 346 2437 384 inter
2462 347 2463 380 ἶ

1437 402 1639 438 mulierum
1669 408 1779 436 natos
1810 412 1889 435 non
1919 399 2105 445 surrexit,
2133 409 2246 451 caput
2271 411 2436 444 ostenta-

1437 471 1517 499 tum
1541 470 1608 498 est.

1490 522 1525 558 4.
1555 519 1875 570 Quandoquidem
1905 534 1996 570 ergo
2025 528 2080 557 tot
2105 521 2203 557 male
2228 522 2437 573 perierunt,

1435 582 1632 633 quomodo
1660 580 1758 618 bene
1800 579 1865 616 tibi
1904 589 2029 630 potest
2062 580 2289 619 succedere?
2318 585 2361 620 In
2384 586 2435 623 tui

1435 643 1716 680 excusationem
1751 641 1863 678 affers
1891 641 2076 677 stomachi
2109 649 2147 678 et
2174 642 2305 692 capitis
2327 643 2435 682 dolo-

1436 717 1519 750 res,
1559 702 1742 753 quodque
1781 714 2006 738 communes
2041 700 2115 737 cibi
2155 701 2223 738 tibi
2259 703 2435 744 officiant.

1434 768 1527 801 Tota
1547 776 1650 800 erras
1671 763 1743 807 via,
1765 763 1793 799 si
1810 762 1942 799 credas
1959 762 2188 798 monachum
2207 763 2437 804 saecularium

1435 824 1642 861 medicinas
1663 824 1768 872 sequi
1794 829 1943 873 possea.
1967 822 2026 860 Ad
2048 824 2322 861 monasterium
2339 826 2435 864 enim

1435 886 1609 922 venimus
1625 913 1634 929 ‚
1664 892 1706 920 ut
1736 884 1891 934 corpori
1921 883 2275 929 incommoditates,
2300 893 2336 921 et
2362 899 2437 924 non
2463 881 2465 905 ³

357 952 424 988 tibi
445 963 629 1001 procuras
653 949 834 985 delicatos
853 956 889 983 et
910 948 1053 991 lautos,
1078 955 1119 982 ut
1139 946 1235 995 gulae
1257 945 1368 981 facias
1386 946 1412 979 B
1437 944 1640 982 commoda
1671 952 1708 980 et
1743 944 1961 994 voluptates
1994 957 2223 993 quaeramus.
2250 944 2287 982 Si
2313 954 2438 985 sancto
2463 937 2466 944 Α

355 1012 469 1049 satis?
487 1011 524 1048 Si
548 1009 682 1054 abbas,
704 1017 740 1044 et
760 1017 914 1044 tuorum
937 1007 1068 1056 regula
1089 1014 1125 1042 et
1145 1005 1367 1054 exemplum

354 1086 392 1109 es
409 1100 417 1116 ,
435 1072 500 1120 qui
521 1069 637 1107 audes
657 1082 788 1105 carnes
804 1069 944 1113 lautas,
962 1068 1083 1118 pisces
1099 1074 1293 1111 recentes,
1313 1064 1367 1100 di-

353 1130 568 1168 versimode
596 1138 771 1179 paratos,
800 1137 837 1165 et
869 1141 1007 1178 panem
1036 1136 1145 1163 extra
1175 1133 1367 1162 monaste—

356 1193 454 1229 rium
475 1205 496 1228 a
516 1189 740 1227 mulieribus
761 1198 911 1226 coctum
933 1187 1158 1224 comedere?
1178 1190 1262 1223 Non
1285 1185 1366 1222 sine

353 1251 503 1303 pudore
519 1250 619 1295 dico,
637 1249 740 1299 quod
761 1258 885 1286 tamen
906 1248 1124 1293 dicendum,
1138 1246 1243 1296 quod
1257 1246 1368 1282 multi

357 1321 445 1349 sunt
461 1312 500 1348 in
518 1311 579 1348 via
598 1311 691 1355 Dei,
715 1310 856 1347 subditi
878 1323 948 1346 suo
969 1308 1125 1353 abbate,
1146 1307 1368 1355 navigantes

355 1372 537 1409 nauclero
550 1399 559 1416 ,
574 1371 708 1407 milites
719 1369 812 1406 duce
829 1368 1094 1419 perfectiores:
1108 1367 1290 1416 quodque
1301 1374 1366 1401 tuo

356 1434 395 1469 in
425 1431 656 1468 monasterio
683 1431 792 1466 multi
819 1429 1082 1479 reperiantur,
1105 1427 1171 1477 qui
1198 1440 1244 1463 eo
1273 1435 1368 1462 tem—

354 1506 468 1543 pore,
491 1505 568 1541 quo
589 1499 629 1527 tu
652 1491 766 1527 horas
786 1490 908 1526 noctis
924 1489 1043 1526 coenis
1059 1488 1228 1538 opiparis
1243 1495 1280 1523 et
1297 1500 1365 1523 su-

355 1552 512 1603 perfluis
543 1552 739 1601 transigis,
767 1551 838 1600 ipsi
868 1549 1034 1586 orationi
1060 1556 1222 1594 vacant,
1247 1557 1284 1584 et
1317 1547 1365 1584 ad

356 1612 564 1664 expiandas
587 1613 718 1662 culpas
744 1620 781 1648 et
806 1624 938 1648 earum
959 1610 1222 1647 remissionem
1248 1608 1366 1645 disci-

354 1674 479 1724 plinas
498 1681 666 1709 sumunt.
683 1675 804 1720 Quam
823 1672 958 1722 procul
976 1670 1064 1708 abes
1079 1699 1088 1716 ‚
1112 1679 1222 1721 pater
1237 1679 1274 1707 et
1292 1670 1370 1706 fra-

358 1743 414 1770 ter
435 1734 505 1779 mi,
529 1747 549 1769 3
570 1733 661 1769 socii
683 1732 805 1769 nostri
825 1732 1062 1782 perfectione
1076 1761 1085 1777 ‚
1108 1731 1173 1780 qui
1194 1731 1278 1780 ipso
1300 1743 1371 1766 no·
1389 1730 1415 1766 C
1435 1749 1449 1764 »
1469 1738 1674 1781 pararunt,
1696 1729 1940 1766 comedentes
1954 1758 1964 1776 ,
1986 1729 2126 1766 horum
2146 1739 2303 1780 peccata
2321 1743 2440 1769 come-

357 1794 510 1830 vitiatus
530 1806 631 1829 anno
655 1792 768 1839 obiit,
790 1805 982 1842 quemque
1005 1790 1245 1828 abstinentiae
1265 1790 1370 1839 rigor

361 1855 407 1891 ad
428 1855 541 1890 finem
561 1867 682 1902 usque
699 1853 900 1889 comitatus
916 1855 988 1889 est!
1007 1856 1143 1901 Magna
1161 1851 1261 1888 enim
1278 1864 1367 1887 nau-

359 1929 421 1952 sea
448 1923 600 1964 captus,
626 1923 663 1951 et
690 1914 753 1951 ovi
774 1914 871 1950 cocti
893 1913 1082 1950 desiderio
1105 1912 1263 1948 affectus
1280 1941 1289 1957 ,
1308 1913 1371 1947 in-

360 1976 486 2012 dicare
508 1975 632 2011 noluit
652 1989 662 2025 ‘x
680 1988 726 2011 ne
747 1974 956 2011 voluntatis
976 1982 1013 2010 et
1030 1972 1223 2023 appetitus
1243 1972 1369 2021 negati

359 2035 496 2072 merito
532 2034 725 2071 excideret
743 2033 756 2085 >
793 2034 864 2070 11151
898 2034 1033 2070 ultimo
1072 2033 1159 2068 vitae
1194 2040 1339 2082 puncto
1358 2061 1368 2077 ,

360 2095 529 2144 dumque
546 2094 623 2144 jam
647 2095 811 2132 animam
837 2103 966 2143 ageret
981 2123 989 2138 ,
1008 2093 1144 2130 abbate
1162 2093 1267 2143 prius
1283 2106 1372 2143 pro-

361 2156 553 2202 mittente,
579 2156 686 2192 illum
713 2155 759 2192 ad
783 2155 855 2191 1100
878 2154 1108 2192 desiderium
1137 2153 1371 2204 explendum

361 2230 438 2253 non
460 2216 635 2253 adactum
654 2217 711 2253 iri.

418 2280 453 2316 3.
482 2276 610 2315 Abbas
638 2291 728 2327 ergo
760 2277 800 2312 in
834 2276 1038 2326 religione,
1066 2276 1183 2312 homo
1215 2275 1261 2312 ad
1290 2274 1373 2324 ejus

364 2339 584 2389 exemplum
610 2346 749 2375 statute
767 2366 775 2382 ‚
798 2336 864 2373 ubi
889 2345 945 2373 est
972 2345 1080 2373 tuum
1104 2337 1281 2373 meritum
1312 2335 1375 2372 tali

363 2401 509 2437 novitio
539 2398 866 2449 comparandum?
887 2398 924 2435 Si
946 2398 1119 2435 Christus
1138 2396 1372 2447 praedieatu-

363 2475 426 2498 rus
443 2460 612 2510 jejunat,
634 2462 663 2496 si
688 2460 804 2506 Elias,
828 2468 870 2496 ut
893 2473 1007 2495 curru
1028 2460 1140 2509 igneo
1163 2460 1372 2504 levaretur,

1434 1006 1552 1043 Paulo
1588 1004 1853 1041 fortitudinem
1881 1002 2045 1040 addebat
2076 1003 2295 1050 infirmitas,
2326 1018 2437 1055 quare
2463 1046 2466 1053 ,

1435 1066 1552 1102 domo
1585 1065 1753 1102 medium
1787 1073 1979 1101 tantorum
2012 1063 2205 1101 bonorum
2229 1072 2267 1101 et
2293 1077 2435 1104 causam
2464 1075 2466 1080 ’

1434 1125 1640 1162 exturbare
1670 1125 1830 1161 niteris?
1860 1124 1980 1162 Crede
2009 1124 2121 1170 mihi,
2144 1132 2253 1174 pater
2281 1125 2438 1172 mi‚sae-
2463 1163 2466 1171 ,

1434 1187 1520 1237 pius
1549 1194 1720 1223 sanctum
1746 1185 1982 1223 Bernardum
2008 1185 2135 1235 pultes
2151 1198 2198 1221 ex
2219 1185 2335 1222 farina
2354 1199 2438 1224 con·
2464 1176 2466 1202 ¹*

1435 1248 1571 1293 sectas,
1607 1246 1738 1283 addito
1775 1246 1862 1282 oleo
1897 1254 1934 1283 et
1966 1245 2100 1291 melle,
2138 1258 2225 1281 curn
2264 1247 2438 1297 scrupulo

1433 1308 1610 1344 edentem
1656 1307 1733 1343 vidi
1770 1306 1818 1344 ad
1854 1306 2094 1343 stomachum
2133 1306 2465 1346 calefaciendum'

1433 1372 1612 1417 Dumque
1649 1381 1736 1404 eum
1772 1366 1818 1403 de
1852 1366 1922 1403 hac
1953 1366 2172 1402 austeritate
2205 1379 2466 1416 accusarem,v

1435 1427 1528 1464 mihi
1555 1426 1779 1477 respondit:
1803 1443 1818 1458 «
1845 1425 1914 1464 Fili
1944 1425 2017 1472 mi,
2043 1425 2075 1462 si
2099 1425 2274 1462 monachi
2301 1425 2439 1478 obliga·
2464 1420 2465 1423 ¹

1436 1508 1450 1521 »
1473 1489 1616 1525 tionem
1652 1500 1804 1533 nosses,
1835 1487 1962 1523 omnis
1982 1485 2153 1524 buccella
2170 1516 2180 1533 ‚
2201 1500 2316 1537 quam
2343 1487 2439 1534 edis,
2464 1523 2465 1528 ,

1435 1567 1449 1582 »
1470 1548 1647 1598 lacrymis
1670 1547 1863 1597 irriganda
1884 1548 1994 1584 foret.
2011 1551 2056 1585 In
2084 1547 2158 1584 1100
2181 1548 2284 1585 0111111
2312 1562 2439 1587 mona·
2464 1578 2465 1585 ,

1438 1628 1452 1642 »
1472 1610 1629 1646 sterium
1647 1609 1834 1645 intramus
1847 1638 1856 1654 ‚
1875 1618 1915 1645 ut
1936 1617 2093 1659 peccata
2110 1617 2240 1646 nostra
2256 1618 2294 1646 et
2311 1610 2440 1660 populi

1439 1688 1454 1703 ι)
1476 1669 1740 1720 (10111010111115,
1768 1677 1805 1705 01
1826 1682 1963 1719 panem
1979 1698 1988 1715 ‚
2013 1682 2127 1720 quem
2150 1670 2226 1707 suis
2251 1669 2441 1708 laboribus

1438 1810 1452 1824 υ
1474 1791 1618 1837 dimus,
1648 1799 1690 1827 ut
1719 1804 1762 1827 ea
1796 1798 1976 1839 tanquam
2006 1790 2168 1840 propria
2196 1791 2402 1840 lugeamus.
2424 1809 2440 1826 ι,

1435 1851 1689 1900 Addebatque
1720 1859 1906 1901 praeterea
1929 1865 1937 1886 z
1961 1866 1975 1882 «
1995 1853 2072 1898 Nec
2098 1851 2238 1887 sufficit
2258 1851 2442 1889 monacho

1439 1930 1452 1945 »
1472 1912 1733 1949 infirmitatem
1769 1912 1944 1961 allegare.
1988 1912 2116 1950 Sancti
2150 1912 2252 1949 enim
2295 1921 2442 1963 patres,
2464 1912 2465 1915 ’

1438 1971 1637 2022 »majores
1674 1972 1818 2018 nostri,
1849 1973 1968 2009 valles
1993 1971 2170 2009 humidas
2206 1981 2245 2009 et
2277 1972 2439 2010 declives

1437 2051 1451 2066 »
1470 2032 1713 2069 monasteriis
1741 2032 1984 2069 exstruendis
2001 2031 2257 2082 indagabant,
2279 2041 2321 2070 ut
2347 2044 2443 2084 saepe

1439 2111 1453 2126 »
1473 2093 1614 2130 infirmi
1634 2093 1812 2130 monachi
1825 2121 1835 2138 ‚
1857 2102 1895 2130 et
1917 2101 2079 2130 mortem
2106 2102 2193 2130 ante
2224 2094 2355 2131 oculos
2381 2093 2441 2131 113-
2464 2086 2465 2090 ¹

1440 2172 1454 2187 »
1472 2153 1607 2191 bentes
1621 2183 1630 2200 ,
1662 2154 1786 2191 securi
1807 2167 1886 2191 non
1916 2154 2103 2192 viverent.
2125 2172 2141 2188 »
2161 2154 2199 2191 Si
2219 2167 2310 2204 ergo
2330 2153 2442 2192 sancti
2463 2153 2465 2158 ¹

1439 2215 1674 2264 :egritudinis
1692 2214 1816 2251 media
1832 2215 2054 2264 inquirunt,
2070 2221 2189 2265 quare
2207 2223 2249 2252 tu
2265 2212 2442 2252 1113111113-

1443 2289 1524 2325 gas,
1550 2284 1592 2312 ut
1614 2276 1714 2312 laute
1741 2275 1938 2313 habearis?
1968 2284 2006 2312 et
2031 2276 2062 2313 si
2087 2276 2159 2326 ipsi
2182 2275 2348 2312 medium
2373 2275 2442 2312 hoc

1445 2344 1639 2372 tantorum
1662 2335 1854 2373 bonorum
1876 2349 1988 2373 causa
2005 2335 2117 2373 nobis
2133 2344 2352 2382 accersunt,
2371 2347 2442 2387 qua
2461 2370 2466 2386 ,

1442 2396 1725 2447 dispensatione
1756 2406 1794 2434 tu
1823 2397 2045 2434 monasterii
2071 2396 2198 2444 bona,
2219 2395 2442 2435 infirmitatis

1440 2457 1684 2493 excusatione
1702 2457 1740 2493 in
1764 2458 1936 2507 corporis
1958 2457 2012 2494 tui
2037 2457 2328 2495 commoditates
2341 2458 2442 2495 insu·-
2462 2500 2463 2505 Ἰ

357 2521 533 2572 jejunat3
569 2522 599 2558 si
638 2521 814 2559 Ninivitae
844 2520 1035 2557 excidium
1072 2534 1183 2557 suum
1216 2519 1367 2569 jejunio
1384 2522 1416 2556 D
1436 2518 1505 2554 mis
1526 2526 1562 2554 et
1582 2517 1783 2567 prodigis?
1802 2517 1927 2567 Major
1952 2526 2008 2555 est
2022 2547 2032 2565 ,
2046 2518 2162 2555 frater
2187 2519 2266 2565 mi,
2286 2518 2440 2564 animae,
2461 2534 2465 2568 ς

362 2582 574 2628 redimunt3
604 2581 633 2618 si
662 2581 799 2618 Esther
821 2580 972 2630 jejunio
1001 2581 1188 2630 populum
1218 2588 1368 2624 servat,

364 2651 399 2679 et
419 2642 571 2679 Assueri
587 2641 889 2691 indignationem
907 2641 1030 2687 sedat3
1046 2641 1075 2677 si
1089 2649 1242 2677 sanetus
1259 2645 1373 2678 ,10311-

365 2717 431 2739 nes
463 2703 629 2752 Baptista
661 2711 778 2739 totam
812 2702 927 2738 vitam
947 2701 1098 2751 jejunio
1126 2702 1298 2751 transigit
1325 2701 1371 2738 ad

363 2763 462 2799 viam
488 2763 695 2812 Evangelio
718 2762 983 2808 sternendam,
1008 2771 1044 2798 et
1067 2762 1096 2799 si
1116 2762 1185 2798 hac
1208 2762 1266 2798 via
1286 2775 1373 2798 san—

365 2823 414 2858 cti
442 2824 707 2860 incesserunt:
735 2836 848 2872 quam
880 2831 921 2859 tu
950 2822 1017 2859 tibi
1037 2822 1135 2858 viam
1166 2822 1213 2858 ad
1234 2823 1372 2858 coelum

365 2884 524 2928 sternis,
551 2892 628 2919 tam
660 2883 848 2920 diversam
878 2883 976 2919 viam
1008 2883 1250 2932 ingrediens?
1275 2884 1373 2921 Gula

365 2944 578 2994 primorum
598 2953 800 2993 parentum
818 2952 1036 2980 nostrorum
1059 2943 1171 2993 periit
1185 2944 1374 2980 innoeen-

366 3005 428 3041 tia.
454 3003 590 3041 Ebrius
612 3008 692 3041 Noe
712 3004 892 3054 pudenda
913 3004 1072 3049 detexit,
1093 3013 1130 3040 et
1148 3004 1246 3042 Loth
1265 3004 1371 3041 ince-

365 3073 462 3101 stum
503 3065 702 3101 commisit.
736 3068 939 3114 Postquam
976 3064 1141 3101 comedit
1159 3094 1168 3109 ‚
1205 3065 1370 3101 surrexit

363 3124 551 3174 populus,
577 3132 614 3160 et
636 3123 809 3160 adoravit
829 3124 1003 3160 vitulum.
1029 3128 1152 3163 Amon
1171 3124 1209 3161 in
1233 3125 1368 3161 convi-

411 3264 423 3279 =
442 3257 524 3288 vide
542 3256 704 3299 epistolam
725 3259 742 3287 3
755 3260 788 3287 ’.5
807 3262 833 3286 et
853 3256 893 3286 ibi
913 3262 1009 3285 notas.

1437 2591 1553 2627 quam
1580 2578 1755 2627 corporis
1777 2579 1831 2615 tui
1855 2579 2070 2616 infirmitas.
2087 2579 2125 2616 Si
2145 2579 2246 2616 enim
2268 2579 2332 2616 illa
2349 2585 2442 2616 esset

1439 2639 1476 2675 in
1495 2638 1564 2675 Dei
1587 2638 1720 2688 gratia,
1745 2652 1821 2675 non
1846 2647 1920 2676 tam
1943 2637 2068 2676 debile
2085 2647 2183 2676 esset
2197 2651 2360 2690 corpus,
2374 2650 2442 2676 net·-

1439 2699 1535 2736 adeo
1563 2700 1724 2736 terrenis
1745 2699 1890 2737 deliciis
1916 2700 2093 2737 amicum.
2116 2699 2286 2737 Emenda
2304 2706 2441 2748 ergoet

1440 2761 1611 2797 curiosos
1644 2759 1814 2806 habitus,
1841 2770 1878 2797 et
1906 2761 2112 2811 exquisitas
2144 2761 2276 2812 epulas
2306 2759 2464 2798 (10νί13.;

1439 2821 1621 2868 Quamvis
1641 2821 1742 2857 enim
1766 2834 1902 2857 venam
1921 2834 1999 2858 non
2019 2821 2216 2871 explorem
2232 2850 2241 2866 ‚
2259 2820 2348 2857 novi
2366 2831 2440 2870 quo

1441 2881 1610 2918 remedio
1633 2881 1700 2918 tibi
1716 2882 1947 2920 medendum
1965 2883 2012 2919 sit
2028 2897 2037 2919 :
2057 2882 2164 2933 sique
2185 2882 2263 2919 haec
2282 2881 2441 2918 fraterna

1440 2950 1477 2979 et
1506 2956 1526 2979 a
1557 2943 1661 2980 socio
1693 2943 1865 2993 profecta
1895 2943 2109 2980 admonitio
2140 2956 2218 2980 non
2235 2939 2463 2987 suffecerit,!

1439 3016 1592 3041 necesse
1616 3004 1705 3051 erit,
1727 3012 1769 3041 ut
1798 3013 1980 3055 tanquam
2008 3004 2191 3055 praelatus
2218 3001 2436 3040 medicinam
2460 3010 2463 3029 ἰ

1438 3064 1650 3102 adhibeam.
