2565 3952
111 176 157 213 25
861 173 1122 209 PRAEFATIO
1161 172 1454 209 GENERALIS.
2158 183 2207 221 ‘26

111 268 395 322 improprium
413 278 461 308 ac
480 267 653 308 minime
673 264 897 306 litteralem
915 262 1176 319 quandoque
1197 262 1445 318 detorquet,
1467 264 1570 306 adeo
1588 270 1636 307 ut
1655 265 1801 308 ludere
1818 270 1962 323 potius
1979 272 2023 313 in
2044 276 2205 328 verbis,

109 360 238 401 quam
259 346 388 387 verba
408 347 498 401 ipsa
522 357 731 400 exponere
750 343 972 396 videatur3
995 343 1039 385 id
1059 355 1159 384 sane
1179 356 1225 384 ea
1243 343 1406 384 ratione
1426 356 1626 385 excusare
1645 345 1765 398 licet,
1788 347 1906 401 quod
1923 350 1967 390 in
1993 352 2209 407 Scriptura

109 425 389 480 multiplicem
408 437 598 475 sensum,
623 423 700 477 qui
719 421 772 463 ad
792 434 931 463 mores
948 421 1243 462 informandos
1263 422 1495 472 conducat,
1522 425 1792 466 accommode
1813 428 1905 468 erui
1923 441 2044 482 posse
2066 432 2206 474 credi-

109 503 221 545 derit
238 505 316 544 Vir
334 508 526 554 sanctUS,
548 499 784 556 praesertim
805 500 881 541 ubi
899 512 985 541 non
1000 499 1051 541 de
1065 498 1150 541 fide
1169 500 1325 553 agitur,
1348 499 1421 541 sed
1442 499 1494 541 dc
1514 502 1586 555 pio
1601 502 1788 556 quodam
1807 511 2058 558 argumento
2080 521 2206 551 exor-

107 581 248 623 nando
261 614 272 634 ,
293 581 345 623 ad
366 580 632 622 excitandam
651 580 809 621 scilicet
829 579 1075 621 auditorum
1092 581 1368 640 attentionem
1385 591 1432 620 ac
1453 578 1788 623 delectationem.

165 661 295 701 XXV.
326 661 421 701 Jam
452 672 554 700 vero
582 659 895 700 sanctissimum
922 658 1076 697 Virum
1103 668 1190 697 non
1216 660 1384 698 tantum
1412 658 1457 698 in
1484 658 1711 713 scripturae
1735 673 1885 715 sacrae,
1911 662 1985 705 sed
2007 665 2135 707 etiam
2163 668 2208 709 in

106 744 347 781 sanctorum
367 741 546 780 Patrum
564 739 744 780 lectione
764 739 957 793 apprime
974 769 984 789 ,
1010 740 1222 791 quantum
1248 734 1441 777 ferebant
1458 736 1587 777 variae
1607 737 1741 791 ipsius
1763 742 2060 794 occupationes
2073 774 2084 795 ,
2106 756 2205 785 ver-

105 823 243 859 satum
262 818 419 871 fuisse,
440 830 564 859 nemo
583 817 847 859 inficiabitur
860 849 870 869 ,
898 817 975 871 qui
1000 815 1090 870 ejus
1109 815 1265 869 scripta
1286 815 1513 869 diligenter
1534 816 1745 858 lectitarit.
1766 819 1873 859 Nam
1898 824 1938 861 et
1961 822 2107 863 Patres
2125 823 2206 864 ali-

104 897 277 952 quando
293 929 304 950 ,
332 910 567 952 eorumque
588 898 805 939 sententiae
826 898 870 937 in
888 896 955 937 his
978 894 1232 947 laudantur,
1255 899 1295 936 et
1320 894 1514 937 doctrina
1534 908 1682 937 eorum
1706 910 1783 951 per
1809 900 1951 940 omnia
1969 900 2059 955 ejus
2079 914 2207 956 opera

102 989 294 1031 respersa
321 981 397 1018 est.
421 976 543 1018 L'nde
566 990 664 1018 cuni
691 996 706 1011 α
732 989 916 1031 quercus
943 980 983 1016 et
1009 974 1128 1027 fagos
1156 992 1171 1008 u
1197 985 1239 1014 se
1267 974 1492 1027 magistros
1523 973 1722 1016 habuisse
1745 974 1850 1017 dicit
1872 973 1908 1029 ¹,
1938 977 1984 1019 id
2007 991 2056 1020 eo
2078 979 2207 1022 modo

103 1054 472 1109 interpretandum
497 1060 583 1108 est,
609 1068 738 1110 quem
754 1053 1043 1096 cardinalibus
1064 1053 1153 1106 ipse
1175 1051 1365 1105 suggerit
1387 1050 1433 1091 in
1450 1050 1562 1092 libro
1588 1056 1743 1106 quarto
1763 1051 1815 1094 de
1833 1054 2179 1099 Consideratione
2192 1090 2203 1111 ,

100 1146 143 1174 n.
173 1134 238 1186 12,
258 1146 410 1188 nempe
436 1153 450 1168 «
476 1133 519 1174 in
540 1134 657 1176 omni
676 1146 722 1175 re
743 1133 925 1174 orationi
948 1132 1046 1188 plus
1066 1131 1303 1182 fidendum,
1326 1142 1455 1184 quam
1474 1131 1659 1185 propriae
1678 1130 1899 1173 industriae
1920 1133 1988 1174 vel
2004 1133 2155 1188 labori,
2182 1155 2199 1172 »

100 1212 218 1267 quod
235 1211 452 1254 Bernardo
469 1224 514 1253 re
532 1211 708 1266 quidem
719 1223 818 1252 vera
831 1210 1064 1252 Gaufridus
1081 1206 1282 1265 aptavit&
1300 1209 1509 1250 Caeterum
1523 1214 1733 1263 quantum
1749 1222 1800 1251 ex
1816 1210 1995 1253 lectione
2012 1214 2202 1267 Patrum,

99 1290 333 1344 praesertim
356 1290 490 1330 sancti
506 1289 738 1342 Augustini
755 1320 764 1340 ,
787 1288 1040 1342 profecerit,
1063 1287 1218 1342 probat
1238 1287 1448 1340 imprimis
1468 1286 1578 1328 liber
1597 1287 1649 1328 de
1670 1289 1815 1329 Gratia
1834 1294 1875 1330 et
1894 1290 2048 1332 Libero
2070 1292 2202 1333 Arbi-

96 1369 200 1421 trio,
222 1367 342 1422 quod
362 1367 683 1421 Augustinianae
700 1365 904 1408 doctrinae
924 1365 1142 1407 eruditum
1165 1364 1383 1420 quoddam
1407 1367 1687 1407 summarium
1708 1371 1783 1408 est.
1814 1368 2091 1411 Ambrosium
2110 1373 2202 1413 Au—

100 1447 271 1501 gustino
288 1445 484 1501 adjungit
500 1446 546 1486 in
562 1445 740 1500 epistola
757 1457 833 1486 seu
853 1443 1070 1499 Opusculo
1087 1444 1329 1496 undecimo,
1352 1443 1406 1485 ad
1424 1445 1649 1498 Hugonem
1667 1445 1960 1499 Victorinum3
1981 1447 2202 1504 additque,

94 1524 146 1566 ab
170 1525 237 1567 his
268 1524 437 1567 duabus
472 1524 667 1566 Ecclesiae
699 1523 911 1565 columnis
931 1536 1017 1564 non
1035 1523 1158 1565 facile
1178 1536 1221 1564 se
1242 1523 1381 1565 avelli.
1405 1524 1686 1565 Athanasium
1712 1525 1814 1565 item
1831 1525 1977 1568 laudat
1997 1527 2040 1567 in
2061 1528 2202 1582 Opus-

92 1604 188 1646 61110
201 1603 366 1646 decimo
379 1636 390 1657 ,
409 1608 557 1645 contra
572 1605 748 1645 Petrum
764 1601 1074 1656 Abaelardum3
1094 1602 1326 1658 aliquando
1343 1604 1469 1645 etiam
1490 1604 1745 1658 Gregorium
1764 1606 1982 1659 Magnum.
2004 1607 2202 1661 Denique

90 1683 136 1725 in
153 1682 342 1724 clausula
358 1681 633 1723 homiliarum
650 1681 703 1723 de
725 1680 944 1722 Laudibus
961 1681 1150 1735 Virginis
1167 1713 1177 1734 ,
1203 1681 1338 1723 multa
1357 1695 1381 1723 a
1401 1682 1601 1723 Patribus
1624 1684 1832 1737 accepisse
1853 1697 1895 1725 se
1914 1685 2086 1727 fatetur.
2112 1688 2198 1728 Mi-

89 1775 187 1804 rum
222 1774 324 1803 vero
357 1766 442 1815 est,
478 1761 697 1803 hominem
729 1765 947 1813 sanctum,
980 1765 1043 1801 tot
1074 1759 1236 1802 morbis
1269 1765 1310 1801 61
1338 1760 1662 1802 infirmitatibus
1693 1761 1952 1815 obnoxium,
1987 1768 2051 1805 tot
2085 1766 2199 1807 curis

88 1841 359 1894 distractum,
385 1841 655 1896 negotiisque
677 1853 765 1881 non
798 1839 927 1881 modo
951 1839 1194 1881 domesticis
1216 1838 1230 1895 <
1251 1853 1346 1894 quaa
1370 1853 1468 1882 sanc
1488 1853 1564 1881 nec
1586 1840 1717 1892 levia,
1743 1853 1820 1881 nec
1844 1854 1978 1895 pauca
2010 1848 2131 1885 erant
2153 1845 2198 1886 in

87 1926 174 1962 tam
205 1933 434 1962 numeroso
457 1920 766 1961 monachorum
790 1924 903 1960 coetu
926 1917 966 1974 J,
992 1918 1066 1960 sed
1090 1920 1272 1961 maxime
1297 1918 1482 1974 publicis
1506 1919 1846 1974 interpellatum,
1872 1933 2020 1975 parem
2041 1921 2195 1975 fuisse,

86 2005 160 2042 aut
183 2005 247 2042 tot
269 2000 390 2041 libris
409 1999 622 2054 legendis,
644 2004 718 2041 aut
740 2004 828 2040 tam
847 1999 1017 2040 disertis
1040 1998 1306 2054 eruditisque
1331 2000 1500 2054 scriptis
1521 1999 1788 2041 elaborandis
1810 2014 1818 2040 z
1845 1999 1948 2042 adeo
1975 2005 2023 2042 ut
2044 2006 2199 2055 praeter

86 2078 279 2120 naturale
296 2078 536 2132 ingenium,
564 2076 683 2132 quod
705 2078 751 2118 in
767 2089 816 2118 eo
837 2077 1239 2118 excellentissimum
1262 2083 1303 2119 et
1328 2078 1682 2120 sublimissimum
1702 2084 1790 2120 crat
1804 2111 1814 2131 ,
1837 2079 2028 2121 divinam
2048 2093 2198 2135 quam-

85 2155 184 2198 dam
200 2157 283 2211 ipsi
299 2156 517 2211 loquenti,
538 2156 702 2210 agenti,
726 2155 919 2205 docenti,
939 2167 986 2195 ac
1003 2156 1206 2198 scribenti
1222 2157 1473 2210 sapientiam
1486 2155 1673 2197 adfuisse
1690 2169 1814 2197 nemo
1831 2156 2028 2198 dubitare
2045 2159 2193 2212 possit.

89 2234 207 2277 Unde
225 2253 240 2269 «
257 2234 476 2276 confessus
490 2238 553 2275 est
566 2233 818 2288 aliquando,
833 2252 847 2267 «
865 2234 923 2274 ait
939 2233 1187 2287 Gaufridus,
1213 2254 1228 2270 n
1247 2235 1330 2276 sibi
1347 2234 1571 2276 meditanti
1588 2235 1656 2275 vel
1674 2236 1814 2276 oranti
1830 2248 1992 2276 sacram
2009 2249 2192 2287 omnem,

91 2333 107 2349 »
131 2314 250 2356 velut
275 2313 355 2356 sub
383 2327 426 2355 se
452 2314 637 2368 positam
665 2318 706 2355 et
732 2314 992 2368 expositam,
1018 2314 1265 2367 apparuisse
1288 2314 1552 2368 scripturam
1568 2312 1594 2353 ὅ.
1619 2332 1634 2348 »
1659 2315 1749 2355 Ε151
1776 2327 1877 2356 vero
1899 2314 2023 2356 fateri
2044 2315 2194 2357 solitus

85 2398 200 2447 erat,
231 2406 275 2435 se
298 2393 452 2434 melius
477 2393 795 2447 scripturarum
826 2404 998 2433 sensum
1021 2393 1190 2447 assequi
1219 2411 1234 2427 a
1257 2393 1303 2433 in
1333 2393 1481 2447 primae
1505 2393 1683 2446 originis
1712 2406 1797 2434 suae
1822 2393 1961 2445 fonte,
1993 2406 2124 2448 quam
2148 2395 2194 2435 111

92 2493 107 2508 υ
132 2472 458 2516 decurrentibus
476 2473 794 2527 expositionum
810 2473 940 2525 rivis;
968 2477 1136 2513 sanctos
1161 2477 1303 2513 tamen
1325 2476 1366 2513 et
1384 2470 1647 2512 orthodoxos
1666 2484 1812 2512 earum
1830 2473 2090 2526 expositores
2106 2473 2191 2514 hu-

91 2572 107 2588 »
133 2553 289 2595 militer
309 2553 476 2607 legens,
501 2565 775 2607 nequaquam
795 2564 943 2593 eorum
966 2551 1162 2593 sensibus
1185 2564 1284 2593 suos
1309 2563 1457 2592 sensus
1481 2549 1700 2604 aequabat,
1723 2549 1797 2591 sed
1823 2550 2076 2605 subjiciebat
2097 2551 2191 2593 for-

91 2651 107 2668 n
128 2631 305 2674 mandos
326 2646 336 2673 :
360 2636 402 2673 61
425 2632 617 2686 vestigiis
642 2644 792 2673 eorum
818 2630 1004 2672 fideliter
1022 2632 1257 2683 inhaerens,
1282 2642 1391 2684 saepe
1414 2628 1466 2670 de
1491 2628 1630 2681 fonte,
1651 2628 1765 2669 unde
1792 2628 1856 2669 illi
1876 2629 2127 2681 hauserant,
2152 2634 2194 2671 et

91 2729 107 2746 »
132 2711 223 2766 ipse
252 2708 471 2753 bibebat⁴.
495 2730 511 2746 »
539 2712 638 2752 Haec
662 2710 797 2752 sancti
822 2711 1020 2752 Doctoris
1045 2723 1145 2765 erga
1171 2714 1337 2752 sanctos
1364 2710 1510 2750 Patres
1535 2707 1772 2748 reverentia
1803 2708 1961 2761 passim
1985 2707 2121 2749 elucet
2148 2707 2194 2748 in

86 2789 174 2844 ejus
201 2789 392 2844 scriptis,
421 2790 534 2830 utin
555 2788 733 2844 epistola
757 2789 1031 2842 nonagesima
1051 2793 1220 2840 octava,
1240 2801 1283 2829 n.
1311 2791 1325 2828 1
1346 2819 1356 2839 ,
1379 2799 1572 2828 sermone
1598 2787 1751 2840 quinto
1775 2787 1819 2827 in
1845 2787 2040 2840 Cantica,
2070 2801 2114 2829 n.
2138 2789 2163 2829 6
2179 2819 2190 2839 ,

86 2872 127 2910 61
146 2868 264 2910 alibi.
293 2868 363 2910 Ad
386 2881 457 2910 eos
481 2881 612 2923 porro
638 2867 839 2922 legendos
859 2868 996 2909 otium
1025 2868 1110 2922 ipsi
1134 2866 1342 2908 concessit
1366 2865 1533 2907 diutina
1557 2865 1629 2906 illa
1651 2864 1902 2918 infirmitas,
1926 2878 2022 2920 quae
2042 2868 2192 2921 primis

86 2947 345 3001 praefecturae
370 2960 457 2989 suae
482 2947 604 2988 annis
630 2947 773 3001 ipsum
793 2960 817 2988 a
843 2951 957 2988 coetu
981 2946 1165 2988 fratrum
1187 2945 1353 2997 abesse,
1379 2949 1420 2986 61
1443 2944 1567 2999 quasi
1589 2944 1808 2998 privatum
1827 2945 2005 2986 seorsim
2026 2946 2071 2987 in
2096 2958 2191 2987 mo-

85 3027 266 3069 nasterio
283 3027 436 3082 degere
451 3028 609 3082 coegit,
628 3027 769 3081 primo
789 3026 966 3081 quidem
989 3045 1004 3061 «
1027 3039 1078 3068 ex
1099 3029 1310 3081 praecepto
1334 3043 1349 3058 »
1375 3022 1593 3065 Guillelmi
1616 3041 1632 3056 «
1655 3023 1845 3077 episcopi
1870 3043 1886 3058 »
1913 3023 2193 3065 Catalaunen-

84 3105 167 3159 sis,
202 3125 219 3141 «
242 3111 284 3148 et
313 3107 517 3149 abbatum
542 3126 558 3142 »
587 3107 655 3148 sui
680 3105 880 3159 Ordinis,
905 3109 1086 3147 testante
1117 3104 1250 3146 altero
1282 3101 1511 3144 Guillelmo
1538 3100 1722 3153 abbate3
1757 3101 1911 3142 deinde
1937 3114 2039 3142 vero
2068 3115 2119 3143 ex
2147 3103 2191 3143 vi

83 3183 411 3238 ingravescentis
437 3184 700 3227 infirmitatis
718 3184 747 3227 ὅ.
773 3184 893 3227 *Vidit
912 3184 1035 3226 illum
1057 3182 1311 3227 Guillelmus
1341 3180 1472 3222 abbas
1496 3198 1511 3214 «ι
1536 3179 1738 3220 feriatum
1763 3178 1815 3220 ab
1839 3180 1956 3221 omni
1979 3180 2190 3221 sollicitu-

135 3359 245 3392 ‘Vitae
258 3361 349 3393 libro
368 3365 396 3402 1,
411 3371 449 3393 n.
467 3364 518 3393 23.
534 3380 574 3384 —
589 3361 812 3393 211)ῑ(1.11111“0
827 3365 861 3402 3,
876 3371 912 3392 n.
934 3364 960 3393 1.
979 3378 1020 3383 -—
1047 3359 1060 3378 ⁵
1078 3358 1161 3390 ibid.
1179 3362 1262 3392 11.7.
1288 3376 1325 3380 —-
1349 3356 1460 3388 ³1bid.
1475 3356 1568 3387 libro
1597 3359 1632 3394 1,
1656 3364 1692 3386 n.
1718 3357 1768 3386 24.
1786 3373 1825 3378 —
1840 3355 1962 3386 ⁵1bid.
1981 3363 2041 3386 nn.
2059 3357 2116 3395 33,
2135 3357 2185 3386 40.
