2517 3936
72 3906 73 3915 i

71 3922 74 3936 l

71 163 138 201 761

69 246 324 288 nuncupatur,
347 235 490 273 habens
511 235 558 271 dc
575 233 691 271 ebore
711 234 972 280 manubrium,
991 249 1077 271 cum

68 298 235 338 chartula
269 296 403 341 mitto,
443 302 633 344 quatenus
669 294 921 344 imposturam
961 308 1075 344 quam

69 359 263 398 avulsione
294 355 445 405 dignam
474 353 808 403 adjudicaveritis,
840 368 924 391 meo
950 355 1077 403 gladio

69 418 276 459 succidatis.
297 420 352 453 De
375 424 513 452 cretero
534 423 660 451 autem
680 428 819 465 precor
839 423 975 451 vestrae
998 416 1079 465 pie-

69 480 152 518 tatis
184 475 475 520 abundantiam,
508 488 554 511 nc
592 476 629 510 in
671 475 910 511 orationibus
940 476 1079 512 vestris

69 536 342 578 obliviscamini
371 535 465 580 mei,
499 535 587 584 quia
614 534 694 571 sine
725 534 920 571 oblivione
947 536 1078 584 quoti—

70 601 128 639 die
151 597 264 635 vestri
288 609 459 641 memor,
486 595 551 632 ubi
572 595 803 645 propensius
828 595 982 645 postulo
1004 596 1077 632 mi-

69 657 306 700 sericordiam
325 656 406 694 Dei.
428 656 570 692 Valete.

389 772 556 822 Explicit
581 772 754 822 epistola.

306 909 439 933 Ll-:cho
461 909 590 933 SANCTI
613 910 818 932 EVANuELII
839 911 846 933 Ζ

801 157 1151 193 EPISTOLARUM
1182 159 1447 196 APPENDIX.
2080 173 2096 180 ⁶
2119 171 2153 197 ‘0

2084 178 2153 209 sl)-

1097 243 1126 276 Α
1146 236 1295 284 spiritui
1322 237 1548 282 consulatis,
1566 239 1669 286 quod
1700 249 1755 275 est
1781 240 1817 276 in
1846 246 2045 292 proposito
2066 250 2156 285 sul)—

1145 296 1252 332 verti.
1275 296 1437 344 Quidam
1473 297 1572 332 enim
1601 299 1739 334 szeeulo
1771 299 2097 355 abrenuntiaturi*k
2116 317 2157 343 ut

1145 355 1245 391 salva
1274 369 1366 404 pace
1395 356 1566 392 omnium
1600 356 1786 407 dixerim)
1806 359 1958 396 illorum
1992 365 2154 401 maxime

1145 416 1477 451 conversationem
1515 417 1758 463 aemulantur,
1802 419 1942 468 quibus
1975 422 2158 470 majorem

1145 475 1441 512 sollicitudinem
1487 477 1623 512 incutit
1665 479 1789 514 carnis
1834 492 1910 516 suae.
1950 482 2156 530 fragilitas,

1146 549 1259 584 quam
1286 536 1442 585 spiritus
1467 536 1677 573 inlirmitas.
1703 538 1814 575 Isnde
1841 541 2079 588 gravioribus
2101 558 2161 579 re-

1146 596 1244 632 lictis
1283 595 1609 646 turpittnlinilms,
1640 599 1806 648 erapulae
1841 608 1965 636 tamen
1998 603 2160 651 applau-

1146 655 1264 702 dunt,
1284 665 1320 693 et
1353 665 1426 693 tani
1460 656 1635 693 ciborum
1661 672 1773 707 quam
1801 668 1963 709 potuum
2004 664 2161 711 exigunt

1146 717 1482 766 superlluitatmn:
1517 731 1594 754 non
1631 719 1719 755 satis
1753 719 1955 769 diligenter
1988 723 2162 760 animad—

1147 786 1362 823 vertentes,
1393 778 1510 815 multa
1543 779 1657 815 licere
1691 793 1776 829 quae
1815 794 1890 817 non
1924 782 2159 832 expediunt,

1148 837 1234 886 quia
1265 838 1478 887 profectum
1505 840 1726 889 poenitentis
1747 842 1914 889 graviter
1935 842 2160 892 impediunt.

1203 898 1237 934 ⁸2.
1261 902 1383 948 Super
1404 898 1473 935 hac
1497 913 1536 936 rc
1551 929 1560 945 ,
1579 900 1809 947 charissimi,
1832 903 2038 939 consulatis
2056 918 2162 950 cum,

1148 959 1232 1007 qui,
1266 959 1370 1008 quod
1404 960 1639 1010 impossihile
1676 970 1732 998 est
1764 961 2041 1013 cujuscumque
2074 965 2165 1014 legis

125 1017 167 1050 [7²
187 1015 249 1049 ‘'ll‘'
270 1020 434 1061 temporss’
451 1014 550 1047 ᾸῘ-ῑῐῐ
565 1012 668 1048 Jews
693 1013 887 1060 ‘ll'SCl'lmll'S
906 1018 985 1049 sais
999 1027 1080 1062 1)(1-
1103 1026 1130 1060 Β
1152 1019 1426 1067 observantize,
1442 1022 1479 1058 in
1501 1035 1578 1071 quo
1600 1023 1816 1059 inlirmatur
1834 1038 1902 1074 per
1919 1038 2070 1061 earnem
2084 1054 2092 1070 ,
2118 1025 2165 1062 dc

71 1074 234 1113 rabulam
251 1072 363 1118 hanc,
387 1080 459 1109 etc.

72 1221 1078 1234 ιιιιιιιιιιιιιιιιιιιιιιιιιιιιιιιιιιιιιιιιιιιιιιιιιιιιιιιιιιιιιιιιιιιιι

215 1350 592 1409 EPISTOLA
651 1351 925 1411 CDLVIJ

202 1509 251 1531 AD
280 1508 461 1538 QUOSDAM
491 1508 664 1532 NOVl'rl-:R
694 1496 951 1534 CONVERSOS*.

71 1630 219 1660 Hortatur
234 1627 274 1659 ad
295 1627 503 1659 constantiam
522 1627 676 1670 propositi
697 1628 767 1659 vitae
790 1627 942 1669 religiosae
959 1651 966 1665 ,
989 1634 1019 1659 et
1041 1639 1081 1659 ne

193 1688 342 1715 anteactae
359 1682 430 1713 vitre
451 1682 587 1725 peccatis
603 1693 636 1713 se
656 1682 807 1713 deterreri
826 1682 942 1713 sinant.

1146 1090 1303 1130 peccato
1325 1081 1521 1118 damnavit
1546 1092 1745 1132 peccatum
1772 1084 1808 1119 in
1835 1098 1970 1131 carno,
1994 1085 2164 1134 utjusti-

1146 1142 1272 1178 licatio
1306 1143 1398 1192 legis
1424 1143 1461 1179 in
1490 1143 1546 1179 his
1574 1144 1812 1194 impleretur,
1835 1146 1999 1194 quinon
2028 1160 2161 1183 seeun-

1146 1201 1237 1238 dum
1273 1216 1426 1239 carnem
1466 1203 1676 1240 ambulant.
1719 1206 1951 1253 Quicumque
1983 1206 2084 1242 enim
2123 1211 2161 1242 in

1146 1275 1261 1298 carm:
1286 1272 1390 1308 sunt,
1408 1264 1487 1299 sive
1516 1264 1553 1300 in
1584 1263 1735 1309 habitu,
1756 1265 1834 1301 sive
1858 1274 1965 1302 extra
1989 1266 2161 1303 habitum

1146 1323 1359 1373 religionis,
1395 1323 1425 1359 si
1455 1337 1572 1360 verax
1605 1332 1685 1370 est,
1722 1325 1797 1360 imo
1834 1325 1925 1374 quia
1957 1339 2073 1362 verax
2107 1336 2164 1363 est

1145 1385 1375 1434 Apostolus,
1399 1387 1480 1420 Deo
1500 1387 1656 1433 placere
1684 1399 1756 1421 mm
1777 1395 1935 1434 pomum
1950 1393 1972 1422 ¹.
1997 1388 2162 1423 Multum

1146 1444 1247 1480 enim
1276 1445 1369 1481 citra
1399 1445 1615 1494 profectum
1654 1446 1829 1495 prolicit,
1862 1446 1938 1483 imo
1964 1447 2062 1484 infra
2091 1448 2164 1484 im-

1147 1505 1358 1555 perfectum
1389 1505 1636 1542 vehementer
1663 1506 1811 1553 delicit,
1831 1506 1939 1556 cujus
1961 1507 2049 1557 gula
2070 1507 2164 1544 deus

1148 1575 1214 1603 est.
1251 1567 1489 1613 Consulatis,
1526 1568 1702 1617 inquam,
1741 1568 1951 1604 Dominum
1989 1577 2163 1605 nostrum

1147 1630 1277 1664 Jesum
1301 1627 1518 1674 Christum,
1547 1629 1612 1678 qui
1642 1642 1718 1664 non
1745 1629 1869 1664 solum
1892 1628 2163 1677 languoribus,

1147 1688 1213 1726 sed
1240 1696 1277 1725 et
1303 1689 1443 1725 nostris
1472 1688 1669 1725 erroribus
1698 1689 1831 1725 volens
1853 1689 2021 1735 mederi,
2040 1689 2085 1725 de
2112 1702 2168 1725 se-

1147 1757 1253 1786 creto
1271 1762 1340 1785 suo
1357 1748 1404 1785 ad
1422 1748 1620 1798 publicum
1638 1757 1812 1785 nostrum
1833 1748 1975 1798 prodiit
1990 1764 1999 1793 ς
2017 1757 2052 1785 ct
2067 1749 2168 1785 inter

123 1812 155 1849 1.
176 1813 298 1861 Super
320 1809 426 1847 bono
448 1809 586 1846 nuntio
601 1839 610 1856 ,
631 1809 735 1859 quod
766 1808 812 1846 de
832 1808 944 1845 vobis
973 1808 1078 1845 auri·
1100 1816 1128 1852 C
1150 1810 1230 1846 haec
1251 1818 1289 1846 et
1308 1810 1371 1846 illa
1394 1809 1557 1846 afferens
1583 1809 1815 1854 remedium,
1837 1808 1934 1844 sicut
1962 1809 2166 1858 languores

71 1871 139 1910 bus
171 1871 311 1908 nostris
346 1870 542 1915 insonuit,
582 1870 831 1906 vehementer
863 1870 991 1919 gavisa
1024 1878 1080 1906 est

72 1931 193 1970 anima
211 1945 316 1978 mea,
337 1939 375 1968 et
401 1931 606 1968 exsultavit
634 1945 702 1968 cor
727 1944 854 1967 meum
880 1931 917 1967 in
946 1931 1080 1968 Domi-

73 2005 143 2040 no,
160 1992 224 2043 qui
245 2006 314 2029 vos
334 1992 526 2043 praescivit
550 2000 588 2028 et
612 1992 899 2042 praedcstinavit
926 1992 1081 2028 consor-

72 2066 147 2091 mes
167 2053 246 2090 fieri
266 2052 441 2102 imaginis
459 2052 543 2090 Filii
564 2052 645 2098 sui,
668 2060 706 2089 et
727 2065 864 2089 vocare
886 2051 1079 2101 dignatur,

72 2122 113 2151 ut
133 2114 172 2151 in
193 2113 373 2164 praesenti
389 2112 593 2162 justificet,
616 2121 654 2150 et
673 2113 861 2163 glorificet
878 2114 914 2149 in
938 2114 1081 2149 futuro.

71 2174 292 2212 Benedictus
322 2178 425 2211 Deus
453 2181 491 2210 et
518 2177 630 2211 Pater
656 2174 814 2211 Domini
843 2174 964 2211 nostri
994 2177 1084 2210 Jesu

30 2261 34 2264 ⁴
73 2234 226 2280 Christi,
249 2234 315 2284 qui
329 2233 446 2283 jussit
471 2234 602 2270 lumen
623 2247 735 2270 suum
757 2234 1024 2284 splendescere
1045 2235 1084 2271 in

74 2293 250 2332 cordibus
267 2294 404 2332 vestris
425 2309 433 2330 :
459 2303 649 2344 quatenus
666 2304 958 2332 contemnentes
973 2294 1087 2345 hujus

75 2354 196 2392 saeculi
222 2354 409 2391 vanitates
442 2363 480 2391 et
506 2355 672 2392 insanias
699 2355 829 2402 falsas,
849 2355 895 2392 ad
921 2356 1087 2405 glorian-

75 2415 209 2453 damin
227 2429 294 2467 spe
306 2416 439 2466 gloriae
451 2417 618 2454 filiorum
634 2418 718 2464 Dei,
729 2417 775 2455 de
791 2418 934 2455 intimis
949 2418 1084 2455 animae

74 2476 244 2514 medullis
267 2476 424 2514 trahatis
449 2478 637 2528 suspiria,
660 2479 844 2528 eligentes
874 2487 912 2515 et
936 2493 1086 2530 propo—

75 2544 202 2574 nentes
230 2536 369 2587 abjecti
397 2550 479 2574 esse
510 2538 547 2574 in
571 2538 687 2575 domo
708 2540 779 2576 Dei
810 2540 951 2586 nostri,
968 2539 1087 2589 magis

1147 1871 1347 1908 evacuavit
1372 1871 1542 1907 moriens
1569 1870 1606 1906 in
1640 1882 1774 1914 cruce,
1799 1869 1849 1905 ita
1869 1877 1907 1905 et
1934 1882 2084 1905 errores
2105 1868 2168 1905 (lc-

1148 1931 1308 1977 struxit,
1330 1939 1368 1967 et
1384 1944 1511 1968 mores
1529 1930 1730 1976 instruxit,
1749 1929 1839 1966 dum
1863 1929 1961 1965 vixit
1978 1929 2016 1965 in
2039 1943 2165 1966 carne.

1148 1996 1234 2042 Ipse
1268 1991 1474 2037 nimirum,
1506 1999 1640 2042 utpote
1672 1991 1739 2040 qui
1768 2002 1927 2039 peccare
1958 2002 2034 2026 non
2058 1998 2169 2040 pote-

1150 2062 1227 2097 rat,
1249 2061 1285 2089 et
1309 2053 1579 2090 universorum
1604 2051 1795 2090 Dominus
1812 2059 1912 2097 erat,
1931 2064 2015 2087 cum
2037 2050 2169 2087 mundi

1150 2113 1265 2163 hujus
1289 2114 1434 2150 deliciis
1459 2113 1578 2150 libere
1601 2122 1637 2149 et
1657 2112 1757 2162 juste
1787 2112 1841 2148 uti
1870 2112 2080 2162 potuisset,
2104 2126 2170 2147 vo-

1152 2175 1355 2211 luntariam
1395 2182 1661 2225 paupertatem
1695 2181 1820 2209 tamen
1861 2181 1934 2208 tam
1969 2172 2170 2221 diligenter

1154 2236 1353 2285 amplexus
1380 2244 1456 2281 est,
1475 2244 1517 2271 ut
1550 2248 1620 2271 nec
1644 2234 1754 2270 etiam
1785 2232 1944 2269 haberet
1966 2232 2030 2269 ubi
2055 2241 2170 2282 caput

1154 2310 1264 2333 suum
1298 2297 1511 2333 reclinaret.
1538 2300 1580 2332 In
1614 2294 1724 2344 cujus
1750 2294 1985 2344 paupertatis
2016 2307 2170 2330 exsecu-

1155 2357 1258 2394 tione
1292 2365 1434 2394 tantam
1469 2356 1644 2393 exhibuit
1678 2356 1779 2393 Patri
1813 2354 2096 2398 obedientiam,
2129 2363 2170 2390 ut

1152 2432 1230 2455 non
1249 2419 1371 2455 solum
1392 2418 1567 2463 delicias,
1592 2417 1656 2454 sed
1678 2426 1716 2453 et
1742 2430 1780 2453 se
1802 2417 1927 2465 ipsum
1957 2415 2027 2451 sihi
2048 2415 2168 2451 aline—

1152 2479 1316 2529 gaverit,
1354 2488 1488 2530 petens
1527 2479 1564 2515 in
1609 2477 1788 2514 omnibus
1826 2490 1903 2513 nou
1943 2489 2072 2519 suam,
2104 2476 2169 2511 sed

1153 2540 1275 2577 Patris
1300 2541 1381 2577 lieri
1409 2541 1659 2577 voluntatem.
1677 2538 1750 2587 Qui
1780 2551 1871 2587 ergo
1890 2536 2082 2573 hominem
2110 2549 2171 2572 er-

74 2609 182 2646 quam
202 2597 375 2635 habitare
395 2598 435 2634 in
457 2600 632 2636 tentoriis
653 2609 913 2650 peccatorum.
937 2600 1088 2637 Confir-
1104 2609 1137 2643 D
1154 2610 1302 2638 rantem
1334 2602 1372 2638 in
1409 2600 1613 2638 solitudine
1649 2608 1687 2636 et
1722 2599 1759 2635 in
1794 2598 1982 2646 inaquoso
2015 2605 2169 2633 venerat

76 2665 149 2694 met
163 2667 288 2696 autem
310 2662 412 2696 Deus
434 2659 471 2696 in
494 2658 605 2697 vobis
625 2660 772 2697 bonum
794 2660 900 2710 quod
920 2661 1084 2711 inspira-

76 2717 128 2755 vit
147 2720 405 2770 propositum,
430 2734 478 2757 ne
503 2722 683 2772 antiquus
704 2731 740 2758 et
764 2722 939 2759 inimicus
966 2722 1085 2759 hostis

78 2777 228 2816 humani
252 2780 401 2829 generis
428 2794 497 2818 vos
525 2782 586 2818 vel
613 2795 634 2818 a
660 2781 860 2832 proposito
890 2790 1082 2826 avertere,

80 2838 134 2875 vel
153 2838 375 2877 subvertere
395 2841 518 2891 possit
537 2842 575 2878 in
593 2842 796 2892 proposito
814 2857 821 2878 :
842 2856 888 2878 ne
910 2842 1088 2879 videlicet

77 2895 290 2937 blandiente
319 2899 432 2938 vobis
463 2915 562 2938 vana
583 2911 621 2939 ct
652 2903 783 2939 insana
812 2901 927 2952 hujus
961 2903 1088 2939 saeculi

80 2955 345 3008 delectatione,
364 2961 411 2998 ad
437 2963 711 3013 perficiendam
741 2963 866 3000 carnis
889 2977 1019 3000 curam
1049 2964 1087 3000 in

80 3015 270 3058 desideriis
299 3022 468 3060 animum
499 3023 628 3061 denuo
658 3024 865 3069 revocetis,
895 3024 1001 3074 quod
1033 3033 1088 3061 est

81 3080 196 3116 averti
223 3094 245 3118 a
268 3083 468 3133 proposito
499 3099 506 3121 :
535 3092 601 3121 aut
629 3084 667 3121 in
700 3084 784 3134 ipso
817 3084 1011 3133 religionis
1039 3085 1090 3121 in-

81 3138 191 3177 troitu
221 3168 232 3186 ,
275 3141 582 3180 lenocinantibus
631 3143 912 3194 imperfectioni
960 3152 1093 3180 vestrae

81 3199 297 3239 extrinsecis
319 3203 648 3241 consolationibus
664 3234 673 3251 ,
694 3204 797 3241 carni
832 3204 961 3254 potius
979 3218 1092 3254 quam

134 3337 142 3353 ¹
155 3335 246 3365 Rom.
261 3343 321 3364 vm
337 3358 344 3373 ,
367 3338 399 3367 8,

250 3386 264 3400 «τ

1152 2660 1336 2698 reducere
1360 2661 1398 2696 in
1429 2661 1528 2696 viam
1558 2667 1721 2703 rectam,
1746 2665 1787 2693 ut
1816 2657 1887 2692 iret
1918 2656 1955 2691 in
1978 2655 2168 2691 civitatem

1151 2720 1422 2767 habitationis,
1450 2719 1702 2757 salubriorem
1741 2726 1777 2754 et
1812 2716 2043 2753 securiorem
2082 2715 2171 2751 red—

1153 2782 1269 2818 eundi
1297 2782 1397 2819 viam
1425 2781 1603 2831 exemplo
1637 2793 1714 2816 suae
1743 2775 2044 2814 conversationis
2063 2774 2173 2811 nobis

1154 2842 1345 2886 ostendit,
1365 2842 1459 2878 nihil
1483 2841 1685 2892 proprium
1713 2839 1750 2875 in
1771 2836 1918 2873 mundo
1945 2834 2168 2885 possidens,

1155 2904 1258 2940 Patri
1297 2902 1482 2940 obediens
1512 2915 1635 2951 usque
1671 2899 1717 2936 ad
1751 2906 1927 2935 mortem.
1958 2895 2052 2945 Ejus
2082 2909 2171 2945 ergo

1155 2964 1333 3013 exemplo
1364 2963 1509 2999 deliciae
1543 2961 1655 2998 nobis
1682 2958 1869 3009 fugiendae
1904 2965 2011 3001 sunt,
2033 2964 2071 2992 et
2102 2955 2173 2991 bo-

1159 3037 1251 3060 num
1269 3023 1497 3060 obedientiae
1520 3031 1599 3060 toto
1623 3021 1758 3058 mentis
1779 3034 1820 3056 ac
1842 3017 2015 3067 corporis
2031 3025 2170 3052 conatu

1159 3083 1469 3134 amplectendum
1490 3098 1496 3119 :
1514 3091 1555 3119 ut
1575 3082 1639 3131 qui
1663 3077 1922 3117 inobediendo
1949 3075 2170 3112 recessimus

1161 3158 1181 3181 a
1197 3148 1278 3181 Deo
1293 3173 1302 3190 ,
1322 3158 1391 3194 per
1409 3143 1637 3180 obedientiae
1660 3142 1776 3191 legem
1799 3138 1921 3175 redire
1943 3148 2166 3172 mersamur.

1162 3204 1234 3241 Sed
1265 3212 1354 3241 sunt
1382 3204 1448 3253 qui
1474 3203 1607 3240 dicunt
1631 3218 1638 3238 :
1666 3200 1810 3250 utquid
1840 3199 1877 3234 in
1907 3195 2053 3232 miseria
2085 3203 2164 3229 tor-

1221 3342 1233 3357 a
1250 3340 1353 3367 Antea
1370 3335 1500 3377 epistola
1517 3337 1595 3365 385.
