2517 3936
20 487 32 506 7·
51 496 55 502 .

82 173 95 209 1
106 171 179 208 309

641 173 928 211 TRACTATUS
959 176 1024 210 DE
1053 176 1304 213 GRADIBES
1333 179 1597 216 SUPERBIAE.

2060 189 2157 225 1:310

77 251 107 287 si
132 250 219 299 quis
240 248 447 285 contendat
468 247 506 284 in
533 260 579 283 eo
599 250 705 298 quod
725 251 873 288 somnia
891 265 956 288 sua
973 250 1191 288 adhuc-'³⁷⁴in
1215 253 1409 290 levitatem
1431 256 1568 301 animi,
1590 268 1673 304 quse
1706 259 1892 297 sccundus
1919 262 2055 310 gradus
2085 273 2154 306 cst,

75 309 383 348 adolescentulus
404 307 605 354 narrabat,
628 322 793 358 quorum
821 319 912 348 tunc
944 320 1085 361 myste—
1102 307 1229 357 A‘cito
1249 312 1450 350 delabitur.

74 371 173 408 rium
194 369 423 421 ignorabat,
457 369 663 405 vanitatem
688 383 800 419 posse
832 373 977 419 notari3
1018 386 1088 422 ego

75 440 202 468 tamen
237 429 420 480 mysterio
450 429 569 479 magis
601 429 680 466 sive
712 431 945 480 simplicitati
978 434 1090 482 pueri

55 485 337 542 “deputandum
363 489 545 536 arbitror,
571 502 687 539 quam
707 490 878 527 vanitati.
902 495 997 539 Quae
1031 500 1093 528 ta-

75 565 182 598 men,
216 552 247 588 si
266 564 342 601 qua
367 550 460 597 fuit,
483 563 552 600 per
583 563 626 586 ea
646 562 743 598 ,quae
772 563 907 599 passus
934 551 1091 601 legitur,

74 612 201 664 potuit
220 611 378 662 expiari.
392 610 596 648 Nonnullis
619 609 721 645 enim
743 609 868 659 aliqua
888 610 1093 660 aliquando

73 672 121 710 de
152 685 191 710 se
214 685 285 722 per
309 671 582 708 revelationem
605 668 778 718 jucunda
807 678 1093 717 monstrantur,

75 747 162 784 quae
182 733 253 770 etsi
274 733 467 770 humanus
493 731 642 768 animus
665 729 810 779 absque
831 730 907 766 ulla
927 730 1092 767 vanitate

73 793 170 830 scire
189 805 270 830 non
290 801 440 843 potest,
463 805 544 828 non
570 791 695 828 minus
714 790 801 827 ideo
819 791 970 828 eveniet
987 791 1092 841 quod

73 846 328 891 monstratum
349 861 428 899 est;
462 852 515 889 sic
545 860 671 888 tamen
691 859 734 888 ut
762 851 827 888 illa
848 851 996 888 vanitas
1017 851 1091 887 im-

73 914 209 964 punita
226 927 305 950 non
321 913 388 960 sit,
407 927 484 963 qua
498 912 545 949 de
563 910 826 962 magnitudine
847 911 1093 948 revelationis

72 983 139 1012 aut
170 974 440 1026 promissionis
476 974 515 1010 in
536 987 575 1011 se
610 973 671 1010 vel
706 972 842 1009 leviter
872 972 1089 1009 exsultarit.

72 1035 177 1073 Sicut
192 1035 294 1072 enim
312 1035 483 1072 medicus
495 1063 504 1080 ,
532 1047 612 1071 non
631 1033 755 1071 solum
774 1041 972 1083 unguento
985 1062 994 1079 ,
1024 1033 1090 1069 sed

1515 437 1689 476 CAPUT
1718 439 1792 478 XI.

1214 554 1262 582 De
1275 551 1410 582 secundo
1425 551 1521 593 gradu
1538 552 1690 594 superbia*
1704 577 1711 591 ,
1731 553 1782 595 qui
1797 561 1841 585 cst
1853 555 1959 587 levitas
1973 560 2065 590 animi
2077 564 2100 591 ⁸.

1216 673 1277 709 39.
1302 673 1509 711 Monachus
1529 674 1644 719 enim,
1667 675 1731 724 qui
1757 676 1814 712 sui
1842 678 2045 727 negligens,
2068 681 2160 717 alios

1159 733 1306 769 curiose
1339 733 1622 784 circumspicit,
1664 735 1754 772 dum
1786 737 1970 786 quosdam
2003 741 2159 789 suspicit

1159 793 1375 842 superiores
1389 823 1398 840 ,
1427 794 1611 843 quosdam
1632 793 1791 845 despicit
1810 796 2009 834 inferiores
2031 814 2037 834 :
2063 807 2099 835 et
2122 800 2158 836 iu

1160 852 1241 889 aliis
1261 853 1415 902 quidem
1442 854 1547 891 videt
1570 854 1675 904 quod
1697 855 1868 903 invidet,
1892 857 1928 893 in
1954 858 2034 894 aliis
2057 860 2159 907 quod

1160 913 1303 951 irridet.
1328 915 1422 951 Inde
1447 916 1487 952 fit
1508 925 1547 953 ut
1568 930 1637 966 pro
1657 916 1865 954 mobilitate
1885 920 2083 956 oculorum
2107 921 2160 956 lc-

1160 975 1306 1024 x'igatus
1339 976 1512 1022 animus,
1547 977 1649 1026 nulla
1673 978 1802 1027 utiquc
1832 979 1887 1014 sui
1911 993 1999 1015 cura
2027 994 2159 1029 aggra-

1158 1044 1287 1081 vatus,
1320 1036 1434 1073 niodo
1458 1051 1528 1087 per
1552 1037 1767 1087 superbiam
1788 1038 1834 1074 ad
1861 1039 1934 1076 alta
1955 1053 1993 1076 se
2013 1041 2151 1090 erigat,

22 1096 46 1105 “’
74 1095 162 1145 igne
181 1096 304 1132 utitur
320 1104 358 1132 et
378 1095 494 1141 ferro,
513 1108 591 1145 quo
609 1107 724 1131 omne
746 1094 851 1144 quod
868 1094 907 1130 in
929 1094 1087 1131 vulnere
1106 1098 1133 1132 B
1156 1095 1270 1132 modo
1295 1110 1363 1146 per
1383 1097 1564 1133 iuvidiam
1583 1098 1620 1133 in
1638 1098 1712 1134 ima
1730 1098 1921 1148 demergat
1942 1115 1949 1135 :
1970 1114 2068 1136 nunc
2088 1114 2155 1150 per

0 2778 5 2859 ἓ

1 2863 6 2925 1

0 2947 7 3006 ’ἱ

3 3009 7 3028 1

62 1155 244 1192 sanando
264 1155 502 1206 superfluum
526 1154 761 1201 excreverit,
795 1161 897 1191 secet
922 1162 959 1190 et
980 1162 1083 1200 urat,

71 1228 120 1253 ne
141 1215 355 1262 sanitatem,
380 1229 462 1265 quae
492 1228 537 1251 ex
570 1223 769 1265 unguento
791 1213 988 1264 procedit,
1009 1214 1084 1250 im-

71 1276 204 1326 pediat
223 1289 232 1311 ε
250 1277 304 1314 sic
330 1276 501 1313 medicus
519 1276 738 1313 animarum
758 1279 860 1313 Deus
882 1274 1086 1324 hujusmo—

72 1336 111 1374 di
139 1337 275 1374 animae
295 1345 481 1388 procurat
509 1337 752 1382 tentationes,
775 1335 945 1372 immittit
962 1335 1085 1372 tribu-

70 1397 244 1445 lationes,
263 1396 403 1447 quibus
426 1396 567 1433 afflicta
593 1405 631 1433 et
657 1396 878 1442 humiliata,
903 1395 1085 1446 gaudium

69 1466 194 1495 vertat
207 1458 247 1495 in
259 1458 407 1495 luctum
416 1487 426 1505 ,
442 1457 717 1495 revelationem
730 1464 841 1507 putet
857 1455 1085 1493 illusionem.

68 1518 183 1557 Unde
204 1519 247 1556 fit
265 1527 308 1556 ut
335 1519 503 1556 vanitate
530 1528 656 1555 careat
672 1547 681 1564 ‚
715 1527 752 1555 et
775 1518 915 1555 veritas
937 1518 1087 1554 revela—

69 1579 185 1616 tionis
219 1592 299 1616 non
331 1587 478 1630 pereat,
518 1579 577 1616 Sic
610 1579 718 1616 Pauli
757 1578 980 1615 extollentia
1019 1591 1088 1628 per

52 1638 244 1676 'stimulos
269 1638 392 1676 carnis
412 1638 638 1688 reprimitur
662 1645 687 1685 ¹,
709 1647 746 1675 et
774 1638 854 1688 ipse
880 1638 1086 1675 revelatio-

69 1699 182 1737 nibus
197 1699 344 1737 crebris
363 1700 563 1737 attollitur.
589 1699 648 1737 Sic
668 1699 857 1736 Zachariae
881 1691 1086 1735 infidelitas

68 1760 208 1810 linguae
227 1759 462 1810 obligatione
484 1759 692 1796 mulctatur
711 1766 737 1806 ²,
755 1768 792 1796 et
807 1759 932 1808 angeli
946 1759 1086 1795 veritas

68 1833 139 1857 suo
156 1821 196 1857 in
219 1829 393 1870 tempore
411 1820 688 1857 manifestanda
711 1833 790 1856 non
816 1828 997 1856 mutatur.
1028 1819 1086 1857 Sic

1152 1156 1335 1193 invidiam
1354 1158 1528 1206 nequiter
1553 1157 1730 1204 tabescit,
1751 1172 1852 1195 nunc
1876 1173 1943 1209 per
1965 1161 2154 1197 excellen—

1154 1216 1241 1252 tiam
1265 1217 1462 1266 pueriliter
1479 1218 1681 1254 hilarescit.
1707 1222 1751 1254 In
1774 1219 1892 1255 altero
1912 1233 2093 1269 nequam,
2114 1221 2153 1256 iu

1151 1277 1269 1313 altero
1301 1291 1446 1323 vanus,
1489 1279 1527 1314 in
1560 1287 1721 1328 utroque
1755 1279 1942 1329 superbus
1986 1280 2110 1316 existit
2143 1295 2150 1316 ι

1152 1337 1241 1385 quia
1264 1345 1301 1373 et
1323 1337 1426 1387 quod
1450 1339 1620 1387 superari
1644 1351 1680 1374 se
1702 1338 1826 1383 dolet,
1849 1348 1884 1374 et
1908 1339 2011 1388 quod
2034 1353 2149 1388 supe—

1154 1411 1236 1434 rare
1257 1411 1295 1434 se
1316 1397 1473 1447 gaudet,
1495 1411 1601 1434 amor
1619 1399 1784 1448 propriae
1800 1399 2032 1435 excellentiae
2052 1400 2150 1436 facit.

1154 1461 1230 1495 Has
1261 1467 1386 1495 autem
1412 1458 1527 1494 animi
1552 1457 1829 1495 xicissitudines
1858 1472 1958 1495 nunc
1977 1472 2097 1508 pauca
2119 1467 2155 1495 et

1154 1519 1372 1564 mordacia,
1406 1533 1506 1556 nunc
1536 1519 1657 1555 multa
1687 1527 1723 1555 ct
1755 1519 1901 1565 inania3
1927 1532 2027 1555 nunc
2051 1519 2153 1564 risu,

1156 1593 1256 1616 nunc
1289 1580 1391 1616 luctu
1420 1581 1552 1630 plena,
1587 1592 1736 1629 semper
1768 1592 1858 1615 vero
1882 1577 2155 1615 irrationabilia

1154 1640 1322 1676 indicant
1344 1639 1472 1676 rerba.
1496 1644 1699 1689 Compara,
1720 1639 1749 1675 si
1773 1639 1846 1685 vis,
1870 1640 1939 1675 hos
1959 1639 2052 1676 duos
2075 1639 2154 1689 pri-

1155 1715 1237 1737 mos
1258 1700 1444 1750 superbiae
1468 1700 1605 1749 gradus
1626 1700 1810 1750 supremis
1834 1699 1982 1736 duobus
2001 1700 2152 1736 humili-

1156 1761 1240 1797 tatis
1262 1776 1268 1797 :
1295 1769 1330 1797 et
1353 1761 1437 1796 vide
1454 1762 1482 1797 si
1502 1774 1577 1796 non
1595 1761 1631 1796 in
1651 1760 1784 1796 ultimo
1805 1760 2017 1805 curiositas,
2035 1760 2072 1795 in
2087 1773 2147 1809 pe-

1155 1821 1317 1858 nultimo
1343 1822 1476 1857 levitas
1502 1820 1712 1856 cohibetur.
1735 1819 1778 1856 Id
1801 1820 1923 1868 ipsum
1950 1820 1988 1855 in
2011 1820 2153 1856 caeteris

67 1893 138 1930 per
159 1880 321 1930 gloriam
347 1889 385 1917 et
404 1878 688 1930 ignobilitatem
716 1880 836 1916 sancti
854 1880 1060 1930 proficiunt
1078 1909 1087 1927 ‚
1108 1884 1134 1920 C
1154 1882 1343 1932 reperies,
1376 1882 1404 1918 si
1428 1882 1653 1918 alterutrum
1675 1889 1954 1929 comparentur.
1983 1880 2053 1916 Sed
2072 1879 2150 1929 jam

67 1940 160 1978 dum
180 1941 280 1978 inter
300 1940 506 1990 singularia
531 1940 633 1977 dona
651 1954 736 1990 quae
754 1940 957 1990 recipiunt,
979 1953 1085 1976 com-

65 2003 172 2039 muni
205 2002 408 2039 hominum
440 2001 610 2038 vanitate
632 2002 778 2051 pulsari
809 2014 848 2038 se
882 2001 1051 2037 sentiunt
1074 2016 1082 2036 :

64 2071 109 2100 ut
127 2062 219 2100 dum
244 2076 315 2113 per
335 2063 495 2112 gratiam
516 2075 633 2112 supra
660 2076 699 2099 se
719 2061 865 2111 aliquid
891 2069 1055 2098 cernunt
1068 2089 1078 2106 ,

65 2137 146 2161 non
165 2123 443 2161 obliviscantur
464 2122 571 2173 quod
591 2131 692 2160 sunt.

119 2186 183 2222 38.
209 2184 282 2223 Sed
311 2184 403 2234 quid
428 2184 474 2221 de
496 2183 796 2221 revelationibus
817 2183 863 2220 ad
880 2181 1083 2219 curiositass

67 2247 167 2282 tem?
182 2248 240 2282 De
266 2243 406 2294 quibus
435 2253 478 2281 ut
503 2244 584 2281 haec
605 2258 676 2295 per
697 2257 893 2281 excessum
912 2242 1083 2279 intermi-

65 2319 225 2353 scerem,
241 2306 331 2342 inde
352 2306 500 2343 occasio
519 2314 672 2357 sumpta
689 2314 758 2351 est,
778 2319 863 2342 cum
880 2303 1082 2341 ostendere

63 2368 215 2414 vellem,
233 2365 447 2417 reprobum
476 2368 655 2417 angelum
684 2374 772 2403 ante
801 2371 931 2403 'casum
965 2377 1076 2401 suum

65 2428 118 2465 sic
145 2427 317 2478 potuisse
338 2427 551 2478 praevidere
569 2428 691 2473 illam,
718 2440 832 2477 quam
860 2434 946 2476 post
967 2438 1077 2462 acce-

64 2488 148 2539 pit,
169 2489 208 2525 in
239 2487 429 2539 reprobos
459 2488 636 2525 homines
669 2487 997 2532 dominationem,
1035 2494 1078 2522 ut

67 2557 193 2586 tamen
221 2562 329 2586 suam
357 2562 435 2586 non
470 2549 665 2599 praesciret
695 2548 996 2585 damnationem.
1021 2550 1078 2584 De

65 2623 143 2660 quo
157 2609 272 2646 etiam
291 2609 488 2645 nonnullis
509 2609 796 2659 quaestiunculis
816 2609 929 2645 motis
948 2607 1078 2657 magis,

64 2683 179 2720 quam
199 2669 334 2707 solutis
347 2697 357 2715 ,
379 2669 495 2705 totius
516 2669 853 2719 disputatiunculae
872 2669 952 2705 haec
971 2682 1077 2705 sum-
1097 2667 1129 2701 D

31 2735 50 2766 ὲ
64 2743 127 2767 ma
145 2730 193 2767 sit
221 2744 229 2766 :
253 2728 360 2779 quod
377 2742 448 2779 per
472 2729 730 2766 curiositatem
753 2743 773 2766 a
795 2730 956 2766 veritate
979 2729 1078 2765 ceci-

27 2777 44 2801 '⁴
63 2789 183 2838 derit,
219 2789 310 2840 quia
338 2789 445 2840 prius
479 2791 665 2840 spectavit
689 2790 864 2837 curiose,
888 2789 993 2839 quod
1027 2789 1080 2829 as-

64 2850 220 2887 sectavit.
252 2849 383 2886 illicite
398 2878 408 2896 ,
432 2850 600 2899 speravit
633 2858 952 2900 praesumptuose.
988 2852 1008 2885 J
1012 2861 1079 2885 ure

43 2910 180 2962 ,igitur
203 2911 242 2948 in
271 2909 454 2960 gradibus
474 2909 664 2960 superbia:
685 2910 854 2961 primum
881 2909 1081 2947 curiositas

69 2971 238 3010 vindicat
251 2970 336 3017 sibi,
355 2985 441 3021 quae
458 2971 571 3008 etiam
586 2972 743 3008 inventa
759 2979 814 3008 est
831 2971 983 3008 initium
1001 2982 1081 3006 esse

64 3031 189 3069 omnis
205 3031 366 3083 peccati.
397 3031 471 3070 Sed
502 3031 577 3069 nisi
608 3032 690 3069 haec
706 3032 817 3069 citius
840 3030 1076 3075 cohibeatur,

111 3173 122 3188 ¹
141 3170 173 3199 11
191 3168 265 3199 Cor.
282 3177 356 3204 ΧΠ,
379 3169 410 3198 7.
428 3184 473 3189 --
490 3172 503 3188 ²
523 3170 599 3199 Luc.
629 3179 642 3198 1
655 3192 663 3206 ‚
684 3170 740 3198 20.
756 3185 802 3189 ——
817 3165 830 3188 3
850 3167 952 3198 Eccle.
976 3176 1044 3203 vu,
1069 3168 1099 3196 5.

108 3229 122 3244 ἔ·
140 3226 225 3258 Huic
240 3225 411 3269 opponitur
440 3226 622 3258 undecimus
647 3227 758 3269 gradus
789 3226 990 3261 humilitatis.
1010 3228 1113 3256 Pauca
1138 3223 1255 3255 scilicet
1285 3227 1315 3252 et
1345 3219 1543 3251 rationabilia
1572 3218 1667 3250 verba
1692 3217 1796 3258 loqui,
1819 3215 1897 3251 leui,
1922 3224 1984 3244 nou
2003 3212 2136 3242 clamosa

65 3291 152 3312 voce.

1153 1942 1200 1978 ad
1239 1943 1392 1979 tertium
1432 1941 1634 1987 docendo,
1672 1953 1750 1976 non
1787 1939 2050 1976 descendendo
2083 1953 2151 1975 ve-

1152 2003 1310 2039 niamus.

1498 2120 1673 2159 CAPUT
1703 2120 1799 2158 XII.

1230 2249 1277 2277 Dc
1291 2245 1381 2276 tertio
1395 2243 1491 2286 gradu
1504 2242 1657 2285 superbire
1671 2267 1678 2281 ‚
1695 2242 1747 2284 qui
1760 2248 1803 2273 est
1818 2242 1922 2284 inepta
1938 2240 2041 2272 laetitia
2054 2235 2079 2272 b.

1209 2368 1267 2404 40.
1290 2365 1493 2415 Proprium
1515 2372 1569 2401 est
1598 2362 1870 2413 superborum,
1894 2363 1977 2398 laeta
2001 2374 2147 2410 semper

1150 2435 1331 2478 appetere
1346 2455 1355 2472 ,
1386 2434 1422 2462 et
1448 2424 1565 2460 tristia
1593 2423 1760 2459 devitare
1775 2422 1909 2471 ,juxta
1931 2421 2024 2458 illud
2045 2436 2053 2457 :
2080 2422 2149 2456 Cor

1144 2491 1336 2529 stultorum
1359 2485 1420 2521 ubi
1442 2488 1576 2520 loecitia
1591 2483 1617 2519 3.
1633 2483 1744 2521 [nde
1774 2491 1810 2518 et
1838 2481 2060 2525 monachus,
2081 2481 2145 2529 qui

1146 2550 1244 2586 duos
1263 2547 1342 2597 jam
1363 2545 1550 2596 superbire
1571 2543 1708 2592 gradus
1731 2542 1943 2588 descendit,
1966 2541 2054 2577 dum
2075 2554 2145 2590 per

1147 2609 1404 2646 curiositatem
1438 2606 1483 2642 ad
1507 2605 1622 2641 animi
1646 2605 1833 2640 levitatem
1858 2602 2030 2647 devenit,
2057 2614 2141 2637 cum

1145 2669 1325 2720 gaudium
1350 2666 1453 2717 quod
1476 2678 1624 2714 semper
1643 2664 1805 2713 appetit,
1827 2662 2013 2712 frequenti
2036 2661 2142 2698 videt

1146 2728 1371 2779 interpolari
1407 2726 1581 2770 tristitia,
1620 2737 1731 2773 quam
1769 2722 1814 2759 de
1845 2722 1956 2758 bonis
1988 2721 2142 2757 alterius

1148 2789 1362 2834 contrahit3
1397 2785 1596 2835 impatiens
1627 2797 1702 2819 suae
1726 2781 2015 2826 humiliationis,
2050 2780 2143 2829 sugit

1147 2848 1195 2885 ad
1218 2847 1417 2884 consilium
1443 2845 1541 2881 falsae
1565 2842 1845 2879 consolationis.
1871 2844 1926 2877 Ex
1949 2840 2012 2876 illa
2036 2839 2143 2875 deni—

1148 2922 1222 2958 que
1244 2915 1369 2957 parte,
1394 2918 1467 2954 qua
1496 2904 1566 2940 sibi
1598 2916 1664 2940 sua
1688 2902 1834 2947 vilitas,
1859 2909 1896 2937 et
1925 2900 2045 2954 aliena
2073 2913 2142 2936 ex-

1148 2967 1322 3004 cellentia
1354 2972 1610 3009 monstratur,
1640 2961 1831 3010 restringit
1862 2960 2113 3010 curiositatem
2133 2987 2142 3005 ‚

1148 3037 1189 3065 ut
1212 3036 1335 3064 totum
1365 3039 1403 3062 se
1428 3024 1628 3061 transferat
1648 3023 1687 3059 in
1710 3021 1938 3059 contrariam
1962 3028 2105 3070 partem
2131 3033 2138 3054 :

114 3327 131 3350 ι’
147 3333 231 3365 Huic
246 3333 418 3375 opponitur
437 3332 576 3364 decimus
592 3333 704 3374 gradus
722 3331 905 3363 humilitatis
919 3355 926 3367 ,
947 3330 999 3372 qui
1014 3336 1077 3367 est,
1099 3338 1162 3359 nou
1180 3338 1245 3358 csse
1260 3326 1378 3357 facilem
1400 3331 1450 3356 aut
1466 3330 1643 3366 promptum
1658 3321 1696 3352 ad
1711 3321 1815 3351 risum.
