2517 3920
349 200 441 237 1191

1111 202 1145 235 S.
1178 200 1430 235 BERNARDI
1461 199 1661 235 ABBATIS

2325 201 2423 238 1192

343 293 414 330 pro
432 278 570 329 quibus
588 278 761 315 Salvator
779 285 907 326 rogat,
933 290 980 313 ne
1002 280 1184 327 pereant?
1205 274 1631 326 anuiii-³¹⁰(›be‹licntia
1655 273 1722 319 sit,
1741 280 1778 309 et
1798 273 1942 309 crimen
1963 286 2041 309 non
2069 274 2127 310 sit.
2150 278 2205 312 Eu
2229 276 2422 313 nnumin-

342 339 475 376 obrem
490 351 567 374 non
581 337 713 382 video,
730 351 798 373 cur
812 337 863 373 ita
877 350 1030 373 onmem
1048 337 1345 374 inobedientiam
1369 337 1395 369 A
1414 344 1569 372 ventum
1591 341 1647 370 est
1674 331 1861 368 monacho
1880 333 1962 369 leve
1982 346 2025 369 ac
2041 335 2187 371 veniale
2205 344 2422 385 peccatum,

339 408 377 436 et
392 398 730 447 transgressionem
750 397 808 433 vel
826 397 1072 433 minimorum
1088 396 1347 446 quorumlibet

339 459 607 496 mandatorum
624 456 923 506 exaggerandam
946 456 1188 506 putaveritis,
1213 464 1254 492 ut
1280 469 1345 492 cx—

338 518 551 555 clamaretis
580 532 587 554 :
617 516 729 565 Quod
760 530 851 565 ergo
875 515 953 565 jam
984 516 1171 553 monacho
1206 517 1347 565 poterit

339 579 485 616 veniale
504 587 702 628 peccatum
725 590 804 613 esse
822 577 882 612 vel
907 577 1006 620 leve,
1025 575 1134 625 cujus
1158 576 1346 613 univcrsae

338 638 478 675 actioni
494 638 637 674 crimen
654 636 854 672 insidiatur
874 635 1163 672 inobedientiae?
1179 635 1251 673 Sed
1273 635 1345 671 hoc

336 699 426 735 inde
446 698 621 735 videlicet
642 704 815 733 constare
837 696 1010 740 creditis,
1035 695 1139 744 quod
1162 695 1343 745 praelato-

337 772 420 795 rum
437 757 672 807 jussionibus
694 765 839 793 tautum
871 755 1115 791 tribuendum
1143 756 1344 802 asserit-ur,

335 828 521 868 quantum
542 819 571 855 si
589 818 768 854 divinitus
792 815 1042 852 traderentur.
1062 816 1177 863 Quasi
1193 829 1284 852 vero
1307 824 1345 853 et

335 881 416 929 ipsa
435 879 650 927 evangelica
673 885 860 927 praecepta
885 876 1147 928 noirmultmn
1175 875 1274 912 inter
1305 889 1343 913 se

334 940 569 987 discrepent,
595 946 632 974 et
659 936 796 973 merito
828 935 1129 981 observationis,
1152 943 1189 971 et
1218 944 1344 973 trans-

335 998 536 1048 gressionis
556 997 739 1047 periculo.

700 1121 876 1160 CAPIJT
905 1121 978 1159 XI.

399 1254 556 1293 Praeccpta
572 1260 637 1280 esse
654 1249 801 1290 imparia.
825 1247 965 1288 adeoque
986 1246 1271 1289 transgressionem.

387 1359 448 1395 25.
465 1362 649 1396 Caeterum
672 1357 767 1393 sicut
782 1369 856 1391 non
876 1354 1005 1392 omnia
1024 1355 1136 1391 unius
1150 1367 1230 1390 esse
1246 1368 1341 1391 con-

332 1427 405 1456 stat
421 1419 477 1455 vel
496 1418 727 1455 necessitatis
739 1446 748 1463 ,
765 1417 824 1453 vel
840 1416 1011 1453 utilitatis
1023 1445 1031 1461 ,
1048 1416 1107 1452 vel
1125 1415 1316 1465 dignitatis
1332 1431 1339 1453 :

331 1479 383 1516 sic
416 1493 493 1515 non
514 1492 591 1515 una
619 1478 666 1515 de
693 1477 865 1514 onmium
897 1475 1196 1525 transgressione
1223 1476 1342 1513 fertur

331 1539 517 1575 sententia
530 1568 538 1584 ,
553 1552 622 1575 nec
639 1537 743 1587 paria
763 1545 917 1573 manent
935 1536 1155 1573 discrimina
1172 1535 1341 1586 dispares

331 1600 472 1649 culpas.
498 1603 615 1636 Porro
638 1612 705 1634 nec
727 1597 810 1647 pari
830 1597 942 1647 culpa
963 1597 1226 1646 negliguntur,
1256 1610 1341 1646 quae

331 1673 409 1696 non
429 1659 512 1709 pari
530 1673 621 1696 cura
649 1658 948 1708 praecipi11ntur3
972 1671 1042 1694 nec
1065 1657 1148 1707 pari
1177 1657 1341 1707 proinde

331 1733 444 1770 poena
470 1719 698 1769 puniuntur.
728 1722 824 1755 Ecce
851 1717 953 1754 enim
986 1717 1234 1765 Evangelium
1265 1726 1338 1754 tam

331 1779 514 1829 flagitium
533 1779 718 1828 crapulae,
741 1791 855 1827 quam
877 1777 1140 1814 fornicationis
1169 1778 1338 1827 turpitu-

331 1840 458 1876 dinem
485 1839 651 1876 damnat.
673 1842 814 1876 Verum
836 1837 920 1886 quis
946 1838 1064 1886 magis
1087 1850 1164 1873 non
1186 1837 1340 1874 horreat
1359 1844 1384 1880 C

331 1914 351 1936 e
372 1899 524 1936 duobus
545 1899 672 1944 malis,
694 1897 932 1947 turpitudine
951 1896 1101 1942 soedari,
1123 1909 1235 1947 quam
1255 1897 1342 1934 cibo

332 1960 563 1997 exsaturari?
580 1963 716 1996 Nonne
733 1958 897 2007 denique
914 1957 1061 1995 Veritas
1080 1958 1117 1993 in
1137 1959 1342 2007 Evangelio

331 2018 403 2055 sub
424 2018 643 2055 nominibus
666 2016 782 2054 trabis
797 2025 834 2054 et
855 2017 1004 2053 festueae
1025 2024 1051 2063 ¹,
1069 2030 1202 2066 graves
1220 2018 1341 2055 leves-

333 2092 408 2128 que
438 2078 617 2115 discernit
635 2077 904 2113 inobedientiae
925 2077 1080 2126 culpas?
1103 2080 1238 2113 *Nonne
1258 2078 1341 2127 ipsa

334 2139 570 2188 disputante,
591 2138 668 2174 imo
691 2137 916 2183 definiente,
937 2136 1121 2186 gradatim
1141 2137 1253 2174 nobis
1279 2138 1339 2175 di-

332 2199 554 2248 stinguitur,
576 2212 660 2248 quae
692 2198 830 2247 cuique
856 2197 977 2234 reatui
999 2211 1112 2247 poena
1133 2197 1340 2246 debeatur,

333 2258 423 2295 dum
445 2258 559 2294 alium
571 2257 718 2306 judicio
733 2287 742 2303 ,
760 2258 873 2294 alium
896 2258 1075 2304 consilio,
1094 2258 1210 2294 alium
1228 2268 1265 2295 et
1279 2272 1342 2309 ge-

332 2318 457 2354 henna
484 2331 590 2354 reum
619 2331 698 2355 esse
724 2326 958 2368 protestatur
976 2320 1020 2354 ²?
1048 2322 1229 2367 Quaenam
1251 2333 1341 2369 ergo

332 2377 593 2427 consequendi
613 2378 812 2415 necessitas
827 2379 947 2427 cogit,
967 2387 1008 2414 ut
1024 2378 1054 2414 si
1075 2380 1261 2428 magistris
1281 2380 1341 2417 di—

332 2437 422 2473 vina
440 2437 552 2473 detur
570 2437 609 2473 in
627 2436 703 2473 suis
724 2437 924 2486 praeceptis
945 2439 1169 2483 auctoritas,
1193 2440 1342 2476 nullum

332 2495 419 2532 ideo
441 2495 520 2544 jam
553 2495 742 2532 monacho
771 2496 854 2532 leve
883 2504 949 2532 aut
966 2497 1114 2533 veniale
1143 2506 1341 2547 peccatum

332 2555 496 2592 inveniri
517 2568 629 2605 posse
649 2563 825 2605 putetur3
847 2563 885 2592 et
906 2555 1012 2605 quod
1043 2555 1126 2605 ejus
1153 2558 1342 2596 universae

333 2615 472 2652 actioni
500 2615 645 2652 crimen
673 2615 875 2652 insidietur
905 2615 1203 2654 inobedientiae?
1229 2622 1340 2664 Esto,

333 2677 379 2711 sit
399 2676 561 2721 crimen,
585 2676 645 2712 cui
665 2676 823 2725 poenalis
844 2676 907 2712 illa
927 2676 1100 2725 gehenna
1120 2678 1179 2713 vel
1198 2679 1340 2727 gehen-

334 2736 427 2771 nalis
446 2749 559 2785 poena
581 2736 792 2785 assignatur
811 2751 817 2772 :
837 2736 967 2785 quale,
990 2749 1141 2786 quaeso,
1159 2738 1253 2775 illud
1273 2739 1340 2776 de—

334 2795 508 2831 finiemus
536 2808 616 2831 esse
642 2795 806 2840 crimen,
843 2795 970 2845 quod,
990 2797 1158 2834 Veritate
1185 2797 1338 2847 judice,

333 2866 440 2889 reum
465 2862 610 2890 tantum
632 2855 720 2891 facit
733 2854 906 2904 judicio?
922 2860 999 2893 Nec
1014 2865 1140 2894 tamen
1163 2858 1340 2898 diffitebi-

333 2926 418 2950 mur
439 2926 518 2950 esse
540 2922 684 2950 reatum
700 2943 709 2959 ,
733 2916 837 2964 quod
858 2917 917 2952 vel
938 2917 1121 2954 hactenus
1138 2931 1245 2955 reum
1267 2929 1339 2958 sta-

333 2973 415 3010 tuit.
437 2973 549 3021 Quod
567 2973 597 3009 si
617 2982 761 3010 reatum
775 3003 784 3020 ,
804 2984 840 3012 et
855 2986 1066 3025 peccatum.
1086 2981 1206 3015 Porro
1223 2993 1337 3019 omne

330 3041 528 3082 peccatum
562 3041 694 3069 contra
722 3035 791 3070 Dei
825 3036 1045 3085 mandatum
1076 3040 1333 3088 praesumitur.

329 3093 441 3141 Quod
463 3101 587 3129 autem
611 3100 743 3129 contra
766 3095 984 3132 mandatum
1000 3099 1264 3148 praesumitur,
1280 3102 1335 3138 in-

328 3151 545 3189 obedientia
567 3151 717 3188 dicitur.

382 3212 442 3248 26.
462 3211 559 3248 Hinc
579 3211 790 3260 colligitur,
817 3212 921 3261 quod
939 3213 1044 3252 irasci
1064 3216 1190 3264 fratri,
1212 3228 1248 3255 ct
1272 3221 1332 3256 in-

406 3337 602 3375 Mamm-11,
624 3340 652 3370 4.
667 3356 709 3361 —
727 3345 738 3360 ²
756 3339 802 3370 ld.
820 3349 851 3379 ν,
872 3342 924 3370 22.
945 3359 984 3362 -
1004 3339 1133 3383 31Reg.
1160 3355 1215 3376 xv.
1243 3348 1282 3375 ‘³13

1413 394 1595 443 quodque
1614 406 1690 429 non
1712 391 1890 437 humani,
1914 392 1978 429 sed
2003 392 2124 430 divini
2154 394 2322 431 mandati
2347 403 2423 432 sta-

1414 461 1493 489 tuat
1525 462 1854 502 transgressorem.
1884 455 1926 488 In
1949 452 2021 489 1100
2050 466 2188 502 genere
2210 463 2421 504 transgres-

1412 513 1529 550 sionis
1547 522 1635 550 sunt
1649 512 1834 548 nonnulla
1851 512 2089 562 stultiloquia
2106 527 2173 551 seu
2186 514 2420 564 vaniloquia,

1412 582 1449 609 et
1473 586 1634 622 quaeque
1658 572 1778 608 otiose
1799 571 1918 617 dicta,
1939 572 2034 609 facta
2048 601 2058 618 ,
2081 582 2118 610 et
2138 574 2312 623 cogitata.
2339 577 2421 611 Hu—

1407 632 1578 682 jusmodi
1595 633 1696 670 enim
1715 645 1910 681 nunquam
1933 632 2002 669 nisi
2029 642 2164 670 contra
2182 633 2421 679 mandatum,

1411 701 1448 729 et
1468 694 1535 731 Dei
1566 692 1788 729 mandatum
1816 701 2064 742 usurpantur.
2089 697 2248 731 Peccata
2277 693 2421 744 quippe

1411 761 1521 800 sunt,
1543 761 1579 789 et
1598 757 1701 790 Deus
1722 751 1901 802 prohibet
1922 766 2035 790 omne
2056 762 2254 804 peccatum
2279 769 2287 791 :
2307 762 2345 791 et
2365 762 2421 791 ta-

1412 825 1499 848 men
1518 813 1680 849 venialia
1695 841 1704 859 ,
1723 825 1801 848 non
1818 812 2028 849 criminalia
2046 821 2274 863 reputantur
2286 841 2296 859 ,
2315 826 2422 850 exce-

1411 881 1478 921 pto
1503 886 1588 909 cuni
1610 886 1680 922 per
1700 880 1962 921 contemptum
1981 881 2183 910 vertuntur
2198 873 2236 909 in
2254 885 2365 910 usum
2384 881 2422 910 ct

1411 932 1727 968 consuetudinem
1752 947 1759 968 :
1787 940 1825 967 et
1857 940 1946 968 tunc
1974 946 2053 969 non
2083 933 2228 984 peccati
2255 934 2421 984 species,

1411 991 1476 1028 sed
1506 992 1699 1042 peccantis
1720 991 1883 1028 intentio
1913 1001 2105 1042 pensatur.
2127 993 2251 1030 Elatio
2277 994 2422 1044 quippe

1362 1055 1390 1090 B
1411 1052 1710 1098 contemnentis,
1738 1060 1852 1101 atque
1884 1051 2163 1102 impoenitentis
2191 1052 2421 1100 obstinatio,

1408 1111 1447 1147 in
1469 1112 1634 1148 minimis
1663 1124 1817 1161 quoque
1844 1111 2032 1149 mandatis
2057 1113 2209 1163 culpam
2236 1113 2324 1150 facit
2343 1127 2420 1150 non

1409 1171 1626 1217 minimam,
1649 1180 1687 1208 et
1713 1171 1904 1208 convertit
1923 1171 1963 1208 in
1986 1171 2129 1209 crimen
2149 1173 2274 1223 gravis
2294 1172 2422 1210 rebel-

1408 1231 1520 1268 lionis
1547 1244 1697 1268 naevum
1729 1231 1818 1268 satis
1849 1231 1973 1267 levem
2000 1232 2182 1282 simplicis
2212 1241 2422 1283 transgres-

1410 1291 1540 1328 sionis.
1563 1292 1737 1341 Denique
1757 1291 1795 1328 in
1816 1304 1893 1341 quo
1914 1291 2188 1330 inobedientiae
2212 1294 2355 1331 crimen
2384 1303 2421 1330 et

1409 1350 1552 1401 absque
1590 1351 1708 1388 dubio
1740 1352 1808 1399 sit,
1841 1352 1943 1402 apud
1976 1354 2190 1390 Samuelem
2221 1353 2418 1391 advertite.

1415 1413 1546 1458 Quasi,
1568 1412 1711 1462 iuquit,
1730 1421 1930 1461 peccatum
1957 1414 2149 1449 ariolandi
2169 1422 2222 1449 est
2238 1427 2421 1464 repugna-

1408 1485 1461 1519 re,
1475 1481 1509 1508 et
1522 1476 1631 1520 quasi
1647 1474 1766 1508 scelus
1779 1473 2012 1508 idololatriae
2024 1474 2124 1508 nolle
2143 1477 2380 1522 acquiescere
2391 1471 2418 1510 3.

1407 1536 1491 1570 Non
1526 1532 1596 1579 ait,
1628 1536 1713 1570 Non
1743 1532 2002 1582 acquiescere3
2029 1532 2119 1579 sed,
2150 1536 2250 1570 nolle
2275 1538 2421 1583 acquie-

1407 1607 1511 1629 scere
1531 1608 1542 1629 :
1564 1601 1604 1630 ut
1624 1606 1702 1629 non
1721 1593 1905 1642 jussionis
1929 1593 2091 1643 simplex
2108 1594 2190 1644 ipsa
2211 1602 2419 1644 transgres—

1407 1655 1483 1701 sio,
1502 1654 1569 1691 sed
1594 1653 1802 1690 voluntatis
1832 1652 1998 1703 superba
2028 1653 2224 1691 contentio
2247 1654 2278 1700 *‚
2298 1655 2422 1692 scelus

1408 1715 1634 1751 idololatriae
1665 1722 1878 1764 reputetur.
1900 1717 1985 1751 Non
2015 1722 2072 1751 est
2103 1714 2205 1751 enim
2234 1714 2272 1751 id
2294 1715 2418 1765 ipsum

1408 1775 1510 1811 nolle
1527 1774 1706 1821 obedire,
1725 1782 1761 1810 et
1782 1787 1860 1810 non
1881 1773 2052 1811 obedire.
2078 1777 2161 1811 Hoc
2191 1775 2335 1826 quippe
2359 1776 2419 1812 in—

1410 1835 1560 1871 terdum
1581 1835 1722 1871 erroris
1747 1843 1824 1881 est,
1846 1847 2125 1883 nonnunquam
2152 1843 2190 1871 et
2216 1835 2421 1872 infirmita„

1412 1895 1457 1931 tis
1479 1910 1486 1932 :
1506 1895 1602 1931 illud
1619 1908 1711 1931 vero
1730 1903 1795 1932 aut
1816 1894 1957 1931 odiosae
1977 1894 2221 1945 pertinaciae,
2243 1905 2308 1933 aut
2331 1910 2420 1934 eon-

1411 1955 1581 1991 tumaciae
1597 1968 1673 1991 non
1692 1955 1869 1992 ferendae.
1889 1955 2002 2003 Quod
2015 1963 2053 1991 et
2065 1955 2191 2005 ipsum
2205 1969 2420 2007 repugnare

1409 2023 1465 2051 est
1484 2024 1521 2051 et
1540 2016 1714 2053 resistere
1734 2016 1892 2066 Spiritui
1911 2024 2063 2063 sanct03
2083 2024 2121 2053 et
2141 2016 2171 2053 si
2187 2016 2235 2053 ad
2255 2026 2418 2055 mortem

1409 2088 1529 2125 usque
1547 2076 1828 2126 perduraverit,
1850 2075 2086 2126 blasphemia
2101 2085 2176 2124 est,
2194 2090 2273 2114 non
2289 2079 2420 2115 remit-

1410 2136 1546 2182 tenda,
1567 2137 1645 2174 sive
1666 2137 1703 2174 in
1723 2137 1797 2174 hoc
1814 2138 1976 2184 saeculo,
2001 2138 2080 2175 sive
2107 2138 2147 2175 in
2169 2138 2312 2176 futuro.
2333 2143 2417 2176 Non

1408 2210 1500 2247 ergo
1523 2198 1812 2248 qualiscumque
1829 2198 1998 2235 mandati
2015 2199 2224 2249 praeteritio
2241 2200 2418 2237 crimina-

1408 2259 1483 2295 lem
1509 2260 1597 2297 sacit
1626 2259 1925 2297 inobedientiam
1950 2274 1959 2297 :
1991 2260 2057 2297 sed
2089 2273 2327 2311 repugnare,
2349 2261 2417 2299 sed

1410 2321 1511 2357 nolle
1528 2320 1698 2358 obedire.
1720 2323 1908 2359 Caeterum
1929 2321 2062 2371 quanti
2082 2320 2226 2371 absque
2244 2321 2308 2358 illa
2326 2334 2416 2372 pes-

1410 2380 1504 2417 sima
1525 2389 1563 2417 et
1582 2379 1716 2417 rebelli
1746 2380 1944 2417 voluntate
1970 2393 2050 2416 non
2077 2379 2284 2417 obediunt?
2310 2383 2417 2429 Quo-

1410 2440 1527 2478 modo
1546 2441 1674 2491 itaque
1690 2440 1880 2478 monacho
1899 2440 2042 2477 crimen
2062 2440 2263 2477 insidiatur
2280 2439 2417 2477 inobe-

1409 2500 1580 2548 dientiae‚
1612 2501 1642 2538 si
1671 2502 1783 2538 toties
1810 2500 1890 2538 sine
1925 2501 2083 2537 crimine
2112 2501 2414 2551 transgreditur,

1408 2561 1557 2610 quoties
1581 2562 1621 2598 in
1647 2561 1945 2611 transgressione
1969 2560 2133 2598 defuerit
2151 2560 2414 2611 hujuscemodi

1358 2624 1391 2657 D
1407 2623 1648 2660 recalcitrans
1672 2631 1710 2660 et
1735 2622 1975 2660 contentiosa
1997 2623 2205 2660 voluntas?

1462 2683 1523 2719 27.
1542 2686 1697 2721 Frustra
1716 2691 1842 2720 autem
1863 2692 2087 2734 comparant
2102 2683 2257 2733 quidam
2270 2712 2280 2729 ,
2299 2692 2342 2720 ut
2361 2683 2414 2720 di-

1407 2743 1509 2790 citi‘s,
1537 2742 1726 2792 quaslibet
1745 2742 2024 2781 inobedientias
2045 2744 2213 2794 antiquae
2232 2744 2310 2792 illi,
2329 2756 2413 2794 quae

1405 2802 1502 2839 facta
1531 2811 1588 2840 est
1620 2803 1660 2840 in
1695 2803 1904 2853 paradiso3
1940 2817 2026 2854 quae
2054 2803 2235 2841 nimirum
2269 2803 2409 2849 valuit,

1406 2876 1484 2899 non
1511 2863 1634 2900 solum
1661 2863 1832 2913 obligare
1866 2877 2094 2914 personam,
2121 2863 2187 2901 sed
2217 2872 2255 2901 et
2279 2864 2411 2901 vitiare

1405 2930 1592 2959 naturam.
1632 2922 1810 2960 Arbitror
1848 2931 1975 2959 tamen
2014 2931 2052 2959 et
2088 2923 2209 2973 ipsam
2251 2922 2409 2972 primam

1403 2982 1739 3033 gravissimamque
1761 2983 2114 3033 praevaricationem
2129 3013 2139 3030 ‚
2161 2991 2227 3020 aut
2246 2996 2323 3020 non
2346 2982 2410 3019 ali-

1402 3043 1524 3089 unde,
1560 3051 1626 3079 aut
1662 3043 1752 3080 inde
1785 3044 1947 3080 maxime
1982 3042 2191 3092 judicatam
2231 3041 2408 3093 gravissi-

1403 3115 1524 3148 mam,
1552 3102 1625 3139 hoc
1651 3111 1707 3140 est
1737 3117 1784 3140 ex
1813 3102 2021 3140 rebellione
2043 3102 2294 3149 defensionis,
2324 3114 2408 3151 quae

1402 3171 1530 3199 secuta
1546 3171 1602 3200 est
1620 3178 1627 3200 ε
1644 3163 1799 3213 quando
1815 3167 1897 3200 Deo
1915 3175 2066 3200 causam
2085 3162 2302 3212 requirente
2319 3174 2406 3212 pec-

1401 3223 1490 3270 cati,
1514 3232 1554 3260 ut
1577 3232 1796 3275 peccatores
1817 3223 1864 3260 ad
1889 3223 2153 3273 poenitentiam
2179 3229 2404 3273 provocaret
