2517 3920
1050 685 1714 776 ADMONITIO

969 896 1027 929 IN
1057 894 1310 940 SEQUENS
1346 894 1699 930 OPUSCULL'M
1727 896 1794 929 VI.

999 1064 1004 1065 γ
1021 1047 1729 1070 Πῐ-ᾼ-ᾲ-ὃῦῧῦ-ῢῦωῇνὴ
1751 1063 1766 1065 -

390 1215 424 1249 1.
445 1209 561 1248 Liber
591 1209 792 1261 subjectus
811 1210 853 1247 in
875 1208 1074 1248 codicibus
1108 1210 1281 1261 antiquis
1307 1209 1416 1248 hunc
1444 1211 1602 1262 praefert
1634 1210 1799 1250 titulum
1816 1242 1825 1260 ‚
1868 1230 1882 1244 ιι
1919 1212 2064 1263 Incipit
2084 1211 2272 1265 prologus
2301 1215 2420 1252 sancti

340 1297 355 1312 n
379 1275 570 1315 Bernardi
591 1275 745 1314 abbatis
766 1276 806 1313 in
825 1274 961 1314 libello
988 1275 1040 1314 ad
1062 1274 1211 1314 Milites
1230 1275 1390 1327 Templi
1410 1293 1419 1314 ι
1443 1295 1460 1310 n
1479 1286 1518 1315 et
1537 1287 1626 1329 post
1651 1277 1864 1331 prologum
1882 1309 1890 1327 ‚
1913 1297 1929 1312 ιι
1961 1279 2163 1330 Incipiunt
2186 1278 2359 1330 capitula
2374 1279 2422 1318 de

337 1362 353 1377 υ
376 1343 494 1381 laude
516 1357 626 1381 novae
648 1342 802 1380 Militiae
825 1359 833 1380 ε
857 1361 872 1375 n
893 1356 980 1393 quae
997 1343 1275 1382 omnino.sunt
1298 1341 1485 1381 tredecim
1501 1374 1510 1391 ‚
1529 1353 1576 1382 ut
1601 1345 1642 1382 in
1659 1344 1772 1383 editis
1796 1346 1939 1383 nostris
1952 1375 1963 1390 ,
1982 1344 2052 1383 ubi
2074 1345 2210 1384 titulos
2226 1359 2273 1384 ex
2292 1354 2422 1385 mente

334 1411 505 1448 auctoris
534 1410 784 1448 retinuimus.
825 1409 940 1447 Liber
963 1410 1033 1447 iste
1059 1423 1081 1446 a
1109 1408 1303 1447 Gaufrido
1329 1409 1371 1446 in
1397 1408 1500 1448 libro
1529 1410 1644 1448 tertio
1676 1409 1724 1448 de
1755 1409 1851 1449 Vita
1884 1410 2075 1449 Bernardi
2092 1441 2102 1458 ,
2121 1411 2246 1462 capite
2268 1420 2418 1459 octavo,

334 1494 349 1509 ιι
371 1476 672 1514 Exhortatorius
689 1489 817 1513 sermo
833 1474 883 1512 ad
905 1474 1056 1512 Milites
1076 1474 1234 1526 Templi
1262 1493 1277 1508 »
1312 1484 1487 1513 vocatur.
1517 1494 1531 1508 ιι
1556 1475 1688 1526 Quam
1716 1490 1810 1514 vero
1827 1475 1971 1524 fidelis,
1997 1494 2014 1509 »
2036 1477 2167 1528 inquit
2184 1506 2194 1525 ,
2221 1495 2236 1510 ιι
2256 1476 2422 1526 cujusli-

339 1561 354 1575 »ι
376 1541 444 1581 bet
460 1543 533 1593 piae
561 1542 863 1580 conversationis
881 1541 1180 1580 commendator
1208 1542 1400 1580 exstiterit
1427 1551 1465 1580 et
1493 1541 1651 1592 adjutor
1667 1572 1676 1588 ,
1702 1541 1994 1581 exhortatorius
2014 1542 2066 1580 ad
2092 1542 2241 1581 Milites
2263 1539 2420 1594 Templi

339 1626 354 1641 u
380 1606 518 1646 Sermo
548 1607 730 1646 declarat.
754 1626 767 1641 »
788 1608 849 1645 Ita
867 1621 958 1660 ergo
987 1606 1153 1657 hujusce
1174 1606 1265 1644 libri
1291 1606 1432 1645 titulus
1459 1609 1611 1647 institui
1627 1617 1756 1660 potest
1780 1626 1788 1646 ε
1824 1628 1837 1641 α
1862 1608 1980 1647 Liber
2000 1608 2051 1646 ad
2067 1608 2216 1648 Milites
2242 1608 2420 1660 Templi,

342 1693 357 1708 υ
377 1674 425 1712 de
445 1674 563 1712 laude
581 1688 692 1713 novae
708 1673 875 1712 Militiae.
899 1691 915 1706 n

387 1743 424 1779 2.
448 1760 463 1774 ιι
484 1742 643 1794 Hugoni
665 1759 680 1774 ιι
702 1750 834 1778 tamen
855 1759 870 1773 ιι
899 1740 1014 1778 militi
1041 1740 1187 1778 Christi
1208 1750 1245 1778 et
1267 1741 1467 1796 magistro*
1483 1738 1636 1778 Militiae
1660 1739 1803 1778 Christi
1829 1758 1843 1772 n
1870 1740 2082 1791 inscriptus
2110 1749 2168 1778 est
2194 1739 2381 1792 prologus
2408 1757 2417 1778 ε

334 1807 403 1846 sed
431 1807 595 1858 perinde
621 1816 679 1845 est
698 1807 888 1859 Magistro
919 1806 1097 1854 Militiae,
1127 1815 1246 1857 atque
1277 1806 1464 1844 omnibus
1498 1805 1697 1844 Militibus
1718 1805 1868 1844 librum
1898 1820 2162 1857 nuncupasse.
2196 1807 2300 1844 Dicti
2328 1815 2420 1845 sunt

335 1874 492 1913 Fratres
510 1873 671 1924 Templi
686 1888 731 1911 ex
750 1887 796 1911 eo
812 1904 820 1920 ,
842 1872 951 1924 quod
968 1887 1151 1911 concessu
1179 1872 1363 1910 Balduini
1395 1873 1496 1924 regis
1513 1873 1625 1922 juxta
1645 1871 1865 1923 Templum
1886 1872 2048 1910 Domini
2076 1873 2208 1923 primo
2235 1872 2420 1911 consede-

334 1941 415 1978 rint
435 1971 444 1987 ,
465 1949 560 1978 teste
584 1939 803 1978 Guillelmo
820 1939 1111 1990 archiepiscopo
1134 1938 1300 1990 Tyrensi
1328 1939 1368 1976 in
1394 1937 1496 1975 libro
1517 1936 1778 1984 duodecimo,
1807 1938 1932 1989 capite
1957 1938 2124 1989 septimo
2141 1969 2151 1987 ‚
2175 1938 2248 1976 ubi
2277 1952 2417 1977 eorum

331 2006 522 2058 originem
537 2005 723 2044 describit
739 2004 789 2042 ad
805 2019 957 2042 annum
980 2007 1094 2042 1118.
1119 2023 1134 2037 ιι
1157 2003 1309 2041 Eodem
1327 2017 1430 2041 anno
1451 2033 1459 2049 ,
1486 2021 1502 2035 n
1521 2003 1650 2053 inquit
1667 2033 1675 2050 ‚
1698 2021 1714 2036 ιι
1734 2001 1901 2053 quidam
1921 2002 2072 2042 nobiles
2088 2004 2164 2042 viri
2180 2003 2228 2042 de
2247 2005 2416 2055 equestri

336 2089 351 2103 u
372 2069 510 2108 ordine
523 2101 531 2117 ‚
557 2069 640 2107 Deo
659 2069 788 2107 devoti
806 2100 813 2116 ‚
843 2069 1009 2121 religiosi
1026 2099 1034 2116 ,
1057 2078 1095 2107 et
1111 2070 1294 2106 timentes
1317 2067 1449 2106 Deum
1468 2098 1476 2114 ‚
1502 2069 1541 2105 in
1560 2082 1685 2105 manu
1701 2067 1852 2106 domini
1870 2068 2103 2120 patriarchae
2126 2068 2272 2107 Christi
2292 2070 2418 2111 servi-

338 2156 351 2170 υ
376 2138 430 2175 tio
458 2150 496 2174 se
520 2137 788 2186 mancipantes
802 2166 810 2180 .
829 2150 938 2173 more
954 2136 1233 2173 canonicorum
1250 2134 1493 2187 regularium
1511 2165 1520 2181 ‚
1542 2135 1580 2172 in
1597 2135 1774 2173 castitate
1793 2165 1802 2183 ,
1824 2144 1863 2172 et
1879 2134 2106 2173 obedientia
2123 2165 2132 2182 ‚
2161 2144 2200 2173 et
2226 2136 2307 2174 sine
2321 2149 2418 2186 pro—

335 2221 351 2235 »
373 2203 459 2253 prio
478 2232 486 2247 ‚
520 2201 618 2240 velle
650 2211 843 2252 perpetuo
873 2201 1004 2238 vivere
1032 2200 1196 2251 professi
1220 2209 1327 2238 sunt.
1360 2200 1469 2238 Inter
1489 2214 1589 2251 quos
1612 2200 1732 2251 primi
1757 2209 1795 2238 et
1806 2201 1991 2251 praecipui
2011 2199 2179 2238 suerunt
2204 2201 2277 2239 viri
2300 2214 2417 2239 vene-

335 2287 350 2301 „
379 2266 518 2305 rabiles
539 2297 547 2312 ‚
577 2267 691 2318 Hugo
721 2265 767 2303 de
797 2265 964 2317 Paganis
983 2295 991 2311 ‚
1022 2273 1061 2302 et
1091 2264 1317 2303 Gaufredus
1350 2264 1398 2302 de
1431 2264 1818 2303 Sancto-Aldemaro
1852 2282 1861 2303 z
1891 2264 2039 2317 quibus
2065 2266 2257 2316 quoniam
2290 2279 2416 2316 neque

335 2351 350 2365 n
375 2332 532 2370 ecclesia
560 2341 662 2378 erat,
682 2345 809 2381 neque
833 2340 987 2368 certum
1019 2330 1220 2368 habebant
1242 2330 1491 2369 domicilium
1511 2361 1520 2378 ,
1552 2332 1637 2369 Rex
1658 2332 1698 2368 in
1722 2330 1869 2381 palatio
1885 2362 1893 2378 ‚
1923 2330 2033 2382 quod
2061 2345 2172 2370 secus
2201 2330 2414 2382 Templum
2450 2352 2453 2354 -

333 2397 527 2435 »Domini
555 2396 604 2434 ad
644 2396 857 2435 australem
895 2396 1015 2435 habet
1048 2406 1202 2447 partem
1219 2428 1228 2444 ‚
1262 2398 1315 2435 eis
1335 2396 1384 2434 ad
1410 2406 1567 2448 tempus
1589 2399 1775 2436 concessit
1806 2397 2098 2436 habitaculum.
2129 2398 2264 2436 Prima
2283 2407 2413 2437 autem

335 2482 350 2497 ι’
375 2478 512 2502 eorum
532 2463 723 2514 professio
741 2493 749 2510 ,
781 2461 969 2513 quodque
991 2463 1044 2500 eis
1060 2477 1082 2500 a
1102 2461 1264 2500 domino
1287 2463 1514 2513 patriarcha
1543 2472 1581 2502 et
1600 2462 1684 2501 aliis
1705 2464 1894 2515 episcopis
1917 2463 1958 2500 in
1986 2464 2256 2501 remissionem
2283 2477 2415 2514 pecca-

335 2549 349 2563 »
372 2538 510 2568 torum
530 2530 755 2579 injunctum
779 2537 836 2566 est
855 2559 864 2575 ‚
890 2537 936 2566 ut
955 2529 1035 2566 vias
1065 2537 1103 2566 et
1134 2529 1275 2566 itinera
1291 2559 1300 2575 ,
1327 2530 1498 2567 maxime
1521 2529 1571 2567 ad
1592 2529 1758 2568 salntem
1784 2530 2083 2581 peregrinorum
2103 2559 2112 2577 ‚
2143 2538 2277 2567 contra
2294 2528 2414 2567 latro-

335 2614 351 2629 »
370 2610 469 2633 num
487 2605 525 2634 et
544 2595 829 2632 incursantium
846 2594 1005 2632 insidias
1021 2625 1030 2642 ,
1053 2609 1125 2645 pro
1143 2594 1296 2632 viribus
1320 2604 1607 2634 conservarent.
1632 2615 1647 2628 »ι
1672 2596 1760 2633 Haec
1785 2594 1833 2632 de
1856 2593 2038 2632 Militum
2058 2594 2216 2646 Templi
2236 2595 2382 2647 origine
2401 2624 2410 2641 ‚

330 2661 478 2713 quibus
506 2662 660 2712 primus
691 2660 880 2712 Magister
912 2660 1120 2711 praefectus
1148 2669 1205 2697 cst
1223 2660 1432 2711 praedictus
1453 2661 1570 2712 Ilugo
1599 2660 1647 2699 de
1664 2660 1831 2712 Paganis
1849 2690 1859 2707 ,
1891 2674 2015 2711 quem
2044 2659 2151 2698 idem
2174 2658 2413 2697 Guillelmus

329 2726 514 2777 Tyrensis
533 2727 766 2778 magistrum
785 2724 934 2763 militiae
953 2724 1112 2775 Templi
1132 2726 1309 2775 primum
1324 2735 1438 2764 vocat
1469 2728 1509 2764 in
1530 2726 1621 2765 libri
1646 2726 1790 2764 decimi
1805 2727 1909 2765 tertii
1938 2727 2063 2777 capite
2087 2727 2274 2779 vigesimo
2290 2734 2408 2764 sexto.

333 2811 347 2824 u
374 2792 529 2843 Hngoni
545 2801 684 2830 sanctae
702 2790 850 2829 inilitiae
872 2791 999 2828 Priori
1021 2810 1036 2823 ›-
1057 2791 1241 2841 inscripta
1258 2801 1315 2829 est
1328 2791 1520 2844 Guigonis
1540 2792 1727 2830 Cartusiae
1742 2793 1938 2843 prat-positi
1956 2791 2121 2842 epistola
2135 2790 2317 2830 secunda.
2338 2791 2412 2828 Iste

330 2864 386 2893 est
403 2857 540 2908 Ilugo,
560 2858 620 2893 cui
646 2856 868 2894 Bernardus
891 2865 1125 2907 sequentem
1155 2855 1302 2894 librum
1324 2859 1571 2908 nuncupavit
1589 2888 1597 2903 ,
1621 2857 1925 2909 distinguendus
1948 2858 2088 2908 utique
2112 2856 2163 2894 ab
2181 2855 2305 2895 altero
2330 2856 2412 2893 Hu-

328 2935 427 2973 gonc
446 2952 454 2968 ,
477 2923 546 2971 qui
567 2936 611 2959 ex
633 2923 773 2960 comite
798 2922 1020 2972 Campaniae
1044 2922 1157 2960 miles
1186 2922 1344 2973 Templi
1367 2922 1493 2961 factus
1514 2933 1571 2961 cst
1586 2954 1595 2970 ,
1619 2932 1785 2961 testante
1814 2922 2001 2961 Bernardi
2025 2921 2191 2973 epistola
2217 2922 2411 2974 trigesima

328 2988 457 3038 prima
483 2988 553 3037 ipsi
580 2987 738 3026 directa.
762 2988 885 3026 Porro
907 2990 1064 3040 I‘Iugoni
1091 2988 1139 3026 de
1160 2989 1327 3041 Paganis
1351 2990 1481 3040 primo
1502 2989 1649 3027 militiae
1666 2989 1858 3041 Magistro
1872 2990 2054 3027 successit
2075 3006 2091 3022 «
2113 2987 2225 3025 miles
2245 2987 2410 3026 eximius

333 3071 348 3085 z·
368 3062 406 3090 et
427 3053 467 3089 in
494 3053 612 3089 armis
628 3061 811 3089 strennus
829 3083 838 3099 ,
856 3053 998 3091 nobilis
1016 3069 1132 3092 carne
1153 3065 1192 3092 et
1218 3054 1397 3093 moribus
1415 3085 1424 3102 ‚
1444 3054 1632 3091 dominus
1651 3054 1850 3092 Robertus
1867 3084 1876 3101 ,
1907 3054 2139 3105 cognomine
2158 3050 2407 3105 Burgundio,

331 3139 343 3152 ιι
363 3119 519 3156 natione
538 3118 794 3167 Aquitanicus
812 3149 820 3165 ,
843 3137 856 3149 »
886 3129 923 3156 et
945 3119 1108 3169 quidem
1130 3120 1203 3158 sub
1234 3135 1386 3158 annum
1408 3121 1507 3158 1136
1528 3151 1536 3164 ,
1566 3129 1611 3158 ut
1631 3119 1828 3172 colligitur
1857 3134 1904 3157 ex
1935 3118 2151 3157 Guillelmo
2182 3118 2346 3171 Tyrensi
2368 3117 2408 3154 in

327 3183 415 3222 libri
434 3182 575 3220 ‹lecimi
601 3182 729 3232 quinti
755 3183 877 3232 capite
902 3193 1007 3221 sexto
1027 3215 1035 3231 ‚
1055 3186 1122 3234 qui
1155 3186 1249 3223 item
1280 3185 1328 3223 cle
1347 3185 1488 3223 eodem
1519 3186 1599 3237 agit
1626 3186 1739 3222 initio
1760 3184 1851 3222 libri
1881 3183 2024 3222 decimi
2044 3184 2217 3234 septimi.
2236 3181 2409 3221 Roberto

328 3250 518 3289 suffectus
538 3248 696 3286 videtur
721 3248 943 3294 'Em-ardus,
975 3251 1037 3287 cui
1065 3250 1203 3289 Petrus
1227 3251 1473 3290 Venerabilis
1497 3251 1628 3289 scribit
1655 3249 1860 3302 epistolam
1878 3281 1887 3297 ,
1909 3264 1996 3300 qua*
2012 3258 2069 3288 est
2098 3248 2188 3287 libri
2217 3248 2311 3287 sexti
2331 3246 2408 3298 epi-

330 3316 428 3355 stola
450 3316 635 3367 vigesima
653 3323 770 3352 sexta.
