2533 3920
363 170 437 207 547

1127 166 1161 200 S.
1194 163 1446 199 BERNARDI
1474 161 1677 197 ABBATIS

2369 165 2443 202 548

362 248 431 285 nisi
453 254 617 298 postte,
642 252 782 280 tractus
814 242 933 279 odore
964 251 1246 291 unguentorum
1277 237 1646 289 tuo-²⁰'disciplinae
1688 251 1876 275 summam
1899 266 1908 281 ,
1950 238 2150 288 speculum
2198 241 2406 279 sanctitatis
2434 258 2443 280 ε

361 322 444 346 rum
468 322 488 344 a
509 316 543 343 te
561 308 574 342 .³
596 304 708 353 Quod
732 304 820 354 quia
849 317 999 353 semper
1024 317 1100 339 non
1129 303 1258 348 datur,
1289 302 1366 338 uti-
1387 302 1415 335 A
1439 300 1620 350 quodque
1644 300 1768 336 minus
1787 313 1907 348 nsque
1923 299 2046 336 adhuc
2066 314 2086 336 a
2104 300 2254 338 Christo
2273 302 2447 342 didicisse

1441 374 1501 396 me
1524 362 1663 406 fateor,
1686 374 1764 396 non
1788 360 1977 396 incassum
2000 359 2074 396 fide
2098 361 2249 398 oculata
2270 363 2446 412 percipe·
2496 390 2497 394 ,

1442 433 1520 456 rem
1538 449 1547 464 ,
1577 433 1691 468 quam
1719 419 1767 455 sis
1795 428 1833 455 et
1861 427 1900 455 tu
1928 419 2052 465 mitis,
2081 428 2117 455 et
2143 420 2295 456 humilis
2321 421 2446 460 corde.
2496 430 2497 462 i

363 383 447 406 nam
478 368 535 404 vel
564 380 663 415 saepe
695 365 875 401 daretur!
898 368 944 401 Et
966 364 1055 413 quia
1079 377 1148 400 nec
1169 362 1262 399 illud
1292 370 1370 406 est,

360 431 505 466 utinam
533 428 663 464 saltem
695 427 914 475 frequenter
935 425 1083 461 videam
1108 424 1244 460 missos
1265 437 1285 459 a
1309 431 1344 459 te
1364 425 1371 458 l

362 495 407 528 Et
427 491 497 526 hoc
515 502 669 538 quoque
692 487 780 536 quia
803 500 889 523 raro
911 485 1117 534 contingit,
1135 485 1225 520 volo
1248 491 1289 520 ut
1310 482 1368 519 vel

362 551 398 586 in
418 550 595 600 proximo
617 547 802 585 Sanctitas
822 555 884 582 tua
906 554 1094 582 amantem
1110 558 1148 581 se
1170 558 1239 595 per
1260 557 1370 580 suuni

361 610 587 648 Nicolaumss
612 621 733 657 usque
759 607 806 644 ad
838 610 1000 645 octavas
1028 606 1184 643 Domini
1221 617 1370 640 mecum

362 683 583 708 mansurum
604 669 750 711 visitet,
772 668 810 704 in
833 681 910 717 quo
937 676 1047 711 tuus,
1077 675 1117 702 ut
1144 665 1234 701 milii
1264 664 1372 700 vide—

361 742 435 777 tur,
452 745 497 768 ex
512 740 620 781 parte
638 738 675 766 et
690 742 795 765 meus
814 742 857 763 ex
878 736 958 764 toto
977 727 1133 777 spiritus
1152 725 1368 774 requiescit.

358 792 506 831 Videbo
530 801 582 836 te,
602 799 728 827 sancte
751 790 878 833 frater,
896 789 933 824 in
955 788 1020 824 illo
1040 803 1047 824 ε
1069 786 1219 823 audiam
1245 794 1278 822 te
1300 798 1370 835 per

357 854 465 890 illum
481 882 490 899 ,
512 860 548 888 et
569 851 762 900 quaedam,
787 862 871 898 quae
893 857 1039 884 secreto
1064 855 1154 883 nota
1177 846 1258 882 lieri
1280 846 1370 882 volo

358 912 554 963 sapientiae
586 920 681 955 tuae,
712 908 904 945 mandabo
944 921 1013 957 per
1044 908 1183 956 ipsum.
1223 909 1370 943 Sanctae

357 973 492 1009 animae
514 980 607 1015 tuae,
627 969 842 1017 sanctisque
863 967 933 1004 sub
953 968 1137 1016 regimine
1158 975 1225 1003 tuo
1248 966 1372 1002 omni-

1440 484 1582 517 Verum
1604 480 1633 516 si
1656 479 1722 516 tibi
1748 492 1866 529 pergo
1889 480 2032 526 facere,
2054 480 2160 529 quod
2180 494 2201 517 a
2223 488 2258 517 te
2278 481 2371 518 mihi
2390 482 2447 519 fa—

1439 549 1541 576 ctum
1572 554 1735 589 quornm
1770 540 1838 575 etsi
1871 540 2069 577 veritatem
2102 540 2251 587 dicam,
2281 541 2448 579 veritatis

1439 609 1566 637 tamen
1597 601 1667 649 legi
1697 614 1773 636 non
1801 599 2048 637 concordabo
2068 629 2077 645 ‚
2110 600 2149 636 in
2178 614 2253 650 qua
2281 601 2446 650 legitur:

1444 663 1556 707 (thd
1574 660 1639 696 llbs
1660 675 1733 695 mm
1756 660 1931 706 visfirri,
1957 663 2030 695 alii
2055 674 2101 696 ne
2118 660 2296 708 feceri51.
2318 664 2448 711 Itaque

1434 721 1513 771 jam
1554 721 1854 772 respondeamus
1889 721 2149 770 petitiunculae
2183 730 2347 768 vestrae,
2376 735 2450 771 qua
2492 739 2495 742 ⁴

1438 783 1638 832 epistolam
1666 782 1916 819 conclusistis.
1942 785 1977 818 Is
1997 794 2112 831 quem
2140 782 2240 818 mitti
2258 781 2370 818 vobis
2386 781 2449 832 ju-

1438 842 1535 879 betis
1551 872 1560 887 ,
1582 842 1698 879 modo
1722 856 1873 879 mecum
1899 856 1976 879 non
2000 851 2077 888 est,
2100 842 2166 879 sed
2184 856 2269 879 cum
2293 842 2449 880 domino

1438 903 1788 949 Autissiodorensi3
1815 912 1851 940 et
1876 903 1926 940 ita
1948 904 2142 949 inlirmus,
2165 911 2205 939 ut
2231 903 2311 939 sinc
2334 903 2449 949 nimio

1438 962 1686 999 incommodo
1709 976 1778 999 nee
1802 963 1848 999 ad
1870 976 1941 999 nos
1968 977 2088 1012 usque
2112 976 2224 1014 posse
2241 962 2365 1000 adhuc
2383 977 2448 1001 ve-

359 1032 507 1082 potenti
534 1030 700 1067 Domino
727 1027 1005 1071 servientibuS,
1030 1040 1088 1063 me
1116 1035 1344 1075 nostrosque
1360 1055 1369 1072 ,
1388 1030 1416 1063 Β
1440 1023 1522 1059 nire
1541 1023 1700 1060 dicatur.

359 1092 511 1141 quantis
532 1103 687 1140 possum
715 1087 917 1138 precibus,
945 1095 1087 1136 quanta
1118 1099 1272 1137 possum
1301 1086 1371 1122 de-

356 1153 512 1189 votione
536 1149 783 1188 commendo.

355 1298 1373 1312 ======================================================================

498 1417 878 1476 EPISTULA
930 1405 1242 1474 CCLXV.¹'

404 1578 636 1602 RESCRIPTUM
669 1576 858 1599 BERNARDI
888 1575 1042 1598 ABBATIS
1072 1576 1119 1596 AD
1148 1575 1318 1598 EL‘MDEM.

1437 1165 2452 1178 =====================================================================

1565 1293 1940 1350 EPISTOLA
2002 1292 2332 1353 CCLXVI.c

1528 1452 1575 1474 AD
1605 1452 1793 1476 SUGERIUM
1822 1452 1993 1476 ABBATEM
2019 1453 2343 1477 SANCTI-DIONYSH
2359 1441 2387 1478 *.

1438 1572 1568 1604 Animat
1591 1583 1683 1611 eum,
1700 1578 1735 1604 ut
1756 1578 1891 1604 mortem
1905 1572 2079 1615 intrepidus
2091 1573 2238 1616 excipiat.
2256 1573 2454 1606 Desiderium

1581 1639 1672 1659 suum
1691 1628 1757 1670 ejus
1774 1634 1847 1659 ante
1863 1634 1997 1659 mortem
2010 1627 2133 1660 visendi
2147 1627 2311 1670 significat.

2488 1174 2491 1186 ⁴
2511 1174 2513 1177 .

2488 1189 2492 1201 1

2486 1587 2531 1619 μή

2483 1620 2488 1630 ι

2484 1635 2486 1637 .
2506 1627 2509 1639 .

2448 1642 2513 1725 «με,

1440 1745 1669 1784 Charissimo
1700 1754 1737 1781 et
1762 1745 1899 1782 intimo
1926 1744 2051 1782 amico
2073 1759 2143 1782 suo
2170 1749 2360 1791 Snonmo,
2384 1745 2453 1784 Dei
2482 1724 2533 1800 Q«

1392 1810 1419 1845 C
1493 1805 1612 1855 gratia
1633 1804 1761 1841 abbati
1778 1804 2121 1854 Sancti—Dionysii,
2140 1805 2257 1842 frater
2278 1809 2454 1842 BERNAR-
2481 1809 2529 1856 jn

1493 1880 1577 1911 nes,
1590 1866 1749 1915 gloriam
1766 1879 1851 1915 quae
1867 1864 1914 1902 ab
1929 1865 2032 1902 intus
2049 1874 2126 1912 est,
2141 1874 2179 1902 et
2191 1865 2351 1916 gratiam
2370 1879 2454 1916 quae
2481 1881 2528 1914 λς.)

358 1698 493 1729 Laudari
515 1697 665 1729 detrectat
679 1720 687 1734 ‚
703 1696 789 1727 velut
805 1695 949 1737 indignus
968 1705 976 1726 :
994 1694 1130 1726 vicissim
1147 1701 1250 1726 tamen
1266 1695 1372 1727 laudes

665 1750 802 1792 praeconi
822 1760 877 1781 suo
903 1749 1061 1792 rependit.

412 1875 511 1924 Quid
533 1875 644 1920 facis,
666 1888 689 1911 o
711 1873 812 1910 bone
834 1873 1086 1911 vir?Laudas
1107 1881 1370 1923 peccatorem,

362 1938 544 1974 miserum
563 1936 777 1972 beatificas!
800 1938 932 1971 Restat
954 1942 995 1970 ut
1015 1947 1121 1979 ores,
1145 1947 1193 1970 ne
1214 1933 1373 1970 inducar

360 2000 398 2035 in
421 2011 605 2035 errorem.
624 1996 792 2033 Inducor
813 2004 939 2031 autem
956 2024 965 2041 ,
982 1995 1012 2031 si
1036 1994 1149 2031 tantis
1165 1994 1373 2032 delectatus

360 2060 561 2111 praeconiis
577 2050 789 2108 ,ignorare
813 2070 873 2093 me
895 2070 1061 2107 coepero.
1084 2056 1371 2107 Propemodum.

360 2121 399 2157 id
419 2120 509 2157 mihi
527 2120 737 2168 contigerat
755 2118 843 2154 visis
860 2118 997 2154 litteris
1014 2117 1263 2154 Beatitudinis
1284 2126 1371 2164 tuae,

362 2189 398 2217 et
421 2179 710 2217 beatificationis
737 2192 842 2215 meae.
870 2181 993 2226 Quam
1019 2177 1151 2215 beatus
1178 2192 1282 2215 nunc
1311 2191 1372 2215 es-

363 2255 439 2278 sem
455 2270 464 2287 ,
483 2241 514 2277 si
532 2239 659 2277 verbis
676 2239 781 2275 beari
799 2242 968 2289 possem!
989 2243 1146 2276 Beatum
1165 2247 1292 2275 tamen
1314 2252 1373 2275 me

363 2302 523 2339 dixerim
541 2330 550 2347 ‚
576 2301 641 2338 sed
668 2301 798 2337 favore
833 2309 924 2346 tim,
951 2314 1029 2337 non
1060 2301 1152 2337 meis
1182 2299 1372 2338 laudibus.

363 2367 539 2409 Beatum,
572 2362 677 2412 quod
712 2362 850 2411 diligor
880 2375 901 2397 a
938 2370 993 2406 te,
1029 2360 1134 2411 quod
1172 2361 1289 2411 diligo
1325 2369 1373 2398 te.

363 2428 589 2474 Quanquam
609 2432 646 2460 et
663 2423 759 2459 hanc
785 2423 898 2467 mihi,
917 2422 1065 2459 dulcem
1092 2422 1199 2469 licet,
1220 2421 1376 2459 buccel-

363 2486 437 2521 lam
463 2483 685 2533 liquandam
716 2482 905 2528 arbitror,
931 2496 1001 2519 nec
1032 2483 1192 2518 omnino
1225 2483 1373 2532 plenis,

363 2553 405 2581 ut
424 2545 550 2590 aiunt,
565 2543 695 2580 buccis
717 2543 1006 2580 admittendam.
1021 2543 1171 2579 Miraris
1191 2557 1260 2580 cur
1276 2543 1378 2580 hoc?

1493 1927 1658 1977 desuper
1676 1926 1790 1963 venit.

1496 2064 1529 2096 1.
1558 2063 1685 2096 Homo
1715 2059 1804 2106 Dei,
1828 2072 1876 2095 ne
1897 2057 2066 2109 trepides
2093 2072 2235 2096 exuere
2257 2059 2452 2108 hominem

1439 2120 1547 2157 illum
1579 2120 1645 2170 qui
1673 2119 1719 2156 de
1749 2127 1850 2156 terra
1875 2128 1953 2165 est,
1981 2119 2090 2156 illum
2116 2119 2183 2170 qui
2210 2129 2246 2156 te
2274 2119 2456 2170 deprimit

1440 2193 1562 2230 usque
1583 2179 1631 2216 ad
1652 2188 1793 2216 terram
1810 2208 1819 2225 ,
1838 2188 1876 2216 et
1899 2187 2061 2217 conatur
2087 2179 2305 2230 deprimere
2332 2192 2453 2230 usque

1441 2240 1487 2276 ad
1508 2240 1663 2276 inferos.
1685 2243 1761 2277 Iste
1782 2248 1839 2277 est
1865 2241 1931 2290 qui
1953 2249 2088 2287 vexat,
2112 2241 2178 2291 qui
2203 2249 2364 2286 onerat,
2386 2239 2451 2290 qui

1442 2309 1652 2351 oppugnat.
1675 2300 1774 2348 Quid
1797 2299 1862 2336 tibi
1891 2308 1929 2337 et
1952 2301 2114 2338 terrenis
2132 2300 2302 2347 exuviis,
2323 2301 2389 2350 qui
2407 2299 2454 2337 ad

1443 2362 1582 2398 coelum
1607 2361 1750 2406 iturus,
1774 2360 1871 2396 stola
1894 2360 2025 2409 gloriae
2052 2373 2144 2396 mox
2170 2360 2276 2397 indui
2310 2360 2454 2398 habes?

1443 2426 1585 2460 Praesto
1617 2430 1700 2468 est,
1729 2421 1795 2458 sed
1826 2421 1965 2458 vestito
1998 2435 2075 2458 non
2109 2420 2263 2458 dabitur
2285 2437 2292 2458 :
2314 2421 2452 2460 vestire

1443 2482 1551 2519 novit
1578 2482 1641 2518 illa
1655 2511 1664 2528 ,
1686 2495 1765 2518 non
1787 2473 2059 2531 supervestiress
2081 2481 2233 2519 Sustine
2262 2495 2354 2531 ergo
2381 2494 2450 2532 pa-

1445 2544 1596 2589 tienter,
1614 2543 1691 2579 imo
1710 2542 1877 2579 libenter
1892 2541 2022 2592 accipe
2043 2541 2170 2579 nudus
2187 2550 2224 2579 et
2244 2555 2323 2579 non
2339 2541 2453 2580 vesti-

2499 1943 2507 1992 ἱ

2478 2071 2530 2102 ,9Ιῖ

2514 2123 2531 2158 iz

2476 2182 2533 2311 23²:-

2478 2327 2479 2331 =
2508 2315 2531 2338 ¹11⁴

2475 2382 2481 2398 ι
2511 2367 2531 2397 :⁴2

2490 2423 2491 2426 ¹
2511 2436 2529 2457 ι’.

2489 2486 2505 2531 0.

2473 2549 2516 2595 ,³³2

366 2609 510 2655 Nempe
531 2618 609 2641 non
637 2604 750 2641 video
777 2605 814 2640 in
840 2617 900 2640 me
914 2633 923 2649 ,
954 2604 1057 2640 unde
1093 2611 1242 2640 tantum
1274 2603 1376 2653 diligi
1397 2611 1430 2644 D
1447 2613 1505 2641 tus
1525 2603 1699 2640 inveniri.
1717 2603 1891 2652 Denique
1912 2611 1950 2639 et
1968 2606 2072 2640 Deus
2092 2603 2174 2652 ipse
2191 2603 2275 2640 vult
2295 2602 2450 2640 vestiri:
2472 2599 2527 2652 i²¹'‘

367 2666 593 2711 meruerim,
614 2665 828 2714 praesertim
849 2678 868 2700 a
893 2671 1010 2699 tanto.
1032 2664 1118 2700 Scio
1141 2672 1267 2699 autem
1290 2664 1379 2713 quia

368 2726 453 2776 plus
469 2725 574 2775 justo
595 2725 692 2761 velle
721 2724 847 2772 diligi,
870 2723 997 2759 minus
1027 2731 1085 2760 est
1105 2722 1259 2771 ajusto.
1286 2725 1379 2771 Quis

371 2786 462 2821 mihi
483 2785 547 2822 det
574 2793 687 2821 tantae
711 2783 934 2820 humilitatis
959 2782 1106 2832 insigne
1134 2791 1208 2819 tam
1238 2784 1376 2822 imitari

371 2859 501 2896 posse,
521 2859 633 2894 quam
650 2844 852 2881 admirari?
866 2844 958 2892 Quis
979 2843 1071 2880 mihi
1088 2843 1229 2880 tribuat
1248 2854 1378 2883 sancta

372 2913 410 2941 et
435 2905 647 2941 desiderata
672 2905 874 2954 praesentia
896 2912 979 2950 tua,
1001 2917 1078 2940 non
1101 2904 1186 2941 dico
1209 2918 1374 2956 semper,

370 2979 448 3002 non
478 2965 562 3001 dico
593 2958 720 3015 saepe,
743 2965 808 3001 sed
840 2965 899 3001 vel
931 2965 1046 3002 semel
1074 2966 1113 3001 in
1144 2979 1245 3003 anno
1279 2968 1378 3004 frui?

369 3028 466 3061 Puto
487 3025 576 3074 quia
597 3025 700 3060 nulla
728 3024 810 3060 vice
842 3032 1055 3061 reverterer
1084 3038 1238 3062 vacuus.
1265 3030 1375 3075 Non,

368 3086 544 3136 inquam,
557 3086 697 3122 frustra
714 3085 974 3136 conspicerem
996 3086 1148 3123 virtutis
1167 3088 1377 3138 exemplar,

417 3227 424 3242 ¹
445 3221 529 3253 Tob.
547 3232 593 3260 xv,
620 3225 673 3252 16.
693 3239 736 3243 ——
752 3226 764 3242 ²
783 3221 896 3253 Ezech.
914 3233 996 3254 xxii,
1019 3225 1070 3253 10.

1445 2664 1511 2702 sed
1533 2678 1618 2700 cum
1653 2664 1804 2710 nudus,
1835 2677 1913 2700 non
1943 2676 2030 2700 cum
2059 2663 2218 2700 vestitus
2238 2671 2306 2701 est.
2329 2667 2454 2710 Homo

2473 2665 2527 2700 wi

1448 2726 1515 2762 Dei
1544 2739 1620 2761 non
1653 2733 1868 2761 revertetur
1893 2724 1940 2760 ad
1971 2728 2094 2761 Deum
2116 2753 2126 2771 ‚
2150 2725 2222 2762 nisi
2251 2725 2281 2762 is
2310 2725 2376 2775 qui
2407 2723 2452 2762 de
2493 2751 2510 2758 -.

1445 2795 1545 2823 terra
1566 2794 1622 2823 est
1641 2794 1679 2822 et
1700 2794 1801 2822 terra
1820 2794 1895 2832 est,
1919 2785 1958 2822 in
1980 2793 2119 2822 terram
2148 2785 2246 2823 ierit.
2275 2786 2324 2823 Hi
2352 2785 2452 2822 enim

1444 2846 1522 2883 (luo
1540 2846 1714 2883 homines
1732 2845 1803 2883 sibi
1820 2847 1984 2883 invicem
2006 2846 2272 2892 adversantur,
2293 2859 2364 2883 nec
2384 2844 2453 2883 erit

1444 2921 1518 2958 pax
1534 2936 1543 2953 ‚
1569 2907 1690 2944 donee
1712 2906 1760 2943 ab
1786 2907 1950 2944 invicem
1979 2915 2207 2957 separentur
2235 2922 2244 2945 :
2272 2915 2309 2944 et
2328 2907 2358 2943 si
2380 2916 2453 2956 pax

1446 2968 1580 3014 fuerit,
1597 2981 1674 3004 non
1695 2968 1767 3004 erit
1789 2981 1865 3018 pax
1882 2967 2061 3013 Domini,
2081 2981 2159 3004 non
2181 2968 2253 3004 erit
2272 2981 2348 3018 pax
2368 2977 2452 3004 cum

1444 3029 1624 3066 Domino.
1642 3032 1726 3066 Non
1748 3042 1787 3066 es
1808 3037 1849 3065 tu
1874 3028 1920 3066 de
1942 3028 2017 3066 illis
2034 3029 2101 3079 qui
2117 3028 2251 3066 dicunt
2268 3043 2276 3066 ε
2295 3029 2398 3072 Pax,
2418 3035 2454 3064 et
2481 3055 2485 3060 .

2487 2794 2524 2822 β’)

2470 2854 2526 2890 ,Μ

2489 2907 2525 2954 n

2470 2975 2533 3009 ,τῳ

2511 3042 2523 3061 ,ἱ

1446 3103 1520 3125 mm
1542 3098 1596 3125 esc
1613 3103 1698 3137 Ima:
1711 3095 1737 3125 ².
1756 3092 1809 3126 Te
1827 3097 2024 3139 exspectat
2040 3101 2114 3139 pax
2132 3089 2195 3126 illa
2210 3118 2220 3136 ‚
2242 3102 2327 3139 quae
2344 3099 2453 3125 exsu-
2486 3101 2493 3123 ι
2516 3106 2520 3117 =

411 3284 423 3297 ³¹
439 3280 521 3312 Vide
535 3280 697 3323 epistolam
725 3284 803 3319 298,
826 3288 856 3312 et
874 3282 956 3312 Petri
974 3281 1172 3313 Venerabilis
1193 3282 1307 3314 librum
1326 3287 1344 3315 3
1359 3308 1366 3321 ‚
1389 3284 1479 3326 epist.
1500 3288 1617 3316 33-35.

413 3327 427 3350 ¹³
444 3334 565 3377 Scripta
584 3344 667 3365 anuo
681 3333 795 3365 Christi
818 3338 827 3365 1
844 3337 851 3364 1
868 3336 917 3365 29.
939 3354 979 3357 —
994 3339 1006 3356 Ε
1033 3335 1154 3377 Scripta
1174 3345 1256 3366 auno
1276 3335 1389 3368 Christi
1410 3341 1417 3368 1
1434 3340 1505 3367 151.
