2517 3920
330 229 425 267 1003

387 310 445 344 11.
484 310 645 348 Excluso
676 312 802 362 itaque
830 314 1008 349 universo
1042 314 1112 350 hoc
1144 313 1377 363 pestilenti⁴⁵

1110 239 1144 274 S.
1174 238 1427 273 BERNARDI
1458 237 1658 273 ARRATJS

1384 313 1495 350 9110111
1521 312 1750 357 exhibeant,
1776 310 1962 360 :Egyptiis
1983 315 2163 361 Moysen,
2202 313 2423 353 fornicanti-

2324 239 2419 276 1064

331 379 469 415 genere
489 369 686 407 hominum
700 400 709 417 ,
745 385 844 408 curae
864 372 932 408 tibi
949 374 1113 409 maxime
1143 373 1190 409 sit
1218 373 1342 408 intro·
1360 373 1386 406 A
1409 372 1479 408 bus
1500 372 1674 416 phinees,
1693 371 1814 407 Eliam
1836 370 2047 407 idololatris
2061 400 2070 417 ,
2091 373 2267 410 Elisaeum
2288 377 2424 423 avaris,

331 426 470 464 ducere
486 430 589 476 tales,
611 444 706 480 quos
724 432 969 481 postmodum
992 432 1250 469 introduxisse
1265 444 1343 467 non

330 488 527 535 poeniteat.
549 493 677 541 Turpe
694 500 749 528 est
772 491 838 527 tibi
859 492 996 541 saepius
1018 500 1223 528 retractare
1241 490 1344 540 qnod

331 547 476 594 feceris,
497 558 533 586 et
549 551 737 599 judicium
762 560 867 587 tuum
893 552 1115 600 frequenter
1137 549 1345 600 periclitari

333 619 410 642 non
434 608 553 646 (lecet.
590 612 800 660 Diligenter
820 612 983 660 proinde
1013 624 1126 647 omne
1157 610 1260 659 quod
1286 611 1342 646 fa—

329 665 506 704 ciendum
526 670 617 715 erit,
649 679 763 707 tracta
781 670 883 720 apud
905 679 959 715 tc,
984 679 1021 706 ct
1041 684 1126 706 cum
1147 670 1204 706 liis
1222 670 1287 718 qni
1308 678 1343 706 te

334 725 507 775 diligunt.
530 732 661 766 Tracta
681 739 767 766 ante
790 731 927 766 lactum
947 759 955 775 ,
980 730 1067 778 quia
1089 738 1175 779 post
1203 730 1343 766 sactum

332 800 413 824 Sera
452 790 671 825 retractatio
710 798 776 825 cst.
815 790 1002 839 Sapientis
1032 789 1230 825 consilium
1261 799 1316 826 est
1335 803 1343 824 z

335 853 478 886 Omma
495 851 564 897 sm·
594 865 674 885 cum
700 853 879 895 consilio,
912 860 947 885 rt
975 859 1063 898 post
1086 847 1236 896 frictum
1269 864 1342 886 7101!

329 911 534 957 licenda-[iis
555 916 577 945 ¹.
608 913 652 945 Et
685 910 756 944 hoc
788 908 853 945 tibi
876 908 1085 958 persuade,
1115 909 1179 958 qni
1209 908 1346 945 admit-

337 970 438 1005 tendi
460 978 571 1013 sunt,
596 968 749 1004 difficile
775 969 812 1004 in
832 969 936 1004 curia
958 982 1068 1018 posse
1089 968 1248 1018 probari
1272 982 1279 1004 :
1310 976 1347 1006 et

333 1029 444 1074 idco,
473 1030 502 1063 si
533 1028 613 1063 lieri
644 1036 792 1076 potest,
818 1028 923 1064 viros
952 1028 1136 1078 probatos
1166 1037 1346 1078 oportere

1410 436 1563 469 Petrum
1598 430 1897 476 mentientibus,
1929 431 2089 468 Paulum
2125 432 2424 483 blasphemanti-

1410 491 1505 536 bus,
1537 489 1822 539 negotiantibus
1849 491 2054 527 Christum.
2087 493 2161 540 Qui
2190 492 2327 543 vulgus
2346 508 2423 532 non

1413 559 1624 600 spernant,
1658 550 1723 587 sed
1751 550 1943 587 doceant:
1968 550 2104 588 divites
2137 565 2215 588 non
2244 554 2424 603 palpent,

1410 610 1472 646 sed
1499 619 1665 647 terreant
1696 625 1704 647 ε
1738 624 1926 660 pauperes
1957 624 2035 647 non
2059 620 2242 661 gravent,
2274 613 2340 650 sed
2364 615 2425 652 fo-

1410 680 1524 707 veant
1556 687 1562 707 :
1599 671 1720 707 minas
1757 671 1978 721 principum
2019 685 2098 708 non
2138 682 2325 722 paveant,
2359 675 2424 712 sed

1411 740 1669 767 contemnant.
1695 731 1768 779 Qui
1790 744 1866 767 non
1898 745 1984 767 cnm
2013 731 2124 768 turba
2152 732 2324 780 intrent,
2356 747 2425 772 nec

1411 805 1497 840 cnm
1519 792 1574 828 ira
1595 800 1732 827 exeant
1752 806 1759 827 ε
1780 792 1847 840 (1111
1870 791 2047 828 ecelesias
2066 805 2144 828 non
2161 792 2341 842 spolient,
2361 796 2424 832 sed

1411 851 1628 887 emendent.
1653 851 1726 899 Qui
1747 852 1941 902 marsupia
1972 865 2050 888 non
2084 853 2330 900 exhauriant,
2361 855 2425 891 sed

1415 911 1529 947 corda
1562 912 1762 955 reficiant,
1799 920 1836 948 et
1870 913 2028 949 crimina
2064 907 2293 963 corrigant,
2319 914 2425 952 famae

1414 971 1643 1020 provideant
1681 984 1759 1007 suae
1782 1001 1791 1018 ,
1831 985 1900 1008 nec
1936 972 2133 1009 invideant
2169 973 2316 1010 alienae.
2354 976 2426 1023 Qui

1415 1030 1550 1067 orandi
1575 1030 1743 1067 studium
1767 1040 1922 1080 gerant,
1959 1040 1996 1068 et
2024 1044 2136 1069 usum
2167 1031 2353 1081 habeant,
2384 1048 2428 1071 ac

333 1088 469 1137 deligi,
493 1101 570 1123 non
589 1086 825 1136 probandos.
846 1091 923 1125 Nos
940 1088 978 1124 in
1000 1089 1241 1125 monasteriis
1262 1103 1345 1125 om-
1366 1088 1394 1122 B
1413 1090 1459 1127 de
1479 1091 1583 1128 omni
1607 1104 1647 1128 re
1664 1091 1829 1128 orationi
1844 1092 1931 1141 plus
1955 1091 2095 1138 fidant,
2119 1106 2233 1142 quam
2261 1106 2338 1130 suae
2365 1094 2426 1130 in-

330 1161 396 1184 nes
426 1148 631 1197 recipimus
661 1160 727 1196 spe
748 1148 975 1184 meliorandi
999 1163 1006 1184 ε
1031 1156 1069 1184 at
1089 1149 1194 1185 curia
1222 1148 1346 1186 bonos

330 1208 473 1244 facilius
493 1207 663 1256 recipere
681 1235 690 1252 ,
717 1220 831 1256 quain
854 1208 976 1244 facere
995 1208 1203 1244 consuevit.
1233 1209 1347 1256 Quod

330 1270 358 1305 si
386 1269 515 1318 plnres
541 1267 579 1303 in
608 1280 651 1303 ea
683 1267 864 1304 defecisse
893 1267 1044 1314 bonos,
1084 1281 1198 1317 quam
1227 1270 1347 1306 malos

331 1328 535 1378 profecisse
562 1327 839 1377 probavimus;
869 1328 1067 1378 quaerendi
1087 1341 1176 1365 sane
1206 1328 1346 1378 quibus

331 1403 401 1426 nec
428 1388 596 1424 defectus
624 1388 822 1435 timeatur,
846 1402 916 1425 neo
943 1390 1138 1440 profectus
1166 1398 1342 1439 optetur,

330 1457 463 1499 utpote
477 1448 553 1498 jani
576 1448 765 1498 perfectis.

387 1510 444 1546 12.
462 1513 595 1558 Itaque
616 1522 693 1545 non
709 1508 880 1546 volentes
893 1539 902 1556 ,
922 1523 1047 1559 neque
1068 1518 1265 1546 currentes
1283 1523 1342 1546 as-

329 1570 468 1606 sumito
484 1598 493 1614 ,
515 1568 579 1605 sed
600 1577 819 1605 cunctantes
834 1599 842 1615 ‚
865 1569 930 1605 sed
957 1578 1162 1606 renuentes
1190 1583 1198 1604 :
1228 1570 1341 1606 etiam

330 1642 425 1679 coge
443 1629 550 1675 illos,
583 1637 621 1665 et
646 1630 834 1678 compelle
863 1630 1017 1666 intrare.
1046 1633 1091 1666 In
1114 1629 1270 1676 talibus,
1302 1636 1343 1666 ut

327 1691 490 1740 opinor,
515 1689 727 1738 requiescet
747 1689 902 1738 spiritus
932 1697 1040 1735 tuus,
1072 1690 1137 1738 qui
1168 1703 1247 1725 11011
1268 1689 1343 1725 sint

325 1750 463 1786 attritae
482 1749 629 1794 frontis,
647 1748 714 1784 sed
733 1748 960 1794 verecundi,
978 1748 1044 1784 sed
1063 1749 1230 1785 timorati
1249 1763 1257 1785 :
1276 1749 1342 1798 qui

323 1818 461 1860 praeter
478 1812 600 1846 Deum
627 1816 775 1844 tantum
796 1808 952 1844 timeant
984 1809 1099 1855 nihil,
1130 1809 1222 1844 nihil
1252 1822 1341 1858 spe-

323 1879 409 1907 rent
428 1869 498 1906 nisi
526 1882 547 1905 a
567 1872 661 1905 Deo.
689 1868 763 1916 Qui
784 1867 1072 1904 adventantium
1096 1881 1174 1905 non
1205 1881 1340 1904 manus
1359 1865 1386 1902 C

324 1929 547 1975 attendant,
583 1927 648 1964 sed
671 1928 926 1965 necessitates.
961 1927 1036 1975 Qui
1056 1935 1156 1964 stent
1178 1928 1340 1964 viriliter

325 2004 398 2040 pro
417 1989 566 2026 afllictis
581 2017 590 2033 ,
613 1996 649 2025 et
665 1987 841 2037 judicent
862 1988 899 2023 in
922 1987 1099 2036 aequitate
1132 2001 1204 2037 pro
1235 2001 1339 2024 man-

324 2050 439 2087 suetis
461 2058 580 2085 terrae.
600 2048 672 2096 Qui
692 2048 767 2085 sint
787 2048 988 2097 compositi
1010 2047 1058 2084 ad
1079 2061 1205 2084 mores
1221 2077 1230 2094 ,
1251 2061 1340 2098 pro-

321 2110 399 2147 bati
419 2109 464 2146 ad
486 2108 779 2145 sanctimoniam
792 2137 801 2155 ,
830 2108 953 2158 parati
973 2108 1019 2145 ad
1052 2108 1309 2145 obedientiam
1327 2137 1336 2154 ,

319 2170 505 2208 mansueti
534 2169 579 2206 ad
608 2169 855 2219 patientiam,
892 2168 1052 2217 subjecti
1085 2168 1132 2205 ad
1163 2168 1334 2218 discipli-

317 2243 404 2267 nam
420 2259 428 2275 ,
455 2228 565 2278 rigidi
586 2228 633 2264 ad
659 2242 881 2274 censuram,
906 2228 1083 2264 catholici
1112 2228 1160 2264 ad
1191 2227 1305 2264 iidem
1324 2258 1334 2275 ,

317 2290 448 2327 11110105
466 2289 512 2326 ad
534 2288 872 2338 dispensationem,
894 2289 1107 2325 concordes
1123 2289 1169 2325 ad
1187 2302 1333 2338 pacem,

317 2349 533 2387 conformes
560 2347 606 2384 ad
627 2349 824 2385 unitatem.
845 2348 918 2396 Qui
943 2348 1017 2384 sint
1039 2348 1078 2384 in
1102 2347 1248 2397 judicio
1274 2360 1336 2384 re·-

318 2411 366 2448 cti
382 2439 391 2456 ,
412 2410 450 2445 in
477 2409 636 2445 consilio
659 2408 831 2458 providi,
852 2409 888 2444 in
906 2407 1081 2457 jubendo
1104 2408 1274 2455 discreti,
1295 2408 1333 2444 in

315 2469 556 2520 disponendo
591 2468 769 2505 industrii
787 2497 796 2515 ,
832 2469 871 2504 in
905 2469 1053 2517 agendo
1087 2469 1255 2514 strenui,
1297 2469 1335 2505 in

314 2528 511 2579 loquendo
532 2527 706 2575 modesti,
721 2528 760 2564 in
781 2528 1011 2565 adversitate
1028 2528 1170 2574 securi,
1187 2528 1225 2564 in
1244 2542 1337 2578 pro-

313 2590 492 2641 speritate
513 2589 663 2635 devoti,
682 2590 721 2625 in
741 2590 822 2625 zelo
843 2588 961 2626 sobrii
979 2618 989 2635 ,
1009 2589 1048 2625 in
1074 2588 1337 2626 misericordia

317 2663 394 2686 non
428 2649 597 2693 remissi,
631 2648 669 2684 in
703 2648 782 2685 otio
812 2662 890 2685 non
929 2648 1062 2695 otiosi,
1095 2648 1134 2684 in
1168 2642 1386 2699 hospitioD

319 2724 396 2746 non
424 2709 624 2755 dissoluti,
653 2709 691 2745 in
722 2709 901 2746 convivio
925 2722 1002 2745 non
1032 2709 1162 2756 effusi,
1181 2709 1219 2746 in
1247 2723 1338 2747 cura

319 2769 374 2805 rei
413 2768 604 2805 familiaris
636 2781 714 2805 non
744 2769 870 2815 anxii,
901 2769 1033 2806 alienae
1067 2782 1146 2806 non
1184 2770 1337 2819 cupidi,

319 2841 395 2864 suae
425 2841 503 2864 non
532 2829 707 2878 prodigi,
746 2828 888 2878 ubique
924 2838 962 2866 et
987 2829 1025 2865 in
1055 2829 1235 2866 omnibus
1264 2830 1338 2867 cir-

319 2887 538 2936 cumspecti.
581 2889 653 2935 Qui
688 2889 876 2938 legatione
911 2903 983 2939 pro
1017 2889 1167 2927 Christo
1199 2890 1330 2939 fungi,

319 2946 468 2996 quoties
496 2959 593 2995 opus
613 2946 702 2993 erit,
733 2961 803 2984 1100
830 2947 925 2997 jussi
955 2957 1137 2995 renuant,
1163 2963 1233 2986 nec
1252 2963 1330 2986 non

312 3005 410 3056 jussi
430 3005 619 3042 affectent.
652 3006 725 3053 Qui
752 3008 856 3056 quod
878 3008 1095 3045 verecunde
1121 3019 1328 3058 excusant,

316 3064 541 3102 obstinatius
561 3077 638 3100 non
659 3075 846 3103 recusent.
873 3068 946 3114 Qui
973 3069 1074 3105 missi
1099 3097 1108 3114 ,
1142 3078 1231 3120 post
1262 3084 1331 3107 au—

319 3139 403 3162 rum
435 3137 513 3160 non
549 3133 657 3170 eant,
694 3125 758 3161 sed
783 3126 973 3164 Christum
1001 3138 1212 3178 sequantur
1235 3144 1242 3165 :
1265 3131 1331 3180 qni

314 3193 501 3234 quaestum
525 3184 751 3234 legationem
773 3199 847 3221 non
869 3188 1056 3224 aestiment
1072 3218 1081 3234 ,
1108 3203 1178 3227 nec
1203 3192 1332 3240 requi-

319 3252 403 3280 rant
429 3243 558 3279 datum
576 3272 585 3288 ,
615 3243 678 3280 sed
720 3244 896 3281 fructum.
927 3246 999 3293 Qui
1034 3248 1185 3297 regibus
1214 3260 1332 3293 Joan-

362 3377 371 3391 ¹
393 3369 486 3401 Eccli.
505 3381 621 3407 xxxn,
645 3372 698 3401 2'1.
718 3390 757 3394 --—
781 3367 794 3389 ²
812 3373 904 3403 Num.
924 3384 957 3402 xx
973 3397 979 3405 ,
1003 3377 1054 3409 16,
1078 3377 1129 3406 17.

1413 1151 1568 1187 dustriae
1589 1152 1647 1187 vel
1668 1150 1803 1188 labori.
1823 1155 1998 1200 Quorum
2018 1152 2208 1201 ingressus
2224 1153 2423 1204 pacificus,

1412 1213 1597 1250 molestus
1616 1212 1632 1227 *
1656 1213 1780 1250 exitus
1812 1213 1859 1250 sit
1880 1228 1888 1250 :
1913 1227 2079 1263 quorum
2108 1227 2234 1251 sermo
2265 1214 2428 1253 aedifiea-

1414 1273 1492 1317 tio,
1523 1286 1689 1322 quorum
1719 1273 1797 1309 vita
1817 1272 1986 1322 justitia,
2025 1286 2192 1323 quorum
2226 1276 2427 1325 praesentia

1413 1341 1533 1382 grata,
1556 1346 1720 1382 quorum
1752 1333 1936 1369 memoria
1968 1333 2007 1369 in
2039 1332 2319 1371 benedictione.
2354 1336 2426 1383 Qui

1412 1406 1451 1429 se
1476 1392 1656 1429 amabiles
1678 1392 1894 1443 praebeant,
1921 1406 2001 1429 non
2021 1392 2143 1430 verbo
2157 1422 2168 1440 ,
2197 1394 2264 1430 sed
2281 1407 2397 1445 opere
2418 1411 2426 1433 :

1410 1453 1644 1490 reverendos
1665 1453 1890 1499 exhibeant,
1911 1453 1977 1490 sed
1999 1461 2086 1490 actu
2101 1482 2111 1500 ,
2130 1467 2208 1490 non
2226 1454 2335 1491 fastu.
2354 1456 2424 1504 Qui

1408 1514 1571 1550 humiles
1599 1526 1685 1550 cum
1707 1513 1939 1560 humilibus,
1971 1522 2008 1550 et
2039 1527 2123 1550 cum
2156 1513 2425 1553 innocentibus

1409 1575 1632 1612 innocentes
1651 1589 1661 1621 3
1684 1574 1802 1611 duros
1821 1574 1915 1611 dure
1935 1573 2168 1623 redarguant
2181 1603 2192 1620 ,
2216 1574 2425 1624 malignan-

1412 1643 1466 1671 tes
1487 1645 1689 1673 coerceant
1703 1665 1712 1681 ,
1734 1635 1897 1672 reddant
1916 1634 2211 1672 retributionem
2237 1634 2423 1686 superbis,

1409 1695 1483 1742 Qui
1505 1708 1584 1731 non
1611 1695 1657 1731 de
1687 1695 1776 1731 dote
1795 1694 1921 1732 viduae
1935 1723 1944 1740 ,
1968 1702 2006 1730 et
2035 1694 2270 1744 patrimonio
2291 1695 2423 1733 Cruci-

1410 1755 1474 1792 fixi
1495 1768 1534 1792 50
1554 1756 1614 1791 vel
1641 1768 1730 1792 suos
1763 1754 1884 1792 ditare
1915 1755 2114 1801 festinent,
2147 1755 2264 1804 gratis
2294 1755 2424 1793 dantes

1408 1815 1513 1864 quod
1543 1816 1658 1865 gratis
1689 1823 1946 1866 acceperunt,
1974 1814 2089 1865 gratis
2121 1815 2300 1851 facientes
2321 1814 2424 1864 judi-

1406 1876 1507 1913 cium
1527 1876 1706 1925 injuriam
1726 1875 1960 1927 patientibus
1976 1905 1985 1922 ,
2010 1876 2219 1913 vindictam
2240 1876 2280 1912 in
2298 1869 2426 1913 natio-¹

1406 1936 1540 1984 nibus,
1562 1937 1844 1988 increpationes
1863 1936 1902 1972 in
1922 1936 2087 1986 populis.
2109 1935 2184 1984 Qui
2203 1935 2250 1972 de
2274 1943 2341 1973 tuo
2360 1935 2420 1973 de-

1406 1996 1521 2045 nique
1540 1996 1690 2045 spiritu,
1708 1996 1863 2033 illorum
1880 1996 2000 2033 instar
2019 1995 2259 2046 septuaginta
2274 1996 2418 2046 Moysi,

1407 2056 1595 2106 accepisse
1616 2064 1824 2093 cernantur
1841 2062 1854 2078 ²
1868 2084 1878 2102 ‚
1899 2069 1971 2107 per
1991 2069 2106 2106 quem
2126 2055 2205 2093 sive
2224 2055 2418 2102 absentes,

1406 2117 1486 2153 sive·
1507 2125 1714 2167 praesentes
1731 2116 1965 2153 contendant
1992 2117 2143 2166 placere
2161 2115 2246 2162 tibi,
2270 2116 2420 2166 placere

1403 2180 1497 2213 Deo.
1524 2177 1599 2224 Qui
1630 2176 1678 2213 ad
1710 2184 1746 2212 te
1777 2176 1939 2213 redeant
1968 2176 2112 2226 fatigati
2148 2175 2328 2226 quidem,
2353 2175 2418 2213 sed

1403 2250 1481 2273 non
1505 2236 1738 2273 suffarcinati
1758 2251 1766 2274 :
1787 2237 1899 2274 simul
1917 2245 1954 2273 et
1973 2236 2200 2286 gloriantes,
2219 2248 2297 2272 non
2316 2235 2417 2285 quod

1403 2296 1553 2333 curiosa
1579 2309 1646 2333 seu
1671 2296 1841 2346 pretiosa
1871 2309 2034 2346 quaeque
2051 2304 2249 2349 terrarum
2276 2295 2415 2332 attule—

1403 2356 1479 2392 rint
1494 2386 1503 2403 ,
1520 2356 1586 2394 sed
1607 2356 1712 2407 quod
1734 2357 1962 2407 reliquerint
1978 2370 2112 2407 pacem
2132 2356 2279 2406 regnis,
2297 2356 2416 2406 legem

1400 2414 1573 2452 barbaris
1588 2445 1598 2462 ,
1622 2416 1789 2465 quietem
1817 2416 2058 2453 monasteriis
2073 2445 2083 2464 ,
2117 2415 2286 2453 ecclesiis
2310 2415 2414 2452 ordi-

1402 2489 1489 2512 nem
1511 2504 1520 2521 ,
1557 2476 1703 2513 clericis
1732 2475 1970 2526 disciplinam
1989 2504 1999 2522 ‚
2032 2479 2115 2513 Deo
2136 2476 2324 2526 populum
2350 2486 2414 2512 ac—

1402 2534 1628 2585 ceptabilem
1643 2565 1652 2583 ,
1673 2543 1899 2572 sectatorem
1921 2535 2114 2573 bonorum
2135 2549 2309 2587 operum.

1778 2654 1957 2693 CAPUT
1987 2654 2038 2694 V.

1404 2777 1561 2819 Exemplis
1574 2774 1812 2809 commendatur
1824 2777 2012 2809 abstinentia
2028 2788 2213 2817 munerum3
2228 2783 2258 2809 et
2271 2787 2411 2820 arrogan-

1596 2831 1638 2862 tia
1656 2832 1870 2863 ministrorum
1888 2834 1981 2875 Papae
1994 2832 2223 2875 perstringitur.

1455 2952 1515 2988 13.
1540 2950 1707 3001 Dignum
1729 2965 1818 2989 reor
1842 2951 1891 2989 ad
1912 2952 2083 2990 medium
2110 2952 2243 2989 venire
2271 2951 2405 2989 factum

1398 3011 1519 3048 dulcis
1539 3012 1733 3049 memoriae
1750 3012 1905 3049 Martini
1921 3012 2043 3049 nostri
2058 3011 2088 3049 *.
2109 3011 2217 3049 Nosti
2231 3012 2304 3048 hoc
2317 3027 2327 3059 ;
2342 3008 2406 3048 sed

1397 3084 1444 3107 an
1464 3071 1685 3108 memineris
1699 3100 1709 3117 ,
1731 3072 1880 3121 ignoro.
1907 3075 1944 3108 Is
1961 3071 2163 3108 cardinalis
2187 3070 2402 3122 presbyter,

1398 3131 1551 3167 functus
1577 3130 1783 3180 aliquando
1815 3131 2005 3181 legatione
2036 3131 2077 3167 in
2111 3131 2225 3168 Dacia
2243 3130 2260 3146 *
2285 3157 2295 3176 ,
2330 3137 2403 3166 tam

1397 3203 1545 3240 pauper
1580 3191 1785 3236 remeavit,
1821 3199 1864 3227 ut
1895 3203 1993 3241 pene
2026 3189 2203 3241 expensis
2238 3198 2276 3226 et
2299 3187 2403 3239 equis

1398 3249 1663 3287 deficientibus
1681 3278 1692 3296 ‚
1723 3250 1787 3287 vix
1817 3251 2038 3301 perveniret
2066 3250 2310 3289 Florentiam.
2346 3245 2402 3284 Ibi
