<?xml version="1.0" encoding="UTF-8"?>
<!DOCTYPE html PUBLIC "-//W3C//DTD XHTML 1.0 Transitional//EN"
    "http://www.w3.org/TR/xhtml1/DTD/xhtml1-transitional.dtd">
<html xmlns="http://www.w3.org/1999/xhtml" xml:lang="en" lang="en">
 <head>
  <title>
</title>
<meta http-equiv="Content-Type" content="text/html;charset=utf-8" />
  <meta name='ocr-system' content='tesseract 3.04.00' />
  <meta name='ocr-capabilities' content='ocr_page ocr_carea ocr_par ocr_line ocrx_word'/>
</head>
<body>
  <div class='ocr_page' id='page_1' title='image "./operaomniapostho01bernuoft/operaomniapostho01bernuoft_0306.png"; bbox 0 0 2533 3920; ppageno 0'>
   <div class='ocr_carea' id='block_1_1' title="bbox 354 184 428 221">
    <p class='ocr_par' dir='ltr' id='par_1_1' title="bbox 354 184 428 221">
     <span class='ocr_line' id='line_1_1' title="bbox 354 184 428 221; baseline 0 0"><span class='ocrx_word' id='word_1_1' title='bbox 354 184 428 221; x_wconf 75' lang='lat'><strong>995</strong></span> 
     </span>
    </p>
   </div>
   <div class='ocr_carea' id='block_1_2' title="bbox 1122 175 1675 213">
    <p class='ocr_par' dir='ltr' id='par_1_2' title="bbox 1122 175 1675 213">
     <span class='ocr_line' id='line_1_2' title="bbox 1122 175 1675 213; baseline -0.009 0"><span class='ocrx_word' id='word_1_2' title='bbox 1122 180 1156 213; x_wconf 92' lang='lat' dir='ltr'><strong>S.</strong></span> <span class='ocrx_word' id='word_1_3' title='bbox 1191 177 1443 213; x_wconf 72' lang='lat' dir='ltr'><strong>BERNARDI</strong></span> <span class='ocrx_word' id='word_1_4' title='bbox 1472 176 1630 211; x_wconf 63' lang='lat' dir='ltr'>ABBAT</span> <span class='ocrx_word' id='word_1_5' title='bbox 1634 175 1675 209; x_wconf 73' lang='lat'><strong>15</strong></span> 
     </span>
    </p>
   </div>
   <div class='ocr_carea' id='block_1_3' title="bbox 352 217 2483 307">
    <p class='ocr_par' dir='ltr' id='par_1_3' title="bbox 352 217 2483 307">
     <span class='ocr_line' id='line_1_3' title="bbox 2479 217 2482 229; baseline 0 0"><span class='ocrx_word' id='word_1_6' title='bbox 2479 217 2482 229; x_wconf 84' lang='lat'><strong>.</strong></span> 
     </span>
     <span class='ocr_line' id='line_1_4' title="bbox 352 243 2483 307; baseline -0.005 -9"><span class='ocrx_word' id='word_1_7' title='bbox 352 262 443 299; x_wconf 88' lang='lat' dir='ltr'><strong>dnm</strong></span> <span class='ocrx_word' id='word_1_8' title='bbox 473 260 695 298; x_wconf 84' lang='lat' dir='ltr'><strong>interiorem</strong></span> <span class='ocrx_word' id='word_1_9' title='bbox 721 257 917 294; x_wconf 85' lang='lat' dir='ltr'><strong>hominem</strong></span> <span class='ocrx_word' id='word_1_10' title='bbox 948 256 1021 307; x_wconf 84' lang='lat' dir='ltr'><strong>(ut</strong></span> <span class='ocrx_word' id='word_1_11' title='bbox 1051 255 1177 292; x_wconf 85' lang='lat' dir='ltr'><strong>minus</strong></span> <span class='ocrx_word' id='word_1_12' title='bbox 1207 251 1418 304; x_wconf 73' lang='lat' dir='ltr'><strong>sapiens²⁹⁰</strong></span> <span class='ocrx_word' id='word_1_13' title='bbox 1429 252 1503 288; x_wconf 87' lang='lat' dir='ltr'><strong>dali</strong></span> <span class='ocrx_word' id='word_1_14' title='bbox 1519 258 1531 281; x_wconf 79' lang='lat'><strong>7</strong></span> <span class='ocrx_word' id='word_1_15' title='bbox 1551 266 1558 287; x_wconf 93' lang='lat'>:</span> <span class='ocrx_word' id='word_1_16' title='bbox 1578 263 1663 287; x_wconf 90' lang='lat' dir='ltr'><strong>cum</strong></span> <span class='ocrx_word' id='word_1_17' title='bbox 1685 257 1812 285; x_wconf 87' lang='lat' dir='ltr'><strong>tamen</strong></span> <span class='ocrx_word' id='word_1_18' title='bbox 1833 260 1912 284; x_wconf 91' lang='lat' dir='ltr'><strong>non</strong></span> <span class='ocrx_word' id='word_1_19' title='bbox 1933 247 2078 293; x_wconf 87' lang='lat' dir='ltr'>desint,</span> <span class='ocrx_word' id='word_1_20' title='bbox 2099 247 2165 296; x_wconf 91' lang='lat' dir='ltr'><strong>qui</strong></span> <span class='ocrx_word' id='word_1_21' title='bbox 2186 247 2300 284; x_wconf 87' lang='lat' dir='ltr'><strong>corde</strong></span> <span class='ocrx_word' id='word_1_22' title='bbox 2319 247 2432 287; x_wconf 85' lang='lat' dir='ltr'><strong>alacri</strong></span> <span class='ocrx_word' id='word_1_23' title='bbox 2479 243 2483 292; x_wconf 72' lang='lat' dir='ltr'><strong>l</strong></span> 
     </span>
    </p>
   </div>
   <div class='ocr_carea' id='block_1_4' title="bbox 2357 172 2431 211">
    <p class='ocr_par' dir='ltr' id='par_1_4' title="bbox 2357 172 2431 211">
     <span class='ocr_line' id='line_1_5' title="bbox 2357 172 2431 211; baseline 0.041 -3"><span class='ocrx_word' id='word_1_24' title='bbox 2357 172 2431 211; x_wconf 72' lang='lat'><strong>596</strong></span> 
     </span>
    </p>
   </div>
   <div class='ocr_carea' id='block_1_5' title="bbox 352 304 2432 373">
    <p class='ocr_par' dir='ltr' id='par_1_5' title="bbox 352 304 2432 373">
     <span class='ocr_line' id='line_1_6' title="bbox 352 304 2432 373; baseline -0.007 -13"><span class='ocrx_word' id='word_1_25' title='bbox 352 322 464 373; x_wconf 84' lang='lat' dir='ltr'><strong>dico)</strong></span> <span class='ocrx_word' id='word_1_26' title='bbox 491 322 647 372; x_wconf 87' lang='lat' dir='ltr'><strong>spiritus</strong></span> <span class='ocrx_word' id='word_1_27' title='bbox 674 326 878 370; x_wconf 87' lang='lat' dir='ltr'><strong>promptus</strong></span> <span class='ocrx_word' id='word_1_28' title='bbox 909 325 965 354; x_wconf 89' lang='lat' dir='ltr'><strong>est</strong></span> <span class='ocrx_word' id='word_1_29' title='bbox 989 317 1027 353; x_wconf 90' lang='lat' dir='ltr'><strong>in</strong></span> <span class='ocrx_word' id='word_1_30' title='bbox 1055 329 1168 352; x_wconf 86' lang='lat' dir='ltr'><strong>carne</strong></span> <span class='ocrx_word' id='word_1_31' title='bbox 1195 315 1358 351; x_wconf 80' lang='lat' dir='ltr'><strong>infirma.</strong></span> <span class='ocrx_word' id='word_1_32' title='bbox 1380 312 1409 345; x_wconf 91' lang='lat' dir='ltr'><strong>A</strong></span> <span class='ocrx_word' id='word_1_33' title='bbox 1428 311 1577 357; x_wconf 89' lang='lat' dir='ltr'><strong>dicant,</strong></span> <span class='ocrx_word' id='word_1_34' title='bbox 1598 313 1690 358; x_wconf 74' lang='lat' dir='ltr'><strong>Ipse</strong></span> <span class='ocrx_word' id='word_1_35' title='bbox 1717 317 1771 344; x_wconf 74' lang='lat' dir='ltr'><strong>est</strong></span> <span class='ocrx_word' id='word_1_36' title='bbox 1784 321 1872 356; x_wconf 72' lang='lat' dir='ltr'><strong>pax</strong></span> <span class='ocrx_word' id='word_1_37' title='bbox 1897 316 2046 353; x_wconf 78' lang='lat' dir='ltr'><strong>nostra,</strong></span> <span class='ocrx_word' id='word_1_38' title='bbox 2067 311 2132 355; x_wconf 80' lang='lat' dir='ltr'><strong>qui</strong></span> <span class='ocrx_word' id='word_1_39' title='bbox 2154 304 2255 353; x_wconf 79' lang='lat' dir='ltr'><strong>fecit</strong></span> <span class='ocrx_word' id='word_1_40' title='bbox 2279 315 2432 357; x_wconf 79' lang='lat' dir='ltr'><strong>utraque</strong></span> 
     </span>
    </p>
   </div>
   <div class='ocr_carea' id='block_1_6' title="bbox 353 378 1365 793">
    <p class='ocr_par' dir='ltr' id='par_1_6' title="bbox 353 378 1365 793">
     <span class='ocr_line' id='line_1_7' title="bbox 353 378 1362 429; baseline -0.01 -8"><span class='ocrx_word' id='word_1_41' title='bbox 353 386 467 421; x_wconf 87' lang='lat' dir='ltr'><strong>Orate</strong></span> <span class='ocrx_word' id='word_1_42' title='bbox 484 383 716 419; x_wconf 74' lang='lat' dir='ltr'><strong>Salvatorem</strong></span> <span class='ocrx_word' id='word_1_43' title='bbox 731 410 740 426; x_wconf 89' lang='lat'><strong>,</strong></span> <span class='ocrx_word' id='word_1_44' title='bbox 766 380 829 429; x_wconf 86' lang='lat' dir='ltr'><strong>qui</strong></span> <span class='ocrx_word' id='word_1_45' title='bbox 847 392 924 415; x_wconf 88' lang='lat' dir='ltr'><strong>non</strong></span> <span class='ocrx_word' id='word_1_46' title='bbox 947 378 1028 414; x_wconf 70' lang='lat' dir='ltr'><strong>vult</strong></span> <span class='ocrx_word' id='word_1_47' title='bbox 1046 385 1206 413; x_wconf 91' lang='lat' dir='ltr'><strong>mortem</strong></span> <span class='ocrx_word' id='word_1_48' title='bbox 1226 388 1362 425; x_wconf 84' lang='lat' dir='ltr'><strong>peeca-</strong></span> 
     </span>
     <span class='ocr_line' id='line_1_8' title="bbox 355 437 1360 492; baseline -0.009 -12"><span class='ocrx_word' id='word_1_49' title='bbox 355 443 448 480; x_wconf 88' lang='lat' dir='ltr'><strong>toris</strong></span> <span class='ocrx_word' id='word_1_50' title='bbox 463 472 471 488; x_wconf 93' lang='lat'><strong>‚</strong></span> <span class='ocrx_word' id='word_1_51' title='bbox 492 451 534 479; x_wconf 92' lang='lat' dir='ltr'><strong>ut</strong></span> <span class='ocrx_word' id='word_1_52' title='bbox 551 441 819 492; x_wconf 80' lang='lat' dir='ltr'><strong>tempestivum</strong></span> <span class='ocrx_word' id='word_1_53' title='bbox 835 439 912 489; x_wconf 89' lang='lat' dir='ltr'><strong>jam</strong></span> <span class='ocrx_word' id='word_1_54' title='bbox 931 439 1075 475; x_wconf 78' lang='lat' dir='ltr'><strong>exitum</strong></span> <span class='ocrx_word' id='word_1_55' title='bbox 1092 451 1170 474; x_wconf 91' lang='lat' dir='ltr'><strong>non</strong></span> <span class='ocrx_word' id='word_1_56' title='bbox 1188 437 1360 481; x_wconf 87' lang='lat' dir='ltr'><strong>differat,</strong></span> 
     </span>
     <span class='ocr_line' id='line_1_9' title="bbox 356 498 1362 541; baseline -0.009 0"><span class='ocrx_word' id='word_1_57' title='bbox 356 503 421 541; x_wconf 87' lang='lat' dir='ltr'><strong>sed</strong></span> <span class='ocrx_word' id='word_1_58' title='bbox 452 503 652 540; x_wconf 86' lang='lat' dir='ltr'><strong>custodiat.</strong></span> <span class='ocrx_word' id='word_1_59' title='bbox 677 503 813 537; x_wconf 85' lang='lat' dir='ltr'><strong>Curate</strong></span> <span class='ocrx_word' id='word_1_60' title='bbox 840 500 992 536; x_wconf 90' lang='lat' dir='ltr'><strong>munire</strong></span> <span class='ocrx_word' id='word_1_61' title='bbox 1019 499 1117 535; x_wconf 76' lang='lat' dir='ltr'><strong>votis</strong></span> <span class='ocrx_word' id='word_1_62' title='bbox 1145 498 1362 535; x_wconf 82' lang='lat' dir='ltr'>calcaneum</span> 
     </span>
     <span class='ocr_line' id='line_1_10' title="bbox 355 558 1364 610; baseline -0.008 -9"><span class='ocrx_word' id='word_1_63' title='bbox 355 564 501 601; x_wconf 90' lang='lat' dir='ltr'><strong>nudum</strong></span> <span class='ocrx_word' id='word_1_64' title='bbox 526 563 668 600; x_wconf 86' lang='lat' dir='ltr'><strong>meritis</strong></span> <span class='ocrx_word' id='word_1_65' title='bbox 695 577 702 598; x_wconf 90' lang='lat'>:</span> <span class='ocrx_word' id='word_1_66' title='bbox 734 570 775 598; x_wconf 89' lang='lat' dir='ltr'><strong>ut</strong></span> <span class='ocrx_word' id='word_1_67' title='bbox 804 561 834 597; x_wconf 90' lang='lat' dir='ltr'><strong>is</strong></span> <span class='ocrx_word' id='word_1_68' title='bbox 853 561 916 610; x_wconf 89' lang='lat' dir='ltr'><strong>qui</strong></span> <span class='ocrx_word' id='word_1_69' title='bbox 944 560 1166 606; x_wconf 79' lang='lat' dir='ltr'><strong>insidiatur,</strong></span> <span class='ocrx_word' id='word_1_70' title='bbox 1192 558 1364 595; x_wconf 74' lang='lat' dir='ltr'><strong>invenire</strong></span> 
     </span>
     <span class='ocr_line' id='line_1_11' title="bbox 356 620 1361 674; baseline -0.007 -13"><span class='ocrx_word' id='word_1_71' title='bbox 356 638 435 661; x_wconf 89' lang='lat' dir='ltr'><strong>non</strong></span> <span class='ocrx_word' id='word_1_72' title='bbox 452 624 572 674; x_wconf 79' lang='lat' dir='ltr'>possit</span> <span class='ocrx_word' id='word_1_73' title='bbox 594 622 695 659; x_wconf 88' lang='lat' dir='ltr'><strong>unde</strong></span> <span class='ocrx_word' id='word_1_74' title='bbox 718 623 805 671; x_wconf 72' lang='lat' dir='ltr'><strong>figat</strong></span> <span class='ocrx_word' id='word_1_75' title='bbox 822 621 974 658; x_wconf 86' lang='lat' dir='ltr'><strong>dentem</strong></span> <span class='ocrx_word' id='word_1_76' title='bbox 993 630 1029 656; x_wconf 88' lang='lat' dir='ltr'><strong>et</strong></span> <span class='ocrx_word' id='word_1_77' title='bbox 1048 621 1186 656; x_wconf 74' lang='lat' dir='ltr'><strong>vulnus</strong></span> <span class='ocrx_word' id='word_1_78' title='bbox 1204 620 1361 668; x_wconf 82' lang='lat' dir='ltr'><strong>infligat.</strong></span> 
     </span>
     <span class='ocr_line' id='line_1_12' title="bbox 356 681 1364 734; baseline -0.007 -13"><span class='ocrx_word' id='word_1_79' title='bbox 356 688 446 721; x_wconf 85' lang='lat' dir='ltr'><strong>Haec</strong></span> <span class='ocrx_word' id='word_1_80' title='bbox 468 685 547 734; x_wconf 90' lang='lat' dir='ltr'><strong>ipse</strong></span> <span class='ocrx_word' id='word_1_81' title='bbox 569 683 729 728; x_wconf 72' lang='lat' dir='ltr'><strong>dictavi,</strong></span> <span class='ocrx_word' id='word_1_82' title='bbox 747 683 800 719; x_wconf 89' lang='lat' dir='ltr'><strong>sic</strong></span> <span class='ocrx_word' id='word_1_83' title='bbox 829 696 887 718; x_wconf 92' lang='lat' dir='ltr'><strong>me</strong></span> <span class='ocrx_word' id='word_1_84' title='bbox 904 681 1065 726; x_wconf 88' lang='lat' dir='ltr'><strong>hahens,</strong></span> <span class='ocrx_word' id='word_1_85' title='bbox 1086 690 1127 717; x_wconf 93' lang='lat' dir='ltr'><strong>ut</strong></span> <span class='ocrx_word' id='word_1_86' title='bbox 1145 694 1213 730; x_wconf 89' lang='lat' dir='ltr'><strong>per</strong></span> <span class='ocrx_word' id='word_1_87' title='bbox 1230 687 1364 715; x_wconf 87' lang='lat' dir='ltr'><strong>notam</strong></span> 
     </span>
     <span class='ocr_line' id='line_1_13' title="bbox 356 742 1365 793; baseline -0.006 -12"><span class='ocrx_word' id='word_1_88' title='bbox 356 744 466 781; x_wconf 79' lang='lat' dir='ltr'><strong>vobis</strong></span> <span class='ocrx_word' id='word_1_89' title='bbox 482 757 634 781; x_wconf 89' lang='lat' dir='ltr'><strong>manum</strong></span> <span class='ocrx_word' id='word_1_90' title='bbox 653 743 864 793; x_wconf 82' lang='lat' dir='ltr'><strong>agnoscatis</strong></span> <span class='ocrx_word' id='word_1_91' title='bbox 881 742 1071 778; x_wconf 72' lang='lat' dir='ltr'><strong>affectum.</strong></span> <span class='ocrx_word' id='word_1_92' title='bbox 1090 745 1365 778; x_wconf 75' lang='lat' dir='ltr'>Verumtamen</span> 
     </span>
    </p>
   </div>
   <div class='ocr_carea' id='block_1_7' title="bbox 358 800 1229 855">
    <p class='ocr_par' dir='ltr' id='par_1_7' title="bbox 358 800 1229 855">
     <span class='ocr_line' id='line_1_14' title="bbox 358 800 1229 855; baseline -0.007 -13"><span class='ocrx_word' id='word_1_93' title='bbox 358 805 616 855; x_wconf 78' lang='lat' dir='ltr'><strong>rescripsisse,</strong></span> <span class='ocrx_word' id='word_1_94' title='bbox 649 817 762 853; x_wconf 89' lang='lat' dir='ltr'><strong>quam</strong></span> <span class='ocrx_word' id='word_1_95' title='bbox 791 802 985 852; x_wconf 83' lang='lat' dir='ltr'><strong>scripsisse</strong></span> <span class='ocrx_word' id='word_1_96' title='bbox 1018 800 1229 838; x_wconf 77' lang='lat' dir='ltr'><strong>maluerim.</strong></span> 
     </span>
    </p>
   </div>
   <div class='ocr_carea' id='block_1_8' title="bbox 357 943 1369 960">
    <p class='ocr_par' dir='ltr' id='par_1_8' title="bbox 357 943 1369 960">
     <span class='ocr_line' id='line_1_15' title="bbox 357 943 1369 960; baseline -0.008 0"><span class='ocrx_word' id='word_1_97' title='bbox 357 943 1369 960; x_wconf 54' lang='lat'><strong>======================================================================</strong></span> 
     </span>
    </p>
   </div>
   <div class='ocr_carea' id='block_1_9' title="bbox 522 1063 1223 1125">
    <p class='ocr_par' dir='ltr' id='par_1_9' title="bbox 522 1063 1223 1125">
     <span class='ocr_line' id='line_1_16' title="bbox 522 1063 1223 1125; baseline -0.009 0"><span class='ocrx_word' id='word_1_98' title='bbox 522 1067 895 1125; x_wconf 69' lang='lat' dir='ltr'>EPISTOLA</span> <span class='ocrx_word' id='word_1_99' title='bbox 952 1063 1223 1123; x_wconf 58' lang='lat' dir='ltr'>CCCXI?</span> 
     </span>
    </p>
   </div>
   <div class='ocr_carea' id='block_1_10' title="bbox 537 1221 1192 1248">
    <p class='ocr_par' dir='ltr' id='par_1_10' title="bbox 537 1221 1192 1248">
     <span class='ocr_line' id='line_1_17' title="bbox 537 1221 1192 1248; baseline -0.006 0"><span class='ocrx_word' id='word_1_100' title='bbox 537 1227 584 1248; x_wconf 67' lang='lat' dir='ltr'><strong>AD</strong></span> <span class='ocrx_word' id='word_1_101' title='bbox 615 1224 861 1247; x_wconf 71' lang='lat' dir='ltr'>HAIMERICL&#39;M</span> <span class='ocrx_word' id='word_1_102' title='bbox 892 1221 1178 1245; x_wconf 63' lang='lat' dir='ltr'>CANCELLARIUM</span> <span class='ocrx_word' id='word_1_103' title='bbox 1185 1237 1192 1244; x_wconf 90' lang='lat'><strong>.</strong></span> 
     </span>
    </p>
   </div>
   <div class='ocr_carea' id='block_1_11' title="bbox 360 1337 1374 1496">
    <p class='ocr_par' dir='ltr' id='par_1_11' title="bbox 360 1337 1374 1496">
     <span class='ocr_line' id='line_1_18' title="bbox 360 1337 1372 1384; baseline -0.008 -10"><span class='ocrx_word' id='word_1_104' title='bbox 360 1343 501 1374; x_wconf 79' lang='lat' dir='ltr'><strong>AEmulos</strong></span> <span class='ocrx_word' id='word_1_105' title='bbox 528 1342 680 1384; x_wconf 79' lang='lat' dir='ltr'><strong>quosdam</strong></span> <span class='ocrx_word' id='word_1_106' title='bbox 711 1340 770 1383; x_wconf 89' lang='lat' dir='ltr'><strong>piis</strong></span> <span class='ocrx_word' id='word_1_107' title='bbox 803 1340 939 1371; x_wconf 83' lang='lat' dir='ltr'><strong>aliorum</strong></span> <span class='ocrx_word' id='word_1_108' title='bbox 973 1337 1138 1369; x_wconf 85' lang='lat' dir='ltr'><strong>conatibus</strong></span> <span class='ocrx_word' id='word_1_109' title='bbox 1173 1337 1372 1368; x_wconf 73' lang='lat' dir='ltr'><strong>adversantes</strong></span> 
     </span>
     <span class='ocr_line' id='line_1_19' title="bbox 410 1391 1374 1439; baseline -0.007 -11"><span class='ocrx_word' id='word_1_110' title='bbox 410 1397 522 1429; x_wconf 88' lang='lat' dir='ltr'><strong>acriter</strong></span> <span class='ocrx_word' id='word_1_111' title='bbox 538 1396 714 1439; x_wconf 74' lang='lat' dir='ltr'><strong>perstringit</strong></span> <span class='ocrx_word' id='word_1_112' title='bbox 739 1406 746 1426; x_wconf 88' lang='lat'>:</span> <span class='ocrx_word' id='word_1_113' title='bbox 764 1394 977 1425; x_wconf 79' lang='lat' dir='ltr'><strong>Haimcricum</strong></span> <span class='ocrx_word' id='word_1_114' title='bbox 995 1404 1069 1424; x_wconf 60' lang='lat' dir='ltr'><strong>vero</strong></span> <span class='ocrx_word' id='word_1_115' title='bbox 1083 1392 1121 1423; x_wconf 86' lang='lat' dir='ltr'><strong>ad</strong></span> <span class='ocrx_word' id='word_1_116' title='bbox 1142 1391 1282 1423; x_wconf 86' lang='lat' dir='ltr'><strong>sedulam</strong></span> <span class='ocrx_word' id='word_1_117' title='bbox 1299 1391 1374 1422; x_wconf 84' lang='lat' dir='ltr'><strong>honi</strong></span> 
     </span>
     <span class='ocr_line' id='line_1_20' title="bbox 411 1446 1189 1496; baseline -0.009 -13"><span class='ocrx_word' id='word_1_118' title='bbox 411 1452 528 1496; x_wconf 83' lang='lat' dir='ltr'><strong>publici</strong></span> <span class='ocrx_word' id='word_1_119' title='bbox 542 1462 666 1487; x_wconf 88' lang='lat' dir='ltr'><strong>curam,</strong></span> <span class='ocrx_word' id='word_1_120' title='bbox 681 1450 785 1481; x_wconf 87' lang='lat' dir='ltr'><strong>oblata</strong></span> <span class='ocrx_word' id='word_1_121' title='bbox 799 1449 962 1480; x_wconf 80' lang='lat' dir='ltr'><strong>occasione</strong></span> <span class='ocrx_word' id='word_1_122' title='bbox 975 1473 982 1487; x_wconf 92' lang='lat'><strong>,</strong></span> <span class='ocrx_word' id='word_1_123' title='bbox 999 1446 1189 1478; x_wconf 77' lang='lat' dir='ltr'><strong>exstimulat.</strong></span> 
     </span>
    </p>
   </div>
   <div class='ocr_carea' id='block_1_12' title="bbox 362 1571 1376 1805">
    <p class='ocr_par' dir='ltr' id='par_1_12' title="bbox 362 1571 1376 1805">
     <span class='ocr_line' id='line_1_21' title="bbox 362 1571 1375 1616; baseline -0.011 -4"><span class='ocrx_word' id='word_1_124' title='bbox 362 1575 453 1612; x_wconf 72' lang='lat' dir='ltr'><strong>Viro</strong></span> <span class='ocrx_word' id='word_1_125' title='bbox 470 1572 607 1610; x_wconf 77' lang='lat' dir='ltr'><strong>illustri</strong></span> <span class='ocrx_word' id='word_1_126' title='bbox 631 1571 790 1609; x_wconf 89' lang='lat' dir='ltr'><strong>domino</strong></span> <span class='ocrx_word' id='word_1_127' title='bbox 808 1574 1032 1607; x_wconf 63' lang='lat' dir='ltr'><strong>Huni-mico</strong></span> <span class='ocrx_word' id='word_1_128' title='bbox 1046 1599 1055 1616; x_wconf 94' lang='lat'><strong>,</strong></span> <span class='ocrx_word' id='word_1_129' title='bbox 1074 1576 1213 1605; x_wconf 80' lang='lat' dir='ltr'><strong>sanctae</strong></span> <span class='ocrx_word' id='word_1_130' title='bbox 1233 1571 1375 1604; x_wconf 80' lang='lat' dir='ltr'><strong>Roma-</strong></span> 
     </span>
     <span class='ocr_line' id='line_1_22' title="bbox 418 1628 1376 1676; baseline -0.007 -5"><span class='ocrx_word' id='word_1_131' title='bbox 418 1649 476 1671; x_wconf 86' lang='lat' dir='ltr'><strong>nae</strong></span> <span class='ocrx_word' id='word_1_132' title='bbox 505 1633 611 1671; x_wconf 82' lang='lat' dir='ltr'><strong>Sedis</strong></span> <span class='ocrx_word' id='word_1_133' title='bbox 639 1632 869 1669; x_wconf 86' lang='lat' dir='ltr'><strong>cancellario</strong></span> <span class='ocrx_word' id='word_1_134' title='bbox 884 1660 892 1676; x_wconf 92' lang='lat'><strong>,</strong></span> <span class='ocrx_word' id='word_1_135' title='bbox 928 1634 1042 1667; x_wconf 81' lang='lat' dir='ltr'><strong>Hcco</strong></span> <span class='ocrx_word' id='word_1_136' title='bbox 1075 1628 1376 1667; x_wconf 83' lang='lat' dir='ltr'><strong>Pontiniacensis</strong></span> 
     </span>
     <span class='ocr_line' id='line_1_23' title="bbox 417 1689 1376 1740; baseline -0.008 -8"><span class='ocrx_word' id='word_1_137' title='bbox 417 1695 554 1740; x_wconf 85' lang='lat' dir='ltr'><strong>abbas,</strong></span> <span class='ocrx_word' id='word_1_138' title='bbox 574 1702 610 1730; x_wconf 90' lang='lat' dir='ltr'><strong>et</strong></span> <span class='ocrx_word' id='word_1_139' title='bbox 626 1698 850 1730; x_wconf 61' lang='lat' dir='ltr'><strong>BERNARDtS</strong></span> <span class='ocrx_word' id='word_1_140' title='bbox 869 1691 914 1728; x_wconf 92' lang='lat' dir='ltr'><strong>de</strong></span> <span class='ocrx_word' id='word_1_141' title='bbox 931 1690 1186 1734; x_wconf 53' lang='lat' dir='ltr'><strong>Clara-‘rallffi</strong></span> <span class='ocrx_word' id='word_1_142' title='bbox 1205 1690 1242 1725; x_wconf 91' lang='lat' dir='ltr'><strong>in</strong></span> <span class='ocrx_word' id='word_1_143' title='bbox 1261 1689 1376 1725; x_wconf 91' lang='lat' dir='ltr'><strong>domo</strong></span> 
     </span>
     <span class='ocr_line' id='line_1_24' title="bbox 418 1749 1282 1805; baseline -0.009 -12"><span class='ocrx_word' id='word_1_144' title='bbox 418 1756 489 1793; x_wconf 89' lang='lat' dir='ltr'><strong>Dei</strong></span> <span class='ocrx_word' id='word_1_145' title='bbox 514 1752 840 1805; x_wconf 81' lang='lat' dir='ltr'><strong>quemadmodum</strong></span> <span class='ocrx_word' id='word_1_146' title='bbox 871 1759 1025 1801; x_wconf 83' lang='lat' dir='ltr'><strong>oportet</strong></span> <span class='ocrx_word' id='word_1_147' title='bbox 1050 1749 1282 1786; x_wconf 76' lang='lat' dir='ltr'><strong>conversari.</strong></span> 
     </span>
    </p>
   </div>
   <div class='ocr_carea' id='block_1_13' title="bbox 366 1878 1386 2595">
    <p class='ocr_par' dir='ltr' id='par_1_13' title="bbox 366 1878 1386 2595">
     <span class='ocr_line' id='line_1_25' title="bbox 426 1878 1380 1932; baseline -0.008 -12"><span class='ocrx_word' id='word_1_148' title='bbox 426 1888 456 1921; x_wconf 95' lang='lat' dir='ltr'><strong>l.</strong></span> <span class='ocrx_word' id='word_1_149' title='bbox 488 1882 598 1932; x_wconf 87' lang='lat' dir='ltr'><strong>Quod</strong></span> <span class='ocrx_word' id='word_1_150' title='bbox 628 1880 799 1931; x_wconf 85' lang='lat' dir='ltr'><strong>episcopi</strong></span> <span class='ocrx_word' id='word_1_151' title='bbox 818 1887 1020 1929; x_wconf 62' lang='lat' dir='ltr'><strong>quaerunt,</strong></span> <span class='ocrx_word' id='word_1_152' title='bbox 1045 1878 1240 1923; x_wconf 89' lang='lat' dir='ltr'><strong>Christus,</strong></span> <span class='ocrx_word' id='word_1_153' title='bbox 1258 1890 1380 1926; x_wconf 80' lang='lat' dir='ltr'><strong>quan-</strong></span> 
     </span>
     <span class='ocr_line' id='line_1_26' title="bbox 369 1938 1378 1991; baseline -0.01 -9"><span class='ocrx_word' id='word_1_154' title='bbox 369 1955 450 1982; x_wconf 89' lang='lat' dir='ltr'><strong>tum</strong></span> <span class='ocrx_word' id='word_1_155' title='bbox 469 1943 678 1987; x_wconf 88' lang='lat' dir='ltr'><strong>credimus,</strong></span> <span class='ocrx_word' id='word_1_156' title='bbox 697 1941 881 1991; x_wconf 88' lang='lat' dir='ltr'><strong>acquirit;</strong></span> <span class='ocrx_word' id='word_1_157' title='bbox 902 1949 940 1976; x_wconf 89' lang='lat' dir='ltr'><strong>et</strong></span> <span class='ocrx_word' id='word_1_158' title='bbox 966 1940 1137 1989; x_wconf 89' lang='lat' dir='ltr'><strong>ipsorum</strong></span> <span class='ocrx_word' id='word_1_159' title='bbox 1162 1938 1356 1987; x_wconf 70' lang='lat' dir='ltr'><strong>negotium</strong></span> <span class='ocrx_word' id='word_1_160' title='bbox 1370 1966 1378 1981; x_wconf 82' lang='lat'><strong>,</strong></span> 
     </span>
     <span class='ocr_line' id='line_1_27' title="bbox 367 1997 1382 2050; baseline -0.009 -8"><span class='ocrx_word' id='word_1_161' title='bbox 367 2006 438 2043; x_wconf 90' lang='lat' dir='ltr'><strong>Dei</strong></span> <span class='ocrx_word' id='word_1_162' title='bbox 455 2013 511 2041; x_wconf 84' lang='lat' dir='ltr'><strong>est</strong></span> <span class='ocrx_word' id='word_1_163' title='bbox 528 2016 651 2041; x_wconf 82' lang='lat' dir='ltr'><strong>causa.</strong></span> <span class='ocrx_word' id='word_1_164' title='bbox 672 2004 745 2050; x_wconf 88' lang='lat' dir='ltr'><strong>Qui</strong></span> <span class='ocrx_word' id='word_1_165' title='bbox 762 2014 852 2050; x_wconf 73' lang='lat' dir='ltr'><strong>crgo</strong></span> <span class='ocrx_word' id='word_1_166' title='bbox 871 2001 940 2038; x_wconf 89' lang='lat' dir='ltr'><strong>Dei</strong></span> <span class='ocrx_word' id='word_1_167' title='bbox 958 2008 1013 2036; x_wconf 86' lang='lat' dir='ltr'><strong>est</strong></span> <span class='ocrx_word' id='word_1_168' title='bbox 1026 2029 1035 2046; x_wconf 94' lang='lat'><strong>,</strong></span> <span class='ocrx_word' id='word_1_169' title='bbox 1053 1998 1237 2048; x_wconf 73' lang='lat' dir='ltr'><strong>jungatur</strong></span> <span class='ocrx_word' id='word_1_170' title='bbox 1255 1998 1307 2034; x_wconf 89' lang='lat' dir='ltr'><strong>eis</strong></span> <span class='ocrx_word' id='word_1_171' title='bbox 1326 2012 1333 2033; x_wconf 93' lang='lat'>:</span> <span class='ocrx_word' id='word_1_172' title='bbox 1352 1997 1382 2034; x_wconf 91' lang='lat' dir='ltr'><strong>si</strong></span> 
     </span>
     <span class='ocr_line' id='line_1_28' title="bbox 369 2061 1381 2116; baseline -0.011 -14"><span class='ocrx_word' id='word_1_173' title='bbox 369 2066 454 2116; x_wconf 88' lang='lat' dir='ltr'><strong>quis</strong></span> <span class='ocrx_word' id='word_1_174' title='bbox 472 2064 615 2110; x_wconf 86' lang='lat' dir='ltr'><strong>renuit,</strong></span> <span class='ocrx_word' id='word_1_175' title='bbox 634 2062 762 2100; x_wconf 87' lang='lat' dir='ltr'><strong>audiat</strong></span> <span class='ocrx_word' id='word_1_176' title='bbox 779 2076 797 2098; x_wconf 92' lang='lat' dir='ltr'><strong>a</strong></span> <span class='ocrx_word' id='word_1_177' title='bbox 820 2061 1009 2105; x_wconf 85' lang='lat' dir='ltr'><strong>Domino,</strong></span> <span class='ocrx_word' id='word_1_178' title='bbox 1036 2062 1113 2105; x_wconf 75' lang='lat' dir='ltr'><strong>Qui</strong></span> <span class='ocrx_word' id='word_1_179' title='bbox 1130 2072 1203 2094; x_wconf 80' lang='lat' dir='ltr'><strong>mm</strong></span> <span class='ocrx_word' id='word_1_180' title='bbox 1227 2067 1280 2093; x_wconf 82' lang='lat' dir='ltr'><strong>est</strong></span> <span class='ocrx_word' id='word_1_181' title='bbox 1301 2071 1381 2093; x_wconf 75' lang='lat' dir='ltr'><strong>me·-</strong></span> 
     </span>
     <span class='ocr_line' id='line_1_29' title="bbox 369 2118 1384 2169; baseline -0.008 -8"><span class='ocrx_word' id='word_1_182' title='bbox 369 2139 472 2169; x_wconf 76' lang='lat' dir='ltr'><strong>cnm,</strong></span> <span class='ocrx_word' id='word_1_183' title='bbox 495 2133 624 2160; x_wconf 78' lang='lat' dir='ltr'><strong>contra</strong></span> <span class='ocrx_word' id='word_1_184' title='bbox 651 2137 708 2158; x_wconf 79' lang='lat' dir='ltr'><strong>me</strong></span> <span class='ocrx_word' id='word_1_185' title='bbox 735 2128 826 2158; x_wconf 58' lang='lat' dir='ltr'><strong>esst.</strong></span> <span class='ocrx_word' id='word_1_186' title='bbox 850 2125 932 2158; x_wconf 89' lang='lat' dir='ltr'><strong>Imo</strong></span> <span class='ocrx_word' id='word_1_187' title='bbox 954 2133 1046 2156; x_wconf 74' lang='lat' dir='ltr'><strong>vero</strong></span> <span class='ocrx_word' id='word_1_188' title='bbox 1075 2127 1139 2155; x_wconf 84' lang='lat' dir='ltr'><strong>aut</strong></span> <span class='ocrx_word' id='word_1_189' title='bbox 1170 2118 1384 2167; x_wconf 80' lang='lat' dir='ltr'><strong>acquiescat</strong></span> 
     </span>
     <span class='ocr_line' id='line_1_30' title="bbox 370 2183 1381 2235; baseline -0.011 -11"><span class='ocrx_word' id='word_1_190' title='bbox 370 2185 559 2235; x_wconf 85' lang='lat' dir='ltr'><strong>Apostolo</strong></span> <span class='ocrx_word' id='word_1_191' title='bbox 580 2183 742 2229; x_wconf 79' lang='lat' dir='ltr'><strong>dicenti,</strong></span> <span class='ocrx_word' id='word_1_192' title='bbox 765 2183 945 2230; x_wconf 67' lang='lat' dir='ltr'><strong>⁴Spiritum</strong></span> <span class='ocrx_word' id='word_1_193' title='bbox 964 2183 1078 2216; x_wconf 71' lang='lat' dir='ltr'><strong>nolite</strong></span> <span class='ocrx_word' id='word_1_194' title='bbox 1095 2183 1354 2227; x_wconf 67' lang='lat' dir='ltr'><strong>cwstingzccre²</strong></span> <span class='ocrx_word' id='word_1_195' title='bbox 1374 2192 1381 2213; x_wconf 77' lang='grc' dir='ltr'>ε</span> 
     </span>
     <span class='ocr_line' id='line_1_31' title="bbox 370 2240 1384 2288; baseline -0.01 -4"><span class='ocrx_word' id='word_1_196' title='bbox 370 2255 435 2284; x_wconf 86' lang='lat' dir='ltr'><strong>aut</strong></span> <span class='ocrx_word' id='word_1_197' title='bbox 455 2255 555 2283; x_wconf 86' lang='lat' dir='ltr'><strong>certe</strong></span> <span class='ocrx_word' id='word_1_198' title='bbox 573 2245 700 2282; x_wconf 84' lang='lat' dir='ltr'><strong>audiat</strong></span> <span class='ocrx_word' id='word_1_199' title='bbox 718 2257 803 2280; x_wconf 88' lang='lat' dir='ltr'><strong>cum</strong></span> <span class='ocrx_word' id='word_1_200' title='bbox 821 2242 983 2286; x_wconf 76' lang='lat' dir='ltr'><strong>Judaeis,</strong></span> <span class='ocrx_word' id='word_1_201' title='bbox 1009 2244 1080 2275; x_wconf 71' lang='lat' dir='ltr'><strong>Vos</strong></span> <span class='ocrx_word' id='word_1_202' title='bbox 1101 2253 1249 2288; x_wconf 74' lang='lat' dir='ltr'><strong>semper</strong></span> <span class='ocrx_word' id='word_1_203' title='bbox 1264 2240 1384 2288; x_wconf 77' lang='lat' dir='ltr'><strong>Spiri-</strong></span> 
     </span>
     <span class='ocr_line' id='line_1_32' title="bbox 370 2301 1385 2352; baseline -0.01 -9"><span class='ocrx_word' id='word_1_204' title='bbox 370 2312 424 2343; x_wconf 74' lang='lat' dir='ltr'><strong>tm·</strong></span> <span class='ocrx_word' id='word_1_205' title='bbox 449 2316 578 2342; x_wconf 77' lang='lat' dir='ltr'><strong>sancto</strong></span> <span class='ocrx_word' id='word_1_206' title='bbox 606 2302 823 2350; x_wconf 71' lang='lat' dir='ltr'><strong>1·csistz·tis3;</strong></span> <span class='ocrx_word' id='word_1_207' title='bbox 851 2311 888 2339; x_wconf 82' lang='lat' dir='ltr'><strong>ct</strong></span> <span class='ocrx_word' id='word_1_208' title='bbox 919 2317 938 2338; x_wconf 87' lang='lat' dir='ltr'><strong>a</strong></span> <span class='ocrx_word' id='word_1_209' title='bbox 970 2301 1183 2352; x_wconf 83' lang='lat' dir='ltr'><strong>propheta,</strong></span> <span class='ocrx_word' id='word_1_210' title='bbox 1218 2302 1286 2334; x_wconf 80' lang='lat' dir='ltr'><strong>Voe</strong></span> <span class='ocrx_word' id='word_1_211' title='bbox 1321 2302 1385 2347; x_wconf 78' lang='grc' dir='ltr'><strong>(μιί</strong></span> 
     </span>
     <span class='ocr_line' id='line_1_33' title="bbox 371 2360 1386 2408; baseline -0.01 -4"><span class='ocrx_word' id='word_1_212' title='bbox 371 2370 495 2404; x_wconf 72' lang='lat' dir='ltr'><strong>(licitis</strong></span> <span class='ocrx_word' id='word_1_213' title='bbox 525 2366 659 2401; x_wconf 76' lang='lat' dir='ltr'><strong>bonnm</strong></span> <span class='ocrx_word' id='word_1_214' title='bbox 684 2366 825 2400; x_wconf 74' lang='lat' dir='ltr'><strong>malum</strong></span> <span class='ocrx_word' id='word_1_215' title='bbox 840 2391 850 2406; x_wconf 90' lang='lat'><strong>,</strong></span> <span class='ocrx_word' id='word_1_216' title='bbox 883 2372 918 2398; x_wconf 81' lang='lat' dir='ltr'><strong>ct</strong></span> <span class='ocrx_word' id='word_1_217' title='bbox 937 2364 1076 2397; x_wconf 76' lang='lat' dir='ltr'><strong>malum</strong></span> <span class='ocrx_word' id='word_1_218' title='bbox 1106 2360 1270 2396; x_wconf 62' lang='lat'><strong>(101110114</strong></span> <span class='ocrx_word' id='word_1_219' title='bbox 1292 2374 1298 2395; x_wconf 93' lang='lat'><strong>:</strong></span> <span class='ocrx_word' id='word_1_220' title='bbox 1321 2363 1386 2408; x_wconf 75' lang='lat' dir='ltr'><strong>(sui</strong></span> 
     </span>
     <span class='ocr_line' id='line_1_34' title="bbox 373 2419 1385 2471; baseline -0.008 -8"><span class='ocrx_word' id='word_1_221' title='bbox 373 2431 554 2463; x_wconf 69' lang='lat' dir='ltr'><strong>laetantur</strong></span> <span class='ocrx_word' id='word_1_222' title='bbox 567 2440 646 2461; x_wconf 80' lang='lat' dir='ltr'><strong>cam</strong></span> <span class='ocrx_word' id='word_1_223' title='bbox 664 2422 953 2471; x_wconf 48' lang='lat' dir='ltr'><strong>malefisa-rint,</strong></span> <span class='ocrx_word' id='word_1_224' title='bbox 972 2432 1008 2458; x_wconf 79' lang='lat' dir='ltr'><strong>et</strong></span> <span class='ocrx_word' id='word_1_225' title='bbox 1022 2424 1213 2457; x_wconf 60' lang='lat' dir='ltr'><strong>ansultam</strong></span> <span class='ocrx_word' id='word_1_226' title='bbox 1226 2425 1264 2455; x_wconf 78' lang='lat' dir='ltr'><strong>in</strong></span> <span class='ocrx_word' id='word_1_227' title='bbox 1279 2419 1385 2456; x_wconf 78' lang='lat' dir='ltr'><strong>rebus</strong></span> 
     </span>
     <span class='ocr_line' id='line_1_35' title="bbox 366 2481 1386 2537; baseline -0.008 -13"><span class='ocrx_word' id='word_1_228' title='bbox 366 2485 583 2537; x_wconf 54' lang='lat' dir='ltr'><strong>passinus-5.</strong></span> <span class='ocrx_word' id='word_1_229' title='bbox 616 2490 698 2523; x_wconf 72' lang='lat' dir='ltr'><strong>Non</strong></span> <span class='ocrx_word' id='word_1_230' title='bbox 732 2492 918 2535; x_wconf 80' lang='lat' dir='ltr'><strong>poterunt</strong></span> <span class='ocrx_word' id='word_1_231' title='bbox 948 2483 1061 2520; x_wconf 90' lang='lat' dir='ltr'><strong>simul</strong></span> <span class='ocrx_word' id='word_1_232' title='bbox 1093 2490 1130 2518; x_wconf 85' lang='lat' dir='ltr'><strong>et</strong></span> <span class='ocrx_word' id='word_1_233' title='bbox 1160 2481 1199 2517; x_wconf 91' lang='lat' dir='ltr'><strong>in</strong></span> <span class='ocrx_word' id='word_1_234' title='bbox 1230 2481 1386 2530; x_wconf 85' lang='lat' dir='ltr'><strong>optimis</strong></span> 
     </span>
     <span class='ocr_line' id='line_1_36' title="bbox 372 2540 1386 2595; baseline -0.008 -10"><span class='ocrx_word' id='word_1_235' title='bbox 372 2549 584 2593; x_wconf 76' lang='lat' dir='ltr'><strong>exsultare,</strong></span> <span class='ocrx_word' id='word_1_236' title='bbox 604 2561 673 2583; x_wconf 88' lang='lat' dir='ltr'><strong>nec</strong></span> <span class='ocrx_word' id='word_1_237' title='bbox 695 2560 740 2583; x_wconf 77' lang='lat' dir='ltr'><strong>ex</strong></span> <span class='ocrx_word' id='word_1_238' title='bbox 764 2559 841 2582; x_wconf 89' lang='lat' dir='ltr'><strong>uno</strong></span> <span class='ocrx_word' id='word_1_239' title='bbox 869 2545 1012 2595; x_wconf 87' lang='lat' dir='ltr'><strong>pariter</strong></span> <span class='ocrx_word' id='word_1_240' title='bbox 1040 2543 1151 2580; x_wconf 88' lang='lat' dir='ltr'><strong>simul</strong></span> <span class='ocrx_word' id='word_1_241' title='bbox 1171 2555 1236 2578; x_wconf 91' lang='lat' dir='ltr'><strong>ore</strong></span> <span class='ocrx_word' id='word_1_242' title='bbox 1254 2540 1386 2578; x_wconf 87' lang='lat' dir='ltr'><strong>lauda-</strong></span> 
     </span>
    </p>
   </div>
   <div class='ocr_carea' id='block_1_14' title="bbox 375 2662 1390 3078">
    <p class='ocr_par' dir='ltr' id='par_1_14' title="bbox 375 2662 1390 3078">
     <span class='ocr_line' id='line_1_37' title="bbox 375 2662 1387 2713; baseline -0.01 -7"><span class='ocrx_word' id='word_1_243' title='bbox 375 2669 570 2706; x_wconf 81' lang='lat' dir='ltr'><strong>desideriis</strong></span> <span class='ocrx_word' id='word_1_244' title='bbox 587 2669 723 2704; x_wconf 70' lang='lat' dir='ltr'><strong>animae</strong></span> <span class='ocrx_word' id='word_1_245' title='bbox 741 2680 831 2703; x_wconf 56' lang='grc' dir='ltr'><strong>διιεῖ).</strong></span> <span class='ocrx_word' id='word_1_246' title='bbox 854 2670 1032 2703; x_wconf 75' lang='lat' dir='ltr'><strong>Attamen</strong></span> <span class='ocrx_word' id='word_1_247' title='bbox 1051 2663 1143 2713; x_wconf 81' lang='lat' dir='ltr'><strong>quid</strong></span> <span class='ocrx_word' id='word_1_248' title='bbox 1169 2662 1329 2707; x_wconf 88' lang='lat' dir='ltr'><strong>mirum,</strong></span> <span class='ocrx_word' id='word_1_249' title='bbox 1358 2662 1387 2698; x_wconf 87' lang='lat' dir='ltr'><strong>si</strong></span> 
     </span>
     <span class='ocr_line' id='line_1_38' title="bbox 375 2722 1384 2777; baseline -0.009 -12"><span class='ocrx_word' id='word_1_250' title='bbox 375 2728 520 2765; x_wconf 83' lang='lat' dir='ltr'><strong>bonum</strong></span> <span class='ocrx_word' id='word_1_251' title='bbox 551 2727 654 2777; x_wconf 84' lang='lat' dir='ltr'><strong>quod</strong></span> <span class='ocrx_word' id='word_1_252' title='bbox 678 2726 790 2762; x_wconf 84' lang='lat' dir='ltr'><strong>bonis</strong></span> <span class='ocrx_word' id='word_1_253' title='bbox 810 2734 866 2762; x_wconf 89' lang='lat' dir='ltr'><strong>est</strong></span> <span class='ocrx_word' id='word_1_254' title='bbox 888 2725 985 2761; x_wconf 86' lang='lat' dir='ltr'><strong>odor</strong></span> <span class='ocrx_word' id='word_1_255' title='bbox 1015 2724 1122 2768; x_wconf 79' lang='lat' dir='ltr'><strong>vitae,</strong></span> <span class='ocrx_word' id='word_1_256' title='bbox 1150 2722 1384 2758; x_wconf 87' lang='lat' dir='ltr'><strong>contrarium</strong></span> 
     </span>
     <span class='ocr_line' id='line_1_39' title="bbox 375 2782 1386 2837; baseline -0.008 -12"><span class='ocrx_word' id='word_1_257' title='bbox 375 2788 577 2825; x_wconf 75' lang='lat' dir='ltr'><strong>contrariis</strong></span> <span class='ocrx_word' id='word_1_258' title='bbox 593 2794 775 2837; x_wconf 83' lang='lat' dir='ltr'><strong>operetur</strong></span> <span class='ocrx_word' id='word_1_259' title='bbox 792 2800 801 2831; x_wconf 80' lang='lat'>3</span> <span class='ocrx_word' id='word_1_260' title='bbox 832 2783 986 2835; x_wconf 86' lang='lat' dir='ltr'><strong>quando</strong></span> <span class='ocrx_word' id='word_1_261' title='bbox 1013 2784 1093 2834; x_wconf 85' lang='lat' dir='ltr'><strong>ipse</strong></span> <span class='ocrx_word' id='word_1_262' title='bbox 1112 2783 1196 2819; x_wconf 84' lang='lat' dir='ltr'><strong>fons</strong></span> <span class='ocrx_word' id='word_1_263' title='bbox 1225 2790 1263 2818; x_wconf 88' lang='lat' dir='ltr'><strong>et</strong></span> <span class='ocrx_word' id='word_1_264' title='bbox 1279 2782 1386 2831; x_wconf 71' lang='lat' dir='ltr'><strong>origo</strong></span> 
     </span>
     <span class='ocr_line' id='line_1_40' title="bbox 377 2842 1387 2885; baseline -0.008 0"><span class='ocrx_word' id='word_1_265' title='bbox 377 2848 469 2885; x_wconf 86' lang='lat' dir='ltr'><strong>boni</strong></span> <span class='ocrx_word' id='word_1_266' title='bbox 502 2856 613 2883; x_wconf 87' lang='lat' dir='ltr'><strong>natus</strong></span> <span class='ocrx_word' id='word_1_267' title='bbox 644 2854 700 2882; x_wconf 82' lang='lat' dir='ltr'><strong>est</strong></span> <span class='ocrx_word' id='word_1_268' title='bbox 733 2846 770 2881; x_wconf 90' lang='lat' dir='ltr'><strong>in</strong></span> <span class='ocrx_word' id='word_1_269' title='bbox 805 2845 952 2881; x_wconf 85' lang='lat' dir='ltr'><strong>ruinam</strong></span> <span class='ocrx_word' id='word_1_270' title='bbox 991 2852 1028 2880; x_wconf 86' lang='lat' dir='ltr'><strong>et</strong></span> <span class='ocrx_word' id='word_1_271' title='bbox 1067 2842 1387 2880; x_wconf 85' lang='lat' dir='ltr'><strong>resurrectionem</strong></span> 
     </span>
     <span class='ocr_line' id='line_1_41' title="bbox 381 2903 1388 2954; baseline -0.008 -9"><span class='ocrx_word' id='word_1_272' title='bbox 381 2909 591 2945; x_wconf 86' lang='lat' dir='ltr'><strong>multorum</strong></span> <span class='ocrx_word' id='word_1_273' title='bbox 607 2935 616 2952; x_wconf 83' lang='lat'><strong>,</strong></span> <span class='ocrx_word' id='word_1_274' title='bbox 646 2915 683 2943; x_wconf 89' lang='lat' dir='ltr'><strong>et</strong></span> <span class='ocrx_word' id='word_1_275' title='bbox 710 2906 748 2942; x_wconf 87' lang='lat' dir='ltr'><strong>in</strong></span> <span class='ocrx_word' id='word_1_276' title='bbox 775 2906 924 2954; x_wconf 78' lang='lat' dir='ltr'><strong>signum</strong></span> <span class='ocrx_word' id='word_1_277' title='bbox 942 2904 1002 2940; x_wconf 81' lang='lat' dir='ltr'><strong>cui</strong></span> <span class='ocrx_word' id='word_1_278' title='bbox 1020 2903 1208 2953; x_wconf 80' lang='lat' dir='ltr'><strong>hodieque</strong></span> <span class='ocrx_word' id='word_1_279' title='bbox 1233 2910 1388 2938; x_wconf 89' lang='lat' dir='ltr'><strong>contra—</strong></span> 
     </span>
     <span class='ocr_line' id='line_1_42' title="bbox 379 2964 1390 3014; baseline -0.005 -9"><span class='ocrx_word' id='word_1_280' title='bbox 379 2969 519 3005; x_wconf 83' lang='lat' dir='ltr'><strong>dicitur</strong></span> <span class='ocrx_word' id='word_1_281' title='bbox 535 2966 578 3003; x_wconf 69' lang='lat'><strong>5?</strong></span> <span class='ocrx_word' id='word_1_282' title='bbox 606 2966 726 3004; x_wconf 84' lang='lat' dir='ltr'><strong>Etiam</strong></span> <span class='ocrx_word' id='word_1_283' title='bbox 752 2979 854 3002; x_wconf 89' lang='lat' dir='ltr'><strong>nunc</strong></span> <span class='ocrx_word' id='word_1_284' title='bbox 880 2964 1172 3014; x_wconf 85' lang='lat' dir='ltr'><strong>quampluribus</strong></span> <span class='ocrx_word' id='word_1_285' title='bbox 1195 2964 1390 3000; x_wconf 67' lang='lat' dir='ltr'><strong>invenitur</strong></span> 
     </span>
     <span class='ocr_line' id='line_1_43' title="bbox 379 3026 1390 3078; baseline -0.007 -11"><span class='ocrx_word' id='word_1_286' title='bbox 379 3031 552 3067; x_wconf 73' lang='lat' dir='ltr'><strong>Salvator</strong></span> <span class='ocrx_word' id='word_1_287' title='bbox 579 3028 674 3078; x_wconf 86' lang='lat' dir='ltr'><strong>lapis</strong></span> <span class='ocrx_word' id='word_1_288' title='bbox 697 3040 778 3064; x_wconf 77' lang='lat' dir='ltr'><strong>csse</strong></span> <span class='ocrx_word' id='word_1_289' title='bbox 807 3026 1049 3073; x_wconf 77' lang='lat' dir='ltr'><strong>offensionis,</strong></span> <span class='ocrx_word' id='word_1_290' title='bbox 1081 3035 1117 3062; x_wconf 87' lang='lat' dir='ltr'><strong>ct</strong></span> <span class='ocrx_word' id='word_1_291' title='bbox 1145 3034 1252 3075; x_wconf 86' lang='lat' dir='ltr'><strong>petra</strong></span> <span class='ocrx_word' id='word_1_292' title='bbox 1282 3038 1390 3061; x_wconf 81' lang='lat' dir='ltr'><strong>scan-</strong></span> 
     </span>
    </p>
   </div>
   <div class='ocr_carea' id='block_1_15' title="bbox 430 3160 2508 3206">
    <p class='ocr_par' dir='ltr' id='par_1_15' title="bbox 430 3160 2508 3206">
     <span class='ocr_line' id='line_1_44' title="bbox 430 3160 2508 3206; baseline -0.002 -10"><span class='ocrx_word' id='word_1_293' title='bbox 430 3171 439 3186; x_wconf 87' lang='lat'>¹</span> <span class='ocrx_word' id='word_1_294' title='bbox 464 3163 579 3196; x_wconf 86' lang='lat' dir='ltr'><strong>Matth.</strong></span> <span class='ocrx_word' id='word_1_295' title='bbox 600 3175 648 3193; x_wconf 77' lang='lat' dir='ltr'><strong>xii</strong></span> <span class='ocrx_word' id='word_1_296' title='bbox 663 3188 669 3200; x_wconf 88' lang='lat'>‚</span> <span class='ocrx_word' id='word_1_297' title='bbox 697 3167 751 3193; x_wconf 70' lang='lat'><strong>30.</strong></span> <span class='ocrx_word' id='word_1_298' title='bbox 775 3180 814 3184; x_wconf 44' lang='grc' dir='ltr'><strong>»ω</strong></span> <span class='ocrx_word' id='word_1_299' title='bbox 836 3167 847 3182; x_wconf 88' lang='lat'>²</span> <span class='ocrx_word' id='word_1_300' title='bbox 870 3165 882 3192; x_wconf 94' lang='lat' dir='ltr'><strong>l</strong></span> <span class='ocrx_word' id='word_1_301' title='bbox 906 3161 1013 3193; x_wconf 77' lang='lat' dir='ltr'><strong>Thess.</strong></span> <span class='ocrx_word' id='word_1_302' title='bbox 1030 3174 1060 3199; x_wconf 78' lang='lat' dir='ltr'><strong>v,</strong></span> <span class='ocrx_word' id='word_1_303' title='bbox 1081 3166 1130 3193; x_wconf 67' lang='lat'><strong>15³.</strong></span> <span class='ocrx_word' id='word_1_304' title='bbox 1147 3180 1189 3184; x_wconf 85' lang='lat'><strong>-—</strong></span> <span class='ocrx_word' id='word_1_305' title='bbox 1209 3160 1220 3182; x_wconf 84' lang='lat'>3</span> <span class='ocrx_word' id='word_1_306' title='bbox 1235 3166 1306 3193; x_wconf 74' lang='lat' dir='ltr'><strong>Aet.</strong></span> <span class='ocrx_word' id='word_1_307' title='bbox 1328 3173 1392 3199; x_wconf 81' lang='lat' dir='ltr'><strong>vn,</strong></span> <span class='ocrx_word' id='word_1_308' title='bbox 1413 3167 1466 3196; x_wconf 63' lang='lat' dir='ltr'><strong>sl.</strong></span> <span class='ocrx_word' id='word_1_309' title='bbox 1485 3185 1529 3188; x_wconf 80' lang='lat'><strong>——</strong></span> <span class='ocrx_word' id='word_1_310' title='bbox 1547 3166 1560 3192; x_wconf 55' lang='lat'><strong>»5</strong></span> <span class='ocrx_word' id='word_1_311' title='bbox 1579 3167 1652 3198; x_wconf 75' lang='lat' dir='ltr'><strong>lsai.</strong></span> <span class='ocrx_word' id='word_1_312' title='bbox 1673 3179 1704 3206; x_wconf 73' lang='lat' dir='ltr'><strong>v,</strong></span> <span class='ocrx_word' id='word_1_313' title='bbox 1729 3171 1783 3198; x_wconf 75' lang='lat'><strong>20.</strong></span> <span class='ocrx_word' id='word_1_314' title='bbox 1806 3164 1874 3189; x_wconf 86' lang='lat'><strong>—5</strong></span> <span class='ocrx_word' id='word_1_315' title='bbox 1898 3168 1990 3198; x_wconf 68' lang='lat' dir='ltr'><strong>Prox&#39;.</strong></span> <span class='ocrx_word' id='word_1_316' title='bbox 2011 3178 2059 3205; x_wconf 85' lang='lat'><strong>11,</strong></span> <span class='ocrx_word' id='word_1_317' title='bbox 2085 3168 2138 3197; x_wconf 69' lang='lat'><strong>14.</strong></span> <span class='ocrx_word' id='word_1_318' title='bbox 2156 3163 2230 3188; x_wconf 68' lang='lat' dir='ltr'><strong>—G</strong></span> <span class='ocrx_word' id='word_1_319' title='bbox 2248 3168 2324 3196; x_wconf 86' lang='lat' dir='ltr'><strong>Luc.</strong></span> <span class='ocrx_word' id='word_1_320' title='bbox 2342 3174 2388 3201; x_wconf 85' lang='lat'><strong>11,</strong></span> <span class='ocrx_word' id='word_1_321' title='bbox 2411 3162 2465 3194; x_wconf 81' lang='lat'><strong>34.</strong></span> <span class='ocrx_word' id='word_1_322' title='bbox 2505 3173 2508 3186; x_wconf 79' lang='grc' dir='ltr'>ι</span> 
     </span>
    </p>
   </div>
   <div class='ocr_carea' id='block_1_16' title="bbox 1428 366 2439 542">
    <p class='ocr_par' dir='ltr' id='par_1_16' title="bbox 1428 366 2439 542">
     <span class='ocr_line' id='line_1_45' title="bbox 1429 366 2436 418; baseline -0.001 -11"><span class='ocrx_word' id='word_1_323' title='bbox 1429 385 1540 407; x_wconf 75' lang='lat' dir='ltr'><strong>unum</strong></span> <span class='ocrx_word' id='word_1_324' title='bbox 1559 369 1587 407; x_wconf 73' lang='lat'><strong>⁸.</strong></span> <span class='ocrx_word' id='word_1_325' title='bbox 1616 373 1739 406; x_wconf 85' lang='lat' dir='ltr'><strong>Porro</strong></span> <span class='ocrx_word' id='word_1_326' title='bbox 1765 368 1826 405; x_wconf 89' lang='lat' dir='ltr'><strong>cui</strong></span> <span class='ocrx_word' id='word_1_327' title='bbox 1848 381 1924 418; x_wconf 76' lang='lat' dir='ltr'><strong>pax</strong></span> <span class='ocrx_word' id='word_1_328' title='bbox 1944 375 2100 417; x_wconf 82' lang='lat' dir='ltr'><strong>generat</strong></span> <span class='ocrx_word' id='word_1_329' title='bbox 2129 366 2349 404; x_wconf 89' lang='lat' dir='ltr'><strong>scandalum</strong></span> <span class='ocrx_word' id='word_1_330' title='bbox 2363 396 2374 414; x_wconf 93' lang='lat'>‚</span> <span class='ocrx_word' id='word_1_331' title='bbox 2396 369 2436 407; x_wconf 88' lang='lat' dir='ltr'><strong>in</strong></span> 
     </span>
     <span class='ocr_line' id='line_1_46' title="bbox 1428 427 2437 481; baseline -0.001 -13"><span class='ocrx_word' id='word_1_332' title='bbox 1428 445 1506 481; x_wconf 86' lang='lat' dir='ltr'><strong>quo</strong></span> <span class='ocrx_word' id='word_1_333' title='bbox 1528 429 1757 481; x_wconf 81' lang='lat' dir='ltr'><strong>pacabitur?</strong></span> <span class='ocrx_word' id='word_1_334' title='bbox 1781 428 1842 465; x_wconf 88' lang='lat' dir='ltr'><strong>cui</strong></span> <span class='ocrx_word' id='word_1_335' title='bbox 1859 428 1941 478; x_wconf 86' lang='lat' dir='ltr'><strong>ipsa</strong></span> <span class='ocrx_word' id='word_1_336' title='bbox 1958 428 2058 464; x_wconf 89' lang='lat' dir='ltr'><strong>salus</strong></span> <span class='ocrx_word' id='word_1_337' title='bbox 2077 427 2273 464; x_wconf 88' lang='lat' dir='ltr'><strong>damnatio</strong></span> <span class='ocrx_word' id='word_1_338' title='bbox 2291 435 2348 465; x_wconf 88' lang='lat' dir='ltr'><strong>est</strong></span> <span class='ocrx_word' id='word_1_339' title='bbox 2361 456 2371 474; x_wconf 97' lang='lat'><strong>,</strong></span> <span class='ocrx_word' id='word_1_340' title='bbox 2395 429 2437 468; x_wconf 86' lang='lat' dir='ltr'><strong>in</strong></span> 
     </span>
     <span class='ocr_line' id='line_1_47' title="bbox 1429 489 2439 542; baseline -0.005 -14"><span class='ocrx_word' id='word_1_341' title='bbox 1429 506 1506 542; x_wconf 89' lang='lat' dir='ltr'><strong>quo</strong></span> <span class='ocrx_word' id='word_1_342' title='bbox 1527 490 1761 528; x_wconf 76' lang='lat' dir='ltr'><strong>salvabitur?</strong></span> <span class='ocrx_word' id='word_1_343' title='bbox 1782 489 1972 539; x_wconf 89' lang='lat' dir='ltr'><strong>Scriptum</strong></span> <span class='ocrx_word' id='word_1_344' title='bbox 1996 496 2071 535; x_wconf 84' lang='lat' dir='ltr'><strong>est,</strong></span> <span class='ocrx_word' id='word_1_345' title='bbox 2099 490 2229 524; x_wconf 78' lang='lat' dir='ltr'><strong>Gloria</strong></span> <span class='ocrx_word' id='word_1_346' title='bbox 2247 496 2282 524; x_wconf 82' lang='lat' dir='ltr'><strong>et</strong></span> <span class='ocrx_word' id='word_1_347' title='bbox 2300 490 2439 534; x_wconf 52' lang='lat' dir='ltr'><strong>diving·</strong></span> 
     </span>
    </p>
   </div>
   <div class='ocr_carea' id='block_1_17' title="bbox 1432 547 2487 659">
    <p class='ocr_par' dir='ltr' id='par_1_17' title="bbox 1432 547 2487 659">
     <span class='ocr_line' id='line_1_48' title="bbox 1432 547 2467 659; baseline -0.002 -71"><span class='ocrx_word' id='word_1_348' title='bbox 1432 557 1470 588; x_wconf 74' lang='lat' dir='ltr'><strong>in</strong></span> <span class='ocrx_word' id='word_1_349' title='bbox 1488 554 1598 588; x_wconf 80' lang='lat' dir='ltr'><strong>domo</strong></span> <span class='ocrx_word' id='word_1_350' title='bbox 1616 553 1721 598; x_wconf 78' lang='lat' dir='ltr'><strong>ejus‚·</strong></span> <span class='ocrx_word' id='word_1_351' title='bbox 1739 550 1840 587; x_wconf 90' lang='lat' dir='ltr'><strong>haud</strong></span> <span class='ocrx_word' id='word_1_352' title='bbox 1862 548 2023 585; x_wconf 87' lang='lat' dir='ltr'><strong>dubium</strong></span> <span class='ocrx_word' id='word_1_353' title='bbox 2042 548 2135 598; x_wconf 87' lang='lat' dir='ltr'><strong>quin</strong></span> <span class='ocrx_word' id='word_1_354' title='bbox 2156 548 2322 586; x_wconf 89' lang='lat' dir='ltr'><strong>hominis</strong></span> <span class='ocrx_word' id='word_1_355' title='bbox 2333 547 2467 659; x_wconf 51' lang='lat' dir='ltr'><strong>Justi}</strong></span> 
     </span>
     <span class='ocr_line' id='line_1_49' title="bbox 2483 620 2487 637; baseline 0 0"><span class='ocrx_word' id='word_1_356' title='bbox 2483 620 2487 637; x_wconf 64' lang='grc' dir='ltr'>δ</span> 
     </span>
    </p>
   </div>
   <div class='ocr_carea' id='block_1_18' title="bbox 1431 608 2448 1023">
    <p class='ocr_par' dir='ltr' id='par_1_18' title="bbox 1431 608 2417 662">
     <span class='ocr_line' id='line_1_50' title="bbox 1431 608 2417 662; baseline -0.002 -13"><span class='ocrx_word' id='word_1_357' title='bbox 1431 617 1553 662; x_wconf 86' lang='lat' dir='ltr'><strong>Quam</strong></span> <span class='ocrx_word' id='word_1_358' title='bbox 1587 620 1713 650; x_wconf 84' lang='lat' dir='ltr'><strong>autem</strong></span> <span class='ocrx_word' id='word_1_359' title='bbox 1742 611 1925 660; x_wconf 78' lang='lat' dir='ltr'><strong>gloriam,</strong></span> <span class='ocrx_word' id='word_1_360' title='bbox 1961 622 2102 659; x_wconf 73' lang='lat' dir='ltr'><strong>quasve</strong></span> <span class='ocrx_word' id='word_1_361' title='bbox 2137 608 2237 646; x_wconf 86' lang='lat' dir='ltr'><strong>dicat</strong></span> <span class='ocrx_word' id='word_1_362' title='bbox 2266 608 2417 647; x_wconf 77' lang='lat' dir='ltr'><strong>divitias</strong></span> 
     </span>
    </p>

    <p class='ocr_par' dir='ltr' id='par_1_19' title="bbox 1432 669 2448 1023">
     <span class='ocr_line' id='line_1_51' title="bbox 1432 669 2444 719; baseline -0.003 -8"><span class='ocrx_word' id='word_1_363' title='bbox 1432 673 1592 711; x_wconf 83' lang='lat' dir='ltr'><strong>subinde</strong></span> <span class='ocrx_word' id='word_1_364' title='bbox 1613 671 1780 709; x_wconf 83' lang='lat' dir='ltr'><strong>ostendit</strong></span> <span class='ocrx_word' id='word_1_365' title='bbox 1805 687 1812 708; x_wconf 91' lang='lat'>:</span> <span class='ocrx_word' id='word_1_366' title='bbox 1836 673 2018 714; x_wconf 54' lang='lat' dir='ltr'><strong>suffitia,</strong></span> <span class='ocrx_word' id='word_1_367' title='bbox 2042 669 2192 719; x_wconf 89' lang='lat' dir='ltr'><strong>inquit,</strong></span> <span class='ocrx_word' id='word_1_368' title='bbox 2221 669 2299 715; x_wconf 75' lang='lat' dir='ltr'><strong>ejus</strong></span> <span class='ocrx_word' id='word_1_369' title='bbox 2318 679 2444 708; x_wconf 77' lang='lat' dir='ltr'><strong>manet</strong></span> 
     </span>
     <span class='ocr_line' id='line_1_52' title="bbox 1434 728 2443 778; baseline -0.002 -9"><span class='ocrx_word' id='word_1_370' title='bbox 1434 739 1472 769; x_wconf 76' lang='lat' dir='ltr'><strong>in</strong></span> <span class='ocrx_word' id='word_1_371' title='bbox 1491 735 1672 769; x_wconf 76' lang='lat' dir='ltr'><strong>soeculum</strong></span> <span class='ocrx_word' id='word_1_372' title='bbox 1691 734 1857 767; x_wconf 77' lang='lat' dir='ltr'><strong>soecnlz&#39;9.</strong></span> <span class='ocrx_word' id='word_1_373' title='bbox 1873 734 1920 768; x_wconf 82' lang='lat' dir='ltr'><strong>Et</strong></span> <span class='ocrx_word' id='word_1_374' title='bbox 1934 742 2069 767; x_wconf 80' lang='lat' dir='ltr'><strong>revera</strong></span> <span class='ocrx_word' id='word_1_375' title='bbox 2083 729 2189 765; x_wconf 89' lang='lat' dir='ltr'><strong>nulla</strong></span> <span class='ocrx_word' id='word_1_376' title='bbox 2204 728 2290 766; x_wconf 78' lang='lat' dir='ltr'><strong>talis</strong></span> <span class='ocrx_word' id='word_1_377' title='bbox 2303 728 2443 778; x_wconf 73' lang='lat' dir='ltr'><strong>gloria,</strong></span> 
     </span>
     <span class='ocr_line' id='line_1_53' title="bbox 1435 789 2443 841; baseline -0.002 -11"><span class='ocrx_word' id='word_1_378' title='bbox 1435 795 1551 830; x_wconf 84' lang='lat' dir='ltr'><strong>nullae</strong></span> <span class='ocrx_word' id='word_1_379' title='bbox 1582 801 1694 830; x_wconf 87' lang='lat' dir='ltr'><strong>tantae</strong></span> <span class='ocrx_word' id='word_1_380' title='bbox 1724 792 1887 838; x_wconf 59' lang='lat' dir='ltr'><strong>divitiae,</strong></span> <span class='ocrx_word' id='word_1_381' title='bbox 1918 799 2060 841; x_wconf 86' lang='lat' dir='ltr'><strong>quanta</strong></span> <span class='ocrx_word' id='word_1_382' title='bbox 2080 789 2228 839; x_wconf 88' lang='lat' dir='ltr'><strong>justitia</strong></span> <span class='ocrx_word' id='word_1_383' title='bbox 2257 790 2298 826; x_wconf 91' lang='lat' dir='ltr'><strong>in</strong></span> <span class='ocrx_word' id='word_1_384' title='bbox 2328 789 2443 828; x_wconf 83' lang='lat' dir='ltr'><strong>domo</strong></span> 
     </span>
     <span class='ocr_line' id='line_1_54' title="bbox 1436 848 2448 901; baseline 0 -12"><span class='ocrx_word' id='word_1_385' title='bbox 1436 853 1678 890; x_wconf 86' lang='lat' dir='ltr'><strong>conscientiae</strong></span> <span class='ocrx_word' id='word_1_386' title='bbox 1696 850 1802 900; x_wconf 87' lang='lat' dir='ltr'><strong>justi.</strong></span> <span class='ocrx_word' id='word_1_387' title='bbox 1822 851 1894 889; x_wconf 87' lang='lat' dir='ltr'><strong>Sed</strong></span> <span class='ocrx_word' id='word_1_388' title='bbox 1921 851 2012 901; x_wconf 85' lang='lat' dir='ltr'><strong>quid</strong></span> <span class='ocrx_word' id='word_1_389' title='bbox 2035 850 2161 901; x_wconf 89' lang='lat' dir='ltr'><strong>perdit</strong></span> <span class='ocrx_word' id='word_1_390' title='bbox 2186 848 2378 899; x_wconf 85' lang='lat' dir='ltr'><strong>injustus?</strong></span> <span class='ocrx_word' id='word_1_391' title='bbox 2406 849 2448 889; x_wconf 55' lang='lat' dir='ltr'><strong>Sl*</strong></span> 
     </span>
     <span class='ocr_line' id='line_1_55' title="bbox 1436 910 2442 962; baseline -0.003 -12"><span class='ocrx_word' id='word_1_392' title='bbox 1436 914 1576 951; x_wconf 89' lang='lat' dir='ltr'><strong>Paulus</strong></span> <span class='ocrx_word' id='word_1_393' title='bbox 1596 914 1783 962; x_wconf 81' lang='lat' dir='ltr'><strong>gloriatur</strong></span> <span class='ocrx_word' id='word_1_394' title='bbox 1803 912 1849 948; x_wconf 89' lang='lat' dir='ltr'><strong>de</strong></span> <span class='ocrx_word' id='word_1_395' title='bbox 1867 912 1925 949; x_wconf 90' lang='lat' dir='ltr'><strong>sui</strong></span> <span class='ocrx_word' id='word_1_396' title='bbox 1946 911 2073 948; x_wconf 90' lang='lat' dir='ltr'><strong>cordis</strong></span> <span class='ocrx_word' id='word_1_397' title='bbox 2093 910 2233 947; x_wconf 77' lang='lat' dir='ltr'><strong>divitiis</strong></span> <span class='ocrx_word' id='word_1_398' title='bbox 2249 939 2259 957; x_wconf 92' lang='lat'><strong>,</strong></span> <span class='ocrx_word' id='word_1_399' title='bbox 2287 911 2442 958; x_wconf 84' lang='lat' dir='ltr'><strong>Gloria,</strong></span> 
     </span>
     <span class='ocr_line' id='line_1_56' title="bbox 1436 973 2445 1023; baseline -0.002 -13"><span class='ocrx_word' id='word_1_400' title='bbox 1436 973 1615 1023; x_wconf 86' lang='lat' dir='ltr'><strong>inquiens</strong></span> <span class='ocrx_word' id='word_1_401' title='bbox 1630 1003 1639 1019; x_wconf 93' lang='lat'><strong>,</strong></span> <span class='ocrx_word' id='word_1_402' title='bbox 1655 982 1783 1009; x_wconf 78' lang='lat' dir='ltr'><strong>nostra</strong></span> <span class='ocrx_word' id='word_1_403' title='bbox 1801 973 1884 1007; x_wconf 78' lang='lat' dir='ltr'><strong>leoec</strong></span> <span class='ocrx_word' id='word_1_404' title='bbox 1899 981 1969 1016; x_wconf 75' lang='lat' dir='ltr'><strong>est,</strong></span> <span class='ocrx_word' id='word_1_405' title='bbox 1991 975 2241 1007; x_wconf 78' lang='lat' dir='ltr'><strong>testimonium</strong></span> <span class='ocrx_word' id='word_1_406' title='bbox 2258 974 2445 1009; x_wconf 75' lang='lat' dir='ltr'><strong>conscien-¹</strong></span> 
     </span>
    </p>
   </div>
   <div class='ocr_carea' id='block_1_19' title="bbox 1388 1030 2445 1082">
    <p class='ocr_par' dir='ltr' id='par_1_20' title="bbox 1388 1030 2445 1082">
     <span class='ocr_line' id='line_1_57' title="bbox 1388 1030 2445 1082; baseline -0.001 -12"><span class='ocrx_word' id='word_1_407' title='bbox 1388 1031 1416 1064; x_wconf 88' lang='grc' dir='ltr'>Β</span> <span class='ocrx_word' id='word_1_408' title='bbox 1438 1039 1504 1070; x_wconf 83' lang='lat' dir='ltr'><strong>tioe</strong></span> <span class='ocrx_word' id='word_1_409' title='bbox 1535 1042 1676 1069; x_wconf 75' lang='lat' dir='ltr'><strong>nostra&gt;</strong></span> <span class='ocrx_word' id='word_1_410' title='bbox 1691 1040 1719 1054; x_wconf 86' lang='lat'><strong>¹⁰</strong></span> <span class='ocrx_word' id='word_1_411' title='bbox 1737 1048 1744 1069; x_wconf 92' lang='lat'>:</span> <span class='ocrx_word' id='word_1_412' title='bbox 1767 1032 1942 1082; x_wconf 89' lang='lat' dir='ltr'><strong>quisnam</strong></span> <span class='ocrx_word' id='word_1_413' title='bbox 1963 1030 2052 1068; x_wconf 85' lang='lat' dir='ltr'><strong>inde</strong></span> <span class='ocrx_word' id='word_1_414' title='bbox 2073 1032 2280 1081; x_wconf 82' lang='lat' dir='ltr'><strong>gravatur?</strong></span> <span class='ocrx_word' id='word_1_415' title='bbox 2305 1034 2445 1069; x_wconf 86' lang='lat' dir='ltr'><strong>Tamen</strong></span> 
     </span>
    </p>
   </div>
   <div class='ocr_carea' id='block_1_20' title="bbox 1438 1090 2449 1259">
    <p class='ocr_par' dir='ltr' id='par_1_21' title="bbox 1438 1090 2449 1259">
     <span class='ocr_line' id='line_1_58' title="bbox 1440 1090 2447 1144; baseline -0.002 -14"><span class='ocrx_word' id='word_1_416' title='bbox 1440 1093 1633 1144; x_wconf 78' lang='lat' dir='ltr'><strong>Propheta</strong></span> <span class='ocrx_word' id='word_1_417' title='bbox 1655 1091 1853 1142; x_wconf 82' lang='lat' dir='ltr'><strong>subjungit</strong></span> <span class='ocrx_word' id='word_1_418' title='bbox 1876 1106 1884 1129; x_wconf 87' lang='grc'>;</span> <span class='ocrx_word' id='word_1_419' title='bbox 1916 1093 2098 1127; x_wconf 76' lang='lat' dir='ltr'><strong>Peccator</strong></span> <span class='ocrx_word' id='word_1_420' title='bbox 2121 1090 2284 1137; x_wconf 74' lang='lat' dir='ltr'><strong>videbit,</strong></span> <span class='ocrx_word' id='word_1_421' title='bbox 2312 1099 2348 1126; x_wconf 87' lang='lat' dir='ltr'><strong>et</strong></span> <span class='ocrx_word' id='word_1_422' title='bbox 2366 1095 2447 1128; x_wconf 83' lang='grc' dir='ltr'><em>ἱνα-</em></span> 
     </span>
     <span class='ocr_line' id='line_1_59' title="bbox 1438 1150 2447 1201; baseline -0.001 -11"><span class='ocrx_word' id='word_1_423' title='bbox 1438 1164 1560 1191; x_wconf 76' lang='lat' dir='ltr'><strong>scetur</strong></span> <span class='ocrx_word' id='word_1_424' title='bbox 1577 1161 1620 1190; x_wconf 93' lang='lat'><strong>¹¹.</strong></span> <span class='ocrx_word' id='word_1_425' title='bbox 1647 1157 1797 1201; x_wconf 87' lang='lat' dir='ltr'><strong>Quanta</strong></span> <span class='ocrx_word' id='word_1_426' title='bbox 1819 1152 1982 1189; x_wconf 88' lang='lat' dir='ltr'><strong>malitia!</strong></span> <span class='ocrx_word' id='word_1_427' title='bbox 2009 1150 2204 1201; x_wconf 79' lang='lat' dir='ltr'><strong>Numquid</strong></span> <span class='ocrx_word' id='word_1_428' title='bbox 2224 1151 2282 1188; x_wconf 84' lang='lat' dir='ltr'><strong>hae</strong></span> <span class='ocrx_word' id='word_1_429' title='bbox 2308 1150 2447 1189; x_wconf 87' lang='lat' dir='ltr'><strong>divitiae</strong></span> 
     </span>
     <span class='ocr_line' id='line_1_60' title="bbox 1440 1213 2449 1259; baseline -0.003 -7"><span class='ocrx_word' id='word_1_430' title='bbox 1440 1215 1601 1252; x_wconf 87' lang='lat' dir='ltr'><strong>terrenis</strong></span> <span class='ocrx_word' id='word_1_431' title='bbox 1624 1213 1867 1251; x_wconf 86' lang='lat' dir='ltr'><strong>facultatibus</strong></span> <span class='ocrx_word' id='word_1_432' title='bbox 1888 1213 2029 1250; x_wconf 87' lang='lat' dir='ltr'><strong>similes</strong></span> <span class='ocrx_word' id='word_1_433' title='bbox 2047 1221 2158 1259; x_wconf 88' lang='lat' dir='ltr'><strong>sunt,</strong></span> <span class='ocrx_word' id='word_1_434' title='bbox 2179 1221 2220 1249; x_wconf 92' lang='lat' dir='ltr'><strong>ut</strong></span> <span class='ocrx_word' id='word_1_435' title='bbox 2232 1213 2352 1250; x_wconf 82' lang='lat' dir='ltr'><strong>instar</strong></span> <span class='ocrx_word' id='word_1_436' title='bbox 2367 1213 2449 1250; x_wconf 85' lang='lat' dir='ltr'><strong>illa-</strong></span> 
     </span>
    </p>
   </div>
   <div class='ocr_carea' id='block_1_21' title="bbox 1440 1272 2533 1325">
    <p class='ocr_par' dir='ltr' id='par_1_22' title="bbox 1440 1272 2533 1325">
     <span class='ocr_line' id='line_1_61' title="bbox 1440 1272 2533 1325; baseline -0.003 -13"><span class='ocrx_word' id='word_1_437' title='bbox 1440 1290 1544 1322; x_wconf 85' lang='lat' dir='ltr'><strong>rum,</strong></span> <span class='ocrx_word' id='word_1_438' title='bbox 1575 1276 1687 1312; x_wconf 88' lang='lat' dir='ltr'><strong>etiam</strong></span> <span class='ocrx_word' id='word_1_439' title='bbox 1720 1275 1823 1321; x_wconf 87' lang='lat' dir='ltr'><strong>istis,</strong></span> <span class='ocrx_word' id='word_1_440' title='bbox 1842 1276 1881 1312; x_wconf 90' lang='lat' dir='ltr'><strong>in</strong></span> <span class='ocrx_word' id='word_1_441' title='bbox 1913 1288 1991 1325; x_wconf 86' lang='lat' dir='ltr'><strong>quo</strong></span> <span class='ocrx_word' id='word_1_442' title='bbox 2023 1274 2118 1311; x_wconf 90' lang='lat' dir='ltr'><strong>alter</strong></span> <span class='ocrx_word' id='word_1_443' title='bbox 2138 1272 2327 1320; x_wconf 84' lang='lat' dir='ltr'><strong>abundat,</strong></span> <span class='ocrx_word' id='word_1_444' title='bbox 2357 1273 2449 1311; x_wconf 87' lang='lat' dir='ltr'><strong>alter</strong></span> <span class='ocrx_word' id='word_1_445' title='bbox 2490 1276 2493 1282; x_wconf 68' lang='lat'><em>⁴</em></span> <span class='ocrx_word' id='word_1_446' title='bbox 2532 1288 2533 1297; x_wconf 44' lang='grc' dir='ltr'>ι</span> 
     </span>
    </p>
   </div>
   <div class='ocr_carea' id='block_1_22' title="bbox 1440 1332 2451 1447">
    <p class='ocr_par' dir='ltr' id='par_1_23' title="bbox 1440 1332 2451 1447">
     <span class='ocr_line' id='line_1_62' title="bbox 1440 1332 2448 1385; baseline -0.002 -13"><span class='ocrx_word' id='word_1_447' title='bbox 1440 1337 1660 1373; x_wconf 79' lang='lat' dir='ltr'><strong>minuatur?</strong></span> <span class='ocrx_word' id='word_1_448' title='bbox 1678 1336 1777 1384; x_wconf 88' lang='lat' dir='ltr'><strong>Quid</strong></span> <span class='ocrx_word' id='word_1_449' title='bbox 1796 1335 1913 1385; x_wconf 77' lang='lat' dir='ltr'><strong>igitur</strong></span> <span class='ocrx_word' id='word_1_450' title='bbox 1932 1335 2118 1380; x_wconf 82' lang='lat' dir='ltr'><strong>irasceris,</strong></span> <span class='ocrx_word' id='word_1_451' title='bbox 2138 1332 2205 1370; x_wconf 91' lang='lat' dir='ltr'><strong>ubi</strong></span> <span class='ocrx_word' id='word_1_452' title='bbox 2225 1333 2277 1370; x_wconf 90' lang='lat' dir='ltr'><strong>nil</strong></span> <span class='ocrx_word' id='word_1_453' title='bbox 2298 1333 2448 1383; x_wconf 73' lang='lat' dir='ltr'><strong>perdis?</strong></span> 
     </span>
     <span class='ocr_line' id='line_1_63' title="bbox 1440 1393 2451 1447; baseline -0.004 -13"><span class='ocrx_word' id='word_1_454' title='bbox 1440 1398 1517 1434; x_wconf 87' lang='lat' dir='ltr'><strong>imo</strong></span> <span class='ocrx_word' id='word_1_455' title='bbox 1533 1397 1625 1447; x_wconf 87' lang='lat' dir='ltr'><strong>quid</strong></span> <span class='ocrx_word' id='word_1_456' title='bbox 1647 1396 1794 1433; x_wconf 84' lang='lat' dir='ltr'><strong>invides</strong></span> <span class='ocrx_word' id='word_1_457' title='bbox 1813 1396 1926 1433; x_wconf 86' lang='lat' dir='ltr'><strong>bonis</strong></span> <span class='ocrx_word' id='word_1_458' title='bbox 1944 1395 2068 1441; x_wconf 86' lang='lat' dir='ltr'><strong>bona,</strong></span> <span class='ocrx_word' id='word_1_459' title='bbox 2086 1402 2125 1431; x_wconf 91' lang='lat' dir='ltr'><strong>et</strong></span> <span class='ocrx_word' id='word_1_460' title='bbox 2145 1394 2209 1431; x_wconf 87' lang='lat' dir='ltr'><strong>illa</strong></span> <span class='ocrx_word' id='word_1_461' title='bbox 2221 1393 2346 1440; x_wconf 87' lang='lat' dir='ltr'><strong>bona,</strong></span> <span class='ocrx_word' id='word_1_462' title='bbox 2367 1406 2451 1444; x_wconf 87' lang='lat' dir='ltr'><strong>quae</strong></span> 
     </span>
    </p>
   </div>
   <div class='ocr_carea' id='block_1_23' title="bbox 2481 441 2486 546">
    <p class='ocr_par' dir='ltr' id='par_1_24' title="bbox 2481 441 2486 546">
     <span class='ocr_line' id='line_1_64' title="bbox 2481 441 2484 471; baseline 0 0"><span class='ocrx_word' id='word_1_463' title='bbox 2481 441 2484 471; x_wconf 84' lang='grc' dir='ltr'>ι</span> 
     </span>
     <span class='ocr_line' id='line_1_65' title="bbox 2482 504 2486 546; baseline 0 0"><span class='ocrx_word' id='word_1_464' title='bbox 2482 504 2486 546; x_wconf 65' lang='lat'><strong>¹,</strong></span> 
     </span>
    </p>
   </div>
   <div class='ocr_carea' id='block_1_24' title="bbox 2478 40 2490 855">
    <p class='ocr_par' dir='ltr' id='par_1_25' title="bbox 2478 40 2490 855">
     <span class='ocr_line' id='line_1_66' title="bbox 2478 40 2490 855; baseline 0 0"><span class='ocrx_word' id='word_1_465' title='bbox 2478 40 2490 855; x_wconf 95' lang='lat' dir='ltr'><strong> </strong></span> 
     </span>
    </p>
   </div>
   <div class='ocr_carea' id='block_1_25' title="bbox 1443 1455 2530 1504">
    <p class='ocr_par' dir='ltr' id='par_1_26' title="bbox 1443 1455 2530 1504">
     <span class='ocr_line' id='line_1_67' title="bbox 1443 1455 2530 1504; baseline -0.005 -10"><span class='ocrx_word' id='word_1_466' title='bbox 1443 1471 1519 1495; x_wconf 89' lang='lat' dir='ltr'><strong>non</strong></span> <span class='ocrx_word' id='word_1_467' title='bbox 1543 1471 1652 1494; x_wconf 85' lang='lat' dir='ltr'><strong>curas</strong></span> <span class='ocrx_word' id='word_1_468' title='bbox 1680 1457 1747 1493; x_wconf 90' lang='lat' dir='ltr'><strong>tibi</strong></span> <span class='ocrx_word' id='word_1_469' title='bbox 1774 1456 1996 1493; x_wconf 78' lang='lat' dir='ltr'><strong>vindicare?</strong></span> <span class='ocrx_word' id='word_1_470' title='bbox 2027 1457 2086 1493; x_wconf 87' lang='lat' dir='ltr'><strong>Sic</strong></span> <span class='ocrx_word' id='word_1_471' title='bbox 2106 1455 2231 1501; x_wconf 86' lang='lat' dir='ltr'><strong>canis,</strong></span> <span class='ocrx_word' id='word_1_472' title='bbox 2265 1463 2309 1491; x_wconf 89' lang='lat' dir='ltr'><strong>ut</strong></span> <span class='ocrx_word' id='word_1_473' title='bbox 2335 1456 2451 1504; x_wconf 83' lang='lat' dir='ltr'><strong>vulgo</strong></span> <span class='ocrx_word' id='word_1_474' title='bbox 2492 1471 2496 1503; x_wconf 50' lang='grc' dir='ltr'>ι</span> <span class='ocrx_word' id='word_1_475' title='bbox 2527 1482 2530 1489; x_wconf 27' lang='grc' dir='ltr'><strong>Δ</strong></span> 
     </span>
    </p>
   </div>
   <div class='ocr_carea' id='block_1_26' title="bbox 1443 1513 2452 1566">
    <p class='ocr_par' dir='ltr' id='par_1_27' title="bbox 1443 1508 2496 1566">
     <span class='ocr_line' id='line_1_68' title="bbox 1443 1513 2452 1566; baseline -0.003 -11"><span class='ocrx_word' id='word_1_476' title='bbox 1443 1519 1550 1556; x_wconf 89' lang='lat' dir='ltr'><strong>aiunt</strong></span> <span class='ocrx_word' id='word_1_477' title='bbox 1565 1546 1574 1564; x_wconf 82' lang='grc'>,</span> <span class='ocrx_word' id='word_1_478' title='bbox 1599 1517 1770 1554; x_wconf 82' lang='lat' dir='ltr'><strong>defendit</strong></span> <span class='ocrx_word' id='word_1_479' title='bbox 1792 1518 1922 1554; x_wconf 84' lang='lat' dir='ltr'><strong>senum</strong></span> <span class='ocrx_word' id='word_1_480' title='bbox 1944 1516 2051 1566; x_wconf 90' lang='lat' dir='ltr'><strong>quod</strong></span> <span class='ocrx_word' id='word_1_481' title='bbox 2077 1529 2155 1553; x_wconf 90' lang='lat' dir='ltr'><strong>non</strong></span> <span class='ocrx_word' id='word_1_482' title='bbox 2178 1514 2357 1552; x_wconf 86' lang='lat' dir='ltr'><strong>comedit.</strong></span> <span class='ocrx_word' id='word_1_483' title='bbox 2380 1513 2452 1552; x_wconf 87' lang='lat' dir='ltr'><strong>Sed</strong></span> 
     </span>
    </p>
   </div>
   <div class='ocr_carea' id='block_1_27' title="bbox 1443 1575 2451 1621">
    <p class='ocr_par' dir='ltr' id='par_1_28' title="bbox 1443 1575 2451 1621">
     <span class='ocr_line' id='line_1_69' title="bbox 1443 1575 2451 1621; baseline -0.005 -6"><span class='ocrx_word' id='word_1_484' title='bbox 1443 1580 1581 1615; x_wconf 89' lang='lat' dir='ltr'><strong>fremas</strong></span> <span class='ocrx_word' id='word_1_485' title='bbox 1610 1577 1790 1615; x_wconf 87' lang='lat' dir='ltr'><strong>dentibus</strong></span> <span class='ocrx_word' id='word_1_486' title='bbox 1820 1578 1908 1614; x_wconf 89' lang='lat' dir='ltr'><strong>licet</strong></span> <span class='ocrx_word' id='word_1_487' title='bbox 1936 1585 1974 1615; x_wconf 87' lang='lat' dir='ltr'><strong>et</strong></span> <span class='ocrx_word' id='word_1_488' title='bbox 2002 1575 2193 1621; x_wconf 84' lang='lat' dir='ltr'><strong>tabescas,</strong></span> <span class='ocrx_word' id='word_1_489' title='bbox 2216 1588 2294 1612; x_wconf 92' lang='lat' dir='ltr'><strong>non</strong></span> <span class='ocrx_word' id='word_1_490' title='bbox 2324 1583 2451 1611; x_wconf 86' lang='lat' dir='ltr'><strong>tamen</strong></span> 
     </span>
    </p>
   </div>
   <div class='ocr_carea' id='block_1_28' title="bbox 1443 1624 2506 1688">
    <p class='ocr_par' dir='ltr' id='par_1_29' title="bbox 1443 1624 2506 1688">
     <span class='ocr_line' id='line_1_70' title="bbox 1443 1624 2506 1688; baseline -0.004 -14"><span class='ocrx_word' id='word_1_491' title='bbox 1443 1638 1588 1688; x_wconf 86' lang='lat' dir='ltr'><strong>poterit</strong></span> <span class='ocrx_word' id='word_1_492' title='bbox 1608 1637 1713 1687; x_wconf 87' lang='lat' dir='ltr'><strong>quod</strong></span> <span class='ocrx_word' id='word_1_493' title='bbox 1734 1651 1782 1674; x_wconf 77' lang='lat' dir='ltr'><strong>ex</strong></span> <span class='ocrx_word' id='word_1_494' title='bbox 1806 1641 1888 1674; x_wconf 90' lang='lat' dir='ltr'><strong>Deo</strong></span> <span class='ocrx_word' id='word_1_495' title='bbox 1912 1645 1994 1683; x_wconf 88' lang='lat' dir='ltr'><strong>est,</strong></span> <span class='ocrx_word' id='word_1_496' title='bbox 2025 1636 2185 1673; x_wconf 90' lang='lat' dir='ltr'><strong>omnino</strong></span> <span class='ocrx_word' id='word_1_497' title='bbox 2206 1634 2374 1671; x_wconf 80' lang='lat' dir='ltr'><strong>dissolvi.</strong></span> <span class='ocrx_word' id='word_1_498' title='bbox 2408 1637 2454 1671; x_wconf 88' lang='lat' dir='ltr'><strong>Et</strong></span> <span class='ocrx_word' id='word_1_499' title='bbox 2495 1624 2506 1635; x_wconf 41' lang='lat'>⁸</span> 
     </span>
    </p>
   </div>
   <div class='ocr_carea' id='block_1_29' title="bbox 1443 1695 2455 1809">
    <p class='ocr_par' dir='ltr' id='par_1_30' title="bbox 1443 1695 2455 1809">
     <span class='ocr_line' id='line_1_71' title="bbox 1443 1695 2455 1747; baseline -0.005 -11"><span class='ocrx_word' id='word_1_500' title='bbox 1443 1699 1558 1745; x_wconf 62' lang='lat' dir='ltr'><strong>velis,</strong></span> <span class='ocrx_word' id='word_1_501' title='bbox 1581 1699 1699 1744; x_wconf 91' lang='lat' dir='ltr'><strong>nolis,</strong></span> <span class='ocrx_word' id='word_1_502' title='bbox 1734 1698 1920 1735; x_wconf 79' lang='lat' dir='ltr'><strong>videbunt</strong></span> <span class='ocrx_word' id='word_1_503' title='bbox 1940 1697 2034 1747; x_wconf 83' lang='lat' dir='ltr'><strong>justi</strong></span> <span class='ocrx_word' id='word_1_504' title='bbox 2066 1706 2104 1734; x_wconf 87' lang='lat' dir='ltr'><strong>et</strong></span> <span class='ocrx_word' id='word_1_505' title='bbox 2134 1695 2385 1742; x_wconf 83' lang='lat' dir='ltr'><strong>laetabuntur,</strong></span> <span class='ocrx_word' id='word_1_506' title='bbox 2417 1701 2455 1732; x_wconf 85' lang='lat' dir='ltr'><strong>et</strong></span> 
     </span>
     <span class='ocr_line' id='line_1_72' title="bbox 1444 1757 2175 1809; baseline -0.003 -13"><span class='ocrx_word' id='word_1_507' title='bbox 1444 1760 1569 1796; x_wconf 89' lang='lat' dir='ltr'><strong>omnis</strong></span> <span class='ocrx_word' id='word_1_508' title='bbox 1589 1760 1755 1809; x_wconf 86' lang='lat' dir='ltr'><strong>inquitas</strong></span> <span class='ocrx_word' id='word_1_509' title='bbox 1776 1757 1965 1809; x_wconf 85' lang='lat' dir='ltr'><strong>oppilabit</strong></span> <span class='ocrx_word' id='word_1_510' title='bbox 1985 1771 2027 1795; x_wconf 90' lang='lat' dir='ltr'><strong>os</strong></span> <span class='ocrx_word' id='word_1_511' title='bbox 2050 1770 2175 1795; x_wconf 89' lang='lat' dir='ltr'><strong>suum.</strong></span> 
     </span>
    </p>
   </div>
   <div class='ocr_carea' id='block_1_30' title="bbox 1448 1805 2508 2113">
    <p class='ocr_par' dir='ltr' id='par_1_31' title="bbox 1448 1805 2508 2113">
     <span class='ocr_line' id='line_1_73' title="bbox 1501 1805 2508 1868; baseline -0.005 -12"><span class='ocrx_word' id='word_1_512' title='bbox 1501 1820 1535 1860; x_wconf 76' lang='grc'><strong>’,2.</strong></span> <span class='ocrx_word' id='word_1_513' title='bbox 1558 1824 1699 1857; x_wconf 69' lang='lat' dir='ltr'><strong>Verum</strong></span> <span class='ocrx_word' id='word_1_514' title='bbox 1717 1819 1797 1856; x_wconf 77' lang='lat' dir='ltr'><strong>hace</strong></span> <span class='ocrx_word' id='word_1_515' title='bbox 1814 1819 1887 1855; x_wconf 89' lang='lat' dir='ltr'><strong>illis</strong></span> <span class='ocrx_word' id='word_1_516' title='bbox 1907 1818 1972 1868; x_wconf 88' lang='lat' dir='ltr'><strong>qui</strong></span> <span class='ocrx_word' id='word_1_517' title='bbox 1993 1825 2155 1868; x_wconf 89' lang='lat' dir='ltr'><strong>possunt</strong></span> <span class='ocrx_word' id='word_1_518' title='bbox 2173 1829 2254 1854; x_wconf 87' lang='lat' dir='ltr'><strong>esse</strong></span> <span class='ocrx_word' id='word_1_519' title='bbox 2274 1814 2452 1866; x_wconf 87' lang='lat' dir='ltr'><strong>suspecti.</strong></span> <span class='ocrx_word' id='word_1_520' title='bbox 2496 1805 2508 1850; x_wconf 49' lang='grc' dir='ltr'><strong>ᾗ,</strong></span> 
     </span>
     <span class='ocr_line' id='line_1_74' title="bbox 1448 1876 2500 1928; baseline -0.005 -10"><span class='ocrx_word' id='word_1_521' title='bbox 1448 1884 1634 1918; x_wconf 71' lang='lat' dir='ltr'><strong>Caeterum</strong></span> <span class='ocrx_word' id='word_1_522' title='bbox 1655 1880 1764 1917; x_wconf 67' lang='lat' dir='ltr'><strong>vobis</strong></span> <span class='ocrx_word' id='word_1_523' title='bbox 1781 1880 1854 1916; x_wconf 89' lang='lat' dir='ltr'><strong>hoc</strong></span> <span class='ocrx_word' id='word_1_524' title='bbox 1871 1879 2032 1916; x_wconf 86' lang='lat' dir='ltr'><strong>dicimus</strong></span> <span class='ocrx_word' id='word_1_525' title='bbox 2051 1894 2059 1915; x_wconf 91' lang='lat'>:</span> <span class='ocrx_word' id='word_1_526' title='bbox 2082 1891 2129 1915; x_wconf 89' lang='lat' dir='ltr'><strong>en</strong></span> <span class='ocrx_word' id='word_1_527' title='bbox 2149 1878 2298 1915; x_wconf 87' lang='lat' dir='ltr'><strong>lucrum</strong></span> <span class='ocrx_word' id='word_1_528' title='bbox 2318 1885 2456 1928; x_wconf 86' lang='lat' dir='ltr'><strong>praesto</strong></span> <span class='ocrx_word' id='word_1_529' title='bbox 2495 1876 2500 1904; x_wconf 70' lang='grc' dir='ltr'>ἶ</span> 
     </span>
     <span class='ocr_line' id='line_1_75' title="bbox 1449 1937 2498 1991; baseline -0.003 -14"><span class='ocrx_word' id='word_1_530' title='bbox 1449 1950 1527 1987; x_wconf 86' lang='lat' dir='ltr'><strong>cst,</strong></span> <span class='ocrx_word' id='word_1_531' title='bbox 1546 1950 1677 1991; x_wconf 89' lang='lat' dir='ltr'><strong>parate</strong></span> <span class='ocrx_word' id='word_1_532' title='bbox 1700 1941 1898 1977; x_wconf 82' lang='lat' dir='ltr'><strong>talentum.</strong></span> <span class='ocrx_word' id='word_1_533' title='bbox 1920 1939 2022 1989; x_wconf 87' lang='lat' dir='ltr'><strong>Quid</strong></span> <span class='ocrx_word' id='word_1_534' title='bbox 2041 1939 2144 1977; x_wconf 89' lang='lat' dir='ltr'><strong>enim</strong></span> <span class='ocrx_word' id='word_1_535' title='bbox 2166 1939 2254 1976; x_wconf 90' lang='lat' dir='ltr'><strong>facit</strong></span> <span class='ocrx_word' id='word_1_536' title='bbox 2278 1938 2317 1975; x_wconf 92' lang='lat' dir='ltr'><strong>in</strong></span> <span class='ocrx_word' id='word_1_537' title='bbox 2342 1937 2457 1974; x_wconf 88' lang='lat' dir='ltr'><strong>suda·</strong></span> <span class='ocrx_word' id='word_1_538' title='bbox 2496 1953 2498 1960; x_wconf 83' lang='grc'><em>·</em></span> 
     </span>
     <span class='ocr_line' id='line_1_76' title="bbox 1451 1996 2499 2052; baseline -0.004 -14"><span class='ocrx_word' id='word_1_539' title='bbox 1451 2002 1506 2038; x_wconf 90' lang='lat' dir='ltr'><strong>rio</strong></span> <span class='ocrx_word' id='word_1_540' title='bbox 1528 2031 1537 2048; x_wconf 92' lang='lat'><strong>,</strong></span> <span class='ocrx_word' id='word_1_541' title='bbox 1566 2002 1671 2052; x_wconf 91' lang='lat' dir='ltr'><strong>quod</strong></span> <span class='ocrx_word' id='word_1_542' title='bbox 1699 2001 1933 2051; x_wconf 85' lang='lat' dir='ltr'><strong>quandoque</strong></span> <span class='ocrx_word' id='word_1_543' title='bbox 1964 2015 2050 2038; x_wconf 87' lang='lat' dir='ltr'><strong>cum</strong></span> <span class='ocrx_word' id='word_1_544' title='bbox 2083 2014 2199 2038; x_wconf 88' lang='lat' dir='ltr'><strong>usura</strong></span> <span class='ocrx_word' id='word_1_545' title='bbox 2230 1998 2458 2049; x_wconf 81' lang='lat' dir='ltr'><strong>exigendum</strong></span> <span class='ocrx_word' id='word_1_546' title='bbox 2498 1996 2499 2002; x_wconf 48' lang='lat'>¹</span> 
     </span>
     <span class='ocr_line' id='line_1_77' title="bbox 1450 2045 2507 2113; baseline -0.004 -14"><span class='ocrx_word' id='word_1_547' title='bbox 1450 2064 1535 2099; x_wconf 77' lang='lat' dir='ltr'><strong>est?</strong></span> <span class='ocrx_word' id='word_1_548' title='bbox 1556 2063 1647 2099; x_wconf 90' lang='lat' dir='ltr'><strong>dum</strong></span> <span class='ocrx_word' id='word_1_549' title='bbox 1672 2071 1825 2113; x_wconf 84' lang='lat' dir='ltr'><strong>tempus</strong></span> <span class='ocrx_word' id='word_1_550' title='bbox 1844 2061 2049 2108; x_wconf 86' lang='lat' dir='ltr'><strong>habemus,</strong></span> <span class='ocrx_word' id='word_1_551' title='bbox 2073 2074 2142 2098; x_wconf 83' lang='lat' dir='ltr'><strong>cur</strong></span> <span class='ocrx_word' id='word_1_552' title='bbox 2166 2060 2319 2111; x_wconf 86' lang='lat' dir='ltr'><strong>operari</strong></span> <span class='ocrx_word' id='word_1_553' title='bbox 2338 2059 2460 2109; x_wconf 86' lang='lat' dir='ltr'><strong>negli-</strong></span> <span class='ocrx_word' id='word_1_554' title='bbox 2496 2045 2507 2109; x_wconf 13' lang='grc' dir='ltr'><strong>εγ</strong></span> 
     </span>
    </p>
   </div>
   <div class='ocr_carea' id='block_1_31' title="bbox 1450 2119 2461 2353">
    <p class='ocr_par' dir='ltr' id='par_1_32' title="bbox 1450 2119 2461 2353">
     <span class='ocr_line' id='line_1_78' title="bbox 1450 2119 2459 2173; baseline -0.003 -14"><span class='ocrx_word' id='word_1_555' title='bbox 1450 2124 1598 2173; x_wconf 77' lang='lat' dir='ltr'><strong>gimus?</strong></span> <span class='ocrx_word' id='word_1_556' title='bbox 1629 2126 1726 2160; x_wconf 86' lang='lat' dir='ltr'><strong>Sane</strong></span> <span class='ocrx_word' id='word_1_557' title='bbox 1753 2123 1821 2160; x_wconf 87' lang='lat' dir='ltr'><strong>etsi</strong></span> <span class='ocrx_word' id='word_1_558' title='bbox 1846 2131 1975 2160; x_wconf 79' lang='lat' dir='ltr'><strong>vestro</strong></span> <span class='ocrx_word' id='word_1_559' title='bbox 2007 2136 2055 2159; x_wconf 85' lang='lat' dir='ltr'><strong>ex</strong></span> <span class='ocrx_word' id='word_1_560' title='bbox 2088 2121 2217 2159; x_wconf 81' lang='lat' dir='ltr'><strong>officio</strong></span> <span class='ocrx_word' id='word_1_561' title='bbox 2247 2133 2398 2170; x_wconf 88' lang='lat' dir='ltr'><strong>semper</strong></span> <span class='ocrx_word' id='word_1_562' title='bbox 2420 2119 2459 2157; x_wconf 90' lang='lat' dir='ltr'><strong>in</strong></span> 
     </span>
     <span class='ocr_line' id='line_1_79' title="bbox 1451 2180 2460 2233; baseline -0.002 -14"><span class='ocrx_word' id='word_1_563' title='bbox 1451 2192 1636 2233; x_wconf 84' lang='lat' dir='ltr'><strong>promptu</strong></span> <span class='ocrx_word' id='word_1_564' title='bbox 1657 2183 1704 2220; x_wconf 83' lang='lat' dir='ltr'><strong>sit</strong></span> <span class='ocrx_word' id='word_1_565' title='bbox 1725 2183 1876 2233; x_wconf 85' lang='lat' dir='ltr'><strong>pietatis</strong></span> <span class='ocrx_word' id='word_1_566' title='bbox 1892 2182 2116 2220; x_wconf 85' lang='lat' dir='ltr'><strong>incumbere</strong></span> <span class='ocrx_word' id='word_1_567' title='bbox 2132 2182 2248 2219; x_wconf 76' lang='lat' dir='ltr'><strong>lucris</strong></span> <span class='ocrx_word' id='word_1_568' title='bbox 2261 2210 2270 2227; x_wconf 92' lang='lat'><strong>,</strong></span> <span class='ocrx_word' id='word_1_569' title='bbox 2297 2180 2362 2218; x_wconf 89' lang='lat' dir='ltr'><strong>sed</strong></span> <span class='ocrx_word' id='word_1_570' title='bbox 2381 2193 2460 2217; x_wconf 84' lang='lat' dir='ltr'><strong>ma·</strong></span> 
     </span>
     <span class='ocr_line' id='line_1_80' title="bbox 1451 2240 2461 2293; baseline -0.002 -14"><span class='ocrx_word' id='word_1_571' title='bbox 1451 2243 1552 2279; x_wconf 77' lang='lat' dir='ltr'><strong>xime</strong></span> <span class='ocrx_word' id='word_1_572' title='bbox 1570 2243 1606 2279; x_wconf 93' lang='lat' dir='ltr'><strong>in</strong></span> <span class='ocrx_word' id='word_1_573' title='bbox 1624 2243 1913 2293; x_wconf 59' lang='lat' dir='ltr'><strong>praesentiarum</strong></span> <span class='ocrx_word' id='word_1_574' title='bbox 1931 2243 2119 2279; x_wconf 84' lang='lat' dir='ltr'><strong>maximus</strong></span> <span class='ocrx_word' id='word_1_575' title='bbox 2137 2250 2276 2279; x_wconf 85' lang='lat' dir='ltr'><strong>sanctae</strong></span> <span class='ocrx_word' id='word_1_576' title='bbox 2295 2240 2461 2278; x_wconf 78' lang='lat' dir='ltr'><strong>avaritiae</strong></span> 
     </span>
     <span class='ocr_line' id='line_1_81' title="bbox 1451 2301 2459 2353; baseline -0.002 -14"><span class='ocrx_word' id='word_1_577' title='bbox 1451 2311 1557 2353; x_wconf 84' lang='lat' dir='ltr'><strong>patet</strong></span> <span class='ocrx_word' id='word_1_578' title='bbox 1578 2312 1745 2353; x_wconf 57' lang='lat' dir='ltr'><strong>quaestus</strong></span> <span class='ocrx_word' id='word_1_579' title='bbox 1763 2318 1770 2340; x_wconf 91' lang='lat'>:</span> <span class='ocrx_word' id='word_1_580' title='bbox 1792 2311 1939 2340; x_wconf 89' lang='lat' dir='ltr'><strong>tantum</strong></span> <span class='ocrx_word' id='word_1_581' title='bbox 1968 2316 2036 2339; x_wconf 79' lang='lat' dir='ltr'><strong>vos</strong></span> <span class='ocrx_word' id='word_1_582' title='bbox 2062 2315 2139 2339; x_wconf 87' lang='lat' dir='ltr'><strong>non</strong></span> <span class='ocrx_word' id='word_1_583' title='bbox 2160 2302 2286 2352; x_wconf 80' lang='lat' dir='ltr'><strong>pigeat</strong></span> <span class='ocrx_word' id='word_1_584' title='bbox 2312 2301 2432 2351; x_wconf 88' lang='lat' dir='ltr'><strong>ipsam</strong></span> <span class='ocrx_word' id='word_1_585' title='bbox 2447 2327 2459 2346; x_wconf 89' lang='lat'><strong>,</strong></span> 
     </span>
    </p>
   </div>
   <div class='ocr_carea' id='block_1_32' title="bbox 1452 2361 2504 2414">
    <p class='ocr_par' dir='ltr' id='par_1_33' title="bbox 1452 2361 2504 2414">
     <span class='ocr_line' id='line_1_82' title="bbox 1452 2361 2504 2414; baseline -0.002 -15"><span class='ocrx_word' id='word_1_586' title='bbox 1452 2377 1565 2414; x_wconf 86' lang='lat' dir='ltr'><strong>quam</strong></span> <span class='ocrx_word' id='word_1_587' title='bbox 1587 2364 1635 2400; x_wconf 90' lang='lat' dir='ltr'><strong>ad</strong></span> <span class='ocrx_word' id='word_1_588' title='bbox 1662 2364 1735 2400; x_wconf 85' lang='lat' dir='ltr'><strong>hoe</strong></span> <span class='ocrx_word' id='word_1_589' title='bbox 1755 2364 1881 2414; x_wconf 87' lang='lat' dir='ltr'><strong>ipsum</strong></span> <span class='ocrx_word' id='word_1_590' title='bbox 1912 2363 2128 2413; x_wconf 87' lang='lat' dir='ltr'><strong>accepistis,</strong></span> <span class='ocrx_word' id='word_1_591' title='bbox 2159 2362 2391 2399; x_wconf 87' lang='lat' dir='ltr'><strong>dominicam</strong></span> <span class='ocrx_word' id='word_1_592' title='bbox 2422 2361 2461 2399; x_wconf 86' lang='lat' dir='ltr'><strong>in</strong></span> <span class='ocrx_word' id='word_1_593' title='bbox 2502 2391 2504 2395; x_wconf 74' lang='grc'>,</span> 
     </span>
    </p>
   </div>
   <div class='ocr_carea' id='block_1_33' title="bbox 1453 2420 2464 2473">
    <p class='ocr_par' dir='ltr' id='par_1_34' title="bbox 1453 2420 2464 2473">
     <span class='ocr_line' id='line_1_83' title="bbox 1453 2420 2464 2473; baseline -0.001 -14"><span class='ocrx_word' id='word_1_594' title='bbox 1453 2423 1619 2460; x_wconf 90' lang='lat' dir='ltr'><strong>medium</strong></span> <span class='ocrx_word' id='word_1_595' title='bbox 1650 2423 1822 2473; x_wconf 86' lang='lat' dir='ltr'><strong>proferre</strong></span> <span class='ocrx_word' id='word_1_596' title='bbox 1842 2422 2058 2473; x_wconf 88' lang='lat' dir='ltr'><strong>pecuniam.</strong></span> <span class='ocrx_word' id='word_1_597' title='bbox 2077 2422 2259 2472; x_wconf 86' lang='lat' dir='ltr'><strong>Alioquin</strong></span> <span class='ocrx_word' id='word_1_598' title='bbox 2279 2420 2464 2472; x_wconf 80' lang='lat' dir='ltr'><strong>sapientia</strong></span> 
     </span>
    </p>
   </div>
   <div class='ocr_carea' id='block_1_34' title="bbox 373 2481 2509 2959">
    <p class='ocr_par' dir='ltr' id='par_1_35' title="bbox 373 2481 2509 2959">
     <span class='ocr_line' id='line_1_84' title="bbox 1453 2481 2504 2533; baseline -0.002 -14"><span class='ocrx_word' id='word_1_599' title='bbox 1453 2482 1676 2520; x_wconf 89' lang='lat' dir='ltr'><strong>abscondita</strong></span> <span class='ocrx_word' id='word_1_600' title='bbox 1693 2492 1730 2519; x_wconf 88' lang='lat' dir='ltr'><strong>et</strong></span> <span class='ocrx_word' id='word_1_601' title='bbox 1748 2484 1946 2520; x_wconf 86' lang='lat' dir='ltr'><strong>thesaurus</strong></span> <span class='ocrx_word' id='word_1_602' title='bbox 1967 2483 2114 2520; x_wconf 85' lang='lat' dir='ltr'><strong>invisus</strong></span> <span class='ocrx_word' id='word_1_603' title='bbox 2128 2512 2138 2529; x_wconf 91' lang='lat'><strong>,</strong></span> <span class='ocrx_word' id='word_1_604' title='bbox 2161 2495 2246 2533; x_wconf 87' lang='lat' dir='ltr'><strong>quae</strong></span> <span class='ocrx_word' id='word_1_605' title='bbox 2265 2481 2408 2519; x_wconf 87' lang='lat' dir='ltr'><strong>utilitas</strong></span> <span class='ocrx_word' id='word_1_606' title='bbox 2423 2481 2476 2518; x_wconf 60' lang='lat' dir='ltr'><strong>in&gt;</strong></span> <span class='ocrx_word' id='word_1_607' title='bbox 2499 2494 2504 2503; x_wconf 76' lang='grc'>’</span> 
     </span>
     <span class='ocr_line' id='line_1_85' title="bbox 1453 2534 2503 2594; baseline -0.001 -15"><span class='ocrx_word' id='word_1_608' title='bbox 1453 2544 1625 2593; x_wconf 80' lang='lat' dir='ltr'><strong>utrisque</strong></span> <span class='ocrx_word' id='word_1_609' title='bbox 1643 2545 1698 2579; x_wconf 79' lang='lat'><strong>¹²?</strong></span> <span class='ocrx_word' id='word_1_610' title='bbox 1723 2544 1900 2594; x_wconf 89' lang='lat' dir='ltr'><strong>Denique</strong></span> <span class='ocrx_word' id='word_1_611' title='bbox 1927 2544 1956 2581; x_wconf 86' lang='lat' dir='ltr'><strong>si</strong></span> <span class='ocrx_word' id='word_1_612' title='bbox 1983 2557 2073 2581; x_wconf 80' lang='lat' dir='ltr'><strong>vere</strong></span> <span class='ocrx_word' id='word_1_613' title='bbox 2103 2543 2212 2581; x_wconf 72' lang='lat' dir='ltr'><strong>vobis</strong></span> <span class='ocrx_word' id='word_1_614' title='bbox 2240 2556 2318 2580; x_wconf 92' lang='lat' dir='ltr'><strong>non</strong></span> <span class='ocrx_word' id='word_1_615' title='bbox 2338 2543 2477 2579; x_wconf 85' lang='lat' dir='ltr'><strong>solum·</strong></span> <span class='ocrx_word' id='word_1_616' title='bbox 2500 2534 2503 2546; x_wconf 48' lang='lat'><strong><em>¹</em></strong></span> 
     </span>
     <span class='ocr_line' id='line_1_86' title="bbox 373 2600 2464 2657; baseline -0.004 -11"><span class='ocrx_word' id='word_1_617' title='bbox 373 2608 494 2655; x_wconf 85' lang='lat' dir='ltr'><strong>bitur,</strong></span> <span class='ocrx_word' id='word_1_618' title='bbox 517 2617 553 2644; x_wconf 85' lang='lat' dir='ltr'><strong>et</strong></span> <span class='ocrx_word' id='word_1_619' title='bbox 579 2607 705 2657; x_wconf 88' lang='lat' dir='ltr'><strong>justus</strong></span> <span class='ocrx_word' id='word_1_620' title='bbox 724 2606 770 2642; x_wconf 86' lang='lat' dir='ltr'><strong>de</strong></span> <span class='ocrx_word' id='word_1_621' title='bbox 787 2605 935 2655; x_wconf 83' lang='lat' dir='ltr'><strong>justitia</strong></span> <span class='ocrx_word' id='word_1_622' title='bbox 956 2617 1042 2649; x_wconf 86' lang='lat' dir='ltr'><strong>sua,</strong></span> <span class='ocrx_word' id='word_1_623' title='bbox 1070 2611 1108 2639; x_wconf 89' lang='lat' dir='ltr'><strong>et</strong></span> <span class='ocrx_word' id='word_1_624' title='bbox 1132 2609 1314 2651; x_wconf 86' lang='lat' dir='ltr'><strong>peccator</strong></span> <span class='ocrx_word' id='word_1_625' title='bbox 1344 2601 1382 2637; x_wconf 87' lang='lat' dir='ltr'><strong>in</strong></span> <span class='ocrx_word' id='word_1_626' title='bbox 1403 2607 1436 2640; x_wconf 93' lang='lat' dir='ltr'>D</span> <span class='ocrx_word' id='word_1_627' title='bbox 1455 2605 1567 2641; x_wconf 81' lang='lat' dir='ltr'><strong>officii</strong></span> <span class='ocrx_word' id='word_1_628' title='bbox 1585 2634 1594 2651; x_wconf 89' lang='lat'><strong>,</strong></span> <span class='ocrx_word' id='word_1_629' title='bbox 1619 2618 1774 2652; x_wconf 80' lang='lat' dir='ltr'><strong>verum,</strong></span> <span class='ocrx_word' id='word_1_630' title='bbox 1808 2613 1850 2641; x_wconf 87' lang='lat' dir='ltr'><strong>ut</strong></span> <span class='ocrx_word' id='word_1_631' title='bbox 1879 2605 2006 2651; x_wconf 90' lang='lat' dir='ltr'><strong>aiunt,</strong></span> <span class='ocrx_word' id='word_1_632' title='bbox 2028 2613 2066 2641; x_wconf 89' lang='lat' dir='ltr'><strong>et</strong></span> <span class='ocrx_word' id='word_1_633' title='bbox 2089 2604 2205 2642; x_wconf 88' lang='lat' dir='ltr'><strong>studii</strong></span> <span class='ocrx_word' id='word_1_634' title='bbox 2225 2613 2281 2641; x_wconf 89' lang='lat' dir='ltr'><strong>est</strong></span> <span class='ocrx_word' id='word_1_635' title='bbox 2312 2600 2464 2654; x_wconf 84' lang='lat' dir='ltr'><strong>operari</strong></span> 
     </span>
     <span class='ocr_line' id='line_1_87' title="bbox 1454 2656 2484 2713; baseline 0 -13"><span class='ocrx_word' id='word_1_636' title='bbox 1454 2664 1601 2701; x_wconf 84' lang='lat' dir='ltr'><strong>honum</strong></span> <span class='ocrx_word' id='word_1_637' title='bbox 1620 2665 1666 2701; x_wconf 90' lang='lat' dir='ltr'><strong>ad</strong></span> <span class='ocrx_word' id='word_1_638' title='bbox 1694 2679 1849 2713; x_wconf 79' lang='lat' dir='ltr'><strong>omncs3</strong></span> <span class='ocrx_word' id='word_1_639' title='bbox 1871 2666 2036 2703; x_wconf 85' lang='lat' dir='ltr'><strong>maxime</strong></span> <span class='ocrx_word' id='word_1_640' title='bbox 2058 2665 2131 2702; x_wconf 88' lang='lat' dir='ltr'><strong>hoc</strong></span> <span class='ocrx_word' id='word_1_641' title='bbox 2152 2664 2299 2702; x_wconf 87' lang='lat' dir='ltr'><strong>debetis</strong></span> <span class='ocrx_word' id='word_1_642' title='bbox 2321 2663 2367 2701; x_wconf 89' lang='lat' dir='ltr'><strong>ad</strong></span> <span class='ocrx_word' id='word_1_643' title='bbox 2391 2656 2484 2700; x_wconf 54' lang='lat' dir='ltr'><strong>do-&#39;</strong></span> 
     </span>
     <span class='ocr_line' id='line_1_88' title="bbox 1456 2721 2506 2777; baseline 0 -16"><span class='ocrx_word' id='word_1_644' title='bbox 1456 2726 1632 2763; x_wconf 85' lang='lat' dir='ltr'><strong>mesticos</strong></span> <span class='ocrx_word' id='word_1_645' title='bbox 1653 2726 1752 2763; x_wconf 81' lang='lat' dir='ltr'><strong>fidei.</strong></span> <span class='ocrx_word' id='word_1_646' title='bbox 1781 2727 1893 2775; x_wconf 88' lang='lat' dir='ltr'><strong>Quod</strong></span> <span class='ocrx_word' id='word_1_647' title='bbox 1922 2727 2078 2777; x_wconf 88' lang='lat' dir='ltr'><strong>quidem</strong></span> <span class='ocrx_word' id='word_1_648' title='bbox 2104 2727 2191 2763; x_wconf 83' lang='lat' dir='ltr'><strong>licet</strong></span> <span class='ocrx_word' id='word_1_649' title='bbox 2217 2724 2398 2763; x_wconf 86' lang='lat' dir='ltr'><strong>omnibus</strong></span> <span class='ocrx_word' id='word_1_650' title='bbox 2416 2721 2482 2761; x_wconf 65' lang='lat' dir='ltr'><strong>ab⁴</strong></span> <span class='ocrx_word' id='word_1_651' title='bbox 2503 2737 2506 2768; x_wconf 53' lang='grc' dir='ltr'>ι</span> 
     </span>
     <span class='ocr_line' id='line_1_89' title="bbox 1455 2779 2507 2837; baseline -0.004 -14"><span class='ocrx_word' id='word_1_652' title='bbox 1455 2787 1642 2836; x_wconf 83' lang='lat' dir='ltr'><strong>Apostolo</strong></span> <span class='ocrx_word' id='word_1_653' title='bbox 1651 2788 1935 2837; x_wconf 72' lang='lat' dir='ltr'><strong>promulgatum</strong></span> <span class='ocrx_word' id='word_1_654' title='bbox 1950 2785 2408 2837; x_wconf 83' lang='lat' dir='ltr'><strong>sitgeneralemandatum</strong></span> <span class='ocrx_word' id='word_1_655' title='bbox 2420 2783 2463 2832; x_wconf 82' lang='lat'><strong>¹3,</strong></span> <span class='ocrx_word' id='word_1_656' title='bbox 2504 2779 2507 2819; x_wconf 73' lang='grc' dir='ltr'>Ξ</span> 
     </span>
     <span class='ocr_line' id='line_1_90' title="bbox 1455 2842 2509 2898; baseline -0.001 -16"><span class='ocrx_word' id='word_1_657' title='bbox 1455 2846 1492 2882; x_wconf 92' lang='lat' dir='ltr'><strong>id</strong></span> <span class='ocrx_word' id='word_1_658' title='bbox 1524 2855 1649 2884; x_wconf 88' lang='lat' dir='ltr'><strong>tamen</strong></span> <span class='ocrx_word' id='word_1_659' title='bbox 1680 2849 1897 2898; x_wconf 85' lang='lat' dir='ltr'><strong>specialiter</strong></span> <span class='ocrx_word' id='word_1_660' title='bbox 1927 2861 1947 2885; x_wconf 91' lang='lat' dir='ltr'><strong>a</strong></span> <span class='ocrx_word' id='word_1_661' title='bbox 1967 2847 2079 2885; x_wconf 73' lang='lat' dir='ltr'><strong>vobis</strong></span> <span class='ocrx_word' id='word_1_662' title='bbox 2106 2846 2181 2884; x_wconf 89' lang='lat' dir='ltr'><strong>loci</strong></span> <span class='ocrx_word' id='word_1_663' title='bbox 2200 2847 2320 2897; x_wconf 89' lang='lat' dir='ltr'><strong>ipsius</strong></span> <span class='ocrx_word' id='word_1_664' title='bbox 2351 2842 2465 2882; x_wconf 73' lang='lat' dir='ltr'><strong>vestri</strong></span> <span class='ocrx_word' id='word_1_665' title='bbox 2502 2858 2509 2869; x_wconf 67' lang='grc' dir='ltr'>ι</span> 
     </span>
     <span class='ocr_line' id='line_1_91' title="bbox 1457 2906 2505 2959; baseline -0.002 -16"><span class='ocrx_word' id='word_1_666' title='bbox 1457 2916 1570 2957; x_wconf 84' lang='lat' dir='ltr'><strong>atque</strong></span> <span class='ocrx_word' id='word_1_667' title='bbox 1586 2909 1783 2945; x_wconf 84' lang='lat' dir='ltr'><strong>ministerii</strong></span> <span class='ocrx_word' id='word_1_668' title='bbox 1798 2908 2000 2959; x_wconf 79' lang='lat' dir='ltr'><strong>privilegio</strong></span> <span class='ocrx_word' id='word_1_669' title='bbox 2015 2907 2197 2945; x_wconf 84' lang='lat' dir='ltr'><strong>audacter</strong></span> <span class='ocrx_word' id='word_1_670' title='bbox 2210 2906 2463 2957; x_wconf 80' lang='lat' dir='ltr'><strong>exposcimus.</strong></span> <span class='ocrx_word' id='word_1_671' title='bbox 2504 2909 2505 2912; x_wconf 76' lang='grc'>’</span> 
     </span>
    </p>
   </div>
   <div class='ocr_carea' id='block_1_35' title="bbox 1456 2966 2466 3080">
    <p class='ocr_par' dir='ltr' id='par_1_36' title="bbox 1456 2966 2466 3080">
     <span class='ocr_line' id='line_1_92' title="bbox 1456 2966 2466 3020; baseline -0.003 -15"><span class='ocrx_word' id='word_1_672' title='bbox 1456 2968 1534 3005; x_wconf 71' lang='lat' dir='ltr'><strong>Nisi</strong></span> <span class='ocrx_word' id='word_1_673' title='bbox 1548 2968 1646 3005; x_wconf 84' lang='lat' dir='ltr'><strong>sorte</strong></span> <span class='ocrx_word' id='word_1_674' title='bbox 1668 2969 1796 3020; x_wconf 68' lang='lat' dir='ltr'><strong>(quod</strong></span> <span class='ocrx_word' id='word_1_675' title='bbox 1812 2969 1969 3006; x_wconf 87' lang='lat' dir='ltr'><strong>minime</strong></span> <span class='ocrx_word' id='word_1_676' title='bbox 1985 2966 2192 3018; x_wconf 87' lang='lat' dir='ltr'><strong>sentimus)</strong></span> <span class='ocrx_word' id='word_1_677' title='bbox 2213 2967 2330 3017; x_wconf 79' lang='lat' dir='ltr'><strong>magis</strong></span> <span class='ocrx_word' id='word_1_678' title='bbox 2350 2977 2466 3003; x_wconf 89' lang='lat' dir='ltr'><strong>occu-</strong></span> 
     </span>
     <span class='ocr_line' id='line_1_93' title="bbox 1459 3026 2464 3080; baseline -0.002 -16"><span class='ocrx_word' id='word_1_679' title='bbox 1459 3028 1556 3077; x_wconf 86' lang='lat' dir='ltr'><strong>patis</strong></span> <span class='ocrx_word' id='word_1_680' title='bbox 1583 3029 1734 3076; x_wconf 88' lang='lat' dir='ltr'><strong>locum,</strong></span> <span class='ocrx_word' id='word_1_681' title='bbox 1768 3044 1881 3080; x_wconf 85' lang='lat' dir='ltr'><strong>quam</strong></span> <span class='ocrx_word' id='word_1_682' title='bbox 1915 3028 2178 3066; x_wconf 82' lang='lat' dir='ltr'><strong>honorificatis</strong></span> <span class='ocrx_word' id='word_1_683' title='bbox 2202 3026 2464 3065; x_wconf 87' lang='lat' dir='ltr'><strong>ministerium.</strong></span> 
     </span>
    </p>
   </div>
   <div class='ocr_carea' id='block_1_36' title="bbox 381 3214 2465 3258">
    <p class='ocr_par' dir='ltr' id='par_1_37' title="bbox 381 3214 2465 3258">
     <span class='ocr_line' id='line_1_94' title="bbox 381 3214 2465 3258; baseline -0.004 -9"><span class='ocrx_word' id='word_1_684' title='bbox 381 3218 593 3253; x_wconf 62' lang='lat' dir='ltr'><strong>71sai.x11r,</strong></span> <span class='ocrx_word' id='word_1_685' title='bbox 620 3218 670 3247; x_wconf 68' lang='lat' dir='ltr'><strong>lsi.</strong></span> <span class='ocrx_word' id='word_1_686' title='bbox 688 3233 729 3238; x_wconf 88' lang='lat'><em>-</em></span> <span class='ocrx_word' id='word_1_687' title='bbox 751 3214 764 3236; x_wconf 66' lang='lat'><strong>⁸</strong></span> <span class='ocrx_word' id='word_1_688' title='bbox 780 3214 893 3258; x_wconf 75' lang='lat' dir='ltr'><strong>Ephes.</strong></span> <span class='ocrx_word' id='word_1_689' title='bbox 918 3226 961 3252; x_wconf 81' lang='grc' dir='ltr'><strong>ιι,</strong></span> <span class='ocrx_word' id='word_1_690' title='bbox 990 3217 1040 3246; x_wconf 80' lang='grc' dir='ltr'><strong>1ἰ.</strong></span> <span class='ocrx_word' id='word_1_691' title='bbox 1065 3235 1107 3238; x_wconf 28' lang='grc' dir='ltr'><strong>ψ</strong></span> <span class='ocrx_word' id='word_1_692' title='bbox 1129 3222 1144 3246; x_wconf 73' lang='lat'>9</span> <span class='ocrx_word' id='word_1_693' title='bbox 1162 3216 1242 3246; x_wconf 79' lang='lat' dir='ltr'><strong>Psal.</strong></span> <span class='ocrx_word' id='word_1_694' title='bbox 1264 3226 1316 3245; x_wconf 66' lang='lat' dir='ltr'><strong>cxi</strong></span> <span class='ocrx_word' id='word_1_695' title='bbox 1332 3239 1339 3252; x_wconf 79' lang='lat'><strong>,</strong></span> <span class='ocrx_word' id='word_1_696' title='bbox 1359 3218 1388 3246; x_wconf 78' lang='lat'><strong>3.</strong></span> <span class='ocrx_word' id='word_1_697' title='bbox 1407 3236 1449 3240; x_wconf 73' lang='lat'><strong>—-</strong></span> <span class='ocrx_word' id='word_1_698' title='bbox 1469 3225 1499 3239; x_wconf 80' lang='lat'><strong>10</strong></span> <span class='ocrx_word' id='word_1_699' title='bbox 1516 3223 1544 3251; x_wconf 81' lang='grc' dir='ltr'>Π</span> <span class='ocrx_word' id='word_1_700' title='bbox 1565 3222 1637 3251; x_wconf 57' lang='grc' dir='ltr'><strong>(ζογ,</strong></span> <span class='ocrx_word' id='word_1_701' title='bbox 1661 3231 1690 3257; x_wconf 59' lang='lat'><strong>1,</strong></span> <span class='ocrx_word' id='word_1_702' title='bbox 1720 3223 1773 3251; x_wconf 71' lang='lat'><strong>12,</strong></span> <span class='ocrx_word' id='word_1_703' title='bbox 1791 3238 1834 3242; x_wconf 78' lang='lat'><strong>—.</strong></span> <span class='ocrx_word' id='word_1_704' title='bbox 1853 3225 1878 3240; x_wconf 92' lang='grc' dir='ltr'><strong>ιι</strong></span> <span class='ocrx_word' id='word_1_705' title='bbox 1898 3219 1977 3251; x_wconf 62' lang='lat' dir='ltr'><strong>psal,</strong></span> <span class='ocrx_word' id='word_1_706' title='bbox 1999 3231 2065 3258; x_wconf 53' lang='lat' dir='ltr'><strong>cu,</strong></span> <span class='ocrx_word' id='word_1_707' title='bbox 2094 3222 2260 3251; x_wconf 78' lang='lat'><strong>10.-¹²</strong></span> <span class='ocrx_word' id='word_1_708' title='bbox 2283 3216 2378 3249; x_wconf 72' lang='lat' dir='ltr'><strong>Eccli,</strong></span> <span class='ocrx_word' id='word_1_709' title='bbox 2400 3225 2465 3254; x_wconf 71' lang='lat' dir='ltr'><strong>xx,</strong></span> 
     </span>
    </p>
   </div>
   <div class='ocr_carea' id='block_1_37' title="bbox 385 3269 828 3304">
    <p class='ocr_par' dir='ltr' id='par_1_38' title="bbox 385 3269 828 3304">
     <span class='ocr_line' id='line_1_95' title="bbox 385 3269 828 3304; baseline -0.007 -2"><span class='ocrx_word' id='word_1_710' title='bbox 385 3276 438 3303; x_wconf 56' lang='grc' dir='ltr'><strong>Ἠ.</strong></span> <span class='ocrx_word' id='word_1_711' title='bbox 524 3269 552 3291; x_wconf 64' lang='lat'><strong>¹3</strong></span> <span class='ocrx_word' id='word_1_712' title='bbox 569 3271 671 3301; x_wconf 64' lang='lat' dir='ltr'><strong>Galat.</strong></span> <span class='ocrx_word' id='word_1_713' title='bbox 692 3281 745 3304; x_wconf 68' lang='lat' dir='ltr'><strong>vr,</strong></span> <span class='ocrx_word' id='word_1_714' title='bbox 777 3272 828 3299; x_wconf 81' lang='grc' dir='ltr'><strong>ιο.</strong></span> 
     </span>
    </p>
   </div>
   <div class='ocr_carea' id='block_1_38' title="bbox 430 3331 1977 3376">
    <p class='ocr_par' dir='ltr' id='par_1_39' title="bbox 430 3331 1977 3376">
     <span class='ocr_line' id='line_1_96' title="bbox 430 3331 1977 3376; baseline 0 -12"><span class='ocrx_word' id='word_1_715' title='bbox 430 3337 442 3348; x_wconf 74' lang='grc'><strong>·“</strong></span> <span class='ocrx_word' id='word_1_716' title='bbox 459 3333 544 3363; x_wconf 62' lang='lat' dir='ltr'><strong>Alias</strong></span> <span class='ocrx_word' id='word_1_717' title='bbox 564 3331 693 3374; x_wconf 62' lang='lat' dir='ltr'><strong>epistola</strong></span> <span class='ocrx_word' id='word_1_718' title='bbox 713 3334 778 3361; x_wconf 61' lang='lat' dir='ltr'><strong>iil-&#39;3</strong></span> <span class='ocrx_word' id='word_1_719' title='bbox 802 3341 808 3360; x_wconf 81' lang='grc' dir='ltr'><strong><em>ῑ</em></strong></span> <span class='ocrx_word' id='word_1_720' title='bbox 827 3341 895 3371; x_wconf 75' lang='lat' dir='ltr'><strong>qua·</strong></span> <span class='ocrx_word' id='word_1_721' title='bbox 913 3342 985 3360; x_wconf 69' lang='lat' dir='ltr'><strong>ww</strong></span> <span class='ocrx_word' id='word_1_722' title='bbox 1000 3336 1088 3361; x_wconf 72' lang='lat' dir='ltr'><strong>ana-n</strong></span> <span class='ocrx_word' id='word_1_723' title='bbox 1109 3335 1143 3361; x_wconf 68' lang='lat'><strong>251</strong></span> <span class='ocrx_word' id='word_1_724' title='bbox 1162 3335 1168 3361; x_wconf 90' lang='grc'>1</span> <span class='ocrx_word' id='word_1_725' title='bbox 1193 3341 1276 3366; x_wconf 78' lang='lat' dir='ltr'><strong>crat.</strong></span> <span class='ocrx_word' id='word_1_726' title='bbox 1299 3346 1379 3366; x_wconf 69' lang='lat' dir='ltr'><strong>nunc</strong></span> <span class='ocrx_word' id='word_1_727' title='bbox 1405 3338 1443 3367; x_wconf 71' lang='lat'><strong>:57</strong></span> <span class='ocrx_word' id='word_1_728' title='bbox 1458 3338 1484 3365; x_wconf 75' lang='lat' dir='ltr'><strong>i.</strong></span> <span class='ocrx_word' id='word_1_729' title='bbox 1505 3334 1623 3376; x_wconf 54' lang='lat' dir='ltr'><strong>Scripta</strong></span> <span class='ocrx_word' id='word_1_730' title='bbox 1642 3334 1720 3364; x_wconf 66' lang='lat' dir='ltr'><strong>circa</strong></span> <span class='ocrx_word' id='word_1_731' title='bbox 1741 3345 1855 3365; x_wconf 76' lang='lat' dir='ltr'><strong>annum</strong></span> <span class='ocrx_word' id='word_1_732' title='bbox 1880 3338 1887 3364; x_wconf 82' lang='lat'>1</span> <span class='ocrx_word' id='word_1_733' title='bbox 1905 3338 1977 3365; x_wconf 61' lang='lat'><strong>1323.</strong></span> 
     </span>
    </p>
   </div>
   <div class='ocr_carea' id='block_1_39' title="bbox 2468 1201 2533 3319">
    <p class='ocr_par' dir='ltr' id='par_1_40' title="bbox 2468 1201 2533 3319">
     <span class='ocr_line' id='line_1_97' title="bbox 2468 1201 2533 3319; baseline 0 0"><span class='ocrx_word' id='word_1_734' title='bbox 2468 1201 2533 3319; x_wconf 95' lang='lat' dir='ltr'><strong> </strong></span> 
     </span>
    </p>
   </div>
  </div>
 </body>
</html>
