2565 3952
98 155 173 194 572

1010 167 1276 204 EPISTOLE.

2120 193 2195 232 258

94 234 349 285 dispensatiO,
371 235 555 288 obsequia
578 238 829 289 fatmdorum,
854 242 1009 281 libertas
1032 244 1106 291 tui,
1124 243 1156 261 ⁹²
1176 245 1288 283 lectio
1314 248 1361 285 ad
1387 251 1597 290 seientiam.
1626 255 1663 291 Si
1688 257 1868 297 virtutem
1899 268 2047 315 appetis
2074 269 2199 309 humi-

92 303 258 346 potestas
276 296 314 332 in
338 297 431 334 alios
451 313 460 345 3
483 299 521 335 in
538 308 685 337 tantuin
703 311 745 338 ut
764 316 887 353 prope
908 304 1108 354 reliquisse
1123 309 1155 343 A
1175 307 1312 356 litatis,
1340 310 1441 348 viam
1476 327 1554 350 non
1590 316 1754 367 refugias

94 364 129 393 te
148 357 352 406 poeniteat,
378 359 483 408 quod
511 361 616 411 prius
644 370 775 400 tenere
806 364 989 413 gravabat
1016 381 1023 403 :
1047 366 1107 402 cui

91 417 263 468 pessimae
278 420 478 456 tentationi
497 421 527 458 si
547 423 607 459 vel
628 423 675 459 ad
694 423 825 461 horam
843 425 974 476 (quod
989 426 1106 478 absit)

92 491 283 516 assensum
320 480 559 530 praebueris,
586 497 665 521 non
698 486 892 524 mediocre
922 487 1106 525 damnum

92 538 261 577 incurres
284 548 357 577 tuae
381 544 697 582 conversationis.

148 600 206 638 10.
225 604 281 638 En
300 610 378 639 tota
399 603 499 641 illius
520 605 791 655 elegantissimi
811 616 850 644 et
867 609 1107 659 eloquentis-

92 661 175 699 simi
202 661 373 701 doctoris
403 665 612 715 sapientia,
636 680 658 704 a
684 682 762 718 quo
794 669 925 707 doceri
955 671 1002 708 de
1031 680 1106 708 tam

92 722 301 772 longinquo
325 726 528 774 postulasti
550 742 557 764 :
583 741 630 765 en
655 729 751 766 illud
777 740 1042 781 exspectatum
1063 746 1107 770 ac

93 782 346 821 desideratum
368 787 565 837 eulogium
581 818 589 834 ,
614 789 720 839 quod
742 791 875 828 audire
905 800 1108 844 tantopere

92 842 266 881 studuisti
289 844 395 882 :haec
428 860 578 885 summa
610 858 753 887 nostrae
779 852 1020 890 eruditionis.
1050 859 1109 891 An

92 903 214 941 adhuc
226 905 370 955 aliquid
385 921 566 959 magnum
582 914 803 962 exspectas?
817 922 939 951 totum
956 915 1108 952 audisti.

92 964 191 1013 Quid
214 967 378 1017 amplius
402 971 592 1020 requiris?
620 973 830 1012 exhaustus
857 984 914 1012 est
939 976 1026 1013 fons
1042 1007 1051 1024 ,
1074 985 1112 1013 et

93 1033 132 1063 tu
155 1027 293 1076 quaeris
308 1042 445 1079 aquam
465 1032 503 1068 in
521 1033 648 1070 sicco?
669 1036 857 1086 Exemplo
874 1037 976 1076 illius
993 1052 1111 1076 evan-
1131 1044 1159 1078 R

91 1086 218 1136 gelicae
242 1088 387 1137 viduae,
412 1091 459 1128 de
485 1103 714 1145 paupertate
738 1109 821 1134 mea
850 1106 974 1144 [ptum
1005 1099 1111 1149 quod

90 1144 228 1192 habui,
252 1149 337 1186 misi
353 1157 375 1186 ¹.
396 1152 496 1200 Quid
524 1155 797 1193 verecundaris
813 1159 827 1194 Ρ
843 1159 936 1208 quid
958 1161 1109 1197 vultum

91 1206 275 1246 dimittis?
297 1213 351 1248 Tu
380 1225 440 1249 me
470 1215 639 1265 coegisti.
663 1219 888 1256 Sermonem
918 1221 1108 1270 quaesisti;

90 1280 308 1307 sermonem
339 1271 467 1310 habes.
503 1277 751 1324 Sermonem,
786 1278 965 1329 inquam,
993 1281 1109 1319 habes

88 1328 166 1380 jam
185 1331 275 1368 satis
292 1333 471 1383 longum,
495 1336 561 1373 sed
583 1346 730 1375 mutum
748 1354 757 1385 3
781 1340 908 1377 verbis
926 1342 1084 1391 plenum
1098 1372 1106 1388 ,

91 1389 264 1428 sensibus
295 1406 456 1432 vacuum
487 1410 495 1433 :
525 1409 604 1433 non
635 1411 736 1447 quo,
770 1408 812 1436 ut
844 1401 1035 1450 petieras,
1070 1403 1108 1439 in

92 1450 206 1488 corde
230 1460 295 1489 tua
320 1453 483 1492 charitas
511 1457 736 1505 ordinetur,
756 1460 822 1496 sed
844 1475 921 1511 quo
942 1476 1026 1500 mea
1046 1463 1109 1500 in—

91 1511 197 1548 scitia
213 1512 444 1563 publicetur.
469 1521 565 1555 Nam
589 1519 692 1557 unde
712 1519 792 1570 jam
821 1524 967 1572 poterit
990 1538 1110 1562 excu-

92 1571 355 1611 sari?Posse1n
370 1576 529 1615 forsitan
545 1578 687 1627 dicere,
705 1582 810 1632 quod
826 1583 931 1621 febre
947 1587 1110 1623 tertiana

93 1631 288 1682 laborans,
306 1637 411 1686 qnod
427 1651 500 1688 pro
521 1640 650 1679 officio
672 1656 759 1680 meo
778 1645 879 1682 curis
900 1656 1111 1698 occupatus

93 1692 172 1730 haec
188 1694 410 1736 dictaverim
424 1727 434 1746 ,
460 1714 546 1738 cum
566 1703 750 1754 scripturn
771 1706 818 1742 sit
841 1722 849 1743 :
870 1708 1109 1756 Sapientiam

93 1755 210 1792 scribe
229 1760 268 1793 in
289 1763 363 1795 otio
380 1765 406 1797 ².
430 1761 504 1800 Sed
524 1763 605 1801 haec
624 1774 728 1803 recte
750 1768 1032 1817 praetenderem
1050 1800 1058 1817 ,
1081 1771 1111 1807 si

93 1816 234 1866 grande
251 1819 409 1870 aliquod
429 1831 545 1873 atque
563 1838 771 1876 operosum
794 1842 892 1878 opus
912 1843 1112 1880 aggressus
1133 1837 1160 1873 C
1182 1834 1275 1881 dus,
1310 1837 1376 1886 qui
1409 1837 1633 1877 hominibus
1666 1843 1822 1892 quidem
1866 1846 2001 1886 ridicul

94 1876 256 1915 fuissem.
280 1883 392 1919 Nune
419 1892 548 1921 autem
575 1886 615 1922 in
647 1888 798 1925 tantillo
827 1892 1044 1940 opusculo,
1069 1901 1112 1930 ut

94 1940 356 1980 occasionibus
388 1958 450 1982 me
486 1959 565 1984 non
598 1961 802 1996 excusem,
838 1951 933 1988 nihil
969 1952 1108 1990 horum

95 2000 231 2038 certius
264 2005 507 2053 praetendere
542 2021 727 2058 possum,
757 2024 898 2060 quam,
930 2021 974 2049 ut
1010 2027 1111 2064 saepe

90 2057 168 2109 jam
189 2060 288 2109 dixi,
309 2064 479 2103 scientiae
500 2077 784 2119 paupertatem.

64 2126 71 2129 ⁷
151 2130 207 2167 11.
234 2131 308 2169 Sed
335 2133 460 2172 habeo
491 2137 718 2175 nonnullam
749 2153 842 2177 meae
873 2141 1111 2181 confusionis

95 2191 407 2233 consolationem.
426 2199 520 2233 Nam
538 2198 608 2234 etsi
628 2212 707 2236 non
729 2200 799 2237 feci
820 2209 861 2238 ut
881 2202 1066 2252 petieras,
1082 2204 1112 2241 si

94 2263 171 2288 non
193 2253 276 2290 misi
298 2256 402 2305 quod
425 2271 670 2308 speravera53
694 2262 870 2310 agnoscis
897 2272 1001 2300 certe
1022 2264 1113 2314 quia

93 2312 207 2350 volui.
228 2315 400 2354 Sufficiet
419 2326 546 2356 autem
570 2320 767 2367 voluntas,
796 2321 863 2359 ubi
890 2323 1021 2361 deesse
1049 2326 1111 2362 vi-

96 2372 160 2411 des
179 2374 394 2415 facultatem
417 2381 610 2430 explendi.
634 2383 811 2433 Denique
833 2385 902 2421 etsi
931 2385 999 2422 tibi
1026 2387 1114 2423 nul-

96 2433 168 2472 lam
200 2438 370 2477 conferat
395 2441 618 2489 utilitatem,
649 2444 709 2481 vel
736 2445 827 2482 mihi
858 2447 1036 2497 proficiet
1066 2447 1114 2484 ad

96 2492 357 2537 humilitatem.
376 2502 523 2539 Stultus
544 2503 690 2555 quippe
710 2505 800 2543 dum
826 2520 905 2544 non
928 2508 1113 2558 loquitur,

96 2555 243 2605 sapiens
262 2562 446 2608 putatur3
464 2577 472 2599 :
493 2576 580 2601 nam
598 2565 704 2615 quod
724 2580 802 2604 non
825 2567 1010 2619 loquitur,
1034 2583 1113 2607 non

1788 320 2076 365 humiliationis.
2104 334 2198 369 Nam

1176 370 1206 406 si
1228 384 1305 407 non
1329 374 1472 422 pateris
1493 374 1705 425 humiliari,
1732 393 1809 417 non
1838 387 1983 433 poteris
2004 389 2050 425 ad
2071 390 2199 429 humi—

1175 431 1320 468 litatem
1365 435 1545 483 provehi.
1581 438 1742 476 Prodest
1776 442 1906 492 itaque
1944 448 2035 484 milii
2076 463 2198 489 ineam

1176 491 1435 542 insipientiam
1471 497 1583 543 seiri,
1613 508 1650 535 et
1679 514 1699 536 a
1730 502 1964 542 scientibus³
1991 508 2080 558 jure
2109 526 2201 550 con-

1177 552 1310 600 fundi,
1341 555 1402 591 cui
1430 569 1530 607 saepe
1553 560 1714 610 contigit
1737 577 1757 598 a
1779 565 2038 605 nescientibus
2061 570 2201 621 injuste

1175 612 1335 650 laudari.
1367 618 1500 653 Terret
1528 631 1588 655 me
1614 623 1844 671 Apostolus,
1867 628 1932 675 qui
1954 637 1991 665 et
2018 629 2099 680 ipsc
2126 641 2201 670 ter-

1177 673 1271 710 ritus
1297 674 1388 712 dicit
1410 691 1417 713 :
1444 677 1565 714 Pareo
1587 689 1732 728 autem,
1761 698 1807 719 ne
1829 691 1914 734 (sicis
1935 703 1994 724 me
2015 694 2203 732 arclstinaet

1177 748 1295 784 supra
1314 739 1358 772 id
1372 741 1475 786 quod
1492 743 1599 777 videt
1618 747 1656 778 in
1676 758 1748 790 me,
1769 756 1836 782 (ml
1857 752 1966 786 malit
1985 754 2138 801 aliquid
2155 771 2203 792 (nr

1178 809 1237 831 me
1248 796 1275 833 ⁴'.
1294 799 1416 845 Quam
1435 800 1595 849 pulchre
1612 802 1719 850 dixit,
1732 819 1863 854 parce.
1881 812 1965 846 Non
1985 815 2109 862 parcit
2129 816 2202 855 sibi

1179 869 1381 907 arrogans,
1408 873 1487 897 non
1510 863 1633 912 parcit
1658 864 1728 902 sibi
1754 868 1963 919 superbus,
1989 886 2067 911 non
2094 879 2203 928 cupi-

1180 916 1251 955 dus
1282 932 1390 957 vanae
1423 922 1578 972 gloriae,
1602 933 1640 962 et
1655 924 1823 975 jactator
1841 939 1994 970 actuum
2018 949 2176 975 suorum
2193 970 2201 986 ,

1180 979 1246 1028 qui
1259 980 1320 1016 vel
1339 981 1410 1018 sibi
1426 993 1579 1033 arrogat
1597 987 1702 1036 quod
1720 998 1794 1036 est,
1810 991 1870 1028 vel
1889 996 2075 1034 mentitur
2095 998 2142 1036 de
2164 1014 2203 1037 se

1181 1040 1286 1089 quod
1308 1054 1386 1078 non
1408 1052 1475 1081 est.
1497 1046 1608 1083 Solus
1626 1048 1692 1097 qui
1710 1063 1800 1087 vere
1816 1051 1970 1091 humilis
1988 1066 2062 1105 est,
2081 1062 2204 1109 parcit

1179 1102 1316 1139 animae
1346 1116 1424 1141 suae
1458 1120 1465 1142 :
1499 1107 1563 1156 qui
1597 1121 1645 1145 ne
1676 1118 1847 1160 putetur,
1883 1116 1987 1164 quod
2016 1131 2094 1156 non
2123 1131 2202 1169 est,

1179 1175 1332 1214 semper
1362 1175 1548 1216 quantum
1579 1169 1618 1206 in
1646 1184 1685 1208 se
1714 1181 1792 1219 est,
1822 1176 1903 1212 vult
1932 1180 2069 1217 nesciri
2096 1184 2202 1232 quod

1178 1232 1246 1261 CSt.

1238 1285 1294 1322 12.
1315 1288 1471 1325 Grande
1495 1303 1629 1328 revera
1650 1293 1865 1342 perieulum
1880 1327 1889 1344 ,
1906 1300 2039 1338 audire
2061 1317 2200 1352 quein-

1178 1358 1292 1394 quam
1316 1347 1363 1384 de
1383 1361 1423 1385 se
1445 1362 1558 1399 supra
1583 1365 1698 1401 quam
1723 1356 1837 1393 sentit
1854 1358 1891 1394 in
1913 1372 1963 1396 se.
1984 1363 2076 1410 Quis
2098 1364 2207 1401 dabit

1178 1407 1271 1443 mihi
1301 1409 1404 1459 apud
1425 1409 1601 1449 homines
1629 1421 1776 1452 tantum
1802 1416 1849 1454 de
1876 1421 1976 1457 veris
1995 1422 2110 1473 digne
2131 1425 2203 1462 hu—

1178 1468 1335 1516 miliari,
1354 1480 1541 1520 quantum
1561 1474 1622 1510 vel
1641 1474 1688 1511 de
1704 1475 1806 1514 falsis
1826 1478 1955 1518 datum
1973 1491 2029 1519 est
2047 1484 2204 1536 indigne

1178 1530 1368 1567 exaltari?
1397 1532 1505 1569 Illam
1535 1534 1627 1571 mihi
1659 1549 1794 1574 vocem
1822 1542 2088 1592 propheticam
2115 1546 2205 1596 jure

1178 1603 1413 1629 assumerem
1439 1608 1446 1630 ε
1472 1596 1680 1633 Exaltczms
1705 1608 1852 1647 alitem,
1885 1603 2104 1642 humiliatas
2125 1623 2204 1645 siim

1180 1661 1218 1688 et
1230 1652 1514 1702 conturbacus⁵;
1532 1664 1569 1692 et
1585 1656 1694 1704 illud,
1716 1661 1875 1707 Luciam,
1892 1673 1927 1700 et
1944 1668 2201 1714 viliorfiams'.

1179 1713 1329 1751 Ludam
1366 1716 1509 1753 scilicet
1544 1726 1586 1754 ut
1618 1719 1770 1758 illudar.
1800 1725 1929 1762 Bonus
1956 1726 2092 1775 ludus,
2126 1744 2203 1780 quo

1180 1774 1320 1811 Michol
1347 1776 1536 1824 irascitur,
1558 1787 1595 1816 et
1615 1783 1719 1818 Deus
1741 1782 1963 1824 delectatur.
1987 1792 2116 1827 Bonus
2143 1792 2197 1828 lu>

2009 1864 2097 1899 um,
2139 1854 2204 1890 scd

1178 1897 1335 1946 Angelis
1380 1898 1687 1948 pulcherrimum
1732 1908 1995 1954 spectaculum
2044 1912 2203 1962 praebet.

1178 1959 1328 2005 Bonus,
1350 1959 1529 2009 inquam,
1561 1962 1694 2011 ludus,
1727 1979 1805 2015 quo
1832 1968 2021 2008 efficimur
2053 1986 2202 2024 oppro-

1178 2015 1307 2054 brium
1347 2019 1659 2070 abundantibus,
1700 2034 1736 2062 et
1771 2026 1966 2079 despectio
2015 2034 2203 2084 superbis.

1178 2081 1274 2115 Nam
1307 2092 1444 2117 revera
1474 2082 1568 2131 quid
1597 2084 1701 2121 aliud
1733 2088 1979 2128 saecularibus
2002 2106 2117 2142 quam
2145 2096 2204 2132 lu-

1180 2137 1271 2176 dere
1288 2140 1479 2189 videmun
1502 2157 1589 2180 cum
1603 2173 1612 2190 ,
1637 2147 1743 2195 quod
1764 2148 1836 2199 ipsi
1861 2161 2049 2201 appetunt
2070 2155 2108 2191 in
2130 2157 2203 2194 hoc

1180 2201 1342 2248 saeculo,
1375 2216 1446 2240 nos
1472 2216 1543 2254 per
1569 2208 1805 2246 contrarium
1829 2211 2017 2261 fugimus,
2041 2224 2078 2252 et
2099 2218 2202 2266 quod

1180 2261 1252 2311 ipsi
1277 2262 1446 2313 fugiunt,
1475 2279 1545 2303 nos
1567 2269 1815 2318 appetimus?
1839 2276 1948 2311 More
1973 2277 2116 2314 seilicet
2140 2278 2202 2328 jo—

1182 2322 1398 2361 culatorum
1420 2334 1457 2362 et
1475 2327 1719 2376 saltatorum,
1737 2332 1802 2380 qui
1820 2334 1944 2384 eapite
1961 2337 2078 2374 misso
2094 2338 2205 2376 deor-

1182 2396 1291 2430 sum,
1321 2385 1564 2437 pedibusque
1591 2402 1741 2427 sursum
1771 2395 1926 2442 erectis,
1957 2406 2098 2446 praeter
2129 2400 2204 2437 hu-

1182 2459 1338 2483 manum
1374 2461 1485 2485 usum
1516 2458 1618 2487 stant
1650 2452 1828 2490 manibus
1848 2456 1909 2492 vel
1934 2456 2140 2507 incedunt,
2168 2471 2205 2498 et

1181 2507 1234 2543 sic
1254 2507 1293 2544 in
1317 2522 1355 2545 se
1385 2510 1559 2547 omnium
1587 2513 1721 2550 oculos
1752 2514 1936 2564 defigunt.
1959 2521 2043 2555 Non
2066 2529 2122 2556 est
2142 2521 2203 2558 liic

1183 2567 1296 2604 ludus
1318 2570 1497 2619 puerilis,
1521 2584 1598 2608 non
1618 2581 1674 2609 est
1691 2573 1737 2610 de
1757 2573 1925 2623 theatro,
1946 2579 2011 2627 qui
2033 2579 2206 2618 femineis

96 2627 226 2656 sensus
256 2620 410 2672 inopia,
450 2623 517 2661 sed
554 2625 780 2665 humilitatis
817 2642 898 2666 esse
938 2631 1112 2668 custodia
1131 2632 1166 2667 D
1184 2628 1369 2679 foedisque
1392 2631 1627 2670 anfractibus
1648 2644 1835 2684 provocet
1856 2636 2077 2686 libidinem,
2100 2651 2206 2679 actus

98 2678 275 2718 creditur.
296 2684 377 2732 Ego
397 2684 525 2735 itaque
542 2685 572 2723 si
591 2687 716 2725 adhuc
734 2689 921 2727 siluissem
935 2721 944 2738 ,
964 2692 1116 2742 sapiens

99 2736 256 2787 dicerer,
286 2743 353 2781 sed
376 2758 456 2782 non
476 2760 610 2785 essem.
639 2753 751 2787 “Nunc
775 2759 902 2788 autem
933 2753 996 2789 alii
1023 2754 1118 2790 insi-

98 2798 263 2848 pientem
293 2817 354 2841 me
380 2805 584 2855 ridebunt,
606 2809 670 2846 alii
691 2810 985 2850 subsannabunt
1015 2813 1118 2850 idio-

44 2862 45 2867 ’
99 2866 194 2908 tam,
212 2863 274 2901 alii
299 2870 574 2919 praesumptori
602 2870 920 2921 indignabuntur.
952 2878 1117 2912 Putasne

44 2966 45 2971 Ἰ
97 2934 232 2972 parum
256 2924 329 2962 hoc
353 2927 444 2964 mihi
466 2930 640 2967 conferat
659 2932 856 2982 religionis
875 2935 1116 2973 emolumen-

102 2989 199 3030 tum,
217 2998 302 3022 cum
319 2987 514 3027 humilitas
527 3020 536 3035 ‚
552 2990 599 3027 ad
617 3005 733 3042 quam
755 2993 888 3044 utique
912 2995 1019 3033 ducit
1045 2997 1114 3034 liu—

100 3042 277 3092 miliati0,
311 3049 428 3087 totius
463 3050 511 3088 sit
549 3052 756 3102 spiritualis
791 3054 944 3092 fabricae
976 3057 1117 3095 funda-

101 3113 270 3143 mentum
289 3108 304 3144 ?
350 3110 547 3160 Siquidem
597 3113 812 3152 humiliatio
859 3116 921 3153 via
967 3127 1023 3154 est
1069 3119 1116 3156 ad

101 3162 374 3216 humilitatem,
409 3172 507 3210 sicut
536 3174 723 3224 patientia
751 3176 799 3213 ad
832 3190 991 3228 pacem,
1020 3180 1117 3218 sicut

1184 2690 1361 2728 sordidos
1380 2703 1631 2744 repraesentet
1653 2711 1660 2732 :
1686 2697 1750 2733 sed
1770 2706 1827 2735 est
1848 2699 1962 2737 ludus
1980 2700 2178 2750 jucundus
2194 2733 2203 2750 ,

1184 2751 1394 2799 honestus,
1434 2756 1583 2804 gravis,
1616 2757 1857 2807 spectabilis,
1893 2761 1958 2811 qui
1994 2764 2204 2801 coelestium

1185 2821 1445 2862 spectatorum
1490 2815 1679 2855 delectare
1727 2820 1847 2870 possit
1893 2832 2082 2872 aspectus.
2124 2828 2208 2862 Hoc

1186 2881 1290 2909 casto
1323 2882 1361 2910 et
1394 2875 1571 2925 religioso
1599 2877 1691 2915 ludo
1724 2879 1880 2918 ludebat
1915 2883 1980 2932 qui
2013 2884 2163 2922 dicebat
2198 2903 2205 2924 :

1186 2934 1561 2983 Spectaculumsacti
1576 2951 1703 2975 sumus
1721 2943 1880 2990 Angelis
1898 2952 1935 2978 et
1950 2944 2161 2981 hananiam
2179 2953 2206 2983 Τ.

1184 2996 1269 3031 Hoc
1302 2995 1396 3033 ludo
1428 3005 1465 3034 et
1497 3011 1568 3035 nos
1600 2999 1758 3040 interim
1783 3003 1982 3050 ludamus,
2003 3015 2044 3042 ut
2065 3006 2204 3043 illuda—

1184 3068 1285 3103 mur,
1307 3058 1604 3106 consundamur,
1634 3061 1895 3109 humiliemur,
1926 3064 2049 3102 donec
2079 3067 2206 3103 veniat

1185 3117 1251 3167 qui
1283 3126 1462 3168 potentes
1494 3119 1676 3171 deponit,
1704 3131 1741 3159 et
1769 3125 1911 3161 exaltat
1936 3125 2119 3173 humiles,
2141 3128 2207 3176 qui

1184 3191 1256 3215 nos
1279 3179 1469 3226 laetiiieet,
1493 3181 1702 3231 glorificet,
1727 3183 1767 3221 in
1788 3193 1973 3222 aeternum
1998 3187 2148 3222 exaltet.

151 3312 161 3327 ¹
189 3311 263 3342 Luc.
286 3323 364 3350 xm,
388 3317 459 3346 2-4.
479 3301 525 3338 —-
548 3322 562 3338 2
583 3318 678 3350 Eccli.
706 3330 861 3360 xxxvux,
879 3325 933 3354 25.
965 3342 991 3345 --
1022 3321 1144 3358 3Pr0v.
1162 3337 1247 3357 xvii.
1274 3327 1328 3356 28.
1343 3342 1383 3346 -—
1404 3324 1417 3350 4
1434 3327 1463 3356 ΙΙ
1484 3327 1558 3357 Cor.
1582 3337 1643 3364 xit,
1670 3331 1700 3358 ὓ.
1722 3346 1765 3349 -
1781 3326 1891 3358 '³1³sal.
1913 3339 2061 3367 Lxxxwt,
2086 3332 2137 3360 16.
2161 3347 2206 3351 -—

104 3355 121 3379 ὅ
138 3362 168 3391 11
183 3364 259 3405 Reg.
277 3376 312 3395 v1
325 3390 332 3404 ‚
351 3370 405 3398 22.
422 3387 465 3390 —
484 3376 497 3399 7
517 3372 530 3400 I
547 3372 622 3402 Cor.
643 3383 687 3410 xv,
706 3376 739 3404 9.

236 3437 326 3461 ΤΟΜ.
359 3440 384 3462 ἶ.

1217 3384 1231 3400 ³
1247 3378 1334 3410 Alias
1349 3402 1356 3416 ‚
1377 3376 1584 3423 sapientibus.

2027 3442 2048 3473 ἵ)
