2517 3936
61 133 132 171 725

969 128 1231 164 EPISTOLAE.

55 224 159 257 cere,
180 208 268 258 quia
287 205 336 243 ab
362 206 444 243 aliis
472 205 602 242 amicis
624 217 702 241 non
721 204 903 254 parcitur.
925 204 1061 242 Domi-
1076 203 1109 221 ²⁰

2067 130 2142 168 726

1113 203 1316 253 ²gaudium
1340 203 1415 239 cito
1439 203 1638 252 perveniat
1664 216 1784 252 usque
1807 205 1853 240 ad
1879 207 2062 254 Angelos,
2082 210 2146 256 qui

56 284 124 310 nus
146 267 327 308 Lucensis
351 266 579 316 episcopus,
612 273 722 315 pater
752 274 789 302 et
817 265 962 301 amicus
989 278 1064 301 no·
1084 268 1115 302 A
1135 264 1182 301 de
1215 273 1279 301 tua
1306 263 1528 314 poenitentia
1557 272 1595 299 et
1624 264 1898 310 conversione,
1925 266 2019 302 sicut
2044 276 2080 303 et
2099 268 2145 304 de

54 342 148 378 ster,
182 326 464 366 commendavit
505 326 597 362 mihi
634 325 759 362 virum
801 324 1060 362 venerabilem

58 397 97 432 P.
113 388 372 430 Lombardum
388 387 405 402 *
418 416 428 432 ,
448 399 586 436 rogans
607 394 649 422 ut
668 386 700 422 ei
718 375 839 435 parvo
861 393 1035 435 tempore
1049 414 1058 430 ,

57 466 132 505 quo
147 457 362 488 moraretur
378 448 416 484 in
432 447 591 485 Francia
607 459 719 482 causa
733 445 870 491 studii,
887 459 957 496 per
974 446 1065 482 ami-

58 527 120 554 cos
139 519 290 550 nostros
304 508 421 546 victui
440 507 652 545 necessaria
672 506 916 557 providerem
935 522 942 543 :
959 506 1064 556 quod

58 573 180 619 effeci,
197 569 378 622 quamdiu
399 569 528 606 Remis
548 575 718 604 moratus
738 575 805 603 est.
827 570 933 604 Nunc
954 580 1063 603 com—

58 641 264 675 morantem
279 630 443 669 Parisius
455 637 591 666 vestrae
603 628 800 664 dilectioni
815 626 1060 672 commendo,

56 696 143 748 quia
171 693 218 730 de
245 690 356 729 vobis
383 689 548 739 amplius
578 702 770 739 praesumo
797 704 804 725 ε
833 702 992 738 rogans,
1021 696 1064 724 ut

57 756 200 809 placeat
232 751 342 789 vobis
370 749 576 801 providere
602 749 635 786 ei
663 749 701 785 in
733 748 820 785 cibo
845 762 914 798 per
945 748 1062 784 breve

59 826 223 866 tempus,
245 811 350 863 quod
372 811 540 848 facturus
560 818 617 846 est
634 810 693 846 liic
717 822 838 859 usque
856 808 903 845 ad
922 808 1063 845 Nativi-

61 885 170 916 tatem
189 873 309 912 beatae
326 872 484 922 virginis
504 871 647 909 Mariae.
665 871 768 909 Vale.

58 1023 236 1038 uos-sums·
240 1022 337 1032 ===wv=
341 1019 1067 1031 ιιιιιιιιιιιιιιιιιιιιιιιιιιιιιιιιιιιιιιιιιιιιιιιι

251 1147 628 1205 EPISTOLA
674 1143 903 1204 CDXIJ¹

123 1315 170 1338 m
187 1311 348 1338 THOMAM
367 1312 687 1337 BEVERLACENSEM
709 1312 953 1335 PRAEPOSITUM
969 1296 998 1334 b.

61 1434 241 1468 suavissima
254 1444 329 1465 sane
341 1440 373 1465 et
388 1433 537 1465 melliflua
556 1433 689 1476 epistola
701 1458 708 1471 ,
731 1443 792 1475 qua
815 1432 973 1464 Thomam
993 1432 1071 1462 invi-

105 1494 148 1521 tat
159 1488 198 1520 ad
214 1488 309 1519 vitam
327 1488 503 1530 religiosam
516 1512 523 1526 ,
550 1489 686 1530 peccatis
712 1488 804 1520 etiam
822 1487 1072 1530 quibuscumque

105 1554 168 1576 non
180 1542 388 1575 obstantibus.
406 1545 502 1575 Bonae
515 1543 715 1575 conscientiae
729 1542 806 1573 nihil
823 1541 965 1585 pra-ferri
984 1552 1075 1584 posse

106 1599 139 1631 in
156 1598 216 1631 hoc
231 1599 365 1631 mundo.

66 1722 175 1758 Bonae
206 1717 287 1769 spei
308 1716 445 1767 juveni
467 1720 633 1762 ΤΗοΜᾸ-ῑ,
662 1715 871 1754 venerabili
892 1716 1073 1754 Beverla-

1129 325 1274 362 caeteris
1326 323 1594 374 peccatoribus
1613 352 1622 369 ,
1660 323 1876 372 jucundum
1924 335 2145 375 exspectant

1130 385 1388 434 festivumque
1418 384 1651 421 convivium.
1686 385 1835 422 Florem
1868 393 1940 421 tuae
1964 385 2147 434 juventu—

1132 445 1204 490 tis,
1239 453 1277 481 et
1311 452 1424 480 tantae
1452 443 1593 480 indolis
1626 444 1845 494 specimen,
1875 458 1897 480 o
1928 445 1957 481 si
1988 446 2079 482 mihi
2107 447 2145 482 in

1132 505 1308 542 manibus
1331 505 1463 542 venire
1482 505 1695 554 contingat!
1718 505 1747 541 si
1769 506 1878 542 liceat
1897 509 1977 542 Deo
1995 520 2146 544 servare

1131 565 1380 602 immodicum
1402 572 1430 611 ⁰,
1451 564 1641 602 illibatum
1669 566 1809 602 offerre
1828 566 1865 602 iu
1887 565 2046 602 odorem
2065 580 2146 603 sua-

1134 627 1280 664 vitatis!

1186 687 1220 723 2.
1262 685 1334 724 Sed
1368 685 1466 722 sorte
1494 699 1554 722 me
1582 698 1667 722 sero
1696 684 1867 722 locutum
1897 694 1962 722 tua
1989 698 2150 734 respou-

1131 745 1230 782 derit
1250 745 1482 782 couscientia
1497 775 1506 791 ,
1529 745 1634 795 quod
1652 743 1731 794 jam
1752 758 1829 781 non
1852 746 1976 781 valeat
1999 744 2142 781 illibata

1135 806 1301 850 servari,
1325 819 1438 855 quam
1466 806 1594 842 multis
1625 813 1659 841 te
1690 806 1849 842 fortasse
1878 806 1994 842 sentis
2021 819 2151 842 macu-

1135 867 1230 903 lasse
1260 865 1497 903 criminibus.
1530 870 1614 903 Non
1645 879 1704 902 me
1733 879 1823 903 sane
1852 874 1968 903 terret
1998 866 2088 911 boc,
2117 875 2154 902 et

1137 936 1315 977 peccator
1344 941 1421 964 110ss
1452 927 1591 963 horreo
1611 935 1852 977 I)CCC{1[01'(²1U
1879 942 1885 963 :
1914 941 1984 963 HEC
2009 940 2152 976 aegl'llsss

1087 993 1113 1026 B
1133 1001 1295 1037 sperno,
1323 1002 1410 1024 cum
1444 988 1524 1037 ipse
1557 1001 1616 1024 me
1644 988 1804 1024 sentiam
1843 996 2040 1037 a‘grotare.
2076 988 2149 1024 Sed

1132 1050 1203 1086 etsi
1232 1063 1292 1086 nie
1325 1063 1458 1086 sanum
1487 1057 1619 1099 putas,
1641 1062 1718 1085 non
1742 1062 1876 1086 recuso
1899 1049 2073 1085 inlirmus
2092 1050 2151 1085 in-

1134 1111 1246 1146 firmo
1280 1110 1381 1156 lieri,
1409 1118 1451 1146 ut
1483 1111 1677 1147 iulirmum
1706 1110 1961 1155 lucrifacia1u3
1991 1109 2152 1146 libenter

1134 1170 1292 1207 audiens
1314 1179 1351 1206 et
1371 1170 1408 1206 in
1432 1171 1504 1206 boc
1525 1171 1629 1207 Pauli
1649 1171 1849 1207 consilium
1865 1200 1873 1216 ,
1892 1171 1957 1219 qui
1980 1171 2053 1206 ait:
2079 1172 2150 1205 I'os

1136 1236 1202 1280 qui
1223 1233 1441 1280 spirituales
1463 1235 1564 1276 cns-tis,
1590 1231 1807 1277 hujusmodi
1830 1235 1998 1266 instruite
2015 1235 2053 1266 in
2071 1235 2152 1279 spi-

1135 1297 1206 1329 rim
1224 1295 1390 1327 lenitatis
1404 1305 1418 1335 ,·
1438 1293 1680 1326 considerans
1699 1300 1732 1326 te
1749 1295 1886 1339 lpsutu,
1903 1305 1949 1326 ne
1969 1300 2003 1326 et
2017 1300 2052 1326 tu
2070 1300 2153 1326 ten-

1137 1357 1224 1389 teris
1236 1358 1261 1389 ².
1279 1356 1356 1389 Nec
1375 1359 1514 1401 reputo
1532 1351 1689 1387 immani
1701 1359 1815 1387 tatem
1832 1350 1969 1397 morbi,
1985 1352 2156 1400 cogitans

1136 1414 1314 1465 peritiam
1343 1412 1502 1456 Medici,
1527 1412 1637 1449 simul
1666 1421 1703 1449 et
1730 1413 1910 1462 pietatem
1939 1425 2038 1462 saepe
2065 1412 2156 1448 mihi

1141 1483 1338 1524 expertam
1370 1474 1408 1509 in
1442 1473 1610 1522 propriis
1641 1473 1863 1522 magnisque
1893 1473 2154 1521 languoribus.

1144 1533 1400 1585 Quantislibet
1427 1533 1582 1571 sordeas
1606 1534 1727 1580 vitiis,
1751 1534 1995 1583 quantumvis
2018 1533 2157 1570 foedam

1147 1610 1255 1647 geras
1278 1595 1575 1640 conscientiam,
1602 1595 1881 1644 horrendisque
1905 1595 1990 1631 licet
2010 1595 2161 1631 sceleri-

1140 1658 1213 1694 bus
1252 1666 1356 1694 tuam
1389 1656 1688 1693 adolescentiam
1725 1656 1867 1692 sentias
1894 1655 2155 1704 inquinatam;

1141 1719 1210 1756 etsi
1237 1719 1470 1755 inveteratus
1492 1716 1640 1753 dierum
1664 1717 1852 1752 malorum
1875 1715 2157 1766 computrueris

113 1779 212 1818 censi
239 1779 468 1829 praeposit0‚
499 1779 616 1815 frater
642 1782 894 1823 BERNARDUS,
922 1790 1071 1828 paupe-
1091 1787 1118 1823 C
1141 1789 1323 1830 tanquam
1355 1778 1575 1828 jumentum
1607 1777 1645 1813 in
1676 1785 1844 1813 stercore
1868 1790 1964 1813 suo:
1992 1776 2156 1812 munda—

113 1853 195 1878 rum
215 1839 354 1878 Christi
372 1839 420 1877 de
436 1839 673 1877 Clara-Valle
693 1852 840 1884 servus,
860 1838 1073 1875 secundum

114 1913 251 1938 nomen
266 1929 276 1947 ,
292 1900 516 1951 apostolicae
532 1899 765 1936 haereditatis
786 1912 911 1936 omen.

120 2024 151 2060 l.
175 2026 229 2062 Ut
256 2021 304 2059 ad
326 2030 362 2060 te
382 2023 538 2073 ignotus
558 2022 785 2069 scriberem,
804 2023 834 2059 is
858 2022 923 2072 qui
947 2030 981 2058 te
1003 2035 1074 2058 no-

66 2092 167 2122 verat
185 2087 254 2121 Ivo
276 2084 482 2134 suggessit,
507 2084 669 2121 charitas
692 2084 892 2134 persuasit.
912 2083 981 2120 Ille
1002 2082 1073 2119 sibi

67 2145 206 2196 liquido
237 2153 436 2195 comperta
461 2145 508 2182 de
538 2153 575 2181 te
601 2144 713 2181 nobis
740 2145 870 2181 retulit
894 2157 979 2193 quae
1004 2157 1075 2179 vo-

30 2230 36 2234 *
68 2206 157 2244 luit:
175 2206 238 2243 illa
256 2219 342 2256 quae
358 2206 487 2243 omnia
504 2205 625 2243 credit
644 2213 653 2227 ¹
670 2235 678 2251 ,
700 2205 832 2242 audire
850 2219 929 2242 nou
947 2204 1076 2255 potuit

69 2269 193 2306 otiose.
214 2272 298 2307 Non
314 2298 324 2315 ‚
345 2269 524 2319 inquam,
545 2269 667 2306 otiose
680 2297 689 2313 ‚
713 2276 899 2318 quantum
918 2266 1073 2317 quidem

68 2328 114 2366 ad
130 2342 219 2377 nos,
234 2343 331 2380 quos
349 2330 527 2381 profecto
548 2329 678 2367 audito
706 2329 771 2366 illo
800 2342 890 2365 mox
911 2341 1075 2377 eompu-

70 2389 111 2427 lit
124 2389 172 2428 ad
190 2391 434 2429 scribendum
459 2389 524 2428 tibi
540 2420 550 2437 ,
574 2390 623 2427 ad
644 2399 679 2427 te
698 2388 980 2426 exhortandum
997 2417 1006 2433 ‚
1029 2388 1077 2425 ad

71 2451 253 2489 orandum
273 2465 346 2503 pro
369 2460 417 2488 te.
439 2456 500 2489 An
522 2464 615 2487 vero
640 2450 707 2487 tibi
728 2463 807 2487 non
825 2450 1075 2496 infructuose,

71 2517 110 2548 tu
131 2511 283 2550 videris.
307 2512 485 2558 Placent,
508 2511 653 2557 fateor,
681 2524 766 2561 quae
791 2510 1006 2547 audivimus
1030 2510 1076 2547 de

1140 1841 1243 1878 beris
1274 1840 1352 1877 sine
1377 1838 1519 1885 dubio,
1546 1847 1583 1875 et
1607 1851 1723 1888 super
1743 1838 1869 1874 nivem
1896 1836 2154 1881 dealbaberis,

1140 1901 1468 1950 renovabiturque
1500 1908 1543 1936 ut
1580 1899 1717 1949 aquilfe
1748 1898 1934 1948 juventus
1966 1907 2040 1934 tua.
2071 1897 2156 1935 Scio

1142 1963 1308 2013 denique
1339 1962 1406 2012 qui
1432 1961 1484 1998 ait
1509 1976 1516 1998 :
1552 1961 1622 1997 L‘ln·
1649 1960 1854 1996 abundavit
1882 1961 2071 2004 delictam,
2094 1972 2158 1994 sn-

1138 2024 1418 2073 peralumclaoit
1446 2032 1483 2058 et
1509 2026 1634 2071 gralia
1654 2019 1680 2058 3.
1713 2024 1842 2058 Bonus
1870 2020 2062 2065 Medicus,
2093 2019 2158 2068 qui

1141 2094 1249 2123 sanat
1285 2096 1419 2121 omnes
1452 2083 1694 2119 infirmitates
1732 2082 1896 2127 animae,
1932 2081 2083 2130 replens
2118 2080 2157 2116 in

1140 2146 1252 2183 bonis
1273 2144 1458 2182 desideria
1482 2142 1601 2192 ejusj.

1197 2208 1232 2244 3.
1257 2211 1404 2255 Magnae
1422 2205 1567 2241 divitiae
1580 2203 1683 2241 bona
1701 2203 1945 2240 conscientia.
1962 2206 2008 2240 Et
2026 2215 2157 2239 revera

1144 2267 1235 2318 quid
1260 2267 1375 2303 ditius
1397 2267 1435 2303 in
1462 2265 1590 2311 rebus,
1607 2266 1666 2302 vel
1690 2264 1865 2302 dulcius?
1882 2264 1974 2314 quid
1999 2265 2035 2300 in
2060 2272 2159 2300 terra

1144 2328 1309 2379 quietius
1325 2336 1439 2376 atque
1456 2326 1627 2363 securius
1640 2327 1654 2361 Ρ
1666 2323 2159 2362 Bonaconscientiadamna

1145 2402 1272 2426 rerum
1292 2401 1370 2424 non
1388 2387 1545 2432 metuit,
1565 2400 1643 2422 non
1662 2385 1871 2422 verborum
1887 2384 2158 2429 contumelias,

1144 2464 1223 2487 non
1255 2448 1429 2499 corporis
1456 2448 1647 2484 cruciatus
1672 2462 1679 2483 z
1709 2446 1853 2496 quippe
1874 2459 1959 2495 quae
1979 2454 2015 2482 et
2037 2452 2160 2481 morte

1144 2512 1226 2562 ipsa
1240 2510 1358 2560 magis
1371 2509 1540 2559 erigitur,
1557 2522 1671 2557 quam
1688 2506 1873 2557 dejicitur.
1890 2506 2002 2554 Quid,
2015 2519 2158 2555 quaeso,

73 2578 107 2609 te
123 2570 169 2609 ab
187 2572 245 2610 his
265 2573 332 2623 qui
362 2581 399 2609 te
429 2580 646 2617 noverunt3
670 2585 748 2608 non
779 2571 935 2621 quidem
965 2584 1077 2621 gene·
1098 2577 1130 2611 D
1147 2573 1183 2609 in
1209 2571 1322 2609 bonis
1350 2579 1460 2607 terrae
1489 2578 1602 2606 tantae
1633 2582 1832 2620 compares
1854 2567 2044 2604 felicitati?
2067 2565 2160 2615 quid

72 2632 201 2670 rositas
220 2633 415 2683 sanguinis
430 2662 439 2679 ,
458 2646 537 2669 non
559 2632 733 2682 corporis
754 2632 940 2681 elegantia
957 2662 966 2678 ,
996 2646 1075 2669 non

73 2690 199 2729 sormae
218 2692 345 2739 decus,
367 2705 446 2729 non
465 2705 593 2729 rerum
616 2692 728 2742 copia
741 2721 750 2737 ,
768 2692 829 2728 vel
851 2692 1000 2742 fastigia
1017 2692 1077 2728 di-

72 2751 250 2801 gnitatum
282 2767 290 2789 :
319 2753 400 2790 haec
430 2752 620 2802 siquidem
649 2761 687 2789 et
715 2752 774 2789 his
801 2753 938 2790 similia
959 2753 1079 2803 gloria

72 2812 191 2850 carnis
217 2822 306 2851 sunt
320 2843 329 2861 ,
345 2822 383 2851 et
403 2813 474 2851 flos
495 2813 572 2850 feni
590 2828 598 2850 ε
621 2813 687 2850 sed
709 2813 890 2850 vivacitas
910 2814 1078 2864 ingenii,

74 2879 111 2909 et
124 2885 271 2910 morum
289 2874 504 2924 ingenuitas
516 2903 525 2920 ,
540 2873 783 2924 maximeque
801 2874 851 2920 is,
870 2888 985 2925 quem
1004 2888 1076 2912 nu-

73 2943 142 2982 per
168 2941 203 2971 te
230 2934 338 2971 aiunt
360 2934 461 2972 inter
488 2934 640 2972 divitias
667 2935 910 2985 concepisse,
938 2944 1078 2972 sanctae

75 2995 304 3044 paupertatis
326 3009 446 3033 amor.
467 2995 580 3034 Unde
602 3004 640 3032 et
664 3009 736 3033 nos
755 2996 989 3046 gratulantes
1011 2996 1079 3033 ad-

75 3053 227 3091 modum
241 3084 252 3101 ,
271 3054 412 3094 bonam
443 3055 490 3093 de
518 3064 554 3093 te
575 3069 681 3106 spem
705 3057 974 3107 concepimus,
994 3070 1080 3107 quae

75 3112 216 3152 utinam
248 3128 326 3153 non
355 3116 577 3154 confundat.
605 3117 763 3155 Utinam
801 3126 976 3154 nostrum
1007 3117 1079 3155 hoc

1144 2634 1218 2670 tale
1239 2632 1407 2670 mundus
1425 2630 1627 2668 blandiens
1648 2630 1724 2667 suis
1745 2630 1883 2666 offerat
1899 2626 2160 2665 amatoribus?

1145 2694 1238 2745 quid
1258 2694 1380 2731 simile
1399 2693 1458 2729 vel
1482 2692 1671 2729 mentiens
1694 2691 1921 2741 polliceatur
1941 2689 2159 2739 insipienti-

1144 2755 1240 2792 bus?
1259 2755 1296 2793 Si
1316 2754 1464 2790 infinita
1487 2752 1651 2803 praedia,
1671 2752 1700 2789 si
1724 2752 1850 2801 ampla
1871 2750 2030 2800 palatia,
2051 2750 2079 2786 si
2098 2749 2160 2785 in-

1146 2815 1242 2852 fulas
1262 2813 1520 2864 pontificales,
1540 2821 1578 2849 et
1602 2820 1751 2862 sceptra
1772 2824 2001 2860 regnorum3
2020 2822 2164 2855 nonne,

1147 2884 1189 2913 ut
1209 2884 1344 2912 eaetera
1368 2883 1511 2910 taceam
1542 2873 1761 2909 discrimina
1776 2901 1784 2917 ,
1808 2872 1889 2908 sine
1911 2870 2049 2921 quibus
2079 2870 2164 2906 talia

1145 2949 1216 2972 nec
1237 2935 1512 2984 acquiruntur,
1534 2947 1605 2970 nec
1626 2933 1862 2979 retinentur,
1883 2945 1959 2969 una
1981 2943 2163 2981 superve-

1144 2996 1273 3033 niente
1301 3003 1424 3031 morte
1453 2994 1565 3031 simul
1595 2993 1724 3031 omnia
1753 2993 2028 3030 dimittuntur?
2055 2991 2157 3028 Seri-

1146 3066 1254 3107 ptum
1283 3069 1447 3106 namque
1477 3064 1553 3101 est,
1583 3058 1828 3091 Dormiermzt
1850 3067 2018 3089 somnum
2038 3064 2157 3093 swam,

1147 3128 1182 3154 ec
1215 3117 1315 3153 nihil
1346 3121 1566 3153 invenerunt
1600 3130 1727 3152 omnes
1758 3120 1835 3152 viri
1874 3117 2084 3150 divmarum
2120 3115 2159 3145 ia

125 3245 134 3260 ¹
152 3243 165 3272 1
185 3243 256 3273 cor.
279 3253 363 3277 x111.
385 3246 416 3274 7.
442 3262 483 3265 —
502 3249 513 3264 ²
536 3245 639 3276 Galat.
661 3256 711 3280 ιι,
733 3248 760 3275 1.
777 3263 818 3266 —-
844 3242 856 3266 3
876 3248 968 3275 Rom.
988 3256 1017 3281 v,
1046 3245 1387 3281 2O.u-⁴'Psal.c11‚
1415 3248 1433 3275 3
1449 3268 1456 3280 ,
1486 3249 1515 3274 ἱ).

124 3302 138 3316 ²
157 3304 254 3332 Antea
275 3302 404 3345 epistola
423 3307 502 3336 373.
521 3324 563 3327 »-
586 3305 600 3325 '¹
619 3304 703 3335 Vide
723 3305 885 3347 epistolam
906 3307 982 3340 lor,
999 3304 1038 3334 ad
1052 3304 1207 3335 eumdem.
1230 3324 1269 3327 *-
1288 3311 1300 3325 ⁶
1317 3308 1458 3336 Fortasse
1473 3329 1479 3340 ,
1497 3304 1703 3333 imminutam.
