2517 3920
338 164 434 202 1263.

1104 173 1139 209 S.
1170 175 1424 212 BERNARDI
1455 179 1654 215 ABBATIS

333 252 376 280 ut
392 244 482 280 viris
504 244 666 282 fortibus
686 246 782 283 sicut
805 248 957 286 virtutis
971 279 980 296 ,
999 250 1048 287 ita
1070 251 1169 289 fores
1191 253 1375 289 occasio⁵⁴

2313 194 2406 233 1264

1380 253 1486 290 ⁰51th
1520 255 1651 301 vobis,
1680 261 1831 304 spiritus
1862 268 1899 294 et
1927 266 2010 297 vita
2036 272 2148 309 sunl,·
2173 279 2258 303 cam
2287 281 2410 309 (llllelll

332 311 370 339 et
390 303 533 340 salutis.
556 305 665 342 Salve
681 335 690 351 ,
716 315 813 344 terra
835 310 1119 358 promissionis,
1141 326 1226 362 quae
1247 313 1336 349 olim
1357 314 1387 346 A
1405 329 1477 350 mm
1491 318 1650 363 prodest
1674 320 1920 366 quidquam.
1946 322 2127 372 Alioquin
2149 327 2214 375 qui
2233 329 2269 365 in
2289 331 2413 372 verbis

332 363 455 401 fluens
475 365 532 402 lac
554 374 592 403 et
612 367 685 403 mel
714 368 785 405 tuis
815 369 1000 408 duntaxat
1031 372 1310 410 habitatoribus
1328 403 1338 419 ,

329 436 433 460 nunc
453 425 633 462 universo
651 426 735 463 orbi
754 429 920 466 remedia
939 432 1068 469 salutis
1080 461 1089 478 ,
1107 433 1195 468 vitae
1212 434 1340 482 porri-

332 484 386 533 gis
408 485 599 523 alimenta.
622 490 738 524 Terra
754 518 762 534 ,
781 489 936 539 inquam
952 520 962 537 ,
983 490 1084 528 bona
1113 501 1149 529 et
1170 493 1337 543 optima,

331 558 417 595 quae
436 545 475 581 in
492 546 761 585 fecundissimo
778 550 843 586 illo
864 551 949 587 sinu
966 560 1032 588 tuo
1050 566 1095 590 ex
1112 567 1197 590 arca
1214 563 1338 604 pater-

332 606 371 643 ni
393 607 518 644 cordis
539 609 690 645 coeleste
715 623 874 659 granum
897 613 1128 663 suscipiens,
1151 623 1274 653 tantas
1291 630 1337 653 ex

332 680 500 717 superno
521 670 662 705 semine
680 680 890 720 martyrum
911 682 1054 722 segetes
1071 676 1284 724 protulisti,
1301 685 1338 713 et

334 727 581 766 nihilominus
600 743 646 766 ex
667 731 814 781 reliquo
838 734 1009 770 omnium
1033 735 1201 772 fidelium
1226 750 1335 786 gene-

332 801 372 824 re
393 788 558 826 fructum
582 791 713 827 fertilis
729 792 837 841 gleba
856 794 1086 832 tricesimum
1100 825 1109 842 ,
1128 805 1164 833 et
1185 810 1337 847 sexage—

332 847 468 884 simum
481 877 491 894 ,
521 857 557 885 et
588 852 835 888 centesimum
869 867 985 903 super
1012 868 1165 892 omnem
1196 864 1336 894 terram

331 908 592 957 multipliciter
608 912 828 959 procreasti.
844 913 957 950 Unde
974 922 1011 950 et
1026 914 1072 951 de
1090 929 1224 965 magna
1244 918 1341 953 mul-

332 966 494 1003 titudine
515 968 725 1006 dulcedinis
751 979 824 1007 tuae
842 971 1123 1020 jucundissime
1149 977 1272 1013 satiati
1301 986 1339 1014 et

1408 374 1545 412 Christi
1562 376 1677 413 vitam
1699 377 1858 424 invenit,
1877 393 2028 418 carnem
2044 382 2122 431 jam
2141 398 2219 423 non
2237 390 2408 438 requirit,

1407 444 1443 472 et
1472 445 1528 473 est
1555 436 1601 473 de
1631 451 1791 475 numero
1818 439 2018 479 beatorum
2046 446 2112 493 qui
2135 459 2213 483 non
2233 449 2413 490 viderunt

1406 503 1443 531 et
1473 496 1757 534 crediderunt5.
1779 503 1854 537 Nec
1882 502 1981 538 enim
2013 517 2110 554 opus
2140 516 2195 543 est
2227 509 2284 546 vel
2309 511 2413 550 lactis

1406 557 1608 605 poculum,
1636 559 1706 595 11151
1728 561 1912 609 parvulo,
1935 563 1994 599 vel
2021 564 2093 601 feni
2112 565 2297 615 pabulum
2314 599 2323 615 ,
2342 572 2411 610 nisi

1406 617 1536 667 utique
1554 617 1744 668 jumento.
1760 622 1833 669 Qui
1850 631 1974 659 autem
1994 637 2071 661 non
2090 626 2252 665 offendit
2267 629 2306 666 in
2326 644 2412 669 ver-

1404 675 1472 723 bo,
1490 677 1552 714 ille
1570 680 1761 728 perfectus
1778 690 1834 718 est
1849 682 1920 729 vir,
1938 683 2061 721 solido
2079 686 2192 734 plane
2209 689 2312 726 vesci
2326 688 2411 729 cibo

1405 736 1566 774 idoneus
1584 753 1592 775 :
1609 747 1666 785 et,
1690 740 1777 777 licet
1797 742 1836 778 in
1859 743 1999 781 sudore
2024 746 2154 783 vultus
2175 748 2254 794 sui,
2275 762 2410 799 panem

1405 797 1511 833 verbi
1527 800 1694 837 comedit
1714 800 1857 852 absque
1872 804 2097 843 offensione.
2118 807 2191 844 Sed
2206 816 2244 845 et
2258 821 2412 849 securus

1404 870 1447 893 ac
1461 858 1540 894 sine
1558 860 1737 897 scandalo
1756 862 1928 912 loquitur
1940 865 2009 902 Dei
2031 867 2256 916 sapientiam
2277 868 2414 908 dunta-

1406 927 1469 954 xat
1485 919 1586 956 inter
1603 922 1806 970 perfectos,
1819 925 2080 974 spiritualibus
2093 929 2304 978 spiritualia
2315 944 2414 968 com-

1405 991 1565 1027 parans,
1594 994 1678 1017 cum
1715 991 1840 1020 tamen
1869 984 2077 1024 infantibus
2104 989 2183 1025 sive
2211 990 2415 1039 pecoribus

330 1027 617 1076 opulentissime
637 1030 816 1079 saginati,
840 1035 1061 1071 memoriam
1089 1035 1335 1075 abundantiae
1356 1041 1383 1075 Β
1404 1048 1536 1077 cautus
1557 1041 1605 1077 sit
1624 1055 1694 1092 pro
1718 1053 1831 1094 captu
1855 1045 2008 1095 quidem
2040 1061 2175 1086 eorum
2196 1063 2414 1101 proponere

329 1087 524 1125 suavitatis
546 1097 618 1125 tuae
643 1089 783 1140 ubique
804 1102 978 1130 eructant
995 1096 1060 1145 qui
1079 1105 1114 1133 te
1135 1097 1336 1145 viderunt,

329 1155 366 1182 ct
396 1159 517 1196 usque
550 1149 596 1185 ad
629 1159 843 1188 extremum
878 1162 987 1191 terrae
1018 1157 1338 1206 magnificentiam

329 1207 458 1255 gloriae
480 1216 552 1244 tuae
573 1209 785 1259 loquuntur
800 1213 853 1249 eis
875 1214 940 1263 qui
964 1223 1000 1252 te
1028 1230 1104 1253 non
1132 1218 1334 1266 viderunt,

328 1274 364 1302 ct
391 1276 572 1304 enarrant
601 1269 788 1308 mirabilia
808 1285 893 1321 quae
915 1274 951 1309 in
974 1282 1009 1310 te
1033 1276 1139 1313 fiunt.
1161 1278 1338 1315 Gloriosa

328 1326 428 1363 dicta
452 1336 541 1365 sunt
566 1329 612 1365 de
637 1338 695 1375 te,
720 1331 851 1368 civitas
878 1334 949 1370 Dei
973 1349 980 1371 ε
1004 1335 1069 1372 sed
1096 1335 1176 1385 jam
1205 1351 1252 1374 ex
1280 1337 1336 1375 his

328 1386 467 1435 quibus
495 1389 618 1426 affluis
648 1390 814 1438 deliciis,
837 1407 907 1430 nos
924 1408 1080 1444 quoque
1100 1410 1220 1447 pauca
1243 1412 1336 1448 pro-

328 1447 491 1484 feramus
508 1449 547 1485 111
569 1450 758 1498 1110(1111111,
778 1453 824 1489 ad
848 1454 997 1491 laudem
1020 1464 1056 1492 et
1076 1457 1235 1505 gloriam
1262 1472 1333 1495 no—

327 1509 437 1545 minis
460 1510 524 1547 tui.

679 1632 857 1671 CAPUT
887 1635 959 1674 Vl.

688 1758 734 1786 De
754 1756 937 1789 Bethlehem
950 1765 962 1780 ³¹
969 1784 976 1789 .

383 1870 440 1907 12.
454 1869 581 1908 Habes
596 1879 684 1908 ante
700 1873 828 1910 omnia
842 1873 880 1910 in
899 1875 1104 1912 refectione
1118 1877 1331 1915 animarum

324 1938 541 1967 sanctarum
574 1931 794 1970 Bethlehem
827 1934 984 1972 domum
1019 1937 1150 1986 panis,
1183 1938 1222 1974 in
1258 1953 1333 1988 qua

322 1989 487 2038 primum
514 1991 543 2027 is
567 1991 632 2041 qui
657 1991 703 2029 de
725 1994 818 2030 coelo
847 1994 1138 2043 descendemtb,
1157 1998 1330 2047 pariente

322 2050 477 2100 Virgine
508 2052 617 2101 panis
644 2054 754 2091 vivus
779 2057 969 2105 apparuit.
1000 2060 1237 2095 Monstratur
1257 2060 1329 2110 piis

321 2109 462 2146 ibidem
496 2110 680 2160 jumentis
711 2115 972 2165 praesepium,
1002 2125 1039 2153 et
1069 2117 1108 2153 in
1139 2120 1327 2169 praesepio

321 2170 449 2207 fenum
472 2171 518 2209 de
534 2181 646 2222 prato
665 2174 860 2224 virginali,
882 2190 959 2226 quo
976 2177 1035 2213 vel
1053 2178 1105 2214 sic
1123 2189 1328 2229 cognoscat

318 2230 388 2267 bos
408 2245 666 2281 possessorem
687 2248 797 2272 suum
815 2265 824 2282 ,
847 2245 885 2273 et
907 2238 1034 2275 asinus
1050 2252 1222 2290 praesepe
1245 2244 1326 2279 Do-

319 2290 411 2327 mini
432 2293 499 2329 sui.
525 2294 657 2331 Omnis
684 2295 828 2346 quippe
854 2310 942 2334 caro
970 2298 1122 2345 fenum,
1144 2308 1181 2336 et
1201 2302 1325 2339 omnis

316 2352 436 2401 gloria
474 2353 555 2402 ejus
588 2363 630 2392 ut
663 2355 733 2393 flos
769 2357 844 2394 feni
866 2365 890 2395 ¹.
926 2362 1047 2396 Porro
1082 2360 1198 2398 homo
1235 2363 1324 2412 quia

315 2425 445 2459 suum,
466 2414 503 2451 in
525 2429 602 2465 (1110
627 2416 746 2454 factus
766 2426 844 2464 est,
862 2418 1049 2456 honorem
1079 2434 1157 2457 non
1177 2421 1322 2459 intelli-

314 2473 439 2522 gendo
452 2504 462 2520 ‚
481 2485 723 2526 comparatus
748 2487 804 2515 est
820 2477 1004 2527 jumentis
1030 2480 1321 2531 insipientibus,

313 2542 350 2570 et
372 2535 503 2572 similis
526 2537 647 2574 factus
672 2547 728 2575 est
758 2539 878 2586 illis²;
908 2540 1076 2578 Verbum
1105 2543 1214 2592 panis
1241 2547 1322 2582 An—

1407 1102 1673 1139 tantummodo
1698 1107 1827 1141 Jesum
1850 1106 2040 1144 Christum
2057 1138 2066 1155 ,
2087 1118 2124 1147 et
2144 1110 2246 1148 1111110
2264 1113 2413 1150 01110111-

1404 1173 1508 1197 xum.
1531 1165 1640 1200 Unus
1662 1171 1787 1201 tamen
1808 1165 1987 1216 idemque
2006 1168 2113 1206 cibus
2134 1183 2181 1207 ex
2199 1172 2414 1211 coelestibus

1404 1222 1554 1270 pascuis
1571 1225 1738 1261 suaviter
1754 1226 1909 1274 quidem
1931 1236 1968 1264 et
1989 1229 2206 1268 ruminatur
2224 1245 2245 1268 a
2262 1245 2413 1282 pecore,

1404 1289 1441 1317 ct
1477 1283 1730 1322 manducatur
1759 1285 1807 1322 ab
1842 1286 2019 1337 110111111ος
2051 1299 2089 1327 01
2117 1292 2200 1329 viro
2232 1293 2350 1341 vires,
2378 1302 2415 1331 et

1404 1343 1566 1390 parvulo
1591 1344 1724 1382 tribuit
1745 1347 2037 1385 nutrimentum.

1749 1464 1928 1505 CAPUT
1957 1467 2053 1507 VII.

1788 1592 1837 1620 De
1856 1590 2023 1623 Nazareth.

1462 1699 1519 1735 13.
1537 1701 1716 1737 Cernitur
1742 1711 1779 1738 et
1806 1704 1990 1741 Nazareth
2003 1734 2012 1751 ,
2031 1719 2117 1755 quae
2137 1707 2412 1758 interpretatur

1402 1758 1511 1805 Flos,
1537 1759 1575 1796 in
1602 1774 1677 1810 qua
1702 1762 1733 1798 is
1759 1763 1824 1812 qui
1851 1772 1962 1802 natus
1990 1765 2029 1802 in
2058 1765 2278 1805 Bethlehem
2304 1779 2407 1816 erat,

1355 1825 1383 1861 C
1403 1825 1583 1868 tanquam
1613 1821 1758 1859 fructus
1785 1823 1822 1859 in
1850 1823 1944 1861 flore
1972 1826 2186 1864 coalescens
2203 1857 2212 1874 ‚
2243 1830 2407 1868 nutritus

1400 1886 1456 1914 est
1476 1882 1576 1916 Deus
1596 1880 1719 1918 infans
1742 1897 1749 1919 :
1769 1891 1810 1919 ut
1826 1883 1931 1921 floris
1948 1884 2046 1923 odor
2067 1887 2214 1925 fructus
2231 1902 2405 1940 saporem

1398 1940 1656 1988 praecederet,
1679 1956 1721 1979 ac
1746 1943 1792 1980 de
1815 1945 1971 1982 naribus
1995 1947 2298 1998 Prophetarum,
2320 1951 2405 1988 fau-

1398 1999 1505 2037 cibus
1530 2014 1569 2038 se
1595 2004 1870 2053 Apostolorum
1899 2006 2025 2056 liquor
2051 2017 2202 2046 sanctus
2228 2009 2404 2049 infunde-

1396 2069 1477 2107 ret3
1507 2062 1726 2113 Judaeisque
1756 2066 1861 2102 tenui
1893 2067 2013 2104 odore
2042 2070 2232 2107 contentis
2252 2100 2262 2117 ,
2293 2080 2402 2121 gustu

1394 2120 1518 2158 solido
1531 2123 1704 2161 reficeret
1717 2125 1960 2165 Christianos
1974 2132 2150 2167 Senserat
2162 2138 2288 2168 tamen
2303 2131 2402 2170 hunc

1394 2181 1529 2219 florem
1554 2183 1760 2222 Nathanael
1775 2214 1785 2232 ,
1811 2187 1915 2236 quod
1940 2201 2058 2239 super
2082 2191 2211 2228 omnia
2232 2201 2400 2230 aromata

1392 2255 1508 2279 suave
1537 2244 1739 2282 redoleret.
1771 2247 1885 2285 Unde
1913 2257 1951 2285 et
1979 2249 2103 2287 aiebat
2125 2255 2187 2288 :A
2211 2254 2399 2289 Nazareth

1386 2313 1510 2350 potest
1533 2307 1683 2353 aliquid
1705 2305 1793 2342 boni
1822 2311 1930 2345 esse?
1954 2309 2026 2346 Sed
2053 2323 2296 2361 nequaquam
2320 2313 2398 2350 sola

1391 2372 1594 2401 contentus
1611 2365 1815 2415 fragrantia
1831 2396 1840 2412 ,
1860 2370 2158 2419 respondentem
2176 2371 2266 2418 sibi,
2288 2375 2396 2418 Veni,

1389 2433 1426 2460 et
1442 2427 1533 2461 virle
1545 2423 1573 2472 ⁶,
1586 2426 1804 2477 Philippum
1827 2438 1979 2467 secutus
1998 2440 2064 2468 est.
2082 2435 2167 2469 Imo
2183 2446 2276 2470 vero
2293 2434 2397 2471 mirae

1390 2485 1489 2523 illius
1510 2486 1705 2524 suavitatis
1732 2488 1940 2527 admodum
1963 2492 2204 2542 respersione
2230 2493 2395 2531 (10100111-

1389 2554 1470 2593 1115,
1490 2546 1706 2597 haustuque
1725 2547 1819 2585 boni
1839 2550 1970 2588 odoris
1997 2552 2117 2589 factus
2142 2554 2289 2603 saporis
2314 2553 2394 2590 avi-

313 2595 483 2643 gelorum
511 2596 650 2634 factum
679 2607 735 2635 est
762 2599 947 2649 pabulum
969 2601 1258 2651 jumentorum,
1280 2613 1320 2642 ut
1336 2617 1369 2650 D
1388 2606 1487 2653 dior,
1518 2607 1638 2644 odore
1666 2609 1749 2658 ipso
1779 2609 1893 2657 duce,
1914 2611 1962 2648 ad
1990 2612 2155 2650 fructum
2174 2627 2294 2664 usque
2311 2614 2390 2652 sine

312 2653 448 2691 habeat
479 2658 602 2694 carnis
623 2659 750 2695 fenum
772 2661 877 2710 quod
908 2662 1093 2709 ruminet,
1121 2664 1187 2713 qui
1209 2664 1318 2702 verbi

312 2727 410 2762 pane
439 2717 537 2753 vesci
576 2720 728 2768 penitus
764 2720 946 2759 dissuevit
976 2738 984 2759 :
1016 2736 1217 2773 quousque
1248 2739 1318 2775 per

312 2773 504 2812 hominem
522 2780 645 2814 Deum
666 2779 787 2828 priori
805 2781 977 2819 redditus
996 2782 1193 2833 dignitati,
1213 2793 1250 2821 01
1270 2799 1317 2822 ex

310 2846 451 2882 pecore
486 2851 617 2875 rursus
657 2852 865 2878 conversus
902 2842 941 2878 in
980 2842 1174 2880 hominem
1189 2873 1199 2890 ,
1229 2858 1315 2882 011111

309 2895 426 2931 Paulo
457 2896 581 2934 dicere
600 2901 740 2948 possit,
762 2903 845 2938 Etsi
867 2908 1100 2952 cognocimus
1131 2906 1314 2943 Christum

306 2957 507 2992 secundum
528 2971 696 3003 curnem,
713 2964 781 2996 sed
796 2976 895 2998 nunc
913 2965 995 3008 jam
1014 2979 1087 3000 non
1105 2970 1270 3002 novimas
1285 2966 1311 3003 3.

309 3015 421 3063 Quod
438 3029 527 3052 sane
542 3031 619 3053 11011
637 3019 802 3057 arbitror
819 3025 1034 3073 quempiam
1057 3025 1182 3063 dicere
1202 3040 1313 3076 posse

306 3076 504 3122 veraciter,
528 3078 599 3113 nisi
619 3079 684 3128 qui
705 3081 811 3129 prius
828 3096 913 3119 cum
932 3088 1043 3122 Petro
1059 3099 1106 3123 ex
1127 3100 1193 3123 ore
1209 3087 1313 3125 Veri-

310 3138 395 3175 tatis
411 3136 505 3174 illud
520 3138 609 3175 item
630 3139 792 3177 audierit
811 3157 819 3178 2
846 3144 965 3180 Verba
983 3160 1070 3194 qnoe
1087 3161 1152 3195 ego
1173 3150 1312 3184 locutus

1386 2679 1493 2703 mora
1523 2668 1724 2718 pervenire
1761 2671 1933 2717 curavit,
1962 2673 2123 2723 cupiens
2149 2674 2298 2724 plenius
2325 2688 2392 2712 ex-

1383 2727 1500 2776 periri
1527 2728 1631 2777 quod
1656 2729 1820 2766 1011111101
1846 2742 2115 2781 praesenserat,
2146 2747 2388 2784 praesensque

1386 2787 1586 2837 degustare
1616 2789 1720 2839 quod
1750 2790 1979 2829 odoraverat
2010 2793 2158 2832 absens.
2187 2795 2389 2833 Videamus

1385 2856 1422 2884 et
1445 2849 1491 2885 de
1511 2850 1654 2886 olfactu
1674 2854 1799 2898 Isaac,
1820 2866 1867 2889 ne
1885 2853 1983 2891 forte
2003 2855 2165 2905 aliquid,
2180 2855 2285 2905 quod
2301 2869 2388 2906 per-

1383 2906 1502 2946 tineat
1518 2910 1564 2946 ad
1586 2910 1665 2947 haec
1686 2911 1767 2961 ipsa
1790 2926 1876 2962 quae
1903 2914 1941 2950 in
1967 2915 2143 2953 manibus
2163 2923 2273 2963 sunt,
2294 2929 2387 2966 por-

1381 2969 1556 3007 tenderit.
1576 2971 1765 3021 Loquitur
1779 2972 1825 3010 de
1843 2974 1908 3010 illo
1927 2975 2122 3025 Scriptura
2134 2976 2186 3013 sic
2203 2991 2211 3013 :
2230 2977 2386 3013 Statim-

1379 3043 1451 3077 que
1478 3039 1520 3065 ut
1545 3036 1661 3067 sensit
1695 3037 1998 3071 vestimentorum
2029 3037 2108 3082 ejus
2129 3035 2383 3086 fragrantiam

1380 3089 1502 3139 (haud
1521 3089 1679 3127 dubium
1702 3092 1794 3141 quin
1813 3093 1967 3145 Jacob),
1985 3097 2104 3141 Ecce,
2127 3096 2273 3146 inquit,
2295 3098 2386 3132 odor

1366 3150 1449 3196 filii
1467 3155 1541 3185 mel
1556 3155 1653 3186 sicat
1669 3154 1761 3187 odor
1774 3157 1997 3202 agripleni,
2015 3160 2074 3192 επὶ
2091 3156 2285 3193 benaiam
2301 3159 2382 3192 Do-

356 3281 364 3295 ¹
387 3275 458 3306 Isai.
480 3287 542 3312 xL,
566 3278 656 3306 6.-
673 3280 685 3294 2
704 3276 784 3306 Psal.
809 3288 931 3315 XLV111,
958 3282 1007 3310 13.
1024 3299 1067 3301 —
1095 3279 1108 3301 3
1132 3285 1160 3311 11
1179 3284 1250 3313 Cor.
1273 3293 1304 3320 V,
1333 3287 1386 3315 10.
1404 3303 1447 3307 —
1473 3284 1486 3310 ⁴'
1504 3287 1596 3315 Joan.
1624 3295 1677 3323 vt,
1701 3290 1753 3318 54.
1770 3304 1812 3308 —-
1838 3284 1851 3307 ⁵
1872 3287 1918 3318 Id.
1937 3300 2000 3326 XX,
2026 3293 2079 3321 29.
2099 3309 2142 3312 —
2166 3288 2181 3311 6
2200 3290 2246 3321 Id.
2273 3301 2301 3327 1,
2325 3292 2377 3321 46.

347 3336 359 3349 ²¹
382 3334 534 3376 Deinceps
554 3334 592 3365 ad
611 3334 703 3365 finem
722 3336 886 3366 ΤΗΝ-[111115
900 3347 936 3367 ex
955 3337 1029 3367 locis
1049 3339 1141 3369 sacris
1159 3342 1302 3382 mysticos
1319 3343 1395 3374 eruit
1417 3355 1533 3375 sensus.
1548 3363 1592 3366 —
1610 3345 1623 3365 ¹³
1643 3345 1745 3383 Alias,
1764 3344 1934 3377 descendit.
