<?xml version="1.0" encoding="UTF-8"?>
<!DOCTYPE html PUBLIC "-//W3C//DTD XHTML 1.0 Transitional//EN"
    "http://www.w3.org/TR/xhtml1/DTD/xhtml1-transitional.dtd">
<html xmlns="http://www.w3.org/1999/xhtml" xml:lang="en" lang="en">
 <head>
  <title>
</title>
<meta http-equiv="Content-Type" content="text/html;charset=utf-8" />
  <meta name='ocr-system' content='tesseract 3.04.00' />
  <meta name='ocr-capabilities' content='ocr_page ocr_carea ocr_par ocr_line ocrx_word'/>
</head>
<body>
  <div class='ocr_page' id='page_1' title='image "./operaomniapostho01bernuoft_0763.png"; bbox 0 0 2517 3936; ppageno 0'>
   <div class='ocr_carea' id='block_1_1' title="bbox 83 180 181 217">
    <p class='ocr_par' dir='ltr' id='par_1_1' title="bbox 83 180 181 217">
     <span class='ocr_line' id='line_1_1' title="bbox 83 180 181 217; baseline 0.01 -2"><span class='ocrx_word' id='word_1_1' title='bbox 83 180 181 217; x_wconf 85' lang='lat'>1509</span> 
     </span>
    </p>
   </div>
   <div class='ocr_carea' id='block_1_2' title="bbox 75 376 1085 1021">
    <p class='ocr_par' dir='ltr' id='par_1_2' title="bbox 75 376 1085 1021">
     <span class='ocr_line' id='line_1_2' title="bbox 75 376 1083 428; baseline 0.008 -15"><span class='ocrx_word' id='word_1_2' title='bbox 75 377 150 413; x_wconf 91' lang='lat' dir='ltr'>loci</span> <span class='ocrx_word' id='word_1_3' title='bbox 170 376 417 427; x_wconf 82' lang='lat' dir='ltr'>vagabundus</span> <span class='ocrx_word' id='word_1_4' title='bbox 445 378 600 414; x_wconf 78' lang='lat' dir='ltr'>insanus</span> <span class='ocrx_word' id='word_1_5' title='bbox 632 379 808 428; x_wconf 85' lang='lat' dir='ltr'>quidam,</span> <span class='ocrx_word' id='word_1_6' title='bbox 828 382 987 419; x_wconf 82' lang='lat' dir='ltr'>offendit</span> <span class='ocrx_word' id='word_1_7' title='bbox 1011 384 1083 421; x_wconf 89' lang='lat' dir='ltr'>ho—</span> 
     </span>
     <span class='ocr_line' id='line_1_3' title="bbox 77 436 1082 489; baseline 0.009 -17"><span class='ocrx_word' id='word_1_8' title='bbox 77 437 217 473; x_wconf 91' lang='lat' dir='ltr'>minem</span> <span class='ocrx_word' id='word_1_9' title='bbox 232 465 242 482; x_wconf 93' lang='lat'>,</span> <span class='ocrx_word' id='word_1_10' title='bbox 275 436 457 486; x_wconf 86' lang='lat' dir='ltr'>quidnam</span> <span class='ocrx_word' id='word_1_11' title='bbox 493 437 545 474; x_wconf 88' lang='lat' dir='ltr'>ibi</span> <span class='ocrx_word' id='word_1_12' title='bbox 581 448 685 487; x_wconf 90' lang='lat' dir='ltr'>agat,</span> <span class='ocrx_word' id='word_1_13' title='bbox 722 450 982 489; x_wconf 85' lang='lat' dir='ltr'>percontatur.</span> <span class='ocrx_word' id='word_1_14' title='bbox 1005 448 1082 481; x_wconf 82' lang='lat' dir='ltr'>Re-</span> 
     </span>
     <span class='ocr_line' id='line_1_4' title="bbox 77 492 1084 552; baseline 0.006 -18"><span class='ocrx_word' id='word_1_15' title='bbox 77 497 264 547; x_wconf 83' lang='lat' dir='ltr'>spondet,</span> <span class='ocrx_word' id='word_1_16' title='bbox 293 498 400 546; x_wconf 83' lang='lat' dir='ltr'>gravi</span> <span class='ocrx_word' id='word_1_17' title='bbox 420 511 458 535; x_wconf 89' lang='lat' dir='ltr'>se</span> <span class='ocrx_word' id='word_1_18' title='bbox 482 499 701 535; x_wconf 77' lang='lat' dir='ltr'>infirmitate</span> <span class='ocrx_word' id='word_1_19' title='bbox 734 492 875 547; x_wconf 85' lang='lat' dir='ltr'>teneri,</span> <span class='ocrx_word' id='word_1_20' title='bbox 897 511 934 538; x_wconf 90' lang='lat' dir='ltr'>et</span> <span class='ocrx_word' id='word_1_21' title='bbox 960 517 1084 552; x_wconf 84' lang='lat' dir='ltr'>neque</span> 
     </span>
     <span class='ocr_line' id='line_1_5' title="bbox 75 557 1085 608; baseline 0.007 -15"><span class='ocrx_word' id='word_1_22' title='bbox 75 557 306 607; x_wconf 82' lang='lat' dir='ltr'>procedere,</span> <span class='ocrx_word' id='word_1_23' title='bbox 325 571 448 608; x_wconf 91' lang='lat' dir='ltr'>neque</span> <span class='ocrx_word' id='word_1_24' title='bbox 465 558 590 595; x_wconf 87' lang='lat' dir='ltr'>redire</span> <span class='ocrx_word' id='word_1_25' title='bbox 607 559 808 596; x_wconf 76' lang='lat' dir='ltr'>valentem.</span> <span class='ocrx_word' id='word_1_26' title='bbox 826 564 871 597; x_wconf 90' lang='lat' dir='ltr'>Et</span> <span class='ocrx_word' id='word_1_27' title='bbox 888 562 951 598; x_wconf 93' lang='lat' dir='ltr'>ille</span> <span class='ocrx_word' id='word_1_28' title='bbox 967 578 974 599; x_wconf 90' lang='lat'><strong>:</strong></span> <span class='ocrx_word' id='word_1_29' title='bbox 994 581 1008 595; x_wconf 87' lang='lat'>«</span> <span class='ocrx_word' id='word_1_30' title='bbox 1024 568 1085 600; x_wconf 93' lang='lat' dir='ltr'>In-</span> 
     </span>
     <span class='ocr_line' id='line_1_6' title="bbox 77 616 1083 672; baseline 0.008 -21"><span class='ocrx_word' id='word_1_31' title='bbox 77 633 92 649; x_wconf 71' lang='grc' dir='ltr'>ιι</span> <span class='ocrx_word' id='word_1_32' title='bbox 115 616 272 653; x_wconf 87' lang='lat' dir='ltr'>firmitas</span> <span class='ocrx_word' id='word_1_33' title='bbox 294 617 366 653; x_wconf 88' lang='lat' dir='ltr'>ista</span> <span class='ocrx_word' id='word_1_34' title='bbox 384 617 486 654; x_wconf 89' lang='lat' dir='ltr'>haud</span> <span class='ocrx_word' id='word_1_35' title='bbox 517 618 610 664; x_wconf 89' lang='lat' dir='ltr'>alia,</span> <span class='ocrx_word' id='word_1_36' title='bbox 632 635 646 650; x_wconf 73' lang='grc' dir='ltr'>υ</span> <span class='ocrx_word' id='word_1_37' title='bbox 668 618 810 667; x_wconf 89' lang='lat' dir='ltr'>inquit,</span> <span class='ocrx_word' id='word_1_38' title='bbox 832 637 846 651; x_wconf 88' lang='lat'>«</span> <span class='ocrx_word' id='word_1_39' title='bbox 867 634 980 669; x_wconf 88' lang='lat' dir='ltr'>quam</span> <span class='ocrx_word' id='word_1_40' title='bbox 1003 623 1083 672; x_wconf 88' lang='lat' dir='ltr'>ipsa</span> 
     </span>
     <span class='ocr_line' id='line_1_7' title="bbox 76 677 1081 730; baseline 0.005 -18"><span class='ocrx_word' id='word_1_41' title='bbox 76 692 92 708; x_wconf 84' lang='lat'>»</span> <span class='ocrx_word' id='word_1_42' title='bbox 114 689 218 713; x_wconf 84' lang='lat' dir='ltr'>mors</span> <span class='ocrx_word' id='word_1_43' title='bbox 233 685 301 713; x_wconf 89' lang='lat' dir='ltr'>est.</span> <span class='ocrx_word' id='word_1_44' title='bbox 325 694 339 709; x_wconf 74' lang='grc' dir='ltr'><strong>υ</strong></span> <span class='ocrx_word' id='word_1_45' title='bbox 362 680 445 714; x_wconf 88' lang='lat' dir='ltr'>Hoc</span> <span class='ocrx_word' id='word_1_46' title='bbox 463 686 587 714; x_wconf 87' lang='lat' dir='ltr'>autem</span> <span class='ocrx_word' id='word_1_47' title='bbox 610 691 686 714; x_wconf 91' lang='lat' dir='ltr'>non</span> <span class='ocrx_word' id='word_1_48' title='bbox 709 677 803 714; x_wconf 76' lang='lat' dir='ltr'>dixit</span> <span class='ocrx_word' id='word_1_49' title='bbox 820 692 840 714; x_wconf 93' lang='lat' dir='ltr'>a</span> <span class='ocrx_word' id='word_1_50' title='bbox 857 681 1081 730; x_wconf 73' lang='lat' dir='ltr'>semetipso,</span> 
     </span>
     <span class='ocr_line' id='line_1_8' title="bbox 76 734 1084 788; baseline 0.005 -17"><span class='ocrx_word' id='word_1_51' title='bbox 76 734 143 771; x_wconf 92' lang='lat' dir='ltr'>sed</span> <span class='ocrx_word' id='word_1_52' title='bbox 172 735 332 784; x_wconf 82' lang='lat' dir='ltr'>pulchre</span> <span class='ocrx_word' id='word_1_53' title='bbox 364 736 550 773; x_wconf 87' lang='lat' dir='ltr'>Dominus</span> <span class='ocrx_word' id='word_1_54' title='bbox 586 749 654 786; x_wconf 92' lang='lat' dir='ltr'>per</span> <span class='ocrx_word' id='word_1_55' title='bbox 688 737 864 773; x_wconf 89' lang='lat' dir='ltr'>insanum</span> <span class='ocrx_word' id='word_1_56' title='bbox 898 739 1084 788; x_wconf 86' lang='lat' dir='ltr'>corripuit</span> 
     </span>
     <span class='ocr_line' id='line_1_9' title="bbox 75 791 1082 845; baseline 0.004 -14"><span class='ocrx_word' id='word_1_57' title='bbox 75 808 162 831; x_wconf 89' lang='lat' dir='ltr'>eum</span> <span class='ocrx_word' id='word_1_58' title='bbox 175 823 186 841; x_wconf 87' lang='lat'>‚</span> <span class='ocrx_word' id='word_1_59' title='bbox 203 796 267 844; x_wconf 91' lang='lat' dir='ltr'>qui</span> <span class='ocrx_word' id='word_1_60' title='bbox 287 795 388 832; x_wconf 84' lang='lat' dir='ltr'>sanis</span> <span class='ocrx_word' id='word_1_61' title='bbox 403 796 643 845; x_wconf 82' lang='lat' dir='ltr'>acquiescere</span> <span class='ocrx_word' id='word_1_62' title='bbox 661 796 784 832; x_wconf 91' lang='lat' dir='ltr'>noluit</span> <span class='ocrx_word' id='word_1_63' title='bbox 802 797 969 834; x_wconf 88' lang='lat' dir='ltr'>consiliis</span> <span class='ocrx_word' id='word_1_64' title='bbox 992 791 1082 835; x_wconf 81' lang='lat' dir='ltr'>sen-</span> 
     </span>
     <span class='ocr_line' id='line_1_10' title="bbox 75 855 1084 907; baseline 0.003 -16"><span class='ocrx_word' id='word_1_65' title='bbox 75 862 258 892; x_wconf 85' lang='lat' dir='ltr'>satorum.</span> <span class='ocrx_word' id='word_1_66' title='bbox 284 857 328 892; x_wconf 91' lang='lat' dir='ltr'>Et</span> <span class='ocrx_word' id='word_1_67' title='bbox 345 855 450 892; x_wconf 81' lang='lat' dir='ltr'>addit</span> <span class='ocrx_word' id='word_1_68' title='bbox 471 870 479 892; x_wconf 88' lang='lat'>:</span> <span class='ocrx_word' id='word_1_69' title='bbox 499 871 514 887; x_wconf 73' lang='grc' dir='ltr'>(ι</span> <span class='ocrx_word' id='word_1_70' title='bbox 536 859 743 893; x_wconf 79' lang='lat' dir='ltr'>Revertere</span> <span class='ocrx_word' id='word_1_71' title='bbox 763 856 941 902; x_wconf 87' lang='lat' dir='ltr'>domum,</span> <span class='ocrx_word' id='word_1_72' title='bbox 960 871 1030 907; x_wconf 89' lang='lat' dir='ltr'>ego</span> <span class='ocrx_word' id='word_1_73' title='bbox 1048 867 1084 895; x_wconf 91' lang='lat' dir='ltr'>te</span> 
     </span>
     <span class='ocr_line' id='line_1_11' title="bbox 78 913 1083 966; baseline 0.003 -15"><span class='ocrx_word' id='word_1_74' title='bbox 78 931 93 946; x_wconf 87' lang='lat'>»</span> <span class='ocrx_word' id='word_1_75' title='bbox 108 913 268 964; x_wconf 78' lang='lat' dir='ltr'>J‘uvabo.</span> <span class='ocrx_word' id='word_1_76' title='bbox 291 932 306 948; x_wconf 79' lang='grc' dir='ltr'><strong>υ</strong></span> <span class='ocrx_word' id='word_1_77' title='bbox 332 916 506 966; x_wconf 87' lang='lat' dir='ltr'>Denique</span> <span class='ocrx_word' id='word_1_78' title='bbox 527 916 610 966; x_wconf 91' lang='lat' dir='ltr'>ipso</span> <span class='ocrx_word' id='word_1_79' title='bbox 632 915 727 952; x_wconf 81' lang='lat' dir='ltr'>(luce</span> <span class='ocrx_word' id='word_1_80' title='bbox 748 917 952 953; x_wconf 83' lang='lat' dir='ltr'>revertitur</span> <span class='ocrx_word' id='word_1_81' title='bbox 971 918 1008 954; x_wconf 94' lang='lat' dir='ltr'>in</span> <span class='ocrx_word' id='word_1_82' title='bbox 1029 918 1083 954; x_wconf 90' lang='lat' dir='ltr'>ci-</span> 
     </span>
     <span class='ocr_line' id='line_1_12' title="bbox 76 974 1083 1021; baseline 0.003 -10"><span class='ocrx_word' id='word_1_83' title='bbox 76 975 249 1020; x_wconf 83' lang='lat' dir='ltr'>vitatem3</span> <span class='ocrx_word' id='word_1_84' title='bbox 267 974 365 1011; x_wconf 86' lang='lat' dir='ltr'>redit</span> <span class='ocrx_word' id='word_1_85' title='bbox 384 975 432 1012; x_wconf 92' lang='lat' dir='ltr'>ad</span> <span class='ocrx_word' id='word_1_86' title='bbox 451 989 536 1021; x_wconf 88' lang='lat' dir='ltr'>cor,</span> <span class='ocrx_word' id='word_1_87' title='bbox 558 984 595 1012; x_wconf 90' lang='lat' dir='ltr'>et</span> <span class='ocrx_word' id='word_1_88' title='bbox 615 975 661 1012; x_wconf 88' lang='lat' dir='ltr'>ad</span> <span class='ocrx_word' id='word_1_89' title='bbox 683 976 981 1013; x_wconf 86' lang='lat' dir='ltr'>misericordiam</span> <span class='ocrx_word' id='word_1_90' title='bbox 1001 981 1083 1014; x_wconf 84' lang='lat' dir='ltr'>Do-</span> 
     </span>
    </p>
   </div>
   <div class='ocr_carea' id='block_1_3' title="bbox 744 188 1499 232">
    <p class='ocr_par' dir='ltr' id='par_1_3' title="bbox 744 188 1499 232">
     <span class='ocr_line' id='line_1_13' title="bbox 744 188 1499 232; baseline 0.016 -12"><span class='ocrx_word' id='word_1_91' title='bbox 744 188 888 223; x_wconf 81' lang='lat' dir='ltr'>LIBER</span> <span class='ocrx_word' id='word_1_92' title='bbox 917 189 981 224; x_wconf 84' lang='lat' dir='ltr'>DE</span> <span class='ocrx_word' id='word_1_93' title='bbox 1011 193 1124 226; x_wconf 74' lang='lat' dir='ltr'>VITA</span> <span class='ocrx_word' id='word_1_94' title='bbox 1153 193 1187 227; x_wconf 93' lang='lat' dir='ltr'>S.</span> <span class='ocrx_word' id='word_1_95' title='bbox 1220 194 1499 232; x_wconf 71' lang='lat' dir='ltr'>MALACHIAE.</span> 
     </span>
    </p>
   </div>
   <div class='ocr_carea' id='block_1_4' title="bbox 76 256 1875 378">
    <p class='ocr_par' dir='ltr' id='par_1_4' title="bbox 76 256 1875 378">
     <span class='ocr_line' id='line_1_14' title="bbox 77 256 1875 327; baseline 0.014 -35"><span class='ocrx_word' id='word_1_96' title='bbox 77 256 258 307; x_wconf 88' lang='lat' dir='ltr'>ribusque</span> <span class='ocrx_word' id='word_1_97' title='bbox 279 258 481 303; x_wconf 82' lang='lat' dir='ltr'>deficiens,</span> <span class='ocrx_word' id='word_1_98' title='bbox 504 259 638 295; x_wconf 87' lang='lat' dir='ltr'>eodem</span> <span class='ocrx_word' id='word_1_99' title='bbox 661 260 746 297; x_wconf 87' lang='lat' dir='ltr'>loco</span> <span class='ocrx_word' id='word_1_100' title='bbox 763 261 881 310; x_wconf 82' lang='lat' dir='ltr'>jactat</span> <span class='ocrx_word' id='word_1_101' title='bbox 906 278 945 301; x_wconf 85' lang='lat' dir='ltr'>se</span> <span class='ocrx_word' id='word_1_102' title='bbox 966 266 1334 315; x_wconf 74' lang='lat' dir='ltr'>super⁰⁸²adversus</span> <span class='ocrx_word' id='word_1_103' title='bbox 1366 285 1473 317; x_wconf 87' lang='lat' dir='ltr'>eum,</span> <span class='ocrx_word' id='word_1_104' title='bbox 1509 283 1546 309; x_wconf 82' lang='lat' dir='ltr'>et</span> <span class='ocrx_word' id='word_1_105' title='bbox 1579 277 1683 313; x_wconf 86' lang='lat' dir='ltr'>nihili</span> <span class='ocrx_word' id='word_1_106' title='bbox 1718 282 1845 327; x_wconf 81' lang='lat' dir='ltr'>pendit</span> <span class='ocrx_word' id='word_1_107' title='bbox 1869 298 1875 318; x_wconf 90' lang='grc'>;</span> 
     </span>
     <span class='ocr_line' id='line_1_15' title="bbox 76 318 1649 378; baseline 0.009 -24"><span class='ocrx_word' id='word_1_108' title='bbox 76 318 200 354; x_wconf 89' lang='lat' dir='ltr'>solum</span> <span class='ocrx_word' id='word_1_109' title='bbox 227 318 384 355; x_wconf 88' lang='lat' dir='ltr'>anhelus</span> <span class='ocrx_word' id='word_1_110' title='bbox 413 327 451 354; x_wconf 86' lang='lat' dir='ltr'>et</span> <span class='ocrx_word' id='word_1_111' title='bbox 482 318 610 356; x_wconf 87' lang='lat' dir='ltr'>fessus.</span> <span class='ocrx_word' id='word_1_112' title='bbox 639 324 751 357; x_wconf 80' lang='lat' dir='ltr'>Forte</span> <span class='ocrx_word' id='word_1_113' title='bbox 773 322 942 361; x_wconf 86' lang='lat' dir='ltr'>incidens</span> <span class='ocrx_word' id='word_1_114' title='bbox 975 326 1012 361; x_wconf 90' lang='lat' dir='ltr'>in</span> <span class='ocrx_word' id='word_1_115' title='bbox 1044 327 1081 362; x_wconf 90' lang='lat' dir='ltr'>id</span> <span class='ocrx_word' id='word_1_116' title='bbox 1101 334 1132 366; x_wconf 85' lang='lat' dir='ltr'><strong>A</strong></span> <span class='ocrx_word' id='word_1_117' title='bbox 1155 328 1402 378; x_wconf 85' lang='lat' dir='ltr'>episcopum,</span> <span class='ocrx_word' id='word_1_118' title='bbox 1424 348 1437 362; x_wconf 88' lang='lat'>«</span> <span class='ocrx_word' id='word_1_119' title='bbox 1471 334 1649 378; x_wconf 80' lang='lat' dir='ltr'>Putasne,</span> 
     </span>
    </p>
   </div>
   <div class='ocr_carea' id='block_1_5' title="bbox 1150 215 2144 1033">
    <p class='ocr_par' dir='ltr' id='par_1_5' title="bbox 1150 215 2144 1033">
     <span class='ocr_line' id='line_1_16' title="bbox 2044 215 2141 251; baseline 0.01 -3"><span class='ocrx_word' id='word_1_120' title='bbox 2044 215 2141 251; x_wconf 76' lang='lat'>1510</span> 
     </span>
     <span class='ocr_line' id='line_1_17' title="bbox 1710 286 2141 344; baseline 0.028 -28"><span class='ocrx_word' id='word_1_121' title='bbox 1710 337 1714 341; x_wconf 40' lang='grc' dir='ltr'>Ι</span> <span class='ocrx_word' id='word_1_122' title='bbox 1804 339 1808 344; x_wconf 90' lang='lat'>.</span> <span class='ocrx_word' id='word_1_123' title='bbox 1908 286 2141 340; x_wconf 80' lang='lat' dir='ltr'>irridensque</span> 
     </span>
     <span class='ocr_line' id='line_1_18' title="bbox 1249 348 2141 393; baseline 0.024 -30"><span class='ocrx_word' id='word_1_124' title='bbox 1249 387 1256 393; x_wconf 44' lang='grc'><strong><em>.</em></strong></span> <span class='ocrx_word' id='word_1_125' title='bbox 1673 354 1685 367; x_wconf 74' lang='lat'>1&gt;</span> <span class='ocrx_word' id='word_1_126' title='bbox 1709 348 1852 385; x_wconf 84' lang='lat' dir='ltr'>lnquit,</span> <span class='ocrx_word' id='word_1_127' title='bbox 1874 360 1886 371; x_wconf 85' lang='lat'>«</span> <span class='ocrx_word' id='word_1_128' title='bbox 1920 355 2075 393; x_wconf 81' lang='lat' dir='ltr'>propter</span> <span class='ocrx_word' id='word_1_129' title='bbox 2108 358 2141 383; x_wconf 75' lang='lat' dir='ltr'>t(-</span> 
     </span>
     <span class='ocr_line' id='line_1_19' title="bbox 1151 388 2139 454; baseline 0.023 -34"><span class='ocrx_word' id='word_1_130' title='bbox 1151 404 1164 418; x_wconf 79' lang='grc' dir='ltr'><strong>υ</strong></span> <span class='ocrx_word' id='word_1_131' title='bbox 1184 395 1356 424; x_wconf 86' lang='lat' dir='ltr'>annttere</span> <span class='ocrx_word' id='word_1_132' title='bbox 1371 388 1576 427; x_wconf 81' lang='lat' dir='ltr'>debeamus</span> <span class='ocrx_word' id='word_1_133' title='bbox 1597 394 1853 433; x_wconf 77' lang='lat' dir='ltr'>malefactores</span> <span class='ocrx_word' id='word_1_134' title='bbox 1873 411 2032 449; x_wconf 79' lang='lat' dir='ltr'>nostros,</span> <span class='ocrx_word' id='word_1_135' title='bbox 2045 420 2139 454; x_wconf 62' lang='lat' dir='ltr'>quos·</span> 
     </span>
     <span class='ocr_line' id='line_1_20' title="bbox 1151 447 2138 501; baseline 0.013 -20"><span class='ocrx_word' id='word_1_136' title='bbox 1151 462 1166 476; x_wconf 88' lang='lat'>»</span> <span class='ocrx_word' id='word_1_137' title='bbox 1186 449 1287 482; x_wconf 88' lang='lat' dir='ltr'>Deus</span> <span class='ocrx_word' id='word_1_138' title='bbox 1309 447 1463 484; x_wconf 79' lang='lat' dir='ltr'>tradidit</span> <span class='ocrx_word' id='word_1_139' title='bbox 1485 449 1522 484; x_wconf 90' lang='lat' dir='ltr'>in</span> <span class='ocrx_word' id='word_1_140' title='bbox 1552 463 1685 487; x_wconf 85' lang='lat' dir='ltr'>manus</span> <span class='ocrx_word' id='word_1_141' title='bbox 1716 459 1886 492; x_wconf 80' lang='lat' dir='ltr'>nostras?</span> <span class='ocrx_word' id='word_1_142' title='bbox 1904 478 1916 489; x_wconf 68' lang='grc' dir='ltr'>ιι</span> <span class='ocrx_word' id='word_1_143' title='bbox 1938 464 1982 496; x_wconf 65' lang='lat' dir='ltr'>lit</span> <span class='ocrx_word' id='word_1_144' title='bbox 2010 476 2138 501; x_wconf 63' lang='lat' dir='ltr'>reeor-</span> 
     </span>
     <span class='ocr_line' id='line_1_21' title="bbox 1151 505 2138 562; baseline 0.022 -22"><span class='ocrx_word' id='word_1_145' title='bbox 1151 505 1261 541; x_wconf 86' lang='lat' dir='ltr'>datur</span> <span class='ocrx_word' id='word_1_146' title='bbox 1283 507 1387 544; x_wconf 71' lang='lat' dir='ltr'>verbi</span> <span class='ocrx_word' id='word_1_147' title='bbox 1409 508 1466 544; x_wconf 88' lang='lat' dir='ltr'>sui</span> <span class='ocrx_word' id='word_1_148' title='bbox 1487 510 1687 560; x_wconf 88' lang='lat' dir='ltr'>episcopus</span> <span class='ocrx_word' id='word_1_149' title='bbox 1701 541 1710 557; x_wconf 90' lang='lat'>,</span> <span class='ocrx_word' id='word_1_150' title='bbox 1731 515 1832 561; x_wconf 88' lang='lat' dir='ltr'>quod</span> <span class='ocrx_word' id='word_1_151' title='bbox 1853 517 2031 558; x_wconf 81' lang='lat' dir='ltr'>habuerat</span> <span class='ocrx_word' id='word_1_152' title='bbox 2054 539 2138 562; x_wconf 77' lang='lat' dir='ltr'>cuni</span> 
     </span>
     <span class='ocr_line' id='line_1_22' title="bbox 1150 565 2141 619; baseline 0.02 -20"><span class='ocrx_word' id='word_1_153' title='bbox 1150 565 1351 612; x_wconf 85' lang='lat' dir='ltr'>Malachia,</span> <span class='ocrx_word' id='word_1_154' title='bbox 1374 567 1467 604; x_wconf 87' lang='lat' dir='ltr'>flens</span> <span class='ocrx_word' id='word_1_155' title='bbox 1490 578 1527 605; x_wconf 90' lang='lat' dir='ltr'>et</span> <span class='ocrx_word' id='word_1_156' title='bbox 1548 569 1714 618; x_wconf 83' lang='lat' dir='ltr'>ejulans,</span> <span class='ocrx_word' id='word_1_157' title='bbox 1738 585 1846 609; x_wconf 75' lang='lat' dir='ltr'>verso</span> <span class='ocrx_word' id='word_1_158' title='bbox 1867 578 1972 614; x_wconf 74' lang='lat' dir='ltr'>vultu</span> <span class='ocrx_word' id='word_1_159' title='bbox 1993 581 2038 616; x_wconf 88' lang='lat' dir='ltr'>ad</span> <span class='ocrx_word' id='word_1_160' title='bbox 2060 597 2141 619; x_wconf 79' lang='lat' dir='ltr'>ino—</span> 
     </span>
     <span class='ocr_line' id='line_1_23' title="bbox 1150 625 2142 677; baseline 0.019 -19"><span class='ocrx_word' id='word_1_161' title='bbox 1150 625 1354 660; x_wconf 83' lang='lat' dir='ltr'>nasterium</span> <span class='ocrx_word' id='word_1_162' title='bbox 1385 625 1467 674; x_wconf 86' lang='lat' dir='ltr'>ejus</span> <span class='ocrx_word' id='word_1_163' title='bbox 1488 641 1495 662; x_wconf 91' lang='lat'>:</span> <span class='ocrx_word' id='word_1_164' title='bbox 1517 644 1531 659; x_wconf 90' lang='lat'>«</span> <span class='ocrx_word' id='word_1_165' title='bbox 1555 628 1629 665; x_wconf 91' lang='lat' dir='ltr'>Lbi</span> <span class='ocrx_word' id='word_1_166' title='bbox 1659 644 1719 675; x_wconf 87' lang='lat' dir='ltr'>es,</span> <span class='ocrx_word' id='word_1_167' title='bbox 1744 648 1756 663; x_wconf 78' lang='grc' dir='ltr'><strong>υ</strong></span> <span class='ocrx_word' id='word_1_168' title='bbox 1778 632 1850 677; x_wconf 85' lang='lat' dir='ltr'>ait,</span> <span class='ocrx_word' id='word_1_169' title='bbox 1874 651 1887 664; x_wconf 83' lang='lat'>«</span> <span class='ocrx_word' id='word_1_170' title='bbox 1910 635 2023 673; x_wconf 88' lang='lat' dir='ltr'>homo</span> <span class='ocrx_word' id='word_1_171' title='bbox 2050 643 2142 677; x_wconf 80' lang='lat' dir='ltr'>Dei?</span> 
     </span>
     <span class='ocr_line' id='line_1_24' title="bbox 1151 682 2141 744; baseline 0.019 -27"><span class='ocrx_word' id='word_1_172' title='bbox 1151 699 1165 714; x_wconf 69' lang='grc' dir='ltr'>υ</span> <span class='ocrx_word' id='word_1_173' title='bbox 1187 682 1251 718; x_wconf 91' lang='lat' dir='ltr'>ubi</span> <span class='ocrx_word' id='word_1_174' title='bbox 1269 685 1331 719; x_wconf 73' lang='lat' dir='ltr'>es?</span> <span class='ocrx_word' id='word_1_175' title='bbox 1355 688 1490 722; x_wconf 74' lang='lat' dir='ltr'>Nonne</span> <span class='ocrx_word' id='word_1_176' title='bbox 1520 686 1592 723; x_wconf 88' lang='lat' dir='ltr'>hoc</span> <span class='ocrx_word' id='word_1_177' title='bbox 1621 697 1694 733; x_wconf 88' lang='lat' dir='ltr'>est,</span> <span class='ocrx_word' id='word_1_178' title='bbox 1718 699 1825 739; x_wconf 89' lang='lat' dir='ltr'>pater</span> <span class='ocrx_word' id='word_1_179' title='bbox 1851 694 1920 738; x_wconf 84' lang='lat' dir='ltr'>mi,</span> <span class='ocrx_word' id='word_1_180' title='bbox 1944 698 2046 744; x_wconf 86' lang='lat' dir='ltr'>quod</span> <span class='ocrx_word' id='word_1_181' title='bbox 2077 700 2141 737; x_wconf 91' lang='lat' dir='ltr'>tibi</span> 
     </span>
     <span class='ocr_line' id='line_1_25' title="bbox 1152 742 2141 796; baseline 0.019 -19"><span class='ocrx_word' id='word_1_182' title='bbox 1152 759 1165 774; x_wconf 85' lang='lat'>»</span> <span class='ocrx_word' id='word_1_183' title='bbox 1187 742 1382 780; x_wconf 79' lang='lat' dir='ltr'>dicebam?</span> <span class='ocrx_word' id='word_1_184' title='bbox 1409 749 1515 792; x_wconf 88' lang='lat' dir='ltr'>Heu,</span> <span class='ocrx_word' id='word_1_185' title='bbox 1547 747 1639 794; x_wconf 89' lang='lat' dir='ltr'>heu,</span> <span class='ocrx_word' id='word_1_186' title='bbox 1668 751 1772 796; x_wconf 70' lang='lat' dir='ltr'>veni,</span> <span class='ocrx_word' id='word_1_187' title='bbox 1804 761 1845 787; x_wconf 84' lang='lat' dir='ltr'>nt</span> <span class='ocrx_word' id='word_1_188' title='bbox 1877 754 2034 793; x_wconf 84' lang='lat' dir='ltr'>facerem</span> <span class='ocrx_word' id='word_1_189' title='bbox 2070 759 2141 796; x_wconf 89' lang='lat' dir='ltr'>bo-</span> 
     </span>
     <span class='ocr_line' id='line_1_26' title="bbox 1153 807 2140 862; baseline 0.017 -25"><span class='ocrx_word' id='word_1_190' title='bbox 1153 820 1166 833; x_wconf 86' lang='lat'>»</span> <span class='ocrx_word' id='word_1_191' title='bbox 1187 816 1299 849; x_wconf 89' lang='lat' dir='ltr'>num,</span> <span class='ocrx_word' id='word_1_192' title='bbox 1320 813 1357 840; x_wconf 87' lang='lat' dir='ltr'>et</span> <span class='ocrx_word' id='word_1_193' title='bbox 1383 818 1459 841; x_wconf 91' lang='lat' dir='ltr'>non</span> <span class='ocrx_word' id='word_1_194' title='bbox 1481 807 1646 854; x_wconf 77' lang='lat' dir='ltr'>malum,</span> <span class='ocrx_word' id='word_1_195' title='bbox 1668 818 1704 845; x_wconf 90' lang='lat' dir='ltr'>et</span> <span class='ocrx_word' id='word_1_196' title='bbox 1725 824 1810 847; x_wconf 87' lang='lat' dir='ltr'>ecce</span> <span class='ocrx_word' id='word_1_197' title='bbox 1831 825 1898 861; x_wconf 85' lang='lat' dir='ltr'>per</span> <span class='ocrx_word' id='word_1_198' title='bbox 1918 827 1976 851; x_wconf 79' lang='lat' dir='ltr'>ine</span> <span class='ocrx_word' id='word_1_199' title='bbox 1996 830 2140 862; x_wconf 83' lang='lat' dir='ltr'>onmes,</span> 
     </span>
     <span class='ocr_line' id='line_1_27' title="bbox 1152 861 2144 919; baseline 0.018 -23"><span class='ocrx_word' id='word_1_200' title='bbox 1152 878 1166 893; x_wconf 86' lang='lat'>»</span> <span class='ocrx_word' id='word_1_201' title='bbox 1187 861 1239 897; x_wconf 89' lang='lat' dir='ltr'>illi</span> <span class='ocrx_word' id='word_1_202' title='bbox 1259 862 1297 898; x_wconf 91' lang='lat' dir='ltr'>in</span> <span class='ocrx_word' id='word_1_203' title='bbox 1320 876 1495 913; x_wconf 84' lang='lat' dir='ltr'>corpore,</span> <span class='ocrx_word' id='word_1_204' title='bbox 1515 866 1574 901; x_wconf 90' lang='lat' dir='ltr'>isti</span> <span class='ocrx_word' id='word_1_205' title='bbox 1592 866 1629 902; x_wconf 93' lang='lat' dir='ltr'>in</span> <span class='ocrx_word' id='word_1_206' title='bbox 1650 868 1773 905; x_wconf 90' lang='lat' dir='ltr'>anima</span> <span class='ocrx_word' id='word_1_207' title='bbox 1793 875 1972 919; x_wconf 79' lang='lat' dir='ltr'>pereunt!</span> <span class='ocrx_word' id='word_1_208' title='bbox 1997 892 2010 906; x_wconf 79' lang='grc' dir='ltr'><strong>υ</strong></span> <span class='ocrx_word' id='word_1_209' title='bbox 2026 878 2144 914; x_wconf 82' lang='lat' dir='ltr'>Multa</span> 
     </span>
     <span class='ocr_line' id='line_1_28' title="bbox 1150 920 2141 983; baseline 0.017 -28"><span class='ocrx_word' id='word_1_210' title='bbox 1150 920 1188 956; x_wconf 92' lang='lat' dir='ltr'>in</span> <span class='ocrx_word' id='word_1_211' title='bbox 1209 921 1308 958; x_wconf 91' lang='lat' dir='ltr'>hunc</span> <span class='ocrx_word' id='word_1_212' title='bbox 1331 923 1485 959; x_wconf 84' lang='lat' dir='ltr'>modum</span> <span class='ocrx_word' id='word_1_213' title='bbox 1505 925 1732 974; x_wconf 82' lang='lat' dir='ltr'>loquebatur</span> <span class='ocrx_word' id='word_1_214' title='bbox 1754 929 1961 968; x_wconf 88' lang='lat' dir='ltr'>lamentans</span> <span class='ocrx_word' id='word_1_215' title='bbox 1980 942 2017 969; x_wconf 87' lang='lat' dir='ltr'>ct</span> <span class='ocrx_word' id='word_1_216' title='bbox 2033 936 2141 983; x_wconf 85' lang='lat' dir='ltr'>plan-</span> 
     </span>
     <span class='ocr_line' id='line_1_29' title="bbox 1150 984 2139 1033; baseline 0.017 -18"><span class='ocrx_word' id='word_1_217' title='bbox 1150 994 1253 1029; x_wconf 86' lang='lat' dir='ltr'>gens,</span> <span class='ocrx_word' id='word_1_218' title='bbox 1282 990 1318 1018; x_wconf 88' lang='lat' dir='ltr'>et</span> <span class='ocrx_word' id='word_1_219' title='bbox 1350 984 1456 1032; x_wconf 84' lang='lat' dir='ltr'>quasi</span> <span class='ocrx_word' id='word_1_220' title='bbox 1490 995 1713 1033; x_wconf 66' lang='lat' dir='ltr'>praesentent</span> <span class='ocrx_word' id='word_1_221' title='bbox 1746 989 1950 1027; x_wconf 87' lang='lat' dir='ltr'>sollicitans</span> <span class='ocrx_word' id='word_1_222' title='bbox 1975 1002 2012 1028; x_wconf 91' lang='lat' dir='ltr'>et</span> <span class='ocrx_word' id='word_1_223' title='bbox 2034 1008 2139 1032; x_wconf 88' lang='lat' dir='ltr'>com-</span> 
     </span>
    </p>
   </div>
   <div class='ocr_carea' id='block_1_6' title="bbox 76 1034 2139 1098">
    <p class='ocr_par' dir='ltr' id='par_1_6' title="bbox 76 1034 2139 1098">
     <span class='ocr_line' id='line_1_30' title="bbox 76 1034 2139 1098; baseline 0.009 -27"><span class='ocrx_word' id='word_1_224' title='bbox 76 1035 182 1071; x_wconf 88' lang='lat' dir='ltr'>mini.</span> <span class='ocrx_word' id='word_1_225' title='bbox 198 1034 340 1072; x_wconf 85' lang='lat' dir='ltr'>Eadem</span> <span class='ocrx_word' id='word_1_226' title='bbox 354 1035 447 1072; x_wconf 87' lang='lat' dir='ltr'>hora</span> <span class='ocrx_word' id='word_1_227' title='bbox 461 1036 603 1074; x_wconf 83' lang='lat' dir='ltr'>accitur</span> <span class='ocrx_word' id='word_1_228' title='bbox 616 1037 828 1086; x_wconf 87' lang='lat' dir='ltr'>Episcopus</span> <span class='ocrx_word' id='word_1_229' title='bbox 841 1066 850 1083; x_wconf 92' lang='lat'>,</span> <span class='ocrx_word' id='word_1_230' title='bbox 867 1038 1085 1086; x_wconf 81' lang='lat' dir='ltr'>agnoscitur</span> <span class='ocrx_word' id='word_1_231' title='bbox 1103 1046 1131 1080; x_wconf 89' lang='grc' dir='ltr'>Β</span> <span class='ocrx_word' id='word_1_232' title='bbox 1151 1041 1295 1090; x_wconf 83' lang='lat' dir='ltr'>pellans</span> <span class='ocrx_word' id='word_1_233' title='bbox 1328 1043 1546 1080; x_wconf 81' lang='lat' dir='ltr'>Malachiam</span> <span class='ocrx_word' id='word_1_234' title='bbox 1579 1045 1757 1083; x_wconf 74' lang='lat' dir='ltr'>adversus</span> <span class='ocrx_word' id='word_1_235' title='bbox 1790 1050 2045 1098; x_wconf 75' lang='lat' dir='ltr'>malignantes.</span> <span class='ocrx_word' id='word_1_236' title='bbox 2075 1058 2139 1091; x_wconf 89' lang='lat' dir='ltr'>In—</span> 
     </span>
    </p>
   </div>
   <div class='ocr_carea' id='block_1_7' title="bbox 74 1094 1082 1205">
    <p class='ocr_par' dir='ltr' id='par_1_7' title="bbox 74 1094 1082 1205">
     <span class='ocr_line' id='line_1_31' title="bbox 74 1094 1082 1144; baseline 0.003 -13"><span class='ocrx_word' id='word_1_237' title='bbox 74 1095 233 1141; x_wconf 86' lang='lat' dir='ltr'>veritas,</span> <span class='ocrx_word' id='word_1_238' title='bbox 265 1094 442 1144; x_wconf 88' lang='lat' dir='ltr'>abjicitur</span> <span class='ocrx_word' id='word_1_239' title='bbox 464 1109 583 1133; x_wconf 87' lang='lat' dir='ltr'>error.</span> <span class='ocrx_word' id='word_1_240' title='bbox 607 1097 808 1134; x_wconf 87' lang='lat' dir='ltr'>Confessus</span> <span class='ocrx_word' id='word_1_241' title='bbox 837 1106 982 1134; x_wconf 88' lang='lat' dir='ltr'>reatum</span> <span class='ocrx_word' id='word_1_242' title='bbox 1013 1097 1082 1134; x_wconf 89' lang='lat' dir='ltr'>ab—</span> 
     </span>
     <span class='ocr_line' id='line_1_32' title="bbox 74 1154 1080 1205; baseline 0.004 -15"><span class='ocrx_word' id='word_1_243' title='bbox 74 1154 255 1201; x_wconf 88' lang='lat' dir='ltr'>solvitur,</span> <span class='ocrx_word' id='word_1_244' title='bbox 284 1156 381 1205; x_wconf 88' lang='lat' dir='ltr'>petit</span> <span class='ocrx_word' id='word_1_245' title='bbox 405 1156 612 1202; x_wconf 90' lang='lat' dir='ltr'>Viaticum,</span> <span class='ocrx_word' id='word_1_246' title='bbox 647 1157 758 1193; x_wconf 91' lang='lat' dir='ltr'>datur</span> <span class='ocrx_word' id='word_1_247' title='bbox 790 1158 1080 1195; x_wconf 84' lang='lat' dir='ltr'>reconciliatio:</span> 
     </span>
    </p>
   </div>
   <div class='ocr_carea' id='block_1_8' title="bbox 74 1216 1080 1266">
    <p class='ocr_par' dir='ltr' id='par_1_8' title="bbox 0 1216 1080 1266">
     <span class='ocr_line' id='line_1_33' title="bbox 74 1216 1080 1266; baseline 0.004 -15.726"><span class='ocrx_word' id='word_1_248' title='bbox 74 1221 114 1251; x_wconf 85' lang='lat' dir='ltr'>et</span> <span class='ocrx_word' id='word_1_249' title='bbox 132 1227 211 1251; x_wconf 89' lang='lat' dir='ltr'>uno</span> <span class='ocrx_word' id='word_1_250' title='bbox 236 1227 333 1264; x_wconf 87' lang='lat' dir='ltr'>pene</span> <span class='ocrx_word' id='word_1_251' title='bbox 364 1225 557 1253; x_wconf 86' lang='lat' dir='ltr'>momento</span> <span class='ocrx_word' id='word_1_252' title='bbox 587 1216 744 1266; x_wconf 87' lang='lat' dir='ltr'>perfidia</span> <span class='ocrx_word' id='word_1_253' title='bbox 766 1230 832 1253; x_wconf 91' lang='lat' dir='ltr'>ore</span> <span class='ocrx_word' id='word_1_254' title='bbox 861 1217 1080 1264; x_wconf 88' lang='lat' dir='ltr'>abdicatur,</span> 
     </span>
    </p>
   </div>
   <div class='ocr_carea' id='block_1_9' title="bbox 75 1275 1080 1323">
    <p class='ocr_par' dir='ltr' id='par_1_9' title="bbox 75 1275 1080 1323">
     <span class='ocr_line' id='line_1_34' title="bbox 75 1275 1080 1323; baseline 0.004 -13"><span class='ocrx_word' id='word_1_255' title='bbox 75 1282 114 1311; x_wconf 90' lang='lat' dir='ltr'>et</span> <span class='ocrx_word' id='word_1_256' title='bbox 131 1282 256 1311; x_wconf 90' lang='lat' dir='ltr'>morte</span> <span class='ocrx_word' id='word_1_257' title='bbox 284 1275 454 1312; x_wconf 86' lang='lat' dir='ltr'>diluitur.</span> <span class='ocrx_word' id='word_1_258' title='bbox 476 1279 532 1313; x_wconf 86' lang='lat' dir='ltr'>Ita</span> <span class='ocrx_word' id='word_1_259' title='bbox 561 1276 788 1313; x_wconf 87' lang='lat' dir='ltr'>mirantibus</span> <span class='ocrx_word' id='word_1_260' title='bbox 817 1277 980 1323; x_wconf 87' lang='lat' dir='ltr'>cunctis,</span> <span class='ocrx_word' id='word_1_261' title='bbox 1011 1277 1080 1314; x_wconf 88' lang='lat' dir='ltr'>suh</span> 
     </span>
    </p>
   </div>
   <div class='ocr_carea' id='block_1_10' title="bbox 18 1332 1084 1386">
    <p class='ocr_par' dir='ltr' id='par_1_10' title="bbox 18 1332 1084 1386">
     <span class='ocr_line' id='line_1_35' title="bbox 18 1332 1084 1386; baseline 0.003 -16"><span class='ocrx_word' id='word_1_262' title='bbox 18 1332 27 1339; x_wconf 75' lang='lat'><strong><em>‘</em></strong></span> <span class='ocrx_word' id='word_1_263' title='bbox 74 1334 181 1371; x_wconf 89' lang='lat' dir='ltr'>omni</span> <span class='ocrx_word' id='word_1_264' title='bbox 201 1335 393 1372; x_wconf 86' lang='lat' dir='ltr'>celeritate</span> <span class='ocrx_word' id='word_1_265' title='bbox 410 1337 624 1386; x_wconf 90' lang='lat' dir='ltr'>completus</span> <span class='ocrx_word' id='word_1_266' title='bbox 640 1345 697 1372; x_wconf 88' lang='lat' dir='ltr'>est</span> <span class='ocrx_word' id='word_1_267' title='bbox 720 1350 845 1373; x_wconf 84' lang='lat' dir='ltr'>sermo</span> <span class='ocrx_word' id='word_1_268' title='bbox 866 1338 1060 1374; x_wconf 85' lang='lat' dir='ltr'>Malachiae</span> <span class='ocrx_word' id='word_1_269' title='bbox 1074 1367 1084 1383; x_wconf 93' lang='lat'>,</span> 
     </span>
    </p>
   </div>
   <div class='ocr_carea' id='block_1_11' title="bbox 74 1393 1085 1492">
    <p class='ocr_par' dir='ltr' id='par_1_11' title="bbox 74 1393 1085 1492">
     <span class='ocr_line' id='line_1_36' title="bbox 74 1393 1085 1445; baseline 0.002 -15"><span class='ocrx_word' id='word_1_270' title='bbox 74 1402 113 1431; x_wconf 88' lang='lat' dir='ltr'>et</span> <span class='ocrx_word' id='word_1_271' title='bbox 132 1393 337 1443; x_wconf 84' lang='lat' dir='ltr'>Scripturae</span> <span class='ocrx_word' id='word_1_272' title='bbox 363 1395 507 1445; x_wconf 85' lang='lat' dir='ltr'>pariter</span> <span class='ocrx_word' id='word_1_273' title='bbox 527 1395 706 1442; x_wconf 89' lang='lat' dir='ltr'>dicentis,</span> <span class='ocrx_word' id='word_1_274' title='bbox 735 1396 824 1445; x_wconf 86' lang='lat' dir='ltr'>quia</span> <span class='ocrx_word' id='word_1_275' title='bbox 844 1402 1000 1432; x_wconf 57' lang='lat' dir='ltr'>vezano</span> <span class='ocrx_word' id='word_1_276' title='bbox 1021 1398 1085 1433; x_wconf 81' lang='lat' dir='ltr'>dac</span> 
     </span>
     <span class='ocr_line' id='line_1_37' title="bbox 74 1456 512 1492; baseline 0.007 -3"><span class='ocrx_word' id='word_1_277' title='bbox 74 1456 299 1490; x_wconf 77' lang='lat' dir='ltr'>intellectum</span> <span class='ocrx_word' id='word_1_278' title='bbox 319 1457 466 1491; x_wconf 79' lang='lat' dir='ltr'>auditui</span> <span class='ocrx_word' id='word_1_279' title='bbox 487 1461 512 1492; x_wconf 84' lang='lat'>¹.</span> 
     </span>
    </p>
   </div>
   <div class='ocr_carea' id='block_1_12' title="bbox 380 1580 765 1621">
    <p class='ocr_par' dir='ltr' id='par_1_12' title="bbox 380 1580 765 1621">
     <span class='ocr_line' id='line_1_38' title="bbox 380 1580 765 1621; baseline 0.003 -2"><span class='ocrx_word' id='word_1_280' title='bbox 380 1581 559 1619; x_wconf 90' lang='lat' dir='ltr'>CAPUT</span> <span class='ocrx_word' id='word_1_281' title='bbox 589 1580 765 1621; x_wconf 69' lang='lat' dir='ltr'>XXVII.</span> 
     </span>
    </p>
   </div>
   <div class='ocr_carea' id='block_1_13' title="bbox 75 1703 1086 1790">
    <p class='ocr_par' dir='ltr' id='par_1_13' title="bbox 75 1703 1086 1790">
     <span class='ocr_line' id='line_1_39' title="bbox 75 1703 1086 1736; baseline 0.002 -2"><span class='ocrx_word' id='word_1_282' title='bbox 75 1705 189 1734; x_wconf 82' lang='lat' dir='ltr'>Pacem</span> <span class='ocrx_word' id='word_1_283' title='bbox 211 1709 241 1735; x_wconf 87' lang='lat' dir='ltr'>et</span> <span class='ocrx_word' id='word_1_284' title='bbox 259 1703 461 1736; x_wconf 87' lang='lat' dir='ltr'>concordiam</span> <span class='ocrx_word' id='word_1_285' title='bbox 487 1704 569 1735; x_wconf 84' lang='lat' dir='ltr'>inter</span> <span class='ocrx_word' id='word_1_286' title='bbox 600 1703 785 1735; x_wconf 77' lang='lat' dir='ltr'>dissidentes</span> <span class='ocrx_word' id='word_1_287' title='bbox 811 1705 995 1736; x_wconf 88' lang='lat' dir='ltr'>mirabiliter</span> <span class='ocrx_word' id='word_1_288' title='bbox 1014 1716 1086 1735; x_wconf 86' lang='lat' dir='ltr'>con-</span> 
     </span>
     <span class='ocr_line' id='line_1_40' title="bbox 531 1759 628 1790; baseline -0.01 0"><span class='ocrx_word' id='word_1_289' title='bbox 531 1759 628 1790; x_wconf 86' lang='lat' dir='ltr'>ciliat-</span> 
     </span>
    </p>
   </div>
   <div class='ocr_carea' id='block_1_14' title="bbox 75 1877 1083 2585">
    <p class='ocr_par' dir='ltr' id='par_1_14' title="bbox 75 1877 1083 2585">
     <span class='ocr_line' id='line_1_41' title="bbox 129 1877 1082 1929; baseline -0.001 -14"><span class='ocrx_word' id='word_1_290' title='bbox 129 1879 194 1915; x_wconf 88' lang='lat'>58.</span> <span class='ocrx_word' id='word_1_291' title='bbox 207 1881 314 1929; x_wconf 80' lang='lat' dir='ltr'>Inter</span> <span class='ocrx_word' id='word_1_292' title='bbox 330 1879 496 1928; x_wconf 74' lang='lat' dir='ltr'>populns</span> <span class='ocrx_word' id='word_1_293' title='bbox 511 1877 763 1927; x_wconf 86' lang='lat' dir='ltr'>quarumdam</span> <span class='ocrx_word' id='word_1_294' title='bbox 783 1878 981 1927; x_wconf 86' lang='lat' dir='ltr'>regionum</span> <span class='ocrx_word' id='word_1_295' title='bbox 998 1886 1082 1914; x_wconf 82' lang='lat' dir='ltr'>orta</span> 
     </span>
     <span class='ocr_line' id='line_1_42' title="bbox 76 1938 1082 1988; baseline -0.001 -13"><span class='ocrx_word' id='word_1_296' title='bbox 76 1938 283 1988; x_wconf 88' lang='lat' dir='ltr'>aliquando</span> <span class='ocrx_word' id='word_1_297' title='bbox 317 1939 443 1988; x_wconf 85' lang='lat' dir='ltr'>gravis</span> <span class='ocrx_word' id='word_1_298' title='bbox 478 1938 666 1975; x_wconf 86' lang='lat' dir='ltr'>discordia</span> <span class='ocrx_word' id='word_1_299' title='bbox 705 1947 772 1974; x_wconf 90' lang='lat' dir='ltr'>est.</span> <span class='ocrx_word' id='word_1_300' title='bbox 811 1939 1082 1988; x_wconf 85' lang='lat' dir='ltr'>Interpellatur</span> 
     </span>
     <span class='ocr_line' id='line_1_43' title="bbox 76 1997 1083 2048; baseline -0.003 -12"><span class='ocrx_word' id='word_1_301' title='bbox 76 1999 278 2037; x_wconf 83' lang='lat' dir='ltr'>Malachias</span> <span class='ocrx_word' id='word_1_302' title='bbox 309 1998 356 2035; x_wconf 90' lang='lat' dir='ltr'>de</span> <span class='ocrx_word' id='word_1_303' title='bbox 386 1997 654 2048; x_wconf 86' lang='lat' dir='ltr'>componenda</span> <span class='ocrx_word' id='word_1_304' title='bbox 685 2011 778 2047; x_wconf 86' lang='lat' dir='ltr'>pace</span> <span class='ocrx_word' id='word_1_305' title='bbox 806 1998 905 2034; x_wconf 89' lang='lat' dir='ltr'>inter</span> <span class='ocrx_word' id='word_1_306' title='bbox 931 2011 1023 2034; x_wconf 87' lang='lat' dir='ltr'>eos:</span> <span class='ocrx_word' id='word_1_307' title='bbox 1047 2006 1083 2033; x_wconf 87' lang='lat' dir='ltr'>et</span> 
     </span>
     <span class='ocr_line' id='line_1_44' title="bbox 75 2056 1081 2107; baseline -0.003 -12"><span class='ocrx_word' id='word_1_308' title='bbox 75 2072 163 2095; x_wconf 91' lang='lat' dir='ltr'>cum</span> <span class='ocrx_word' id='word_1_309' title='bbox 196 2066 295 2095; x_wconf 86' lang='lat' dir='ltr'>esset</span> <span class='ocrx_word' id='word_1_310' title='bbox 323 2058 414 2094; x_wconf 89' lang='lat' dir='ltr'>alias</span> <span class='ocrx_word' id='word_1_311' title='bbox 442 2057 671 2107; x_wconf 85' lang='lat' dir='ltr'>impeditus,</span> <span class='ocrx_word' id='word_1_312' title='bbox 691 2056 859 2107; x_wconf 82' lang='lat' dir='ltr'>injungit</span> <span class='ocrx_word' id='word_1_313' title='bbox 886 2058 1081 2106; x_wconf 74' lang='lat' dir='ltr'>negotium</span> 
     </span>
     <span class='ocr_line' id='line_1_45' title="bbox 76 2118 1080 2168; baseline -0.002 -14"><span class='ocrx_word' id='word_1_314' title='bbox 76 2118 150 2155; x_wconf 89' lang='lat' dir='ltr'>hoc</span> <span class='ocrx_word' id='word_1_315' title='bbox 184 2119 252 2154; x_wconf 90' lang='lat' dir='ltr'>uni</span> <span class='ocrx_word' id='word_1_316' title='bbox 287 2118 571 2168; x_wconf 86' lang='lat' dir='ltr'>episcoporum.</span> <span class='ocrx_word' id='word_1_317' title='bbox 607 2118 678 2154; x_wconf 92' lang='lat' dir='ltr'>Illo</span> <span class='ocrx_word' id='word_1_318' title='bbox 708 2126 914 2154; x_wconf 74' lang='lat' dir='ltr'>excusante</span> <span class='ocrx_word' id='word_1_319' title='bbox 943 2125 981 2153; x_wconf 89' lang='lat' dir='ltr'>et</span> <span class='ocrx_word' id='word_1_320' title='bbox 1010 2130 1080 2152; x_wconf 89' lang='lat' dir='ltr'>ne-</span> 
     </span>
     <span class='ocr_line' id='line_1_46' title="bbox 75 2176 1081 2227; baseline -0.003 -13"><span class='ocrx_word' id='word_1_321' title='bbox 75 2185 210 2227; x_wconf 84' lang='lat' dir='ltr'>gante,</span> <span class='ocrx_word' id='word_1_322' title='bbox 240 2186 279 2214; x_wconf 91' lang='lat' dir='ltr'>et</span> <span class='ocrx_word' id='word_1_323' title='bbox 304 2177 455 2214; x_wconf 86' lang='lat' dir='ltr'>dicente</span> <span class='ocrx_word' id='word_1_324' title='bbox 483 2177 733 2223; x_wconf 84' lang='lat' dir='ltr'>Malachiam,</span> <span class='ocrx_word' id='word_1_325' title='bbox 761 2190 840 2213; x_wconf 91' lang='lat' dir='ltr'>non</span> <span class='ocrx_word' id='word_1_326' title='bbox 866 2190 924 2222; x_wconf 92' lang='lat' dir='ltr'>se,</span> <span class='ocrx_word' id='word_1_327' title='bbox 943 2176 1081 2225; x_wconf 84' lang='lat' dir='ltr'>quaesi-</span> 
     </span>
     <span class='ocr_line' id='line_1_47' title="bbox 77 2236 1078 2287; baseline -0.002 -14"><span class='ocrx_word' id='word_1_328' title='bbox 77 2245 180 2283; x_wconf 82' lang='lat' dir='ltr'>tum3</span> <span class='ocrx_word' id='word_1_329' title='bbox 204 2250 242 2273; x_wconf 91' lang='lat' dir='ltr'>se</span> <span class='ocrx_word' id='word_1_330' title='bbox 262 2245 526 2287; x_wconf 89' lang='lat' dir='ltr'>contemptum</span> <span class='ocrx_word' id='word_1_331' title='bbox 547 2238 608 2283; x_wconf 90' lang='lat' dir='ltr'>iri,</span> <span class='ocrx_word' id='word_1_332' title='bbox 630 2237 768 2274; x_wconf 82' lang='lat' dir='ltr'>frustra</span> <span class='ocrx_word' id='word_1_333' title='bbox 788 2237 935 2285; x_wconf 85' lang='lat' dir='ltr'>fatigari</span> <span class='ocrx_word' id='word_1_334' title='bbox 954 2236 1078 2271; x_wconf 89' lang='lat' dir='ltr'>nolle:</span> 
     </span>
     <span class='ocr_line' id='line_1_48' title="bbox 76 2297 1082 2347; baseline -0.002 -13"><span class='ocrx_word' id='word_1_335' title='bbox 76 2314 91 2328; x_wconf 73' lang='grc' dir='ltr'>ιι</span> <span class='ocrx_word' id='word_1_336' title='bbox 111 2297 228 2343; x_wconf 88' lang='lat' dir='ltr'>Vade,</span> <span class='ocrx_word' id='word_1_337' title='bbox 247 2316 260 2331; x_wconf 72' lang='lat' dir='ltr'><em>n</em></span> <span class='ocrx_word' id='word_1_338' title='bbox 282 2297 424 2347; x_wconf 88' lang='lat' dir='ltr'>inquit,</span> <span class='ocrx_word' id='word_1_339' title='bbox 443 2314 458 2330; x_wconf 88' lang='lat'>«</span> <span class='ocrx_word' id='word_1_340' title='bbox 480 2305 518 2334; x_wconf 90' lang='lat' dir='ltr'>et</span> <span class='ocrx_word' id='word_1_341' title='bbox 536 2297 724 2334; x_wconf 88' lang='lat' dir='ltr'>Dominus</span> <span class='ocrx_word' id='word_1_342' title='bbox 748 2297 819 2333; x_wconf 86' lang='lat' dir='ltr'>erit</span> <span class='ocrx_word' id='word_1_343' title='bbox 845 2305 981 2332; x_wconf 88' lang='lat' dir='ltr'>tecum.</span> <span class='ocrx_word' id='word_1_344' title='bbox 1006 2313 1019 2328; x_wconf 87' lang='lat'>»</span> <span class='ocrx_word' id='word_1_345' title='bbox 1036 2299 1082 2332; x_wconf 90' lang='lat' dir='ltr'>Et</span> 
     </span>
     <span class='ocr_line' id='line_1_49' title="bbox 75 2356 1080 2406; baseline -0.002 -13"><span class='ocrx_word' id='word_1_346' title='bbox 75 2357 189 2394; x_wconf 87' lang='lat' dir='ltr'>ille:«</span> <span class='ocrx_word' id='word_1_347' title='bbox 208 2357 435 2406; x_wconf 90' lang='lat' dir='ltr'>Acquiesco,</span> <span class='ocrx_word' id='word_1_348' title='bbox 450 2356 516 2393; x_wconf 90' lang='lat' dir='ltr'>sed</span> <span class='ocrx_word' id='word_1_349' title='bbox 535 2357 566 2393; x_wconf 90' lang='lat' dir='ltr'>si</span> <span class='ocrx_word' id='word_1_350' title='bbox 582 2370 642 2393; x_wconf 87' lang='lat' dir='ltr'>me</span> <span class='ocrx_word' id='word_1_351' title='bbox 659 2370 735 2393; x_wconf 90' lang='lat' dir='ltr'>non</span> <span class='ocrx_word' id='word_1_352' title='bbox 755 2356 966 2401; x_wconf 84' lang='lat' dir='ltr'>audierint,</span> <span class='ocrx_word' id='word_1_353' title='bbox 987 2356 1080 2392; x_wconf 89' lang='lat' dir='ltr'>scito</span> 
     </span>
     <span class='ocr_line' id='line_1_50' title="bbox 75 2416 1079 2465; baseline -0.002 -12"><span class='ocrx_word' id='word_1_354' title='bbox 75 2434 90 2450; x_wconf 69' lang='grc' dir='ltr'>»ι</span> <span class='ocrx_word' id='word_1_355' title='bbox 112 2429 173 2453; x_wconf 90' lang='lat' dir='ltr'>me</span> <span class='ocrx_word' id='word_1_356' title='bbox 208 2416 257 2453; x_wconf 91' lang='lat' dir='ltr'>ad</span> <span class='ocrx_word' id='word_1_357' title='bbox 291 2425 394 2453; x_wconf 91' lang='lat' dir='ltr'>tuam</span> <span class='ocrx_word' id='word_1_358' title='bbox 433 2417 703 2454; x_wconf 79' lang='lat' dir='ltr'>Paternitateni</span> <span class='ocrx_word' id='word_1_359' title='bbox 739 2417 1035 2465; x_wconf 82' lang='lat' dir='ltr'>appellaturum.</span> <span class='ocrx_word' id='word_1_360' title='bbox 1066 2432 1079 2447; x_wconf 71' lang='grc' dir='ltr'><strong>υ</strong></span> 
     </span>
     <span class='ocr_line' id='line_1_51' title="bbox 75 2476 1081 2525; baseline -0.001 -12"><span class='ocrx_word' id='word_1_361' title='bbox 75 2476 287 2514; x_wconf 91' lang='lat' dir='ltr'>Subridens</span> <span class='ocrx_word' id='word_1_362' title='bbox 319 2477 522 2514; x_wconf 86' lang='lat' dir='ltr'>Malachias</span> <span class='ocrx_word' id='word_1_363' title='bbox 552 2492 560 2514; x_wconf 76' lang='grc' dir='ltr'>ε</span> <span class='ocrx_word' id='word_1_364' title='bbox 590 2495 604 2510; x_wconf 88' lang='lat'>«</span> <span class='ocrx_word' id='word_1_365' title='bbox 632 2478 736 2523; x_wconf 90' lang='lat' dir='ltr'>Fiat,</span> <span class='ocrx_word' id='word_1_366' title='bbox 764 2494 778 2509; x_wconf 68' lang='grc' dir='ltr'>ιι</span> <span class='ocrx_word' id='word_1_367' title='bbox 809 2477 945 2525; x_wconf 89' lang='lat' dir='ltr'>inquit.</span> <span class='ocrx_word' id='word_1_368' title='bbox 975 2480 1081 2512; x_wconf 88' lang='lat' dir='ltr'>Tunc</span> 
     </span>
     <span class='ocr_line' id='line_1_52' title="bbox 76 2534 1081 2585; baseline -0.002 -13"><span class='ocrx_word' id='word_1_369' title='bbox 76 2536 280 2585; x_wconf 88' lang='lat' dir='ltr'>episcopus</span> <span class='ocrx_word' id='word_1_370' title='bbox 306 2536 525 2573; x_wconf 85' lang='lat' dir='ltr'>convocatis</span> <span class='ocrx_word' id='word_1_371' title='bbox 552 2535 744 2585; x_wconf 89' lang='lat' dir='ltr'>partibus,</span> <span class='ocrx_word' id='word_1_372' title='bbox 772 2535 890 2571; x_wconf 88' lang='lat' dir='ltr'>dictat</span> <span class='ocrx_word' id='word_1_373' title='bbox 920 2534 1081 2571; x_wconf 83' lang='lat' dir='ltr'>formam</span> 
     </span>
    </p>
   </div>
   <div class='ocr_carea' id='block_1_15' title="bbox 1148 1101 2141 1810">
    <p class='ocr_par' dir='ltr' id='par_1_15' title="bbox 1148 1101 2141 1810">
     <span class='ocr_line' id='line_1_53' title="bbox 1150 1101 2137 1161; baseline 0.015 -25"><span class='ocrx_word' id='word_1_374' title='bbox 1150 1101 1258 1137; x_wconf 87' lang='lat' dir='ltr'>terim</span> <span class='ocrx_word' id='word_1_375' title='bbox 1282 1115 1373 1139; x_wconf 67' lang='lat' dir='ltr'>vero</span> <span class='ocrx_word' id='word_1_376' title='bbox 1394 1104 1499 1153; x_wconf 89' lang='lat' dir='ltr'>impii</span> <span class='ocrx_word' id='word_1_377' title='bbox 1529 1118 1614 1142; x_wconf 91' lang='lat' dir='ltr'>cum</span> <span class='ocrx_word' id='word_1_378' title='bbox 1645 1106 1782 1155; x_wconf 85' lang='lat' dir='ltr'>quibus</span> <span class='ocrx_word' id='word_1_379' title='bbox 1811 1109 1975 1147; x_wconf 82' lang='lat' dir='ltr'>fecerant</span> <span class='ocrx_word' id='word_1_380' title='bbox 1995 1126 2137 1161; x_wconf 85' lang='lat' dir='ltr'>pacem,</span> 
     </span>
     <span class='ocr_line' id='line_1_54' title="bbox 1149 1162 2140 1217; baseline 0.015 -20"><span class='ocrx_word' id='word_1_381' title='bbox 1149 1162 1294 1211; x_wconf 90' lang='lat' dir='ltr'>insequi</span> <span class='ocrx_word' id='word_1_382' title='bbox 1319 1177 1395 1199; x_wconf 90' lang='lat' dir='ltr'>non</span> <span class='ocrx_word' id='word_1_383' title='bbox 1419 1164 1647 1202; x_wconf 85' lang='lat' dir='ltr'>desistebant</span> <span class='ocrx_word' id='word_1_384' title='bbox 1674 1167 1718 1203; x_wconf 91' lang='lat' dir='ltr'>ad</span> <span class='ocrx_word' id='word_1_385' title='bbox 1740 1169 1974 1217; x_wconf 87' lang='lat' dir='ltr'>perdendum</span> <span class='ocrx_word' id='word_1_386' title='bbox 1999 1187 2083 1211; x_wconf 82' lang='lat' dir='ltr'>eos:</span> <span class='ocrx_word' id='word_1_387' title='bbox 2103 1185 2140 1212; x_wconf 87' lang='lat' dir='ltr'>et</span> 
     </span>
     <span class='ocr_line' id='line_1_55' title="bbox 1148 1223 2139 1276; baseline 0.013 -19"><span class='ocrx_word' id='word_1_388' title='bbox 1148 1235 1235 1258; x_wconf 87' lang='lat' dir='ltr'>ecce</span> <span class='ocrx_word' id='word_1_389' title='bbox 1261 1223 1412 1272; x_wconf 87' lang='lat' dir='ltr'>spiritus</span> <span class='ocrx_word' id='word_1_390' title='bbox 1439 1225 1601 1261; x_wconf 75' lang='lat' dir='ltr'>mendax</span> <span class='ocrx_word' id='word_1_391' title='bbox 1620 1227 1657 1262; x_wconf 92' lang='lat' dir='ltr'>in</span> <span class='ocrx_word' id='word_1_392' title='bbox 1680 1241 1745 1263; x_wconf 85' lang='lat' dir='ltr'>ore</span> <span class='ocrx_word' id='word_1_393' title='bbox 1765 1231 2015 1276; x_wconf 86' lang='lat' dir='ltr'>quorumdam</span> <span class='ocrx_word' id='word_1_394' title='bbox 2037 1234 2139 1271; x_wconf 76' lang='lat' dir='ltr'>viro-</span> 
     </span>
     <span class='ocr_line' id='line_1_56' title="bbox 1151 1283 2136 1335; baseline 0.015 -19"><span class='ocrx_word' id='word_1_395' title='bbox 1151 1295 1258 1328; x_wconf 84' lang='lat' dir='ltr'>rum,</span> <span class='ocrx_word' id='word_1_396' title='bbox 1280 1283 1344 1331; x_wconf 89' lang='lat' dir='ltr'>qui</span> <span class='ocrx_word' id='word_1_397' title='bbox 1367 1296 1431 1319; x_wconf 87' lang='lat' dir='ltr'>eos</span> <span class='ocrx_word' id='word_1_398' title='bbox 1452 1284 1654 1335; x_wconf 87' lang='lat' dir='ltr'>deciperet.</span> <span class='ocrx_word' id='word_1_399' title='bbox 1677 1290 1723 1323; x_wconf 85' lang='lat' dir='ltr'>Et</span> <span class='ocrx_word' id='word_1_400' title='bbox 1744 1300 1991 1327; x_wconf 85' lang='lat' dir='ltr'>occurrerunt</span> <span class='ocrx_word' id='word_1_401' title='bbox 2009 1293 2080 1331; x_wconf 88' lang='lat' dir='ltr'>illis</span> <span class='ocrx_word' id='word_1_402' title='bbox 2099 1295 2136 1331; x_wconf 92' lang='lat' dir='ltr'>in</span> 
     </span>
     <span class='ocr_line' id='line_1_57' title="bbox 1150 1342 2140 1397; baseline 0.014 -21"><span class='ocrx_word' id='word_1_403' title='bbox 1150 1342 1210 1377; x_wconf 79' lang='lat' dir='ltr'>via</span> <span class='ocrx_word' id='word_1_404' title='bbox 1229 1342 1318 1387; x_wconf 77' lang='lat' dir='ltr'>viri,</span> <span class='ocrx_word' id='word_1_405' title='bbox 1342 1344 1571 1390; x_wconf 84' lang='lat' dir='ltr'>nuntiantes,</span> <span class='ocrx_word' id='word_1_406' title='bbox 1594 1346 1724 1382; x_wconf 85' lang='lat' dir='ltr'>factam</span> <span class='ocrx_word' id='word_1_407' title='bbox 1746 1347 1993 1397; x_wconf 77' lang='lat' dir='ltr'>irruptionem</span> <span class='ocrx_word' id='word_1_408' title='bbox 2015 1352 2051 1388; x_wconf 91' lang='lat' dir='ltr'>in</span> <span class='ocrx_word' id='word_1_409' title='bbox 2071 1362 2140 1390; x_wconf 91' lang='lat' dir='ltr'>ter—</span> 
     </span>
     <span class='ocr_line' id='line_1_58' title="bbox 1150 1402 2141 1458; baseline 0.013 -22"><span class='ocrx_word' id='word_1_410' title='bbox 1150 1415 1210 1438; x_wconf 88' lang='lat' dir='ltr'>ras</span> <span class='ocrx_word' id='word_1_411' title='bbox 1230 1402 1399 1451; x_wconf 86' lang='lat' dir='ltr'>ipsorum</span> <span class='ocrx_word' id='word_1_412' title='bbox 1428 1402 1474 1439; x_wconf 91' lang='lat' dir='ltr'>ab</span> <span class='ocrx_word' id='word_1_413' title='bbox 1499 1404 1742 1443; x_wconf 75' lang='lat' dir='ltr'>adversariis:</span> <span class='ocrx_word' id='word_1_414' title='bbox 1767 1407 1805 1443; x_wconf 92' lang='lat' dir='ltr'>in</span> <span class='ocrx_word' id='word_1_415' title='bbox 1830 1422 1895 1445; x_wconf 89' lang='lat' dir='ltr'>ore</span> <span class='ocrx_word' id='word_1_416' title='bbox 1917 1410 2028 1458; x_wconf 77' lang='lat' dir='ltr'>gladii</span> <span class='ocrx_word' id='word_1_417' title='bbox 2050 1426 2141 1449; x_wconf 90' lang='lat' dir='ltr'>con-</span> 
     </span>
     <span class='ocr_line' id='line_1_59' title="bbox 1150 1463 2140 1516; baseline 0.012 -19"><span class='ocrx_word' id='word_1_418' title='bbox 1150 1463 1247 1498; x_wconf 88' lang='lat' dir='ltr'>sumi</span> <span class='ocrx_word' id='word_1_419' title='bbox 1282 1463 1431 1509; x_wconf 86' lang='lat' dir='ltr'>omnia,</span> <span class='ocrx_word' id='word_1_420' title='bbox 1462 1473 1499 1500; x_wconf 89' lang='lat' dir='ltr'>et</span> <span class='ocrx_word' id='word_1_421' title='bbox 1532 1465 1642 1515; x_wconf 86' lang='lat' dir='ltr'>diripi</span> <span class='ocrx_word' id='word_1_422' title='bbox 1682 1465 1784 1503; x_wconf 88' lang='lat' dir='ltr'>bona</span> <span class='ocrx_word' id='word_1_423' title='bbox 1817 1481 1971 1516; x_wconf 89' lang='lat' dir='ltr'>eorum,</span> <span class='ocrx_word' id='word_1_424' title='bbox 2003 1484 2140 1509; x_wconf 77' lang='lat' dir='ltr'>uxores</span> 
     </span>
     <span class='ocr_line' id='line_1_60' title="bbox 1151 1523 2136 1577; baseline 0.011 -20"><span class='ocrx_word' id='word_1_425' title='bbox 1151 1535 1304 1571; x_wconf 87' lang='lat' dir='ltr'>quoque</span> <span class='ocrx_word' id='word_1_426' title='bbox 1325 1536 1366 1559; x_wconf 85' lang='lat' dir='ltr'>ae</span> <span class='ocrx_word' id='word_1_427' title='bbox 1387 1523 1526 1561; x_wconf 84' lang='lat' dir='ltr'>liberos</span> <span class='ocrx_word' id='word_1_428' title='bbox 1548 1526 1626 1561; x_wconf 90' lang='lat' dir='ltr'>tolli</span> <span class='ocrx_word' id='word_1_429' title='bbox 1655 1535 1691 1562; x_wconf 87' lang='lat' dir='ltr'>et</span> <span class='ocrx_word' id='word_1_430' title='bbox 1717 1526 1864 1564; x_wconf 84' lang='lat' dir='ltr'>abduci.</span> <span class='ocrx_word' id='word_1_431' title='bbox 1893 1530 1959 1566; x_wconf 89' lang='lat' dir='ltr'>His</span> <span class='ocrx_word' id='word_1_432' title='bbox 1987 1531 2136 1577; x_wconf 89' lang='lat' dir='ltr'>auditis,</span> 
     </span>
     <span class='ocr_line' id='line_1_61' title="bbox 1153 1582 2138 1634; baseline 0.01 -17"><span class='ocrx_word' id='word_1_433' title='bbox 1153 1582 1295 1618; x_wconf 75' lang='lat' dir='ltr'>reversi</span> <span class='ocrx_word' id='word_1_434' title='bbox 1333 1591 1419 1619; x_wconf 89' lang='lat' dir='ltr'>sunt</span> <span class='ocrx_word' id='word_1_435' title='bbox 1458 1584 1687 1621; x_wconf 85' lang='lat' dir='ltr'>festinanter.</span> <span class='ocrx_word' id='word_1_436' title='bbox 1723 1586 1984 1634; x_wconf 86' lang='lat' dir='ltr'>Sequebantur</span> <span class='ocrx_word' id='word_1_437' title='bbox 2018 1590 2138 1627; x_wconf 87' lang='lat' dir='ltr'>ultimi</span> 
     </span>
     <span class='ocr_line' id='line_1_62' title="bbox 1151 1641 2136 1693; baseline 0.009 -17"><span class='ocrx_word' id='word_1_438' title='bbox 1151 1641 1315 1691; x_wconf 86' lang='lat' dir='ltr'>primos,</span> <span class='ocrx_word' id='word_1_439' title='bbox 1347 1656 1421 1691; x_wconf 89' lang='lat' dir='ltr'>quo</span> <span class='ocrx_word' id='word_1_440' title='bbox 1453 1643 1570 1687; x_wconf 88' lang='lat' dir='ltr'>irent,</span> <span class='ocrx_word' id='word_1_441' title='bbox 1604 1653 1667 1679; x_wconf 87' lang='lat' dir='ltr'>aut</span> <span class='ocrx_word' id='word_1_442' title='bbox 1705 1645 1795 1693; x_wconf 90' lang='lat' dir='ltr'>quid</span> <span class='ocrx_word' id='word_1_443' title='bbox 1827 1646 2029 1691; x_wconf 89' lang='lat' dir='ltr'>acciderat,</span> <span class='ocrx_word' id='word_1_444' title='bbox 2068 1662 2136 1685; x_wconf 87' lang='lat' dir='ltr'>ne-</span> 
     </span>
     <span class='ocr_line' id='line_1_63' title="bbox 1151 1702 2140 1745; baseline 0.007 -8"><span class='ocrx_word' id='word_1_445' title='bbox 1151 1702 1322 1737; x_wconf 87' lang='lat' dir='ltr'>scientes.</span> <span class='ocrx_word' id='word_1_446' title='bbox 1343 1705 1418 1738; x_wconf 64' lang='lat' dir='ltr'>Nec</span> <span class='ocrx_word' id='word_1_447' title='bbox 1440 1703 1540 1738; x_wconf 89' lang='lat' dir='ltr'>enim</span> <span class='ocrx_word' id='word_1_448' title='bbox 1573 1716 1703 1740; x_wconf 88' lang='lat' dir='ltr'>omnes</span> <span class='ocrx_word' id='word_1_449' title='bbox 1733 1704 1928 1741; x_wconf 87' lang='lat' dir='ltr'>audierant</span> <span class='ocrx_word' id='word_1_450' title='bbox 1955 1707 2054 1743; x_wconf 72' lang='lat' dir='ltr'>viros</span> <span class='ocrx_word' id='word_1_451' title='bbox 2081 1709 2140 1745; x_wconf 93' lang='lat' dir='ltr'>lo-</span> 
     </span>
     <span class='ocr_line' id='line_1_64' title="bbox 1152 1762 2140 1810; baseline 0.007 -13"><span class='ocrx_word' id='word_1_452' title='bbox 1152 1769 1323 1810; x_wconf 88' lang='lat' dir='ltr'>quentes.</span> <span class='ocrx_word' id='word_1_453' title='bbox 1340 1764 1508 1810; x_wconf 89' lang='lat' dir='ltr'>Cumque</span> <span class='ocrx_word' id='word_1_454' title='bbox 1525 1762 1733 1806; x_wconf 76' lang='lat' dir='ltr'>venissent,</span> <span class='ocrx_word' id='word_1_455' title='bbox 1753 1771 1790 1798; x_wconf 87' lang='lat' dir='ltr'>et</span> <span class='ocrx_word' id='word_1_456' title='bbox 1803 1763 2032 1801; x_wconf 72' lang='lat' dir='ltr'>invenissent</span> <span class='ocrx_word' id='word_1_457' title='bbox 2049 1768 2140 1804; x_wconf 88' lang='lat' dir='ltr'>nihil</span> 
     </span>
    </p>
   </div>
   <div class='ocr_carea' id='block_1_16' title="bbox 1103 1821 2136 1870">
    <p class='ocr_par' dir='ltr' id='par_1_16' title="bbox 1103 1821 2136 1870">
     <span class='ocr_line' id='line_1_65' title="bbox 1103 1821 2136 1870; baseline 0.006 -14"><span class='ocrx_word' id='word_1_458' title='bbox 1103 1826 1129 1860; x_wconf 92' lang='lat' dir='ltr'>C</span> <span class='ocrx_word' id='word_1_459' title='bbox 1152 1821 1289 1857; x_wconf 88' lang='lat' dir='ltr'>horum</span> <span class='ocrx_word' id='word_1_460' title='bbox 1318 1833 1402 1869; x_wconf 85' lang='lat' dir='ltr'>quae</span> <span class='ocrx_word' id='word_1_461' title='bbox 1431 1821 1600 1856; x_wconf 87' lang='lat' dir='ltr'>nuntiata</span> <span class='ocrx_word' id='word_1_462' title='bbox 1621 1829 1746 1864; x_wconf 88' lang='lat' dir='ltr'>erant,</span> <span class='ocrx_word' id='word_1_463' title='bbox 1769 1823 1914 1858; x_wconf 86' lang='lat' dir='ltr'>confusi</span> <span class='ocrx_word' id='word_1_464' title='bbox 1943 1833 2047 1870; x_wconf 89' lang='lat' dir='ltr'>sunt,</span> <span class='ocrx_word' id='word_1_465' title='bbox 2069 1826 2136 1862; x_wconf 89' lang='lat' dir='ltr'>de-</span> 
     </span>
    </p>
   </div>
   <div class='ocr_carea' id='block_1_17' title="bbox 1148 1879 2141 2585">
    <p class='ocr_par' dir='ltr' id='par_1_17' title="bbox 1148 1879 2141 2286">
     <span class='ocr_line' id='line_1_66' title="bbox 1149 1879 2140 1933; baseline 0.005 -17"><span class='ocrx_word' id='word_1_466' title='bbox 1149 1880 1326 1930; x_wconf 89' lang='lat' dir='ltr'>prehensi</span> <span class='ocrx_word' id='word_1_467' title='bbox 1351 1880 1388 1915; x_wconf 88' lang='lat' dir='ltr'>in</span> <span class='ocrx_word' id='word_1_468' title='bbox 1424 1879 1564 1915; x_wconf 88' lang='lat' dir='ltr'>malitia</span> <span class='ocrx_word' id='word_1_469' title='bbox 1594 1893 1671 1916; x_wconf 89' lang='lat' dir='ltr'>sua.</span> <span class='ocrx_word' id='word_1_470' title='bbox 1701 1883 1747 1916; x_wconf 89' lang='lat' dir='ltr'>Et</span> <span class='ocrx_word' id='word_1_471' title='bbox 1774 1892 2033 1929; x_wconf 73' lang='lat' dir='ltr'>cognoverunt</span> <span class='ocrx_word' id='word_1_472' title='bbox 2061 1885 2140 1933; x_wconf 81' lang='lat' dir='ltr'>spi-</span> 
     </span>
     <span class='ocr_line' id='line_1_67' title="bbox 1150 1938 2140 1988; baseline 0.004 -12"><span class='ocrx_word' id='word_1_473' title='bbox 1150 1940 1238 1976; x_wconf 87' lang='lat' dir='ltr'>ritui</span> <span class='ocrx_word' id='word_1_474' title='bbox 1262 1940 1402 1976; x_wconf 88' lang='lat' dir='ltr'>erroris</span> <span class='ocrx_word' id='word_1_475' title='bbox 1431 1951 1469 1974; x_wconf 89' lang='lat' dir='ltr'>se</span> <span class='ocrx_word' id='word_1_476' title='bbox 1500 1938 1657 1974; x_wconf 86' lang='lat' dir='ltr'>traditos</span> <span class='ocrx_word' id='word_1_477' title='bbox 1687 1948 1845 1988; x_wconf 87' lang='lat' dir='ltr'>propter</span> <span class='ocrx_word' id='word_1_478' title='bbox 1865 1942 2039 1978; x_wconf 88' lang='lat' dir='ltr'>nuntium</span> <span class='ocrx_word' id='word_1_479' title='bbox 2058 1947 2140 1979; x_wconf 81' lang='lat' dir='ltr'>Ma—</span> 
     </span>
     <span class='ocr_line' id='line_1_68' title="bbox 1150 1998 2139 2051; baseline 0.004 -16"><span class='ocrx_word' id='word_1_480' title='bbox 1150 1999 1279 2035; x_wconf 83' lang='lat' dir='ltr'>lachiae</span> <span class='ocrx_word' id='word_1_481' title='bbox 1301 2012 1414 2047; x_wconf 87' lang='lat' dir='ltr'>quem</span> <span class='ocrx_word' id='word_1_482' title='bbox 1439 1998 1693 2047; x_wconf 87' lang='lat' dir='ltr'>deceperunt,</span> <span class='ocrx_word' id='word_1_483' title='bbox 1710 2007 1746 2035; x_wconf 89' lang='lat' dir='ltr'>et</span> <span class='ocrx_word' id='word_1_484' title='bbox 1775 2012 1913 2035; x_wconf 68' lang='lat' dir='ltr'>nornen</span> <span class='ocrx_word' id='word_1_485' title='bbox 1936 1999 2016 2049; x_wconf 89' lang='lat' dir='ltr'>ejus</span> <span class='ocrx_word' id='word_1_486' title='bbox 2036 2002 2139 2051; x_wconf 90' lang='lat' dir='ltr'>quod</span> 
     </span>
     <span class='ocr_line' id='line_1_69' title="bbox 1149 2058 2141 2107; baseline 0.003 -13"><span class='ocrx_word' id='word_1_487' title='bbox 1149 2067 1388 2107; x_wconf 73' lang='lat' dir='ltr'>spreverunt.</span> <span class='ocrx_word' id='word_1_488' title='bbox 1410 2062 1528 2094; x_wconf 87' lang='lat' dir='ltr'>Porro</span> <span class='ocrx_word' id='word_1_489' title='bbox 1546 2058 1746 2106; x_wconf 86' lang='lat' dir='ltr'>episcopus</span> <span class='ocrx_word' id='word_1_490' title='bbox 1769 2058 1925 2095; x_wconf 88' lang='lat' dir='ltr'>audiens</span> <span class='ocrx_word' id='word_1_491' title='bbox 1946 2061 2141 2098; x_wconf 87' lang='lat' dir='ltr'>frustratos</span> 
     </span>
     <span class='ocr_line' id='line_1_70' title="bbox 1149 2117 2139 2168; baseline 0.003 -14"><span class='ocrx_word' id='word_1_492' title='bbox 1149 2118 1366 2168; x_wconf 86' lang='lat' dir='ltr'>proditores</span> <span class='ocrx_word' id='word_1_493' title='bbox 1400 2119 1437 2154; x_wconf 91' lang='lat' dir='ltr'>in</span> <span class='ocrx_word' id='word_1_494' title='bbox 1471 2117 1667 2166; x_wconf 81' lang='lat' dir='ltr'>iniquitate</span> <span class='ocrx_word' id='word_1_495' title='bbox 1699 2131 1765 2154; x_wconf 88' lang='lat' dir='ltr'>sua</span> <span class='ocrx_word' id='word_1_496' title='bbox 1799 2132 1911 2167; x_wconf 88' lang='lat' dir='ltr'>quam</span> <span class='ocrx_word' id='word_1_497' title='bbox 1950 2121 2139 2168; x_wconf 80' lang='lat' dir='ltr'>cogitave—</span> 
     </span>
     <span class='ocr_line' id='line_1_71' title="bbox 1149 2177 2137 2226; baseline 0.003 -13"><span class='ocrx_word' id='word_1_498' title='bbox 1149 2186 1259 2222; x_wconf 87' lang='lat' dir='ltr'>rant,</span> <span class='ocrx_word' id='word_1_499' title='bbox 1281 2191 1367 2214; x_wconf 88' lang='lat' dir='ltr'>cum</span> <span class='ocrx_word' id='word_1_500' title='bbox 1385 2177 1521 2226; x_wconf 87' lang='lat' dir='ltr'>gaudio</span> <span class='ocrx_word' id='word_1_501' title='bbox 1544 2177 1724 2212; x_wconf 74' lang='lat' dir='ltr'>remeavit</span> <span class='ocrx_word' id='word_1_502' title='bbox 1744 2177 1790 2213; x_wconf 90' lang='lat' dir='ltr'>ad</span> <span class='ocrx_word' id='word_1_503' title='bbox 1811 2178 2048 2224; x_wconf 81' lang='lat' dir='ltr'>Malachiam,</span> <span class='ocrx_word' id='word_1_504' title='bbox 2076 2194 2137 2216; x_wconf 89' lang='lat' dir='ltr'>re-</span> 
     </span>
     <span class='ocr_line' id='line_1_72' title="bbox 1148 2236 2136 2286; baseline 0.002 -12"><span class='ocrx_word' id='word_1_505' title='bbox 1148 2238 1272 2275; x_wconf 87' lang='lat' dir='ltr'>ferens</span> <span class='ocrx_word' id='word_1_506' title='bbox 1293 2238 1419 2274; x_wconf 89' lang='lat' dir='ltr'>omnia</span> <span class='ocrx_word' id='word_1_507' title='bbox 1438 2250 1506 2286; x_wconf 88' lang='lat' dir='ltr'>per</span> <span class='ocrx_word' id='word_1_508' title='bbox 1524 2236 1712 2281; x_wconf 85' lang='lat' dir='ltr'>ordinem,</span> <span class='ocrx_word' id='word_1_509' title='bbox 1729 2250 1811 2285; x_wconf 74' lang='lat' dir='ltr'>quae</span> <span class='ocrx_word' id='word_1_510' title='bbox 1827 2237 2037 2274; x_wconf 89' lang='lat' dir='ltr'>acciderant</span> <span class='ocrx_word' id='word_1_511' title='bbox 2055 2239 2136 2276; x_wconf 90' lang='lat' dir='ltr'>sibi.</span> 
     </span>
    </p>

    <p class='ocr_par' dir='ltr' id='par_1_18' title="bbox 1148 2294 2138 2585">
     <span class='ocr_line' id='line_1_73' title="bbox 1201 2294 2136 2347; baseline 0 -12"><span class='ocrx_word' id='word_1_512' title='bbox 1201 2298 1263 2334; x_wconf 83' lang='lat'>59.</span> <span class='ocrx_word' id='word_1_513' title='bbox 1287 2298 1413 2335; x_wconf 83' lang='lat' dir='ltr'>Sciens</span> <span class='ocrx_word' id='word_1_514' title='bbox 1432 2295 1632 2332; x_wconf 77' lang='lat' dir='ltr'>Malachias</span> <span class='ocrx_word' id='word_1_515' title='bbox 1653 2294 1838 2342; x_wconf 83' lang='lat' dir='ltr'>ejusmodi</span> <span class='ocrx_word' id='word_1_516' title='bbox 1858 2297 2054 2333; x_wconf 86' lang='lat' dir='ltr'>occasione</span> <span class='ocrx_word' id='word_1_517' title='bbox 2073 2311 2136 2347; x_wconf 89' lang='lat' dir='ltr'>pa-</span> 
     </span>
     <span class='ocr_line' id='line_1_74' title="bbox 1149 2354 2137 2403; baseline 0 -10"><span class='ocrx_word' id='word_1_518' title='bbox 1149 2370 1228 2393; x_wconf 89' lang='lat' dir='ltr'>cem</span> <span class='ocrx_word' id='word_1_519' title='bbox 1257 2370 1336 2393; x_wconf 82' lang='lat' dir='ltr'>esse</span> <span class='ocrx_word' id='word_1_520' title='bbox 1366 2354 1574 2399; x_wconf 88' lang='lat' dir='ltr'>turbatam,</span> <span class='ocrx_word' id='word_1_521' title='bbox 1605 2362 1735 2389; x_wconf 81' lang='lat' dir='ltr'>nactus</span> <span class='ocrx_word' id='word_1_522' title='bbox 1767 2363 2026 2403; x_wconf 88' lang='lat' dir='ltr'>opportunum</span> <span class='ocrx_word' id='word_1_523' title='bbox 2049 2365 2137 2393; x_wconf 89' lang='lat' dir='ltr'>tem-</span> 
     </span>
     <span class='ocr_line' id='line_1_75' title="bbox 1148 2413 2137 2466; baseline -0.003 -12"><span class='ocrx_word' id='word_1_524' title='bbox 1148 2430 1232 2466; x_wconf 86' lang='lat' dir='ltr'>pus,</span> <span class='ocrx_word' id='word_1_525' title='bbox 1253 2429 1384 2466; x_wconf 84' lang='lat' dir='ltr'>pacem</span> <span class='ocrx_word' id='word_1_526' title='bbox 1405 2428 1474 2464; x_wconf 86' lang='lat' dir='ltr'>per</span> <span class='ocrx_word' id='word_1_527' title='bbox 1494 2422 1610 2450; x_wconf 86' lang='lat' dir='ltr'>semet</span> <span class='ocrx_word' id='word_1_528' title='bbox 1631 2413 1729 2448; x_wconf 87' lang='lat' dir='ltr'>inter</span> <span class='ocrx_word' id='word_1_529' title='bbox 1748 2413 1848 2462; x_wconf 88' lang='lat' dir='ltr'>ipsos</span> <span class='ocrx_word' id='word_1_530' title='bbox 1873 2413 1998 2450; x_wconf 90' lang='lat' dir='ltr'>denuo</span> <span class='ocrx_word' id='word_1_531' title='bbox 2021 2415 2137 2451; x_wconf 89' lang='lat' dir='ltr'>refor-</span> 
     </span>
     <span class='ocr_line' id='line_1_76' title="bbox 1148 2472 2138 2519; baseline -0.002 -7"><span class='ocrx_word' id='word_1_532' title='bbox 1148 2490 1251 2513; x_wconf 86' lang='lat' dir='ltr'>mare</span> <span class='ocrx_word' id='word_1_533' title='bbox 1272 2476 1440 2519; x_wconf 75' lang='lat' dir='ltr'>curavit,</span> <span class='ocrx_word' id='word_1_534' title='bbox 1463 2482 1500 2509; x_wconf 89' lang='lat' dir='ltr'>et</span> <span class='ocrx_word' id='word_1_535' title='bbox 1527 2474 1675 2508; x_wconf 85' lang='lat' dir='ltr'>firmare</span> <span class='ocrx_word' id='word_1_536' title='bbox 1696 2472 1954 2518; x_wconf 87' lang='lat' dir='ltr'>reformatam,</span> <span class='ocrx_word' id='word_1_537' title='bbox 1978 2474 2072 2510; x_wconf 87' lang='lat' dir='ltr'>datis</span> <span class='ocrx_word' id='word_1_538' title='bbox 2101 2483 2138 2510; x_wconf 91' lang='lat' dir='ltr'>et</span> 
     </span>
     <span class='ocr_line' id='line_1_77' title="bbox 1150 2530 2135 2585; baseline -0.003 -13"><span class='ocrx_word' id='word_1_539' title='bbox 1150 2536 1311 2585; x_wconf 82' lang='lat' dir='ltr'>receptis</span> <span class='ocrx_word' id='word_1_540' title='bbox 1340 2534 1560 2571; x_wconf 82' lang='lat' dir='ltr'>altrinsecus</span> <span class='ocrx_word' id='word_1_541' title='bbox 1590 2531 1661 2567; x_wconf 87' lang='lat' dir='ltr'>lide</span> <span class='ocrx_word' id='word_1_542' title='bbox 1682 2540 1719 2567; x_wconf 89' lang='lat' dir='ltr'>et</span> <span class='ocrx_word' id='word_1_543' title='bbox 1745 2530 1975 2579; x_wconf 85' lang='lat' dir='ltr'>juramento.</span> <span class='ocrx_word' id='word_1_544' title='bbox 1998 2536 2135 2569; x_wconf 74' lang='lat' dir='ltr'>Verum</span> 
     </span>
    </p>
   </div>
   <div class='ocr_carea' id='block_1_18' title="bbox 76 2590 2136 2644">
    <p class='ocr_par' dir='ltr' id='par_1_19' title="bbox 76 2590 2136 2644">
     <span class='ocr_line' id='line_1_78' title="bbox 76 2590 2136 2644; baseline -0.002 -12"><span class='ocrx_word' id='word_1_545' title='bbox 76 2595 203 2644; x_wconf 90' lang='lat' dir='ltr'>pacis:</span> <span class='ocrx_word' id='word_1_546' title='bbox 225 2595 489 2644; x_wconf 86' lang='lat' dir='ltr'>acquiescunt,</span> <span class='ocrx_word' id='word_1_547' title='bbox 511 2595 810 2632; x_wconf 85' lang='lat' dir='ltr'>reconciliantur</span> <span class='ocrx_word' id='word_1_548' title='bbox 827 2595 873 2631; x_wconf 90' lang='lat' dir='ltr'>ad</span> <span class='ocrx_word' id='word_1_549' title='bbox 896 2595 1077 2640; x_wconf 71' lang='lat' dir='ltr'>invicem3</span> <span class='ocrx_word' id='word_1_550' title='bbox 1098 2599 1131 2632; x_wconf 94' lang='lat' dir='ltr'>D</span> <span class='ocrx_word' id='word_1_551' title='bbox 1148 2596 1225 2640; x_wconf 87' lang='lat' dir='ltr'>illi,</span> <span class='ocrx_word' id='word_1_552' title='bbox 1250 2593 1388 2644; x_wconf 86' lang='lat' dir='ltr'>quihus</span> <span class='ocrx_word' id='word_1_553' title='bbox 1419 2601 1504 2629; x_wconf 87' lang='lat' dir='ltr'>ante</span> <span class='ocrx_word' id='word_1_554' title='bbox 1533 2604 1606 2640; x_wconf 77' lang='lat' dir='ltr'>pax</span> <span class='ocrx_word' id='word_1_555' title='bbox 1637 2590 1753 2626; x_wconf 87' lang='lat' dir='ltr'>fracta</span> <span class='ocrx_word' id='word_1_556' title='bbox 1775 2591 1865 2635; x_wconf 89' lang='lat' dir='ltr'>suit,</span> <span class='ocrx_word' id='word_1_557' title='bbox 1888 2590 2034 2639; x_wconf 84' lang='lat' dir='ltr'>injuriae</span> <span class='ocrx_word' id='word_1_558' title='bbox 2056 2604 2136 2628; x_wconf 90' lang='lat' dir='ltr'>me-</span> 
     </span>
    </p>
   </div>
   <div class='ocr_carea' id='block_1_19' title="bbox 76 2654 1082 3004">
    <p class='ocr_par' dir='ltr' id='par_1_20' title="bbox 76 2654 1082 3004">
     <span class='ocr_line' id='line_1_79' title="bbox 77 2654 1082 2705; baseline -0.002 -13"><span class='ocrx_word' id='word_1_559' title='bbox 77 2655 152 2692; x_wconf 87' lang='lat' dir='ltr'>fide</span> <span class='ocrx_word' id='word_1_560' title='bbox 166 2655 255 2692; x_wconf 88' lang='lat' dir='ltr'>hinc</span> <span class='ocrx_word' id='word_1_561' title='bbox 272 2655 361 2692; x_wconf 90' lang='lat' dir='ltr'>inde</span> <span class='ocrx_word' id='word_1_562' title='bbox 379 2655 484 2702; x_wconf 87' lang='lat' dir='ltr'>data,</span> <span class='ocrx_word' id='word_1_563' title='bbox 500 2655 690 2693; x_wconf 89' lang='lat' dir='ltr'>stabilitur</span> <span class='ocrx_word' id='word_1_564' title='bbox 710 2669 784 2705; x_wconf 83' lang='lat' dir='ltr'>pax</span> <span class='ocrx_word' id='word_1_565' title='bbox 807 2671 814 2692; x_wconf 91' lang='lat'>:</span> <span class='ocrx_word' id='word_1_566' title='bbox 836 2664 872 2691; x_wconf 91' lang='lat' dir='ltr'>et</span> <span class='ocrx_word' id='word_1_567' title='bbox 893 2656 946 2691; x_wconf 89' lang='lat' dir='ltr'>sic</span> <span class='ocrx_word' id='word_1_568' title='bbox 969 2654 1082 2691; x_wconf 85' lang='lat' dir='ltr'>dimi—</span> 
     </span>
     <span class='ocr_line' id='line_1_80' title="bbox 76 2716 1082 2766; baseline -0.002 -14"><span class='ocrx_word' id='word_1_569' title='bbox 76 2716 125 2752; x_wconf 84' lang='lat' dir='ltr'>sit</span> <span class='ocrx_word' id='word_1_570' title='bbox 146 2729 225 2753; x_wconf 89' lang='lat' dir='ltr'>eos.</span> <span class='ocrx_word' id='word_1_571' title='bbox 249 2719 300 2753; x_wconf 94' lang='lat' dir='ltr'>At</span> <span class='ocrx_word' id='word_1_572' title='bbox 319 2729 406 2766; x_wconf 87' lang='lat' dir='ltr'>pars</span> <span class='ocrx_word' id='word_1_573' title='bbox 426 2729 503 2752; x_wconf 88' lang='lat' dir='ltr'>una</span> <span class='ocrx_word' id='word_1_574' title='bbox 526 2716 661 2752; x_wconf 82' lang='lat' dir='ltr'>videns</span> <span class='ocrx_word' id='word_1_575' title='bbox 682 2716 808 2752; x_wconf 79' lang='lat' dir='ltr'>hostes</span> <span class='ocrx_word' id='word_1_576' title='bbox 836 2716 954 2752; x_wconf 90' lang='lat' dir='ltr'>factos</span> <span class='ocrx_word' id='word_1_577' title='bbox 974 2728 1082 2751; x_wconf 88' lang='lat' dir='ltr'>secu-</span> 
     </span>
     <span class='ocr_line' id='line_1_81' title="bbox 77 2773 1081 2825; baseline -0.003 -14"><span class='ocrx_word' id='word_1_578' title='bbox 77 2788 154 2820; x_wconf 89' lang='lat' dir='ltr'>ros,</span> <span class='ocrx_word' id='word_1_579' title='bbox 173 2775 382 2824; x_wconf 85' lang='lat' dir='ltr'>imparatos</span> <span class='ocrx_word' id='word_1_580' title='bbox 399 2788 493 2821; x_wconf 85' lang='lat' dir='ltr'>esse,</span> <span class='ocrx_word' id='word_1_581' title='bbox 514 2776 657 2825; x_wconf 88' lang='lat' dir='ltr'>quippe</span> <span class='ocrx_word' id='word_1_582' title='bbox 675 2775 741 2824; x_wconf 88' lang='lat' dir='ltr'>qui</span> <span class='ocrx_word' id='word_1_583' title='bbox 761 2788 854 2824; x_wconf 87' lang='lat' dir='ltr'>pace</span> <span class='ocrx_word' id='word_1_584' title='bbox 876 2774 972 2810; x_wconf 86' lang='lat' dir='ltr'>facta</span> <span class='ocrx_word' id='word_1_585' title='bbox 993 2773 1081 2809; x_wconf 86' lang='lat' dir='ltr'>mali</span> 
     </span>
     <span class='ocr_line' id='line_1_82' title="bbox 77 2832 1082 2885; baseline -0.002 -15"><span class='ocrx_word' id='word_1_586' title='bbox 77 2834 170 2871; x_wconf 88' lang='lat' dir='ltr'>nihil</span> <span class='ocrx_word' id='word_1_587' title='bbox 190 2835 498 2885; x_wconf 81' lang='lat' dir='ltr'>suspicarentur3</span> <span class='ocrx_word' id='word_1_588' title='bbox 522 2834 781 2884; x_wconf 87' lang='lat' dir='ltr'>loquebantur</span> <span class='ocrx_word' id='word_1_589' title='bbox 801 2842 950 2879; x_wconf 81' lang='lat' dir='ltr'>mutuo,</span> <span class='ocrx_word' id='word_1_590' title='bbox 969 2841 1006 2869; x_wconf 85' lang='lat' dir='ltr'>et</span> <span class='ocrx_word' id='word_1_591' title='bbox 1029 2832 1082 2868; x_wconf 92' lang='lat' dir='ltr'>di-</span> 
     </span>
     <span class='ocr_line' id='line_1_83' title="bbox 78 2892 1081 2944; baseline -0.003 -14"><span class='ocrx_word' id='word_1_592' title='bbox 78 2892 186 2930; x_wconf 89' lang='lat' dir='ltr'>cebat</span> <span class='ocrx_word' id='word_1_593' title='bbox 198 2894 314 2931; x_wconf 91' lang='lat' dir='ltr'>homo</span> <span class='ocrx_word' id='word_1_594' title='bbox 328 2894 377 2930; x_wconf 86' lang='lat' dir='ltr'>ad</span> <span class='ocrx_word' id='word_1_595' title='bbox 399 2894 621 2944; x_wconf 80' lang='lat' dir='ltr'>proximum</span> <span class='ocrx_word' id='word_1_596' title='bbox 642 2907 753 2930; x_wconf 89' lang='lat' dir='ltr'>suum</span> <span class='ocrx_word' id='word_1_597' title='bbox 770 2909 777 2931; x_wconf 93' lang='lat'>:</span> <span class='ocrx_word' id='word_1_598' title='bbox 795 2912 808 2924; x_wconf 75' lang='grc' dir='ltr'>α</span> <span class='ocrx_word' id='word_1_599' title='bbox 830 2893 930 2941; x_wconf 87' lang='lat' dir='ltr'>Quid</span> <span class='ocrx_word' id='word_1_600' title='bbox 954 2892 1081 2928; x_wconf 75' lang='lat' dir='ltr'>volui—</span> 
     </span>
     <span class='ocr_line' id='line_1_84' title="bbox 77 2952 1081 3004; baseline 0 -17"><span class='ocrx_word' id='word_1_601' title='bbox 77 2971 92 2987; x_wconf 82' lang='lat'>»</span> <span class='ocrx_word' id='word_1_602' title='bbox 113 2967 199 2990; x_wconf 89' lang='lat' dir='ltr'>mus</span> <span class='ocrx_word' id='word_1_603' title='bbox 214 2954 360 2991; x_wconf 83' lang='lat' dir='ltr'>facere?</span> <span class='ocrx_word' id='word_1_604' title='bbox 375 2954 544 2991; x_wconf 88' lang='lat' dir='ltr'>Victoria</span> <span class='ocrx_word' id='word_1_605' title='bbox 559 2967 640 3004; x_wconf 88' lang='lat' dir='ltr'>prae</span> <span class='ocrx_word' id='word_1_606' title='bbox 653 2953 829 2990; x_wconf 86' lang='lat' dir='ltr'>manibus</span> <span class='ocrx_word' id='word_1_607' title='bbox 847 2961 921 2998; x_wconf 87' lang='lat' dir='ltr'>est,</span> <span class='ocrx_word' id='word_1_608' title='bbox 936 2961 972 2988; x_wconf 89' lang='lat' dir='ltr'>et</span> <span class='ocrx_word' id='word_1_609' title='bbox 986 2952 1081 2988; x_wconf 90' lang='lat' dir='ltr'>ultio</span> 
     </span>
    </p>
   </div>
   <div class='ocr_carea' id='block_1_20' title="bbox 45 3013 1079 3064">
    <p class='ocr_par' dir='ltr' id='par_1_21' title="bbox 45 3013 1079 3064">
     <span class='ocr_line' id='line_1_85' title="bbox 45 3013 1079 3064; baseline -0.005 -13"><span class='ocrx_word' id='word_1_610' title='bbox 45 3055 49 3059; x_wconf 57' lang='grc'>,</span> <span class='ocrx_word' id='word_1_611' title='bbox 78 3031 94 3047; x_wconf 77' lang='grc' dir='ltr'>υ</span> <span class='ocrx_word' id='word_1_612' title='bbox 115 3013 162 3051; x_wconf 90' lang='lat' dir='ltr'>de</span> <span class='ocrx_word' id='word_1_613' title='bbox 182 3013 357 3050; x_wconf 83' lang='lat' dir='ltr'>inimicis.</span> <span class='ocrx_word' id='word_1_614' title='bbox 381 3030 396 3047; x_wconf 71' lang='lat'>»2</span> <span class='ocrx_word' id='word_1_615' title='bbox 414 3016 463 3050; x_wconf 90' lang='lat' dir='ltr'>Et</span> <span class='ocrx_word' id='word_1_616' title='bbox 482 3027 631 3064; x_wconf 89' lang='lat' dir='ltr'>coepere</span> <span class='ocrx_word' id='word_1_617' title='bbox 659 3013 809 3062; x_wconf 87' lang='lat' dir='ltr'>insequi</span> <span class='ocrx_word' id='word_1_618' title='bbox 835 3013 930 3048; x_wconf 89' lang='lat' dir='ltr'>illos.</span> <span class='ocrx_word' id='word_1_619' title='bbox 958 3015 1079 3047; x_wconf 90' lang='lat' dir='ltr'>Inno-</span> 
     </span>
    </p>
   </div>
   <div class='ocr_carea' id='block_1_21' title="bbox 76 3073 1081 3244">
    <p class='ocr_par' dir='ltr' id='par_1_22' title="bbox 76 3073 1081 3244">
     <span class='ocr_line' id='line_1_86' title="bbox 79 3073 1079 3123; baseline -0.004 -13"><span class='ocrx_word' id='word_1_620' title='bbox 79 3073 152 3110; x_wconf 86' lang='lat' dir='ltr'>tuit</span> <span class='ocrx_word' id='word_1_621' title='bbox 173 3074 355 3123; x_wconf 87' lang='lat' dir='ltr'>episcopo</span> <span class='ocrx_word' id='word_1_622' title='bbox 381 3074 486 3123; x_wconf 91' lang='lat' dir='ltr'>quod</span> <span class='ocrx_word' id='word_1_623' title='bbox 515 3073 652 3120; x_wconf 88' lang='lat' dir='ltr'>fiebat;</span> <span class='ocrx_word' id='word_1_624' title='bbox 682 3082 720 3110; x_wconf 89' lang='lat' dir='ltr'>et</span> <span class='ocrx_word' id='word_1_625' title='bbox 749 3084 952 3109; x_wconf 88' lang='lat' dir='ltr'>accurrens</span> <span class='ocrx_word' id='word_1_626' title='bbox 983 3083 1079 3107; x_wconf 88' lang='lat' dir='ltr'>con-</span> 
     </span>
     <span class='ocr_line' id='line_1_87' title="bbox 76 3130 1081 3184; baseline -0.004 -14"><span class='ocrx_word' id='word_1_627' title='bbox 76 3134 183 3171; x_wconf 87' lang='lat' dir='ltr'>venit</span> <span class='ocrx_word' id='word_1_628' title='bbox 204 3133 339 3171; x_wconf 86' lang='lat' dir='ltr'>ducem</span> <span class='ocrx_word' id='word_1_629' title='bbox 351 3147 486 3171; x_wconf 88' lang='lat' dir='ltr'>eorum</span> <span class='ocrx_word' id='word_1_630' title='bbox 501 3147 618 3184; x_wconf 87' lang='lat' dir='ltr'>super</span> <span class='ocrx_word' id='word_1_631' title='bbox 632 3134 832 3183; x_wconf 87' lang='lat' dir='ltr'>iniquitate</span> <span class='ocrx_word' id='word_1_632' title='bbox 847 3141 884 3168; x_wconf 91' lang='lat' dir='ltr'>et</span> <span class='ocrx_word' id='word_1_633' title='bbox 898 3131 1001 3177; x_wconf 93' lang='lat' dir='ltr'>dolo,</span> <span class='ocrx_word' id='word_1_634' title='bbox 1016 3130 1081 3168; x_wconf 88' lang='lat' dir='ltr'>sed</span> 
     </span>
     <span class='ocr_line' id='line_1_88' title="bbox 78 3191 1080 3244; baseline -0.005 -13"><span class='ocrx_word' id='word_1_635' title='bbox 78 3202 228 3244; x_wconf 85' lang='lat' dir='ltr'>spretus</span> <span class='ocrx_word' id='word_1_636' title='bbox 253 3193 300 3231; x_wconf 89' lang='lat' dir='ltr'>ab</span> <span class='ocrx_word' id='word_1_637' title='bbox 319 3194 385 3231; x_wconf 92' lang='lat' dir='ltr'>illo</span> <span class='ocrx_word' id='word_1_638' title='bbox 415 3203 483 3244; x_wconf 83' lang='lat' dir='ltr'>est.</span> <span class='ocrx_word' id='word_1_639' title='bbox 503 3194 703 3232; x_wconf 91' lang='lat' dir='ltr'>Invocavit</span> <span class='ocrx_word' id='word_1_640' title='bbox 727 3205 868 3230; x_wconf 90' lang='lat' dir='ltr'>nomen</span> <span class='ocrx_word' id='word_1_641' title='bbox 887 3191 1080 3229; x_wconf 76' lang='lat' dir='ltr'>Malachiae</span> 
     </span>
    </p>
   </div>
   <div class='ocr_carea' id='block_1_22' title="bbox 131 3333 457 3370">
    <p class='ocr_par' dir='ltr' id='par_1_23' title="bbox 131 3333 457 3370">
     <span class='ocr_line' id='line_1_89' title="bbox 131 3333 457 3370; baseline 0.003 -7"><span class='ocrx_word' id='word_1_642' title='bbox 131 3339 138 3352; x_wconf 91' lang='lat'><strong>¹</strong></span> <span class='ocrx_word' id='word_1_643' title='bbox 167 3333 239 3364; x_wconf 83' lang='lat' dir='ltr'>lsai.</span> <span class='ocrx_word' id='word_1_644' title='bbox 259 3343 381 3370; x_wconf 72' lang='lat' dir='ltr'>xxviii,</span> <span class='ocrx_word' id='word_1_645' title='bbox 408 3336 457 3364; x_wconf 83' lang='lat'>19.</span> 
     </span>
    </p>
   </div>
   <div class='ocr_carea' id='block_1_23' title="bbox 1147 2650 2139 3232">
    <p class='ocr_par' dir='ltr' id='par_1_24' title="bbox 1147 2650 2139 3232">
     <span class='ocr_line' id='line_1_90' title="bbox 1149 2650 2134 2701; baseline -0.005 -10"><span class='ocrx_word' id='word_1_646' title='bbox 1149 2668 1294 2700; x_wconf 86' lang='lat' dir='ltr'>mores,</span> <span class='ocrx_word' id='word_1_647' title='bbox 1320 2654 1490 2701; x_wconf 88' lang='lat' dir='ltr'>neglecto</span> <span class='ocrx_word' id='word_1_648' title='bbox 1514 2659 1623 2700; x_wconf 84' lang='lat' dir='ltr'>pacto</span> <span class='ocrx_word' id='word_1_649' title='bbox 1653 2658 1688 2685; x_wconf 88' lang='lat' dir='ltr'>et</span> <span class='ocrx_word' id='word_1_650' title='bbox 1714 2657 1904 2698; x_wconf 79' lang='lat' dir='ltr'>praecepto</span> <span class='ocrx_word' id='word_1_651' title='bbox 1926 2650 2134 2694; x_wconf 60' lang='lat' dir='ltr'>Malachiae,</span> 
     </span>
     <span class='ocr_line' id='line_1_91' title="bbox 1151 2709 2136 2758; baseline -0.006 -7"><span class='ocrx_word' id='word_1_652' title='bbox 1151 2722 1406 2750; x_wconf 72' lang='lat' dir='ltr'>tractaverunt</span> <span class='ocrx_word' id='word_1_653' title='bbox 1436 2711 1481 2747; x_wconf 89' lang='lat' dir='ltr'>de</span> <span class='ocrx_word' id='word_1_654' title='bbox 1506 2710 1586 2745; x_wconf 70' lang='lat' dir='ltr'>vice</span> <span class='ocrx_word' id='word_1_655' title='bbox 1622 2709 1825 2745; x_wconf 83' lang='lat' dir='ltr'>reddenda.</span> <span class='ocrx_word' id='word_1_656' title='bbox 1848 2712 1893 2745; x_wconf 85' lang='lat' dir='ltr'>Et</span> <span class='ocrx_word' id='word_1_657' title='bbox 1923 2710 2136 2758; x_wconf 85' lang='lat' dir='ltr'>congregati</span> 
     </span>
     <span class='ocr_line' id='line_1_92' title="bbox 1149 2768 2134 2816; baseline -0.005 -7"><span class='ocrx_word' id='word_1_658' title='bbox 1149 2786 1282 2809; x_wconf 88' lang='lat' dir='ltr'>omnes</span> <span class='ocrx_word' id='word_1_659' title='bbox 1304 2773 1342 2808; x_wconf 85' lang='lat' dir='ltr'>in</span> <span class='ocrx_word' id='word_1_660' title='bbox 1365 2783 1482 2807; x_wconf 86' lang='lat' dir='ltr'>unum</span> <span class='ocrx_word' id='word_1_661' title='bbox 1501 2798 1509 2815; x_wconf 87' lang='lat'>‚</span> <span class='ocrx_word' id='word_1_662' title='bbox 1531 2768 1635 2804; x_wconf 86' lang='lat' dir='ltr'>ibant</span> <span class='ocrx_word' id='word_1_663' title='bbox 1656 2776 1696 2803; x_wconf 90' lang='lat' dir='ltr'>ut</span> <span class='ocrx_word' id='word_1_664' title='bbox 1718 2768 1918 2816; x_wconf 83' lang='lat' dir='ltr'>imparatos</span> <span class='ocrx_word' id='word_1_665' title='bbox 1938 2781 2134 2816; x_wconf 81' lang='lat' dir='ltr'>praeoccu-</span> 
     </span>
     <span class='ocr_line' id='line_1_93' title="bbox 1148 2828 2135 2882; baseline -0.006 -13"><span class='ocrx_word' id='word_1_666' title='bbox 1148 2841 1303 2882; x_wconf 87' lang='lat' dir='ltr'>parent,</span> <span class='ocrx_word' id='word_1_667' title='bbox 1331 2831 1608 2876; x_wconf 85' lang='lat' dir='ltr'>redderentque</span> <span class='ocrx_word' id='word_1_668' title='bbox 1635 2828 1671 2863; x_wconf 91' lang='lat' dir='ltr'>in</span> <span class='ocrx_word' id='word_1_669' title='bbox 1693 2836 1806 2876; x_wconf 86' lang='lat' dir='ltr'>caput</span> <span class='ocrx_word' id='word_1_670' title='bbox 1825 2841 1955 2863; x_wconf 83' lang='lat' dir='ltr'>eorum</span> <span class='ocrx_word' id='word_1_671' title='bbox 1976 2828 2135 2872; x_wconf 85' lang='lat' dir='ltr'>malum,</span> 
     </span>
     <span class='ocr_line' id='line_1_94' title="bbox 1148 2887 2137 2940; baseline -0.004 -13"><span class='ocrx_word' id='word_1_672' title='bbox 1148 2891 1252 2940; x_wconf 86' lang='lat' dir='ltr'>quod</span> <span class='ocrx_word' id='word_1_673' title='bbox 1284 2891 1354 2927; x_wconf 84' lang='lat' dir='ltr'>sibi</span> <span class='ocrx_word' id='word_1_674' title='bbox 1391 2889 1461 2938; x_wconf 88' lang='lat' dir='ltr'>ipsi</span> <span class='ocrx_word' id='word_1_675' title='bbox 1500 2888 1620 2923; x_wconf 86' lang='lat' dir='ltr'>facere</span> <span class='ocrx_word' id='word_1_676' title='bbox 1654 2887 1889 2934; x_wconf 83' lang='lat' dir='ltr'>cogitassent.</span> <span class='ocrx_word' id='word_1_677' title='bbox 1925 2890 1972 2922; x_wconf 85' lang='lat' dir='ltr'>Et</span> <span class='ocrx_word' id='word_1_678' title='bbox 2001 2899 2137 2935; x_wconf 90' lang='lat' dir='ltr'>magno</span> 
     </span>
     <span class='ocr_line' id='line_1_95' title="bbox 1149 2944 2136 2998; baseline -0.007 -11"><span class='ocrx_word' id='word_1_679' title='bbox 1149 2951 1322 2998; x_wconf 81' lang='lat' dir='ltr'>flumine,</span> <span class='ocrx_word' id='word_1_680' title='bbox 1341 2948 1444 2998; x_wconf 89' lang='lat' dir='ltr'>quod</span> <span class='ocrx_word' id='word_1_681' title='bbox 1464 2948 1660 2986; x_wconf 86' lang='lat' dir='ltr'>intererat,</span> <span class='ocrx_word' id='word_1_682' title='bbox 1688 2944 1862 2982; x_wconf 89' lang='lat' dir='ltr'>facillime</span> <span class='ocrx_word' id='word_1_683' title='bbox 1884 2945 2136 2989; x_wconf 74' lang='lat' dir='ltr'>transvadato,</span> 
     </span>
     <span class='ocr_line' id='line_1_96' title="bbox 1149 3004 2139 3057; baseline -0.008 -10"><span class='ocrx_word' id='word_1_684' title='bbox 1149 3010 1325 3055; x_wconf 75' lang='lat' dir='ltr'>fluviolo,</span> <span class='ocrx_word' id='word_1_685' title='bbox 1347 3022 1459 3057; x_wconf 87' lang='lat' dir='ltr'>quem</span> <span class='ocrx_word' id='word_1_686' title='bbox 1496 3019 1573 3042; x_wconf 88' lang='lat' dir='ltr'>non</span> <span class='ocrx_word' id='word_1_687' title='bbox 1601 3005 1735 3055; x_wconf 87' lang='lat' dir='ltr'>procul</span> <span class='ocrx_word' id='word_1_688' title='bbox 1755 3004 1801 3041; x_wconf 92' lang='lat' dir='ltr'>ab</span> <span class='ocrx_word' id='word_1_689' title='bbox 1830 3005 1896 3041; x_wconf 92' lang='lat' dir='ltr'>illo</span> <span class='ocrx_word' id='word_1_690' title='bbox 1928 3004 2139 3050; x_wconf 89' lang='lat' dir='ltr'>offendere,</span> 
     </span>
     <span class='ocr_line' id='line_1_97' title="bbox 1148 3061 2139 3114; baseline -0.009 -8"><span class='ocrx_word' id='word_1_691' title='bbox 1148 3069 1285 3106; x_wconf 88' lang='lat' dir='ltr'>retenti</span> <span class='ocrx_word' id='word_1_692' title='bbox 1319 3076 1417 3105; x_wconf 84' lang='lat' dir='ltr'>sunt.</span> <span class='ocrx_word' id='word_1_693' title='bbox 1448 3070 1576 3114; x_wconf 68' lang='lat' dir='ltr'>Neque</span> <span class='ocrx_word' id='word_1_694' title='bbox 1609 3065 1708 3100; x_wconf 89' lang='lat' dir='ltr'>enim</span> <span class='ocrx_word' id='word_1_695' title='bbox 1735 3063 1813 3113; x_wconf 88' lang='lat' dir='ltr'>jam</span> <span class='ocrx_word' id='word_1_696' title='bbox 1850 3063 2042 3107; x_wconf 85' lang='lat' dir='ltr'>fluviolus,</span> <span class='ocrx_word' id='word_1_697' title='bbox 2073 3061 2139 3097; x_wconf 88' lang='lat' dir='ltr'>sed</span> 
     </span>
     <span class='ocr_line' id='line_1_98' title="bbox 1148 3122 2135 3180; baseline -0.011 -13"><span class='ocrx_word' id='word_1_698' title='bbox 1148 3131 1260 3180; x_wconf 84' lang='lat' dir='ltr'>plane</span> <span class='ocrx_word' id='word_1_699' title='bbox 1281 3129 1418 3167; x_wconf 74' lang='lat' dir='ltr'>fluvius</span> <span class='ocrx_word' id='word_1_700' title='bbox 1438 3128 1569 3176; x_wconf 83' lang='lat' dir='ltr'>ingens</span> <span class='ocrx_word' id='word_1_701' title='bbox 1586 3125 1779 3175; x_wconf 85' lang='lat' dir='ltr'>apparuit,</span> <span class='ocrx_word' id='word_1_702' title='bbox 1796 3123 1935 3171; x_wconf 89' lang='lat' dir='ltr'>ubique</span> <span class='ocrx_word' id='word_1_703' title='bbox 1951 3122 2004 3158; x_wconf 90' lang='lat' dir='ltr'>sui</span> <span class='ocrx_word' id='word_1_704' title='bbox 2020 3130 2135 3157; x_wconf 87' lang='lat' dir='ltr'>trans-</span> 
     </span>
     <span class='ocr_line' id='line_1_99' title="bbox 1147 3181 2132 3232; baseline -0.013 -4"><span class='ocrx_word' id='word_1_705' title='bbox 1147 3192 1201 3228; x_wconf 85' lang='lat' dir='ltr'>ire</span> <span class='ocrx_word' id='word_1_706' title='bbox 1223 3188 1439 3226; x_wconf 85' lang='lat' dir='ltr'>volentibus</span> <span class='ocrx_word' id='word_1_707' title='bbox 1460 3186 1655 3224; x_wconf 87' lang='lat' dir='ltr'>transitum</span> <span class='ocrx_word' id='word_1_708' title='bbox 1683 3196 1832 3232; x_wconf 79' lang='lat' dir='ltr'>neganS.</span> <span class='ocrx_word' id='word_1_709' title='bbox 1855 3181 1981 3219; x_wconf 86' lang='lat' dir='ltr'>Mirari</span> <span class='ocrx_word' id='word_1_710' title='bbox 2003 3193 2132 3216; x_wconf 78' lang='lat' dir='ltr'>omnes</span> 
     </span>
    </p>
   </div>
  </div>
 </body>
</html>
