2565 3952
49 135 117 174 521

960 123 1224 158 EPISTOLAE.
2066 119 2142 156 522

49 218 207 251 cuantur
226 205 341 244 urbes
361 213 398 241 et
423 204 598 248 castella,
618 211 657 238 et
678 214 775 251 pene
792 200 870 250 jam
893 214 970 237 uon
992 199 1113 236 ίῐι-Ὴδ
1125 212 1209 249 gem
1231 199 1434 235 maximam
1459 199 1588 235 ovium
1601 227 1610 244 ,
1626 198 1717 234 dum
1736 211 1814 234 non
1832 211 1871 234 se
1884 198 2140 241 abscondunt,

48 271 202 310 veniunt
232 278 346 316 quem
378 262 671 314 apprehendant
701 266 846 311 septem
877 260 1057 296 mulieres
1076 261 1109 295 A
1123 259 1306 308 quoniam
1327 259 1381 295 illi
1400 257 1623 295 abscondite
1642 258 1836 294 veniunt2.
1853 258 1948 294 Inde
1969 267 2024 294 est
2038 258 2143 308 quod

48 333 169 370 virum
196 339 335 370 unum,
357 324 453 361 adeo
480 323 625 373 ubique
652 321 778 358 viduae
808 321 906 358 vivis
929 333 1056 357 rema-

49 400 137 432 nent
157 389 260 426 viris.

47 530 210 545 -0-·u-nu==
215 521 1061 538 ι-υιιιικςςιςιινιιιιιν-Λιιινςςιικςιιιιιιικιιιιιιιιιις,ικιιι

140 652 512 711 EPISTOLA
569 646 962 709 CCXLVIII?

422 807 469 828 AD
490 807 667 830 EL'MDEM.

50 945 218 976 Pramonet
236 937 439 975 Pontificem,
457 947 498 968 ue
518 937 655 979 Sagieusi
667 962 674 975 ‚
691 938 892 980 quantumvis
905 937 1056 980 supplici,

1125 319 1241 369 aliqui
1264 319 1379 355 etiam
1405 332 1452 355 ex
1477 318 1618 354 nostris
1646 331 1718 368 pro
1739 331 1785 353 eo
1810 318 2063 367 scripserunt,
2088 326 2146 353 ta—

1125 379 1225 417 libus
1248 379 1499 416 circumventi
1525 379 1757 424 mendaciis,
1781 392 1918 428 parum
1942 378 2144 415 adverten-

1128 449 1184 478 tes
1209 441 1314 491 quod
1344 455 1364 477 a
1390 440 1569 491 Sapiente
1597 441 1790 490 sapienter
1809 454 1851 476 ac
1872 441 2059 477 veraciter
2086 440 2143 476 di-

1126 502 1226 538 citur
1244 517 1250 539 ε
1276 505 1345 538 Est
1364 507 1428 551 qui
1449 516 1488 537 se
1507 502 1683 537 humiliat
1703 506 1886 550 nequiter,
1913 511 1949 537 et
1967 506 2145 537 interiora

1125 567 1205 609 ejtcs
1219 566 1341 612 plena
1363 572 1449 598 sunt
1473 565 1558 598 dolo
1572 562 1597 600 3.
1624 567 1699 600 Vos
1727 576 1818 611 ergo
1840 575 1919 598 non
1939 562 2144 599 attendatis

1126 623 1173 660 ad
1190 624 1309 661 verba
1324 624 1408 673 ejus
1423 654 1432 672 ,
1449 638 1574 675 neque
1592 624 1638 661 ad
1661 626 1838 675 corporis
1855 633 1981 675 gestus
2000 639 2007 661 :
2025 636 2145 673 opera

1126 685 1372 736 interrogate.
1401 691 1434 723 Α
1456 685 1643 723 fructibus
1672 685 1756 735 ejus
1783 685 2022 737 cognoscetis
2043 698 2144 721 eum.

1126 747 1247 784 Multa
1269 755 1308 784 et
1330 747 1460 797 gravia
1479 747 1661 784 dicuntur
1679 747 1726 784 de
1751 762 1797 785 eo
1821 763 1828 785 ε
1852 747 2029 784 dicentur
2046 754 2084 783 et
2109 745 2147 782 in

1127 821 1234 853 eum,
1259 808 1288 845 si
1310 817 1366 845 est
1391 808 1456 859 qui
1477 817 1624 858 quaerat
1650 816 1687 845 et
1706 807 1867 858 judicet.
1900 808 1997 846 Nolo
2020 807 2147 845 dicere

1129 868 1259 905 omnia
1279 882 1365 918 quae
1386 868 1527 905 audivi.
1552 872 1628 906 Nec
1651 869 1753 906 enim
1783 868 1965 906 omnibus
1983 869 2146 906 creden—

1130 927 1222 964 dum
1240 937 1296 966 est
1309 959 1318 975 ,
1334 929 1400 966 sed
1418 942 1488 966 nec
1503 928 1684 966 omnibus
1704 929 2006 966 decredendum.
2019 933 2146 968 Unam

92 996 223 1029 mditum
240 993 274 1025 in
297 993 514 1036 episcopatum
538 993 699 1031 molienti,
726 993 832 1024 faciles
857 1004 947 1024 aures
979 1003 1059 1035 prae-
1078 992 1107 1026 B
1126 1003 1233 1039 pono
1262 989 1432 1027 breviter
1453 1004 1574 1027 meam
1597 990 1860 1040 conjecturam
1885 1004 1892 1026 :
1912 991 2056 1027 certine
2078 991 2148 1027 ali-

92 1050 172 1084 beat.

103 1176 134 1211 1.
154 1174 239 1209 Non
259 1179 316 1208 est
337 1170 428 1207 mihi
442 1199 451 1216 ,
474 1183 582 1207 more
602 1171 839 1215 multorum,
864 1170 1063 1220 prooemiis

53 1233 105 1273 uti
127 1232 174 1270 ad
204 1244 274 1268 vos
287 1260 297 1276 ,
321 1230 517 1268 ambituve
537 1229 745 1266 verborum
764 1245 771 1267 ε
788 1244 809 1266 a
829 1244 870 1267 re
898 1231 981 1280 ipsa
1000 1230 1063 1266 in-

53 1295 159 1346 cipio.
182 1295 311 1330 Homo
344 1292 457 1328 fallax
478 1291 586 1327 venit
607 1290 654 1327 ad
682 1304 772 1336 vos,
796 1291 912 1327 credo
935 1299 975 1327 ut
993 1291 1064 1327 sal-

54 1357 119 1402 1313
149 1353 215 1391 sed
241 1351 339 1389 absit
369 1360 412 1388 ut
445 1365 527 1388 vos.
561 1354 644 1388 Hoc
669 1351 772 1388 enim
804 1364 884 1388 non
920 1351 992 1387 nisi
1026 1351 1065 1386 in

55 1415 256 1455 multorum
280 1412 507 1457 discrimen,
532 1411 649 1462 idque
680 1412 912 1458 maximum,
936 1419 1067 1462 posset

54 1474 232 1515 accidere.
253 1476 414 1523 Semper
431 1471 586 1522 quidem
601 1501 610 1518 ‚
635 1472 732 1509 sicut
753 1472 883 1509 fallere
905 1473 1064 1518 malum,

57 1538 106 1576 ita
132 1536 207 1574 falli
225 1548 247 1572 a
274 1535 375 1572 malo
402 1542 458 1572 est
485 1534 716 1584 plerumque
739 1542 777 1570 et
804 1534 960 1570 malum.
994 1533 1067 1572 Sed

56 1600 207 1637 interest
229 1597 335 1647 quis,
357 1604 395 1633 et
414 1596 453 1632 in
473 1609 551 1646 quo
580 1596 744 1632 fallatur.
768 1599 922 1644 Quanto
943 1604 1070 1632 vestra

56 1667 218 1713 potestas
243 1667 282 1695 et
302 1657 465 1707 dignitas
490 1656 626 1707 major,
653 1665 760 1693 tanto
781 1670 824 1693 ea
853 1670 938 1706 quae
959 1655 1070 1693 vobis

59 1722 151 1760 forte
169 1719 368 1769 subreptio
389 1719 452 1765 fit,
473 1732 553 1755 non
571 1717 688 1755 modo
710 1718 981 1768 periculosior,
1003 1718 1070 1755 sed

1129 1051 1222 1101 quid
1246 1051 1402 1098 habeat,
1425 1065 1493 1088 vos
1511 1050 1743 1101 judicabitis.
1767 1054 1844 1089 Cur
1864 1051 1973 1088 datos
1993 1050 2064 1088 sibi
2081 1051 2149 1100 ju—

1130 1112 1232 1149 dices
1268 1113 1503 1150 declinavit?
1539 1113 1576 1150 Si
1611 1126 1796 1163 personas
1836 1121 2038 1159 causatur,
2070 1126 2149 1149 non

1130 1182 1239 1209 erant
1255 1174 1435 1224 suspecti.
1455 1173 1492 1210 Si
1513 1173 1587 1209 loci
1606 1173 1959 1223 importunitaten13
1981 1182 2061 1210 erat
2080 1173 2152 1209 hoc

1129 1235 1169 1270 in
1192 1242 1294 1270 terra
1325 1247 1389 1270 sua
1404 1263 1413 1279 ,
1436 1242 1474 1270 et
1493 1234 1531 1269 in
1555 1234 1786 1283 cognatione
1818 1247 1903 1280 sua,
1923 1233 1990 1270 ubi
2020 1243 2057 1271 et
2087 1248 2155 1271 ex-

1133 1295 1261 1346 pensis
1289 1295 1440 1344 paucis,
1467 1303 1505 1331 et
1525 1295 1662 1331 itinere
1692 1308 1771 1331 non
1807 1295 1945 1344 longe,
1975 1295 2081 1331 facile
2117 1304 2154 1331 et

1134 1356 1281 1406 absque
1312 1355 1446 1392 labore
1475 1364 1598 1392 totum
1628 1357 1825 1405 negotium
1856 1363 2011 1405 poterat
2032 1356 2157 1405 expli-

1135 1416 1224 1453 cari.
1248 1420 1380 1454 Restat
1404 1415 1569 1466 proinde
1598 1416 1692 1452 nihil
1727 1415 1831 1452 aliud
1861 1416 2154 1466 suspicandum,

1136 1491 1251 1527 quam
1273 1477 1412 1527 fugisse
1438 1477 1633 1514 hominem
1661 1476 1869 1514 subdolum
1893 1477 2154 1514 accusantium

1136 1539 1445 1585 multitudinem,
1476 1539 1543 1589 qui
1563 1548 1671 1575 extra
1694 1539 1858 1589 patriam
1888 1552 1976 1575 eum
1999 1539 2156 1575 minime

1137 1614 1218 1652 prae
1240 1601 1371 1650 inopia
1398 1600 1506 1650 se'qui
1536 1608 1706 1650 possent.
1733 1600 1884 1638 Gratias
1913 1600 2059 1649 agimus
2089 1599 2160 1636 do-

1138 1662 1244 1699 mino
1277 1662 1529 1707 Lexoviensi,
1554 1662 1620 1711 qui
1645 1662 1727 1698 zelo
1756 1661 1895 1698 domus
1922 1661 2079 1699 Domini
2102 1670 2160 1697 ta-

1138 1732 1240 1770 ctus,
1256 1737 1326 1760 nec
1345 1723 1541 1773 marsupio
1556 1723 1749 1773 pepercit,
1765 1736 1833 1759 nec
1851 1723 2018 1772 corpori.
2034 1726 2162 1759 Bonus

59 1791 96 1820 et
121 1781 269 1832 turpior
287 1789 365 1827 est,
387 1780 601 1831 praesertim
629 1780 666 1816 in
693 1780 957 1817 ecclesiasticis
978 1793 1070 1816 cau-
1092 1785 1120 1821 C
1141 1786 1272 1831 frater,
1294 1785 1356 1822 cui
1388 1784 1557 1821 studium
1586 1793 1643 1821 est
1673 1798 1802 1821 semen
1832 1783 2002 1820 defuncti
2035 1785 2162 1821 fratris

58 1845 116 1883 sis.
143 1844 200 1890 Si,
229 1841 340 1880 verbi
368 1842 508 1892 gratia,
533 1842 721 1892 Sagiensis
754 1842 835 1878 haec
866 1841 1073 1891 vulpecula

61 1904 315 1950 fraudulenta,
334 1902 572 1940 concinnans
595 1902 705 1939 dolos
726 1901 838 1939 vobis
851 1930 860 1947 ,
879 1902 977 1938 sicut
994 1901 1073 1938 cal-

60 1964 130 2003 lide
148 1964 289 2014 cogitat
312 1963 495 2008 illudere,
520 1963 665 2013 poterit
685 1971 722 1999 et
748 1962 795 1999 ad
819 1963 969 1999 vineam
990 1965 1074 2000 Do—

61 2027 149 2064 mini
174 2025 352 2071 sabaoth,
377 2038 493 2075 quam
513 2023 623 2061 brevi
651 2032 826 2074 tempore
860 2032 969 2074 parte
993 2037 1073 2060 non

62 2087 205 2126 modica
225 2086 408 2124 demolita
428 2094 503 2132 est,
522 2094 650 2123 vestra
671 2085 898 2122 auctoritate
922 2084 1072 2131 redire3

61 2156 196 2199 quanta
223 2147 366 2198 putatis
400 2147 636 2196 malignitate
667 2145 714 2182 de
750 2154 890 2183 caetero
917 2145 1073 2182 saevitu—

62 2212 160 2248 ram?
176 2211 278 2247 Heu!
300 2209 406 2260 quod
423 2208 613 2258 reliquum
633 2216 689 2245 est
701 2238 710 2254 ,
728 2206 943 2244 devorabit.
962 2210 1074 2244 Nem-

62 2282 109 2321 pe
135 2270 200 2320 qui
229 2270 336 2307 venit
368 2269 592 2320 vulpecula,
612 2268 754 2305 redibit
785 2269 934 2305 leaena:
963 2276 1002 2303 et
1032 2267 1072 2303 in

62 2344 253 2381 quosque,
286 2339 362 2368 tam
397 2331 510 2378 cleri,
537 2344 653 2381 quam
690 2330 851 2381 populi,
885 2343 964 2365 non
991 2329 1071 2378 jam

62 2392 256 2434 calliditate
278 2400 422 2438 utetur,
457 2391 524 2429 sed
551 2391 789 2429 crudelitate.
825 2391 1072 2440 Vigilandum

63 2454 183 2504 itaque
203 2454 387 2492 adversus
405 2454 608 2500 astutiam,
636 2467 683 2490 ne
714 2453 762 2491 ad
789 2461 932 2490 tantam
962 2453 1073 2490 saevi—

63 2515 146 2552 tiam
166 2515 294 2552 denuo
315 2528 572 2566 prorumpere
593 2515 728 2565 possit.

113 2576 148 2613 2.
167 2580 251 2614 Non
278 2590 370 2627 ergo
390 2589 460 2613 vos
490 2585 644 2613 moveat
664 2576 832 2612 hominis
858 2576 971 2613 facies
997 2576 1071 2612 mi-

40 2655 41 2659 *
65 2637 239 2683 seranda,
254 2638 340 2675 vilis
354 2636 529 2683 habitus,
552 2637 682 2674 vultus
704 2638 890 2687 supplex,
910 2637 1075 2675 demissa

65 2699 284 2749 supercilia,
305 2698 517 2736 verborum
543 2698 738 2735 humilitas
760 2714 768 2735 ;
796 2697 863 2735 sed
889 2711 958 2735 nec
983 2698 1075 2748 ipsae

66 2758 211 2808 quidem
246 2759 490 2809 lacrymulae,
533 2767 752 2805 currentes,
792 2767 835 2795 ut
870 2759 995 2804 aiunt,
1027 2758 1075 2795 ad

67 2827 194 2857 nutum
211 2819 314 2870 ejus,
330 2820 452 2857 doctae
473 2819 640 2857 mentiri.
661 2824 752 2858 Haec
772 2821 901 2858 onmia
921 2821 959 2857 in
982 2821 1077 2858 facie

68 2889 151 2918 sunt
168 2878 231 2918 :et
249 2882 352 2919 scitis
372 2882 438 2932 qui
461 2881 621 2927 dixerit,
644 2884 774 2918 Nolite
797 2884 999 2918 secundum
1014 2881 1078 2930 sa-

69 2945 160 2978 ciem
181 2943 398 2988 judicare1.
423 2946 467 2979 In
490 2942 549 2979 his
581 2951 698 2992 atque
733 2941 921 2979 similibus
955 2943 1078 2979 forma

69 3002 214 3052 pietatis
234 3004 382 3052 existit,
402 3004 469 3041 sed
498 3017 579 3041 non
611 3017 765 3055 semper
786 3013 824 3041 et
844 3004 981 3041 virtus.
1003 3008 1079 3041 Ve-

42 3059 241 3101 'stimenta
277 3065 408 3102 ovium
444 3074 537 3102 sunt
569 3065 670 3111 haec,
713 3065 948 3115 frequenter,
982 3065 1080 3102 sicut

71 3122 278 3174 designavit
308 3125 518 3172 Dominus,
541 3134 724 3176 usurpata
753 3140 774 3162 a
796 3126 897 3176 lupis
916 3125 955 3162 in
983 3133 1082 3162 stra-

1141 1847 1325 1884 suscitare
1339 1846 1367 1883 *.
1391 1846 1542 1884 Gratias
1563 1854 1600 1882 et
1620 1859 1690 1882 vos
1712 1846 1809 1895 agite
1830 1845 1903 1890 illi,
1925 1845 2015 1894 quia
2034 1853 2164 1882 vestro

1141 1921 1297 1958 quoque
1325 1905 1473 1943 nomini
1497 1906 1577 1942 haec
1598 1905 1682 1954 ejus
1703 1919 1794 1942 cura
1811 1918 1887 1941 non
1911 1918 2047 1955 parum
2068 1919 2163 1942 con-

1143 1969 1241 2005 ferre
1258 1967 1413 2005 videtur
1432 1982 1440 2003 z
1463 1980 1537 2016 qua
1559 1968 1600 2003 fit
1622 1975 1664 2003 ut
1684 1966 1938 2002 convincatur
1959 1966 2161 2015 malignus,

1142 2038 1179 2067 et
1196 2030 1248 2066 sic
1270 2028 1496 2078 dejiciatur,
1512 2041 1598 2077 quae
1618 2036 1674 2063 est
1692 2027 1812 2077 gloria
1829 2036 1968 2063 vestra.

1142 2174 2164 2188 ιιιιιιιιιιιιιιιιιιιιιιιιιιιιιιιιιιιιιιιιιιιιιιιιιιιιιιιιιιιιιιιιιιιιι

1267 2299 1643 2357 EPISTOLA
1702 2290 2052 2356 CCXLIXJ’

1503 2456 1551 2477 AD
1582 2456 1755 2478 EL'MDEM.

1090 2583 1124 2617 D
1142 2575 1284 2607 Priorem
1301 2573 1461 2606 (lasse—Dei
1472 2597 1479 2610 ,
1497 2573 1629 2603 electum
1644 2572 1675 2602 in
1689 2572 1872 2615 episcopum
1885 2572 2143 2606 Valentiuensem
2156 2601 2162 2612 ,

1442 2628 1487 2659 uti
1506 2627 1634 2670 dignum
1653 2627 1864 2660 commendat.

1199 2757 1236 2794 Si
1258 2755 1373 2793 rebus
1397 2755 1531 2792 raritas
1551 2755 1718 2805 pretium
1742 2754 1848 2799 facit,
1867 2755 1918 2791 nil
1940 2755 1977 2792 in
1998 2757 2166 2794 Ecclesia

1144 2817 1372 2868 pretiosius,
1389 2817 1440 2853 nil
1460 2815 1669 2866 optabilius
1691 2815 1796 2852 bono
1816 2815 1976 2866 utilique
1997 2825 2161 2866 pastore.

1144 2883 1291 2929 Nempe
1318 2891 1403 2915 rara
1431 2877 1512 2914 avis
1533 2885 1590 2913 est
1618 2877 1701 2914 ista.
1730 2877 1898 2914 Proinde
1930 2877 2051 2914 sicubi
2084 2880 2166 2916 talis

1146 2939 1340 2977 interdum
1368 2938 1595 2988 reperiatur,
1623 2946 1660 2974 et
1688 2938 1838 2976 occasio
1875 2938 2008 2985 detur;
2042 2941 2168 2977 confe-

1147 3002 1233 3039 stim
1254 2999 1472 3050 injiciendae
1490 3007 1578 3036 sunt
1593 3012 1751 3045 manus,
1773 3008 1811 3035 et
1833 3000 1921 3036 totis
1943 2999 2090 3037 nisibus
2113 3015 2168 3038 sa-

1148 3062 1353 3113 tagendum
1368 3091 1377 3108 ,
1396 3074 1443 3097 ne
1463 3074 1540 3111 qua
1564 3060 1621 3106 vi,
1642 3074 1688 3098 ne
1710 3074 1786 3110 qua
1813 3069 1895 3097 arte
1916 3061 2070 3098 malitiae
2090 3063 2168 3098 fru-

1148 3131 1280 3160 ctuosa
1306 3121 1500 3172 promotio
1528 3121 1653 3158 valeat
1683 3120 1904 3171 praepediri.
1939 3121 2168 3159 Audivimus

120 3259 129 3273 ¹
148 3256 239 3286 Joau.
257 3266 324 3293 vn,
348 3258 403 3286 25.
421 3275 465 3278 --
482 3263 494 3278 2
515 3256 634 3288 Mauh.
656 3268 705 3286 vu
720 3280 727 3293 ,
753 3259 805 3287 15.
834 3273 879 3278 ——
895 3254 909 3278 3
930 3255 1028 3287 Eccli.
1055 3265 1132 3292 xix,
1153 3256 1208 3285 23.

118 3316 131 3333 ὓ
152 3313 270 3356 Scripta
290 3314 371 3346 circa
390 3326 507 3347 annum
530 3319 628 3348 1146.
649 3335 688 3340 —
710 3316 725 3337 b
742 3315 865 3358 Scripta
881 3327 964 3347 anuo
983 3314 1099 3348 Christi
1119 3315 1218 3346 1145.

0 3780 54 3952 1
161 3886 169 3889 ε
