2517 3920
353 200 427 233 935)

347 279 501 309 (lavimus.
529 279 670 308 Fortasse
693 286 730 306 ex
758 274 880 305 illarum
909 280 954 305 est
980 284 1110 304 numero
1134 271 1351 314 epistolarum,

345 344 421 375 quas
449 330 598 363 Bernardi
619 331 706 372 jussu
743 330 808 371 ejus
836 328 947 359 notarii
969 327 1156 369 quandoque
1179 336 1234 357 suo
1257 330 1355 355 marte

348 384 537 416 scribebant.

397 442 463 469 765
481 441 519 469 D.
533 437 564 468 Si
578 436 777 473 condemnat,
793 433 991 465 benedictum
1008 431 1045 462 sit
1059 441 1174 462 nomen
1185 431 1262 471 ejus,
1279 428 1352 470 quia

348 491 391 522 sic
415 490 596 522 meruimus.
618 508 659 512 —
675 491 747 520 Non
761 493 905 529 putamus
927 485 958 516 id
985 485 1140 516 dicturum
1165 482 1258 513 fuisse
1283 484 1355 512 Ber-

348 544 481 575 nardum
512 554 518 574 :
547 553 605 573 nec
623 541 857 572 damnationem
875 545 1023 569 aeternam
1037 562 1044 575 ,
1064 537 1095 567 in
1112 547 1173 577 qua
1192 535 1277 565 nulla
1295 534 1353 564 erit

348 598 491 629 humanas
509 595 675 628 voluntatis
700 605 768 625 cum
793 593 897 623 divina
915 590 1095 625 consensio,
1117 589 1180 619 imo
1196 588 1353 619 obstinata

348 662 384 682 ac
399 650 579 682 detestanda
600 648 639 679 ab
659 658 694 678 ea
711 646 854 683 desectio,
875 645 906 674 in
922 643 1075 675 sententia
1089 641 1238 672 Bernardi
1260 640 1354 670 fuisse

349 705 388 736 de
407 716 517 746 genere
540 714 642 734 rerum
665 702 805 737 illarum,
833 709 909 740 quas
941 697 1053 727 divinae
1079 694 1231 725 voluntati
1268 704 1353 723 com-

350 760 473 790 mittere
497 758 665 789 debeamus
682 755 833 785 volentes.
857 752 893 782 Id
921 756 1005 792 patet
1027 761 1065 780 ex
1090 758 1232 779 sermone
1255 751 1296 778 25
1315 746 1354 777 de

349 812 499 847 Diversis,
519 810 572 840 ubi
585 808 774 848 distinguens
793 816 829 835 ea
845 815 912 845 quae
927 806 1021 834 aDeo
1040 801 1096 832 sub
1115 799 1305 835 conditione,
1325 804 1356 829 et

350 875 417 906 qnae
434 864 574 894 absolute
588 867 692 903 petere
706 859 873 890 debeamus
887 868 893 891 ς
908 857 939 886 111
952 855 1011 885 1100
1025 864 1135 896 genere
1148 853 1275 895 gratiam
1287 855 1354 884 Deo

349 925 468 960 gratum
494 916 675 948 facientem,
704 918 733 943 et
757 911 884 952 gloriam
912 909 944 938 in
978 907 1082 938 futuro
1104 906 1246 948 reponit,
1266 918 1297 937 n.
1321 911 1353 938 5.

350 974 385 1000 In
410 969 539 1011 epistola
562 970 603 998 42
624 966 663 996 ad
682 964 853 995 Henricum
871 965 1081 992 Senonensem
1095 984 1102 997 ,
1127 970 1158 990 n.
1187 963 1239 998 13,
1256 960 1356 991 Mosis

349 1022 475 1063 quidem
505 1028 663 1050 excessum
695 1016 808 1047 amoris
832 1014 962 1045 volentis
983 1012 1112 1043 fratrum
1136 1023 1226 1043 causa
1259 1013 1357 1045 deleri

348 1077 387 1106 de
411 1075 491 1105 libro
506 1074 593 1109 vitm,
614 1078 644 1102 et
660 1070 747 1101 Pauli
765 1068 934 1100 anathema
957 1078 1023 1097 esse
1048 1066 1219 1108 cupientis,
1240 1066 1280 1097 ad
1303 1078 1355 1108 ge-

347 1128 481 1159 hennam
499 1126 595 1167 ipsam
614 1108 772 1160 extendit,
798 1121 850 1152 sed
874 1131 945 1151 cum
965 1119 1049 1150 bona
1068 1119 1268 1157 conscientia,
1286 1131 1355 1161 quae

347 1190 411 1209 non
433 1176 581 1219 competit
605 1174 779 1212 damnatis,
800 1184 935 1215 quorum
959 1172 1076 1203 mentio
1101 1178 1147 1203 est
1162 1171 1220 1203 hac
1237 1172 1269 1203 in
1288 1173 1355 1214 epi-

346 1232 435 1262 stola.

396 1288 459 1317 767
480 1287 514 1315 Β.
536 1294 577 1313 An
598 1293 770 1312 ,arros-scm
790 1292 902 1312 REGEM
931 1292 1180 1312 ronTcGAfflIAE.
1208 1299 1253 1303 —
1269 1283 1355 1312 Duas

347 1343 508 1379 sequentes
535 1336 680 1378 epistolas
705 1334 849 1365 Horstius
868 1334 930 1365 huc
957 1334 1062 1365 retulit
1087 1340 1118 1365 et
1142 1340 1228 1364 tomo
1253 1333 1355 1375 primo

347 1392 516 1423 Annalium
533 1389 684 1421 Bernardi
707 1388 792 1419 Brito
816 1388 972 1425 Lusitani,
997 1388 1050 1430 qui
1067 1388 1142 1418 alias
1158 1386 1215 1418 sul)
1229 1386 1356 1417 nomine

347 1445 475 1475 ducissze
493 1442 698 1483 Lotharingiae
715 1441 753 1471 ad
771 1441 981 1478 Bernardum,
1004 1447 1033 1471 et
1050 1440 1201 1471 Bernardi
1221 1439 1261 1470 ad
1284 1450 1356 1470 eum

348 1498 464 1528 litteras
493 1507 531 1527 ex
562 1495 681 1526 Gallico
709 1494 747 1535 (si
773 1494 800 1524 ei
826 1494 994 1535 credimus)
1021 1494 1168 1524 idiomate
1192 1493 1356 1524 translatas

348 1549 496 1591 vulgavit.
525 1548 584 1579 Sed
615 1548 710 1578 alium
736 1547 887 1588 ejusmodi
913 1546 1113 1589 epistolarum
1140 1546 1357 1587 fidejussorem

347 1609 500 1644 optamus.
518 1603 610 1633 Certe
636 1600 784 1631 Bernardi
811 1601 936 1643 genius,
956 1601 1061 1639 stilus,
1087 1600 1238 1632 modestia
1262 1601 1294 1631 in
1313 1600 1356 1631 eis

347 1656 516 1687 desiderari
538 1655 692 1686 videntur.
712 1655 857 1686 Genuina
882 1662 928 1686 est
950 1655 1102 1686 Bernardi
1131 1654 1261 1697 epistola
1289 1658 1353 1687 308

346 1710 386 1740 ad
403 1709 565 1741 Alfonsum
592 1712 729 1750 Regem;
758 1709 894 1750 itemque
920 1710 1001 1740 Petri
1028 1709 1149 1740 abbatis
1167 1710 1357 1741 Clarae-Vat-

345 1763 436 1794 lensis
458 1763 556 1794 octavi
580 1763 709 1804 epistola
732 1762 771 1792 ad
796 1766 913 1804 Regem
930 1763 1146 1804 Portugalliai,
1172 1763 1220 1792 cui
1241 1763 1355 1804 gratias

347 1816 407 1857 agit
425 1816 465 1846 ob
487 1816 654 1847 relevatam
677 1826 804 1846 suorum
821 1815 950 1847 fratrum
965 1815 1103 1857 inopiam
1119 1821 1149 1846 et
1169 1815 1361 1848 oblationem

348 1869 526 1900 monasterii
548 1869 586 1900 de
609 1869 797 1907 Castineria,
814 1869 897 1910 apud
920 1869 1089 1901 Chesnium
1111 1875 1196 1899 tomo
1219 1870 1235 1899 4
1253 1893 1260 1907 ,
1284 1880 1357 1912 pag.

350 1926 426 1954 480.
446 1926 523 1964 Quze
537 1929 707 1964 sequuntur
721 1928 802 1954 nota.¹
816 1922 934 1954 Horstii
949 1928 1031 1954 sunt.

398 1981 460 2009 707
481 1980 520 2008 D.
541 1988 645 2008 coram
663 1977 798 2007 Domino
820 1977 994 2019 provoluti,
1015 1976 1245 2008 decertantibus
1261 1978 1361 2008 mani-

347 2032 404 2062 bus
420 2031 525 2062 vestris
536 2056 543 2069 ,
560 2031 656 2062 robur
676 2037 706 2062 et
726 2030 939 2061 fortitudinem
957 2029 1204 2072 postulabamus.
1220 2048 1265 2052 -—
1279 2034 1359 2062 Rem

348 2091 462 2125 gestam
491 2084 561 2115 vide
583 2084 703 2126 prolixe
723 2090 880 2114 narratam
903 2083 987 2125 apud
1012 2082 1190 2124 Henriquez
1213 2082 1245 2113 in
1267 2086 1357 2114 Fasc.

347 2138 402 2168 lib.
423 2142 450 2175 l,
472 2138 542 2168 dist.
561 2139 577 2168 4
591 2161 598 2175 ,
618 2148 687 2179 cap.
706 2140 768 2174 273
791 2143 820 2167 et
844 2137 876 2167 in
898 2136 1078 2178 Menologio
1093 2136 1132 2167 ad
1146 2137 1228 2168 diem
1251 2137 1361 2179 vigesi-

348 2202 430 2221 mam
453 2190 590 2232 augusti,
608 2201 679 2232 pag.
707 2193 790 2228 273,
811 2191 865 2221 ubi
887 2190 1007 2221 videbis
1025 2190 1236 2228 Bernardum‚
1255 2191 1312 2222 etsi
1329 2191 1360 2222 in

349 2244 458 2275 Galliis
474 2250 614 2286 agentem
625 2268 632 2281 ,
650 2245 734 2275 velut
748 2244 879 2275 alterum
894 2247 1040 2286 Moysen,
1057 2244 1189 2275 extentis
1204 2245 1235 2275 in
1249 2246 1362 2276 coelum

349 2296 511 2334 manibus,
540 2296 672 2328 Alfonso
697 2297 728 2327 in
754 2298 911 2328 Lusitania
937 2297 1093 2328 Scalabim
1123 2298 1361 2330 munitissimam

349 2353 576 2382 Saracenorum
592 2351 700 2381 urbem
722 2352 935 2394 oppugnanti,
960 2358 1110 2393 tanquam
1128 2351 1217 2382 alteri
1239 2355 1259 2384 J
1262 2363 1336 2384 osue
1349 2377 1357 2390 ,

348 2403 503 2445 suppetias
517 2410 546 2435 et
561 2404 720 2435 victoriam
735 2405 900 2435 contulisse
917 2415 924 2435 :
941 2404 1035 2446 idque
1057 2405 1130 2446 quia
1146 2405 1212 2436 sola
1225 2406 1360 2437 nominis

348 2457 414 2497 ejus
439 2456 520 2488 sama
552 2464 712 2499 permotus
746 2457 894 2489 Alfonsus
926 2469 1019 2500 opem
1044 2457 1145 2495 illius,
1172 2457 1246 2489 licet
1273 2465 1360 2489 tanto

349 2510 511 2541 intervallo
529 2511 687 2549 distantis,
707 2511 943 2554 imploraverat.

398 2567 462 2595 768
493 2567 532 2595 A.
552 2571 582 2596 et
606 2565 638 2595 in
664 2565 816 2596 divisione
840 2565 1017 2604 redituum,
1046 2566 1203 2597 dividetur
1229 2576 1246 2597 a
1271 2566 1361 2598 vobis

349 2628 464 2649 corona
478 2625 590 2649 vestra.
606 2638 651 2641 —
664 2619 1040 2650 Memorabile-Bernardi
1059 2620 1239 2651 vaticinium
1250 2644 1257 2658 ,
1275 2620 1361 2662 quod

350 2671 463 2701 nostris
485 2671 572 2702 annis
594 2672 759 2713 complevit
783 2678 923 2703 eventus.
940 2672 1000 2704 Sed
1021 2672 1053 2703 id
1075 2679 1104 2704 te
1122 2673 1204 2703 malo
1227 2683 1265 2703 ex
1286 2673 1360 2715 ipsis

350 2724 414 2764 ejus
437 2724 534 2765 gentis
556 2725 734 2756 auctoribus
756 2726 877 2767 plenius
892 2736 1088 2767 cognoscere.
1103 2726 1188 2757 Audi
1208 2737 1281 2767 ergo
1295 2729 1361 2757 An-

351 2776 453 2816 gelum
471 2777 652 2818 Mamiquez
676 2779 857 2808 Lusitauum
872 2778 999 2809 Ordinis
1014 2779 1224 2810 Cisterciensis
1239 2778 1361 2810 theolo-

353 2841 423 2871 gum
442 2841 448 2861 :
464 2847 479 2857 u
495 2832 589 2872 Quod
604 2838 705 2863 autem
720 2833 762 2863 ibi
776 2833 862 2871 dicit,
880 2834 911 2864 in
930 2832 1080 2865 divisione
1096 2833 1263 2870 redituum,
1281 2833 1359 2865 divi-

355 2895 368 2907 »
389 2881 481 2913 detur
497 2895 515 2912 a
532 2883 621 2914 vobis
635 2896 751 2915 corona
770 2894 890 2923 restra,
909 2888 1022 2919 nostris
1037 2888 1228 2930 temporibus
1242 2889 1357 2920 evenit.

353 2949 368 2960 n
385 2935 565 2966 Sebastiano
592 2937 673 2967 enim
693 2937 724 2967 in
747 2938 852 2969 Africa
873 2940 983 2971 misere
1008 2941 1181 2979 exstincto,
1205 2941 1359 2973 lIenricus

354 3001 367 3012 u
386 2986 550 3017 cardinalis
572 2998 701 3029 regnum
724 2989 876 3028 obtinuit,
896 2993 948 3033 qui
972 2999 1092 3034 partem
1113 2993 1270 3024 redituum
1292 3005 1359 3024 mo-

355 3053 368 3065 »
385 3040 510 3070 nasterii
534 3040 762 3072 Alcobaciensis
785 3044 883 3075 aulico
907 3046 1029 3076 cuidam
1053 3047 1237 3088 assignavit,
1253 3054 1284 3079 et
1305 3059 1359 3079 rex

355 3105 368 3117 u
385 3091 472 3123 brevi
495 3093 558 3124 fato
574 3094 680 3131 cessit,
704 3096 824 3126 nullum
845 3096 1001 3129 haeredem
1023 3100 1200 3141 relinquens
1225 3112 1231 3132 :
1253 3108 1282 3133 et
1305 3113 1360 3133 rex

355 3160 370 3170 υ
388 3145 609 3187 Hispaniarum
642 3146 803 3189 Philippus
836 3152 867 3179 II
902 3150 934 3180 in
967 3151 1181 3184 hiereditatem
1209 3154 1355 3194 intravit,

355 3212 367 3223 u
385 3197 535 3229 exstincta
549 3199 676 3240 antiqua
693 3200 907 3231 Lusitanorum
923 3213 1030 3243 regum
1052 3206 1210 3246 progenie.
1226 3210 1263 3237 [n
1276 3208 1359 3240 dicto

355 3264 368 3275 ι»
385 3254 488 3280 autem
505 3251 693 3283 monasteiio
707 3252 791 3284 mille
813 3254 957 3285 monachi
981 3255 1071 3286 simul
1085 3257 1289 3297 habitabant,
1307 3261 1360 3302 qui

356 3318 370 3328 »ν
391 3303 441 3334 die
465 3314 501 3335 ac
526 3310 617 3336 nocte
641 3304 829 3337 incessanter
854 3306 967 3338 divinis
991 3307 1135 3341 laudibus
1161 3310 1356 3344 insistebant.

355 3369 368 3380 u
388 3355 449 3395 Qui
467 3356 556 3387 divisi
580 3363 666 3389 erant
689 3369 744 3399 prr
766 3358 898 3390 decanos
923 3357 974 3390 tali
997 3359 1126 3399 ordino,
1152 3368 1184 3392 ut
1209 3362 1239 3392 in
1262 3363 1358 3395 choro

858 198 907 231 IN
935 195 1115 231 TOMUM
1146 191 1343 229 PRIMUM
1373 190 1577 226 OPERUM
1609 192 1644 226 S.
1675 189 1926 224 BERNARDI

2353 187 2430 223 9520

1424 268 1520 298 -laus
1546 266 1692 310 perennis
1718 265 1898 296 haberetur.
1925 263 2035 294 Primis
2063 264 2144 295 enim
2171 269 2241 305 post
2274 264 2430 296 absolutas

1422 337 1437 347 υ
1455 321 1560 352 laudes
1586 320 1752 351 matutinas
1776 330 1793 349 e
1816 318 1913 349 choro
1938 318 2187 359 egredientibus,
2216 317 2268 349 alii
2287 318 2430 349 suceede-

1422 389 1435 400 »
1455 374 1548 409 bant:
1574 373 1688 414 quibus
1709 372 1801 403 etiam
1827 371 2033 409 abeuntibus,
2063 371 2115 401 alii
2139 371 2290 402 intrantes
2306 371 2430 403 easdem

1421 441 1436 452 »
1453 426 1678 463 decantabant,
1706 426 1748 457 ita
1773 432 1806 456 ut
1833 433 1993 466 nunquam
2028 424 2142 456 chorus
2171 426 2238 456 sine
2269 425 2430 456 monachis

1421 494 1436 505 »
1457 479 1631 510 videretur.
1651 494 1663 504 n
1682 478 1733 509 Sic
1757 478 1956 520 prophetiam
1976 478 2059 509 hanc
2073 478 2212 520 explieat
2233 481 2275 510 R.
2303 481 2339 510 P.
2363 481 2430 510 An-

1419 532 1506 572 gelus
1522 531 1710 572 Manriquez
1728 531 1760 561 in
1776 534 1895 562 Laurea
1915 531 2095 573 evangelica
2107 556 2115 570 ,
2136 537 2165 563 et
2181 532 2214 562 in
2227 531 2406 563 Annalibus
2418 556 2429 571 ,

1418 589 1448 614 et
1471 594 1509 613 ex
1527 594 1565 614 eo
1582 583 1764 625 Heni-iquez
1782 583 1813 614 in
1830 586 1916 616 Fasc.
1934 595 1961 615 c.
1985 584 2042 616 lib.
2066 589 2095 623 1,
2121 585 2195 617 dist.
2219 586 2258 623 4,
2279 593 2351 626 cap.
2370 587 2427 624 27,

1419 642 1450 667 et
1466 647 1573 667 rursus
1591 636 1623 667 in
1642 636 1824 679 Menologio
1841 637 1879 668 ad
1897 637 1982 668 diem
2002 638 2184 680 vigesimam
2206 637 2344 680 augusti.

1469 692 1532 721 768
1565 692 1598 722 C.
1628 691 1831 732 permittente
1858 694 1950 723 Patre
1986 692 2273 724 misericordiarum
2301 698 2333 724 et
2361 695 2432 724 Deo

1420 742 1516 774 totius
1547 743 1783 775 consolationis.
1805 762 1850 766 ——
1871 745 1988 776 Eadem
2019 745 2114 777 verba
2141 745 2233 777 initio
2259 745 2431 788 superioris

1420 795 1579 837 epistolam
1605 800 1636 826 et
1659 795 1757 833 infra,
1781 811 1794 823 «
1818 796 1898 828 lacte
1919 797 2106 839 evangelicae
2123 797 2286 829 doctn'nae.
2311 812 2324 824 n
2348 799 2431 829 Sane

1421 848 1505 890 quod
1523 848 1566 879 ait
1589 848 1628 879 de
1650 848 1817 880 condendo
1834 850 2036 888 monasterio,
2054 866 2069 877 «
2088 850 2143 882 ubi
2164 850 2290 882 coeleste
2303 849 2431 892 aliquod

1422 918 1435 929 n
1453 902 1617 934 micaverit
1630 902 1753 945 signum
1769 918 1784 929 »
1796 914 1814 935 a
1828 904 1981 936 Bernardi
1995 904 2136 936 moribus
2148 911 2178 936 et
2191 904 2281 946 genio
2294 901 2432 936 alienum

1420 957 1557 989 videtur.

1470 1014 1535 1043 768
1569 1013 1604 1043 C.
1644 1011 1718 1042 dum
1750 1011 1841 1043 nobis
1875 1011 1997 1054 aperuit
2024 1012 2168 1044 exaudiri
2196 1011 2432 1055 deprecationes

1421 1071 1504 1097 tuas.
1520 1084 1563 1088 —-
1579 1066 1759 1107 Henriquez
1770 1090 1777 1104 ,
1797 1065 1840 1097 ait
1855 1067 2000 1098 Horstius
2011 1091 2019 1105 ‚
2035 1069 2072 1097 In
2085 1066 2163 1098 Vita
2176 1065 2311 1099 Joannis
2327 1064 2434 1097 Ciritae

1420 1119 1550 1150 modum
1583 1119 1796 1151 exauditionis
1829 1119 1975 1162 explicat.
2008 1119 2170 1152 Nimirum
2197 1122 2235 1150 B.
2269 1117 2432 1151 Bernardo

1419 1183 1503 1204 anno
1522 1176 1533 1204 1
1549 1177 1554 1203 Ι
1570 1176 1622 1211 19,
1640 1173 1786 1214 vigesima
1803 1179 1915 1216 quarta
1924 1173 2004 1216 junii
2015 1197 2023 1212 ‚
2042 1179 2114 1216 post
2125 1172 2311 1215 Vigiliarum
2323 1171 2433 1204 laudes

1420 1225 1555 1257 orationi
1576 1225 1607 1256 in
1629 1225 1726 1257 choro
1739 1226 1895 1258 insistenti
1917 1229 1948 1259 S.
1965 1230 2124 1259 Joannem
2144 1225 2317 1269 Baptistam
2339 1235 2433 1267 appa-

1420 1281 1536 1319 ruisse,
1554 1281 1735 1323 jubentem,
1759 1289 1791 1314 ut
1815 1282 1847 1314 in
1869 1283 2054 1315 remotiores
2075 1281 2237 1325 Hispaniae
2259 1291 2328 1312 oras
2349 1280 2433 1311 colo-

1420 1334 1501 1365 niam
1522 1335 1747 1366 monachorum
1762 1336 1929 1378 dirigeret,
1945 1337 2048 1368 locum
2072 1347 2090 1368 a
2111 1338 2181 1367 Deo
2194 1333 2432 1366 monstrandum

1420 1389 1609 1419 monasterio
1641 1400 1826 1431 congruum.
1852 1389 1936 1421 Hinc
1967 1389 2163 1421 Bet-nardum
2196 1394 2269 1420 octo
2296 1398 2335 1418 ex
2369 1386 2434 1417 suis

1420 1440 1570 1481 delegisse
1581 1465 1589 1479 ,
1606 1451 1719 1484 nempe
1740 1442 1959 1473 Boemundum
1971 1467 1979 1480 ,
2005 1442 2230 1476 Aldebertum,
2251 1444 2408 1473 Joannem
2423 1463 2431 1478 ,

1421 1494 1635 1532 Bernardum,
1664 1496 1889 1535 Cisinandum,
1913 1496 2110 1535 Rolandum,
2136 1501 2168 1527 et
2186 1495 2344 1532 Alanum,
2365 1504 2433 1526 eos-

1422 1558 1482 1589 que
1503 1548 1542 1579 de
1565 1548 1671 1579 divina
1693 1549 1856 1581 voluntate
1878 1550 2085 1582 commonitos
2108 1550 2140 1581 in
2165 1548 2353 1592 Hispaniam
2377 1550 2435 1581 1111-

1423 1603 1519 1641 sisse3
1544 1602 1599 1645 qui
1628 1606 1785 1634 Joannem
1815 1603 1966 1642 Ciritam,
1997 1603 2074 1635 dato
2100 1615 2158 1646 per
2181 1606 2214 1636 S.
2236 1604 2433 1636 Bernardum

1424 1656 1548 1694 ndicio,
1573 1656 1791 1695 invenientes,
1813 1657 1881 1699 ejus
1906 1657 2003 1688 ductu
2029 1663 2060 1689 et
2083 1657 2234 1700 auspiciis
2254 1657 2408 1700 principis
2422 1682 2430 1696 ,

1423 1709 1652 1741 monasterium
1679 1710 1931 1742 Sancti-Joannis
1954 1710 1993 1742 de
2018 1713 2164 1742 Tarouca
2185 1711 2432 1743 construxerint.

1422 1761 1508 1793 vide
1526 1763 1710 1805 Henriquez
1732 1763 1764 1794 in
1782 1767 1869 1795 Fasc.
1894 1763 1949 1795 lib.
1974 1766 2002 1801 1,
2028 1762 2100 1795 dist.
2121 1766 2176 1802 19,
2198 1769 2230 1795 et
2244 1763 2435 1807 Manriquez

1428 1814 1460 1846 in
1478 1816 1676 1855 Annalibus,
1694 1828 1777 1848 anno
1797 1820 1897 1855 1119,
1915 1828 1983 1860 cap.
2001 1820 2032 1849 3.

1476 1872 1540 1901 773
1558 1873 1593 1901 Β.
1611 1881 1651 1899 AD
1667 1881 1829 1900 nuent-M
1847 1881 2043 1902 EPISCOPL‘M.
2055 1889 2098 1893 ——
2109 1869 2335 1901 Existimamus
2350 1869 2436 1903 hune

1424 1932 1492 1953 csse
1521 1925 1682 1953 Lucanum
1701 1934 1758 1954 seu
1783 1926 1955 1954 Lunensem
1983 1923 2015 1954 in
2040 1922 2134 1955 Italia
2158 1922 2361 1966 episcopum,
2381 1923 2436 1965 qui

1424 1978 1553 2006 Petrum
1577 1975 1794 2007 Lombardum
1819 1975 1981 2007 Bernardo
2006 1976 2255 2015 commendavit,
2282 1987 2378 2019 supra
2402 1976 2436 2008 in

1424 2029 1553 2072 epistola
1573 2032 1650 2062 410.
1670 2030 1827 2061 Ubertum
1843 2041 1885 2061 an
1899 2030 2089 2072 Gregorium
2100 2054 2108 2068 ‚
2125 2041 2258 2072 quorum
2281 2030 2333 2061 itte
2351 2041 2436 2062 anno

1428 2086 1530 2121 11:¹10,
1560 2083 1611 2114 hic
1632 2095 1715 2115 anno
1737 2085 1823 2115 1146
1849 2084 1969 2115 electus
1994 2089 2061 2121 est,
2083 2088 2219 2115 testante
2241 2083 2377 2126 Ughello
2401 2083 2434 2115 in

1425 2138 1524 2168 Italia:
1543 2147 1640 2168 sacrae
1660 2143 1744 2168 tomo
1768 2139 1797 2167 1.

1474 2194 1537 2223 777
1557 2194 1596 2222 D.
1611 2190 1686 2221 hinc.
1708 2196 1739 2221 ct
1760 2189 1843 2221 inde.
1859 2208 1903 2212 —-
1920 2189 2071 2222 Eamdem
2084 2189 2334 2222 controversiam
2355 2190 2438 2222 inter

1425 2245 1563 2278 Alanum
1579 2244 1764 2287 episcopum
1784 2249 1816 2275 et
1830 2243 2027 2276 Willelmum
2040 2242 2187 2275 comitem
2202 2243 2308 2275 denuo
2330 2254 2437 2275 recru-

1424 2298 1604 2330 descentem
1638 2298 1813 2341 composuit
1843 2297 2053 2336 Godefridus,
2085 2297 2252 2340 episcopus
2277 2298 2436 2339 quondam

1424 2351 1630 2393 Lingonensis
1643 2376 1650 2390 ‚
1668 2358 1735 2383 tum
1757 2351 1900 2394 privatus
1917 2351 2035 2394 degens
2048 2351 2133 2394 apud
2149 2352 2413 2384 Claram—Vallem
2426 2377 2434 2391 ,

1423 2405 1456 2436 id
1471 2412 1518 2437 est
1531 2417 1614 2437 anno
1632 2410 1643 2437 1
1657 2409 1717 2437 164
1733 2431 1739 2444 ‚
1755 2406 1943 2447 statuitque,
1959 2412 1991 2436 ut
2005 2404 2162 2447 quidquid
2175 2406 2257 2436 inter
2269 2408 2437 2447 Hugonem

1423 2459 1605 2501 episcopum
1625 2465 1656 2490 et
1679 2459 1883 2490 Guillelmum
1898 2458 1937 2489 de
1957 2457 2101 2489 Cartusia
2113 2457 2260 2488 comitem
2271 2481 2278 2495 ,
2295 2472 2308 2484 «
2323 2464 2437 2490 sanctae

1426 2529 1441 2539 »
1459 2513 1617 2544 memoria?
1642 2512 1819 2544 Bernardus
1845 2511 2060 2544 Clarae-Vallis
2086 2510 2184 2542 abbas
2209 2511 2401 2554 composuit,
2422 2527 2435 2539 -

1425 2565 1651 2596 inviolabiliter
1669 2565 1906 2596 observaretur.

1476 2621 1540 2650 785
1561 2621 1599 2650 D.
1625 2629 1787 2648 nsimoms
1817 2628 2055 2648 ancumncoxr
2083 2628 2359 2649 emmaum-:usta
2390 2635 2436 2640 —-

1426 2673 1542 2709 Guido,
1562 2684 1598 2703 ex
1620 2672 1738 2703 decano
1758 2672 1958 2704 Laudunensi
1980 2672 2095 2704 electus
2117 2682 2200 2703 anno
2231 2673 2319 2703 1142
2347 2673 2436 2704 Cata-

1425 2727 1581 2758 launensis
1603 2726 1767 2769 episcopus
1780 2751 1788 2764 ,
1811 2726 1864 2758 sed
1880 2737 1962 2757 anno
1982 2732 2104 2757 tantum
2124 2727 2211 2757 1144
2239 2731 2436 2758 consecratus

1435 2782 1492 2824 (de
1506 2782 1592 2823 cujus
1604 2781 1755 2812 electione
1771 2781 1839 2812 vide
1856 2779 2007 2812 Bernardi
2023 2779 2170 2822 epistolas
2191 2780 2252 2810 221
2275 2785 2306 2810 et
2330 2782 2395 2811 224
2407 2781 2433 2820 ),

1425 2835 1464 2865 ad
1478 2850 1493 2861 «
1511 2835 1615 2866 sedem
1633 2846 1719 2866 suam
1731 2835 1868 2871 veniens,
1883 2833 2050 2876 quemdam
2066 2833 2282 2865 Lauduneusis
2293 2834 2436 2865 Ecclesiae

1426 2889 1596 2930 »juvenem
1615 2888 1759 2920 clericum
1774 2912 1782 2925 ,
1800 2888 1927 2920 nomine
1940 2888 2129 2919 Haimonem
2142 2911 2150 2925 ‚
2172 2887 2226 2928 qui
2242 2897 2348 2918 secum
2368 2887 2435 2919 abi·

1425 2958 1440 2969 n
1457 2949 1541 2980 erat,
1557 2953 1630 2973 mox
1645 2943 1675 2973 in
1692 2943 1758 2985 ipso
1781 2943 1883 2985 primo
1900 2941 2144 2974 consecrationis
2156 2951 2219 2972 suae
2232 2951 2336 2980 anno,
2354 2941 2435 2973 sedis

1426 3011 1438 3022 υ
1456 2995 1593 3037 ejusdem
1620 2996 1876 3028 archidiaconum
1896 2995 1979 3027 fecit.
2002 3010 2015 3022 ›-
2045 2998 2124 3036 Quae
2144 2994 2239 3026 verba
2259 2994 2435 3027 Hermanni

1424 3048 1638 3079 Laudunensis
1657 3050 1690 3080 in
1708 3049 1788 3080 libro
1810 3049 1902 3080 tertio
1923 3048 1961 3079 de
1980 3047 2143 3079 Miraculis
2162 3051 2199 3079 B.
2214 3048 2344 3085 Mariae,
2361 3058 2430 3090 cap.

1427 3105 1482 3139 25,
1507 3102 1707 3143 intelligenda
1734 3108 1805 3133 sunt
1834 3102 1873 3133 de
1898 3101 1957 3133 isto
1980 3101 2156 3139 Haimone,
2182 3101 2270 3142 cujus
2290 3101 2434 3143 epistolas

1425 3155 1501 3186 duas
1522 3155 1572 3186 1110
1596 3155 1695 3187 editas
1720 3167 1735 3186 a
1752 3155 1927 3187 venerabili
1948 3155 2015 3186 viro
2038 3157 2080 3187 N.
2103 3166 2122 3186 a
2137 3155 2409 3198 Sancto-Remigio
2422 3178 2430 3192 ,

1426 3207 1533 3239 itidem
1552 3208 1770 3240 Catalaunensi
1785 3208 2020 3245 archidiacono,
2039 3207 2225 3250 accepimus.
2245 3209 2342 3238 Porro
2352 3206 2434 3238 idem

1426 3261 1540 3291 Haimo
1557 3267 1627 3303 post
1640 3260 1905 3292 Bartholomaeum
1922 3259 2077 3292 Guidonis
2093 3270 2303 3292 successorem
2313 3265 2434 3291 creatus

1426 3319 1469 3343 est
1489 3320 1519 3345 et
1535 3313 1601 3356 ipse
1617 3313 1779 3355 episcopus
1802 3314 2036 3345 Catalaunensis
2050 3324 2133 3345 anno
2154 3315 2253 3345 1152.

1476 3368 1539 3397 787
1561 3368 1596 3398 C.
1621 3365 1840 3397 Ambianensis
1857 3365 2005 3408 episcopi.
2019 3385 2065 3390 —
2084 3364 2275 3398 Theoderici
2297 3363 2429 3402 scilicet,
