2517 3920
359 200 454 237 1123

1119 202 1155 237 S.
1188 200 1439 237 BERNARDI
1470 200 1669 236 ABBATIS

2332 204 2427 243 1124

352 278 463 315 ovile.
485 278 608 328 Hujus
636 278 690 314 rei
710 277 828 327 gratia
856 290 933 314 non
966 277 1194 327 pigritantur
1223 276 1506 316 erebi-0⁴⁷²esse
1532 286 1569 314 et
1594 290 1686 321 VOS,
1715 276 1744 312 si
1776 276 1834 312 cui
1864 273 2031 323 debetis,
2057 289 2134 314 non
2163 277 2429 329 dedignemini.

360 347 480 375 terere
514 339 645 375 limina
683 339 976 388 Apostolorum,
1014 337 1207 373 inventuri
1242 346 1280 374 et
1313 337 1365 372 ibi
1386 337 1661 386 ADedignatio
1676 336 1818 386 quippe
1831 335 2431 388 subjectionis,praelationisred—

360 398 492 450 (quod
520 399 637 449 magis
672 398 880 435 dolendum
911 397 990 447 est)
1016 398 1080 447 qui
1110 411 1186 433 suae
1217 397 1368 433 faveant

360 458 548 509 improbae
574 459 793 496 voluntati:
818 471 894 494 non
925 457 1029 506 quod
1061 456 1171 493 valde
1202 455 1366 492 Romani

361 528 519 564 curent,
554 533 631 568 quo
667 519 741 555 fine
778 531 837 554 res
872 517 1145 561 terminentur,
1180 515 1245 551 sed
1279 514 1366 563 quia

360 579 472 615 valde
500 579 661 629 diligunt
690 591 866 621 munera,
898 584 1110 625 sequuntur
1142 573 1365 610 retributio-

363 651 442 676 nes.
470 639 578 676 Nude
609 639 711 675 nuda
741 639 891 687 loquor,
919 649 987 671 nec
1015 643 1144 683 retego
1175 633 1362 678 verenda,

363 699 429 735 sed
455 698 712 735 inverecunda
742 696 910 733 confuto.
942 695 1094 732 Utinam
1125 693 1301 743 privatim
1329 701 1366 729 et

364 758 402 793 in
425 758 582 794 cameris
601 758 680 793 hrec
708 757 862 792 fierent!
889 755 1030 790 utinam
1060 753 1130 789 soli
1151 753 1366 790 videremus

361 826 401 853 et
421 817 637 853 audiremus
654 819 660 852 l
684 816 828 852 utinam
846 819 941 850 neca
963 812 1208 861 loquentibus
1236 813 1368 849 crede-

366 879 488 913 retur!
514 877 661 912 utinam
690 875 799 911 nobis
820 873 1044 922 reliquerint
1064 872 1238 909 moderni
1265 877 1366 919 Noe,

365 936 466 972 unde
485 949 506 972 a
522 935 632 971 nobis
650 942 806 984 possent
823 934 1059 981 aliquatenus
1077 933 1237 983 operiri!
1259 937 1368 970 Nunc

363 1008 454 1031 vero
486 1003 664 1031 cernente
693 993 786 1030 orbe
825 992 958 1029 mundi
988 992 1175 1039 fabulam,
1208 993 1278 1030 soli
1312 1002 1369 1029 ta-

1435 397 1490 432 dit
1512 397 1723 445 indignum.
1749 395 1936 446 Sapientis
1955 404 2012 432 est
2035 397 2235 434 consilium
2254 414 2261 435 :
2283 400 2431 446 Quanto

1437 462 1559 503 major
1590 470 1641 501 es,
1668 465 1771 491 tanto
1806 457 1964 492 humilia
1994 466 2028 492 te
2059 461 2098 492 in
2131 457 2337 496 omnibas⁵.
2367 463 2433 498 Sa-

1434 517 1586 566 pientiae
1622 529 1714 552 vero
1745 524 1981 566 praeceptum
2009 530 2018 551 ε
2045 517 2118 562 Qui
2143 522 2266 563 major
2285 527 2338 554 est
2362 533 2431 556 ve-

1431 576 1658 622 st1·um‚fi'at
1678 581 1773 612 sicut
1793 581 1917 612 me'nor
1928 575 1955 612 ⁶.
1972 577 2083 625 Quod
2101 577 2130 613 si
2150 577 2306 627 expedit
2321 579 2432 618 etiam

1433 636 1646 673 minoribus
1683 649 1762 673 esse
1800 635 2040 685 subjectum,
2075 635 2266 685 majorum
2298 637 2432 689 jugum

1432 696 1627 747 quomodo
1651 696 1779 733 licebit
1798 698 2068 733 contemnere?
2087 696 2250 733 Videant
2267 697 2307 734 in
2325 697 2435 736 vobis

1432 758 1562 808 potius
1583 757 1722 794 subditi
1743 756 1847 806 quod
1869 756 1979 793 vobis
2001 755 2238 793 redhibeant.
2253 758 2434 808 Intelligi-

1435 818 1480 853 tis
1508 830 1593 866 quae
1620 816 1705 853 dico
1725 831 1731 852 :
1750 816 1809 853 cui
1838 816 2046 861 honorem,
2068 815 2268 852 honorem.
2305 818 2434 855 Omm's

1435 881 1585 921 (mima,
1617 876 1760 925 inquit,
1787 875 2033 925 potestatibus
2061 874 2331 912 sublimioribus
2352 877 2435 913 sub-

1436 940 1514 972 (lita
1542 941 1624 973 sitT.
1651 936 1688 974 Si
1714 941 1855 980 onmis,
1881 944 1919 972 et
1937 944 2074 972 vestra.
2094 935 2188 984 Quis
2209 949 2279 972 vos
2297 937 2436 988 excipit

1437 997 1765 1034 abuniversitate?
1780 996 1817 1034 Si
1832 996 1916 1045 quis
1935 1004 2054 1032 tentat
2064 996 2256 1046 excipere,
2278 1006 2437 1035 conatur

361 1053 553 1090 cebimus?
583 1056 703 1103 Caput
721 1066 847 1089 meum
876 1052 1045 1102 undique
1072 1061 1364 1102 conquassatum
1384 1055 1412 1088 B
1433 1057 1620 1107 decipere,
1652 1057 1776 1094 Nolite
1802 1057 1958 1093 illorum
1985 1055 2224 1106 acquiescere
2253 1057 2435 1106 consiliis,

362 1122 437 1158 est,
460 1121 496 1150 et
522 1127 591 1162 ego
621 1113 804 1162 sanguine
833 1112 1131 1162 circumquaque
1160 1112 1367 1149 ebulliente

360 1173 574 1223 putaverim
601 1186 680 1209 esse
701 1171 932 1221 tegendum?
951 1172 1147 1221 Quidquid
1173 1185 1367 1224 apposue-

360 1247 421 1279 ro,
437 1232 718 1278 cruentabitur3
734 1241 771 1268 et
786 1230 909 1280 major
922 1231 993 1268 erit
1009 1232 1183 1269 confusio
1200 1232 1368 1269 voluisse

361 1294 504 1338 celare,
527 1307 612 1330 cum
633 1293 744 1329 celari
765 1292 993 1342 nequiverit.

722 1419 898 1458 CAPUT
928 1420 1040 1459 VIII.

431 1541 644 1572 Humilitatem
664 1546 694 1572 et
717 1541 900 1572 modestiam
917 1542 1063 1584 episcopo
1088 1543 1295 1574 commendat.

416 1654 477 1690 30.
502 1657 603 1690 Bona
624 1653 838 1700 humilitas,
860 1668 944 1704 quae
964 1664 1002 1692 et
1021 1655 1059 1692 in
1080 1656 1367 1706 praesentiarum

360 1712 407 1750 ab
433 1712 652 1762 hujusmodi
683 1714 925 1751 mordacibus
954 1716 1054 1752 curis
1088 1725 1253 1753 mentem
1283 1717 1370 1753 facit

360 1786 441 1810 esse
468 1774 655 1823 quietam,
677 1783 713 1811 et
743 1788 764 1811 a
790 1774 1002 1812 minacibus
1033 1777 1155 1825 poenis
1175 1777 1214 1813 in
1242 1777 1369 1814 futuro

1435 1118 1500 1168 qui
1524 1132 1609 1155 cum
1636 1118 1711 1154 sint
1741 1117 1958 1164 christiani,
1979 1117 2117 1155 Christi
2144 1125 2270 1154 tamen
2298 1118 2358 1155 vel
2377 1132 2437 1156 se-

1435 1178 1502 1228 qui
1523 1179 1636 1225 facta,
1651 1178 1709 1214 vel
1731 1177 1890 1228 obsequi
1911 1177 2022 1215 dictis
2043 1176 2256 1228 opprobrio
2279 1177 2435 1216 ducunt.

1435 1239 1513 1288 Ipsi
1546 1247 1635 1275 sunt
1666 1238 1731 1288 qui
1763 1237 1873 1275 vobis
1905 1237 2031 1274 dicere
2068 1237 2218 1275 solent:
2241 1251 2256 1266 ‘·
2286 1241 2438 1277 Servate

1439 1316 1453 1331 υ
1473 1307 1608 1336 vestrae
1641 1299 1739 1337 sedis
1776 1299 1978 1336 honorem.
2017 1297 2186 1335 Decebat
2217 1299 2369 1348 quidem
2392 1313 2437 1337 ex

1438 1377 1452 1392 »
1473 1359 1600 1406 vobis,
1622 1359 1732 1397 vobis
1752 1359 1991 1396 commissam
2017 1358 2220 1395 Ecclesiam
2247 1372 2436 1397 crescere:

1437 1437 1453 1452 υ
1473 1433 1576 1456 nunc
1601 1433 1693 1456 vero
1715 1420 1846 1457 saltem
1869 1419 1908 1455 in
1935 1419 1998 1455 illa
2021 1431 2097 1468 qua
2124 1419 2340 1469 suscepistis
2359 1433 2439 1457 ma-

1439 1497 1453 1511 »
1475 1488 1562 1516 neat
1582 1479 1775 1529 dignitate.
1803 1483 1851 1517 Et
1873 1492 1942 1516 vos
1963 1479 2062 1516 enim
2082 1488 2210 1516 vestro
2230 1479 2440 1530 praedeces-

1438 1558 1451 1571 »
1473 1554 1558 1577 sore
1573 1540 1848 1590 impotentior?
1867 1540 1903 1577 Si
1923 1553 2001 1576 non
2023 1539 2159 1576 crescit
2172 1553 2242 1590 per
2261 1553 2348 1588 vos,
2363 1554 2440 1578 non

1438 1619 1452 1633 »
1471 1600 1663 1638 decrescat
1683 1614 1753 1651 per
1775 1613 1855 1637 vos.
1878 1617 1892 1632 υ
1918 1603 2008 1637 Haec
2033 1600 2108 1636 isti.
2139 1600 2309 1637 Christus
2330 1600 2439 1638 aliter

1435 1669 1474 1696 et
1492 1659 1624 1709 jussit,
1641 1669 1677 1697 et
1701 1660 1825 1710 gessit.
1846 1661 2022 1705 Reddite,
2049 1659 2121 1705 ait,
2143 1674 2231 1708 qaoe
2247 1670 2334 1697 sunt
2355 1662 2440 1698 Cae-

1436 1725 1554 1766 suris,
1592 1721 1756 1764 Coesari,·
1783 1729 1818 1756 et
1847 1733 1934 1768 φατε
1962 1729 2048 1756 sunt
2069 1722 2163 1764 Dei,
2188 1719 2303 1757 Deog.
2330 1721 2440 1770 Quod

1437 1794 1504 1818 ore
1534 1782 1685 1817 locutus
1711 1789 1792 1825 est,
1822 1793 1910 1816 mox
1943 1793 2061 1830 opere
2093 1780 2255 1831 implere
2281 1781 2440 1818 curavit.

361 1847 531 1871 securam
578 1834 704 1870 reddit
745 1836 1029 1873 conscientiam.
1071 1840 1162 1873 Haec
1197 1846 1367 1883 vestros,
1390 1839 1416 1874 C
1437 1842 1622 1880 Conditor·
1655 1841 1829 1887 Caesaris‚
1866 1841 2003 1878 Caesari
2043 1853 2122 1877 non
2158 1849 2357 1878 cunctatus
2387 1850 2442 1879 est

361 1902 490 1943 pater,
524 1894 672 1931 animos
709 1894 756 1931 ab
796 1895 934 1932 horum
980 1897 1149 1933 omnium
1191 1899 1369 1948 pestifera

361 1953 602 1990 aemulatione
629 1963 857 2004 compescat.
881 1955 1020 1992 Audite
1045 1958 1174 2006 potius
1204 1959 1370 2008 prophe-

363 2020 462 2058 tam,
486 2014 609 2050 taliter
633 2027 654 2050 a
683 2014 820 2052 talibus
856 2015 1123 2053 dehortantem
1147 2031 1155 2054 ε
1175 2020 1284 2064 Noli,
1310 2019 1370 2055 in-

363 2073 468 2122 quit,
483 2076 657 2109 (emulari
671 2079 710 2109 in
729 2075 1022 2124 malignanm'bus
1033 2105 1044 2122 ,
1060 2090 1181 2126 neque
1198 2080 1370 2115 zelaveris

356 2132 544 2181 facientes
564 2139 797 2183 iniquitatem
814 2142 837 2171 ¹.
870 2136 1053 2172 AEmulari
1076 2137 1193 2186 magis
1217 2146 1371 2188 oportet

363 2193 589 2242 Apostolum
615 2206 692 2230 non
718 2194 943 2243 gloriantem
965 2196 1004 2232 in
1032 2197 1279 2244 immensum,
1302 2212 1371 2236 nec

364 2265 403 2289 se
422 2253 521 2289 ultra
541 2266 579 2290 se
599 2254 867 2291 extendentem
889 2270 896 2292 :
916 2269 985 2292 nec
1014 2257 1217 2294 audentem
1249 2272 1306 2305 se,
1329 2268 1371 2296 ut

364 2313 446 2363 ipse
472 2314 623 2359 fatetur,
644 2328 866 2364 comparare
887 2316 1114 2365 quibusdam
1133 2319 1198 2368 qui
1215 2320 1370 2371 seipsos

364 2374 659 2419 commendant,
692 2375 757 2411 sed
778 2374 834 2411 'se
873 2375 944 2413 sibi
987 2388 1295 2428 comparantem,
1333 2390 1370 2418 et

364 2432 582 2469 metientem
604 2433 811 2470 secundum
834 2448 1049 2473 mensuram
1073 2438 1234 2486 regulae,
1255 2453 1367 2489 quam

363 2505 516 2529 mensus
548 2501 602 2529 est
629 2494 662 2530 ei
688 2497 791 2531 Deus
805 2500 830 2531 ².
858 2496 1062 2534 Audiendo
1090 2498 1200 2535 etiam
1229 2512 1277 2536 ex
1302 2514 1369 2538 ore

363 2551 463 2600 ejus,
492 2554 614 2588 Nolite
630 2551 820 2600 fraudare
846 2556 1053 2602 invicem33
1086 2559 1254 2608 propriis
1282 2561 1367 2609 pla-

1436 1902 1595 1939 reddere
1619 1915 1774 1939 censum
1798 1917 1806 1938 :
1824 1901 2043 1951 exemplum
2067 1902 2168 1938 enim
2190 1901 2293 1939 dedit
2314 1893 2441 1948 vohis,

1435 1971 1478 1999 ut
1501 1971 1538 1999 et
1565 1975 1633 1999 vos
1659 1962 1710 1999 ita
1738 1961 1893 1998 faciatis.
1916 1961 2079 2009 Quando
2106 1975 2197 1999 vero
2224 1962 2295 1999 Dei
2320 1976 2441 2001 sacer-

1436 2022 1591 2060 dotibus
1609 2021 1776 2059 debitam
1797 2030 1953 2072 negaret
1970 2022 2244 2069 reverentiam,
2262 2023 2328 2074 qui
2346 2023 2442 2061 hanc

1437 2081 1682 2120 saecularibus
1709 2095 1864 2133 quoque
1892 2082 2147 2133 potestatibus
2169 2082 2349 2121 exhihere
2373 2097 2441 2121 cu-

1438 2143 1559 2180 ravit?
1579 2146 1701 2181 Porro
1727 2156 1818 2189 VOS,
1840 2143 1870 2180 si
1897 2142 2054 2181 Caesaris
2075 2143 2304 2191 successori,
2327 2143 2364 2181 id
2386 2151 2441 2181 est

1437 2203 1552 2253 Regi,
1574 2203 1728 2241 sedulus
1747 2203 1788 2240 in
1808 2202 1885 2240 suis
1906 2202 2037 2249 curiis,
2057 2203 2243 2249 consiliis,
2263 2203 2438 2254 negotiis,

1439 2263 1744 2314 exercitibusque
1787 2263 1944 2311 adestis;
1981 2263 2183 2314 indignum
2218 2263 2291 2301 erit
2333 2263 2440 2301 vobis

1439 2324 1666 2375 cuicumque
1701 2324 1837 2361 Christi
1878 2324 2053 2362 Vicario*
2085 2324 2214 2361 taliter
2249 2323 2439 2368 exhiberi,

1437 2385 1600 2434 qualiter
1622 2384 1669 2422 ab
1701 2385 1859 2434 antiquo
1890 2385 1989 2422 inter
2014 2385 2198 2423 Ecclesias
2225 2384 2438 2423 ordinatum

1436 2445 1518 2480 est?
1545 2445 1622 2480 Sed
1645 2458 1733 2493 qzcoe
1757 2454 1863 2488 sunt,
1892 2444 2019 2494 inquit
2038 2444 2265 2494 Apostolus,
2287 2458 2311 2481 α
2339 2448 2437 2489 Deo,

1437 2505 1613 2540 ordinata
1638 2511 1762 2541 su11t9.
1785 2504 1958 2542 Viderint
1978 2517 2069 2554 ergo
2091 2503 2205 2554 hujus
2224 2504 2439 2554 ignominiae

1436 2563 1691 2611 dissuasores,
1712 2565 1823 2614 quale
1845 2564 1893 2601 sit
1913 2564 1983 2602 Dei
1999 2564 2235 2602 ordinationi
2252 2565 2434 2604 resistere.

367 2610 465 2647 cebit
499 2625 579 2649 esse
618 2622 852 2651 contentum.
887 2616 960 2663 Qui
1001 2625 1038 2652 et
1074 2630 1290 2666 provocans
1323 2621 1368 2657 ad
1386 2626 1419 2660 D
1436 2624 1553 2661 Valde
1572 2624 1867 2674 ignominiosum
1887 2637 2017 2671 servo,
2035 2625 2064 2661 si
2084 2624 2132 2661 sit
2151 2625 2247 2662 sicut
2263 2624 2437 2662 dominus

366 2670 616 2708 humilitatem
631 2701 640 2718 ,
681 2686 791 2710 suum
835 2675 925 2710 illud
967 2675 1255 2727 archiepiscopo
1292 2693 1368 2716 non

369 2730 608 2768 cunctabitur
624 2732 827 2770 salubriter
843 2735 1018 2771 intimare
1040 2750 1048 2772 ε
1069 2737 1158 2771 Noli
1177 2740 1292 2774 altum
1309 2753 1370 2775 sa-

361 2801 473 2835 pere,
490 2793 558 2826 secl
569 2793 690 2829 time4.
706 2796 749 2830 In
767 2794 844 2830 alto
862 2795 987 2844 posito
1005 2809 1081 2832 non
1100 2797 1217 2833 altum
1237 2812 1370 2849 sapere

369 2846 520 2885 difficile
545 2858 600 2886 est
616 2879 625 2895 ,
643 2860 679 2887 et
696 2854 854 2890 omnino
878 2855 1098 2892 inusitatum
1119 2870 1126 2891 ε
1146 2857 1210 2894 sed
1225 2869 1369 2908 quanto

367 2905 604 2953 inusitatius,
628 2918 733 2947 tanto
760 2914 975 2962 gloriosius.
1004 2917 1133 2953 Timor
1159 2917 1205 2954 de
1233 2920 1370 2970 adepta

363 2963 442 3013 jam
461 2966 661 3004 altitudine
679 2970 816 3008 taedere
832 2974 947 3022 magis
965 2988 1076 3024 quam
1093 2976 1242 3026 placere
1259 2980 1369 3018 faciet

366 3024 515 3062 altiora.
540 3030 625 3063 Non
649 3040 717 3064 vos
738 3042 827 3078 ergo
858 3032 1024 3081 felicem,
1050 3037 1139 3084 quia
1167 3041 1336 3087 praeestis
1358 3057 1365 3079 :

367 3083 431 3124 sed
449 3085 478 3121 si
496 3098 572 3121 non
591 3086 799 3135 prodestis,
815 3090 1001 3130 infelicem
1019 3103 1163 3144 putate.

418 3144 480 3180 31.
500 3147 552 3181 Ut
577 3152 701 3181 autem
726 3159 857 3184 secure
885 3163 1045 3198 praeesse
1075 3155 1250 3203 possitis;
1278 3159 1366 3197 sub-

1437 2683 1518 2733 ejus
1543 2700 1551 2723 ε
1573 2693 1639 2722 aut
1659 2685 1867 2736 discipulo,
1894 2685 1924 2723 si
1950 2685 1999 2722 sit
2024 2685 2123 2722 sicut
2150 2686 2327 2736 magister
2345 2685 2434 2736 ejus.

1437 2745 1647 2782 Plurimum
1679 2759 1717 2783 se
1747 2745 1856 2783 vobis
1883 2745 2032 2783 deferre
2068 2754 2223 2797 putant,
2254 2759 2340 2784 cum
2369 2759 2435 2783 vos

1437 2803 1584 2841 Christo
1604 2805 1783 2854 praeferre
1807 2812 2008 2851 conantur,
2031 2804 2114 2854 ipso
2137 2804 2365 2841 reclamante
2393 2816 2435 2840 ac

1437 2863 1586 2910 dicente
1608 2879 1615 2901 :
1635 2867 1722 2901 Non
1740 2875 1793 2902 est
1809 2879 1931 2902 servus
1951 2866 2075 2912 major
2091 2867 2241 2901 domino
2259 2878 2346 2910 suo,
2366 2877 2433 2900 ne-

1436 2938 1508 2972 que
1528 2927 1715 2973 apostolus
1731 2940 1773 2961 eo
1789 2930 1856 2974 qui
1876 2929 1978 2961 misit
1992 2939 2072 2961 eum
2089 2931 2132 2962 ¹⁰.
2150 2924 2262 2979 Quod
2274 2937 2351 2962 non
2366 2923 2434 2961 de-

1437 2983 1614 3033 dignatus
1636 2993 1692 3021 est
1717 2985 1894 3035 Magister
1922 2993 1960 3022 et
1982 2984 2191 3031 Dominus,
2213 2985 2370 3034 talisque
2396 2990 2433 3020 et

1436 3044 1612 3093 magister
1638 3052 1675 3080 et
1705 3044 1902 3091 dominus;
1926 3044 2124 3094 indignum
2155 3043 2226 3081 sibi
2248 3041 2434 3094 judicabit

1434 3116 1569 3140 servus
1587 3102 1732 3150 bonus,
1756 3104 1995 3154 devotusque
2015 3103 2250 3154 discipulus?

1486 3162 1549 3200 32.
1568 3165 1688 3211 Quam
1704 3164 1863 3214 pulchre
1878 3164 2028 3202 locutus
2045 3172 2101 3201 est
2115 3163 2247 3202 beatus
2260 3164 2322 3201 ille
2337 3165 2430 3201 Cen-

408 3283 417 3297 ¹
442 3277 521 3308 9⁵⁰¹·
538 3289 662 3315 '‘xxv‘'
684 3283 711 3309 ¹·
734 3298 777 3302 ”“
791 3285 803 3301 ²
823 3284 853 3312 H
871 3283 941 3314 0οΓ-
957 3296 999 3320 x,
1023 3289 1080 3323 ¹2·
1109 3291 1159 3320 ¹3·
1180 3308 1226 3313 —-
1240 3290 1283 3322 31
1306 3295 1379 3326 Cor.
1395 3307 1443 3327 vn
1458 3322 1465 3332 ,
1485 3302 1516 3329 5.
1532 3317 1576 3322 —-
1599 3299 1612 3325 ⁴5
1630 3302 1721 3330 Rom.
1744 3309 1780 3328 x1
1794 3322 1801 3333 .
1821 3301 1874 3329 20.
1891 3316 1935 3320 —
1954 3296 1967 3320 ⁵
1986 3299 2081 3330 Eccli.
2104 3309 2158 3336 ιη,
2184 3301 2240 3330 20.
2257 3314 2302 3320 —-
2316 3294 2332 3318 ⁶
2349 3299 2422 3328 Luc.

360 3340 448 3365 xxix,
472 3334 523 3362 26.
538 3351 583 3353 —
599 3338 611 3361 7
632 3335 723 3363 Rom.
744 3345 808 3364 xm
826 3359 832 3370 ,
862 3339 887 3366 1.
911 3355 950 3358 ή-

971 3338 984 3358 ³
1006 3341 1104 3370 Mare.
1125 3352 1189 3377 xix.
1219 3347 1269 3375 17.
1291 3365 1328 3369 -
1355 3354 1370 3377 ¹)
1385 3351 1476 3381 Rom.
1497 3362 1582 3389 xm,
1612 3344 1641 3383 1.
1662 3370 1704 3375 -—
1725 3357 1754 3373 ¹⁰
1771 3354 1865 3384 Joan.
1886 3362 1948 3381 xru
1966 3376 1973 3385 .
2000 3355 2052 3383 16.

2183 3356 2198 3372 ¹¹
2214 3349 2300 3381 Alias
2316 3348 2377 3380 vel.
