2517 3920
350 158 446 194 1135)

345 363 512 402 catores„
547 358 623 392 Nec
664 355 804 391 sentire
848 354 998 391 interim
1043 355 1169 404 pigeat
1203 368 1352 391 morsus

346 414 486 451 vermis
512 414 677 460 interni3
706 422 770 451 aut
798 414 1014 464 periculosa
1034 414 1207 464 quaedam
1234 413 1350 450 animi

347 475 565 512 teneritudo
578 481 613 522 a,
636 483 673 511 et
693 473 908 524 perniciosa
924 474 1102 510 mollities
1120 473 1351 523 persuadere

346 543 481 584 queat,
503 543 545 572 ut
565 542 791 585 praesentem
822 533 983 569 velimus
1005 532 1241 569 dissimulare
1264 545 1351 568 mo-

345 595 503 631 lestiam.
521 595 718 644 Optimum
736 601 790 629 est
805 601 894 628 tunc
911 592 1042 628 sentiri
1060 604 1245 637 vermem,
1264 605 1349 628 cum

346 656 467 705 possit
483 655 595 691 etiam
617 654 809 691 suffocari.
832 657 964 701 Itaque
991 651 1164 688 mordeat
1189 665 1291 688 nunc
1310 660 1352 689 ut

346 716 552 762 moriatur,
570 723 607 752 et
623 714 802 764 paulatim
826 713 973 749 desinat
989 712 1166 749 mordere
1184 712 1351 749 morien—

347 777 409 814 do.
427 776 553 814 Rodat
567 775 716 812 interim
736 774 998 824 putredinem,
1015 783 1057 810 ut
1071 773 1247 811 rodendo
1262 787 1352 810 con-

347 845 491 883 sumat,
513 844 549 873 et
570 837 650 885 ipse
668 848 822 884 quoque
842 835 985 884 pariter
1012 842 1281 880 consumatur,
1304 848 1352 871 ne

347 898 468 934 foveri
488 896 645 946 incipiat
665 896 703 932 in
729 895 1067 931 immortalitatem.
1094 896 1238 931 Ver-mis
1253 924 1264 940 ,
1289 895 1350 931 in-

346 958 449 1008 quit,
472 971 596 993 eoram
616 970 689 992 mm
712 961 890 992 morietur
903 984 914 1000 ‚
939 966 974 992 et
996 960 1094 1005 ignis
1113 970 1187 991 non
1207 961 1353 992 exstill-

1104 159 1139 195 S.
1170 159 1422 194 BERNARDI
1450 159 1651 194 ABBATIS

345 234 434 270 dum
451 234 525 270 11110
538 233 627 280 iter,
641 246 718 283 quo
734 232 909 271 ostendat
923 232 1034 270 nobis
1048 235 1211 271 salutare
1223 248 1349 281 suum,
1365 235 1376 253 ⁴

344 295 411 344 qui
431 302 535 331 tanto
557 293 683 331 studio
712 294 862 343 pietatis
884 294 973 331 illuc
996 302 1148 331 revocat
1169 295 1349 345 praevari-
1368 295 1396 328 A

2316 163 2416 200 1140

1784 297 1960 336 CAPUT
1989 299 2061 338 VI.

1416 419 1639 452 Difficultatem
1655 419 1864 451 conversionis
1875 445 1882 459 ,
1905 426 1935 451 et
1949 421 2064 452 luctam
2079 421 2256 465 resipiscere
2269 425 2415 466 parantis,

1733 472 1878 516 graphice
1893 481 2104 517 repraesentat.

1473 596 1507 632 8.
1539 598 1587 632 Et
1616 608 1704 632 ecce
1733 594 1869 632 iterum
1896 609 1971 632 vox
1993 595 2039 632 de
2065 595 2233 634 nubibus
2258 597 2413 637 dicens:

1418 655 1605 703 Peccasti,
1639 656 1803 705 quiesce.
1837 659 1884 693 Et
1917 655 2021 705 quod
2047 655 2187 693 dicitur
2202 686 2213 704 ,
2245 658 2317 695 tale
2349 668 2415 697 est.

1417 720 1501 753 Jam
1526 717 1677 753 sentina
1701 716 1921 753 redundans
1941 715 2097 753 domum
2116 730 2270 754 omnem
2286 718 2418 757 intole-

1418 776 1527 814 rabili
1548 777 1666 814 fetore
1687 777 1923 814 contaminat
1942 791 1949 814 :
1970 791 2111 814 vanum
2134 776 2202 814 tibi
2223 786 2302 826 est,
2328 779 2416 818 dum

1418 837 1541 874 adhuc
1559 836 1690 874 sordes
1707 837 1891 882 influant,
1911 837 2134 884 exhaurire3
2153 837 2244 875 dum
2262 852 2418 889 peccare

1418 909 1497 933 non
1513 896 1723 941 destiteris,
1755 896 1952 945 poenitere.
1980 896 2073 944 Quis
2101 896 2202 933 enim
2220 909 2351 934 eorum
2365 898 2420 948 je-

1414 955 1523 1005 junia
1542 955 1699 1007 probet,
1717 955 1783 1005 qui
1803 955 1851 992 ad
1871 956 1955 993 lites
1972 965 2010 993 et
2033 957 2298 996 contentiones
2317 958 2420 1009 jeju-

342 1024 511 1066 gneum-¹.
535 1021 568 1054 A
590 1016 681 1052 facie
700 1016 854 1053 illorum
876 1029 1074 1052 morsuum
1095 1016 1178 1066 quis
1195 1017 1353 1053 sustine·
1372 1015 1398 1050 B
1420 1025 1534 1063 nant,
1553 1025 1589 1053 et
1609 1016 1832 1067 percutiunt
1847 1028 1979 1066 pugno
1999 1016 2115 1066 impie
2128 1032 2138 1064 3
2153 1016 2219 1053 sed
2237 1025 2274 1053 et
2289 1018 2420 1055 volun-

345 1076 427 1114 bit?
448 1076 649 1126 Multiplex
674 1076 775 1112 enim
802 1089 905 1112 nunc
925 1076 1136 1113 consolatio
1157 1076 1350 1126 arguentis

346 1137 586 1174 conscientiae
625 1137 769 1173 relevat
807 1137 1030 1173 cruciatum.
1065 1136 1257 1186 Benignus
1295 1144 1351 1174 est

345 1200 465 1244 Deus,
493 1197 558 1247 qui
579 1210 655 1233 11011
677 1197 823 1248 patitur
849 1210 919 1233 nos
939 1197 1075 1233 tentari
1095 1210 1210 1247 supra
1234 1210 1349 1247 quani

344 1269 573 1306 possumus,
612 1270 681 1294 nec
712 1270 882 1293 vermem
915 1256 1017 1293 hunc
1048 1270 1164 1306 supra
1191 1257 1349 1294 modum

344 1317 488 1367 patitur
506 1317 716 1367 malignari.
743 1317 985 1367 Maximeque
1008 1318 1107 1354 inter
1131 1317 1237 1354 initia
1254 1332 1350 1355 con-

345 1377 531 1413 versionis
549 1378 633 1414 oleo
651 1377 925 1414 misericordiae
945 1377 1030 1414 linit
1047 1377 1176 1414 ulcera
1195 1393 1202 1414 :
1222 1387 1264 1415 ut
1280 1392 1351 1415 1100

346 1437 472 1474 morbi
488 1438 678 1487 quantitas
690 1467 699 1484 ,
721 1451 790 1475 nec
808 1438 1010 1475 difficultas
1029 1438 1235 1476 curationis
1253 1440 1351 1476 ultra

345 1511 457 1548 quam
477 1498 632 1548 expedit
651 1498 881 1544 innotescat3
901 1499 1018 1548 magis
1035 1507 1159 1535 autem
1183 1498 1351 1535 arridere

344 1558 496 1594 videtur
536 1558 692 1595 facilitas
731 1558 906 1608 quaedam
920 1587 929 1604 ‚
975 1572 1059 1608 quae
1102 1558 1351 1609 postmodum

345 1618 557 1664 evanescit,
577 1618 733 1667 quando
751 1618 829 1667 jam
848 1619 1074 1656 exercitatos
1090 1618 1212 1655 haben
1221 1619 1246 1655 ti
1263 1632 1350 1655 sen-

345 1691 408 1714 sus
434 1686 625 1714 certamen
648 1679 745 1715 forte
771 1679 905 1726 datur,
936 1688 978 1715 ut
997 1679 1148 1725 vincat3
1176 1688 1213 1715 et
1233 1678 1351 1715 discat

346 1739 528 1788 quoniam
549 1739 720 1775 omnium
740 1740 938 1789 potentior
954 1748 1010 1776 est
1031 1739 1226 1789 sapientia.
1246 1743 1351 1776 Inte—

1417 1085 1512 1114 tates
1532 1085 1569 1114 et
1589 1077 1806 1127 voluptates
1822 1076 1991 1127 propria:
2008 1076 2261 1114 inveniuntur
2276 1078 2316 1115 in
2343 1079 2422 1116 eis?

1416 1140 1501 1174 Non
1530 1138 1602 1174 tale
1630 1146 1687 1174 est
1709 1136 1899 1187 jejunium
1918 1136 2023 1187 quod
2041 1137 2137 1187 elegi
2150 1167 2160 1184 ‚
2179 1137 2271 1175 dicit
2287 1140 2420 1177 Domi—

1417 1211 1489 1234 nus
1503 1196 1529 1233 3.
1545 1197 1685 1236 Claude
1702 1198 1883 1235 fenestras
1894 1226 1904 1244 ,
1922 1197 2059 1235 obsera
2076 1198 2219 1245 aditus,
2237 1199 2421 1237 foramina

1418 1257 1576 1296 obstrue
1597 1258 1821 1308 diligenter3
1843 1266 1881 1295 et
1901 1258 1954 1295 510
1972 1257 2127 1295 demum
2151 1271 2231 1295 non
2251 1258 2420 1297 subeun-

1418 1317 1520 1356 tibus
1549 1319 1684 1365 novis,
1722 1318 1855 1355 sordes
1880 1317 2027 1368 poteris
2064 1331 2278 1369 expurgare
2309 1327 2421 1357 vetu-

1417 1388 1504 1417 stas.
1520 1380 1696 1418 AEstimat
1711 1379 1827 1416 homo
1847 1379 1955 1415 facile
1971 1377 2076 1428 quod
2088 1376 2249 1427 jubetur
2263 1379 2423 1429 implen-

1419 1441 1510 1478 dum
1529 1470 1540 1486 ‚
1580 1450 1759 1490 tanquam
1802 1441 1955 1490 ignarus
1993 1439 2167 1477 exercitii
2205 1439 2423 1490 spiritualis.

1418 1503 1511 1550 Quis
1535 1502 1636 1539 enim
1658 1500 1882 1552 prohibeat,
1901 1501 2048 1550 inquit,
2075 1500 2283 1550 quominus
2303 1501 2423 1551 impe—

1418 1576 1498 1599 rem
1520 1561 1702 1599 membris
1725 1562 1841 1598 meis?
1856 1560 1996 1598 Indicit
2014 1561 2130 1610 igitur
2146 1561 2244 1611 gulae
2254 1559 2422 1610 jejunia,

1417 1623 1611 1672 crapulam
1630 1622 1846 1668 interdicit,
1864 1620 2038 1658 obturari
2055 1621 2229 1671 praecipit
2250 1634 2359 1658 aures
2376 1635 2422 1660 ne

1417 1682 1575 1719 audiant
1605 1682 1850 1732 sanguinem,
1883 1681 2004 1718 averti
2037 1682 2170 1718 oculos
2195 1694 2244 1718 ne
2271 1681 2424 1720 videant

1417 1744 1646 1789 vanitatem3
1673 1756 1808 1779 manus
1837 1755 1916 1779 non
1945 1742 1991 1779 ad
2022 1742 2247 1788 avaritiam,
2281 1741 2347 1778 sed
2377 1742 2423 1780 ad

346 1800 416 1836 rim
437 1812 526 1836 sane
551 1799 706 1836 audiens
727 1801 811 1849 quis
837 1813 971 1837 vocem
992 1800 1169 1846 Domini,
1196 1802 1347 1845 Redite,
1371 1804 1398 1839 C
1419 1804 1701 1852 eleemosynam
1721 1802 1839 1852 magis
1855 1801 2032 1848 extendi,
2050 1801 2190 1852 quibus
2208 1802 2306 1839 forte
2321 1801 2426 1840 18Βο-

338 1864 672 1907 praevaricatores,
705 1863 758 1895 ad
775 1867 883 1907 c0r2,
910 1869 947 1896 et
973 1860 1085 1897 tantis
1111 1861 1149 1896 in
1169 1861 1350 1897 interiore

342 1918 519 1956 cubiculo
557 1919 854 1956 obscenitatibus
886 1920 1134 1970 deprehensis
1153 1945 1171 1964 ,1
1204 1921 1351 1969 singula

344 1992 504 2028 quaeque
528 1980 657 2016 rimari
692 1980 849 2029 satagit,
872 1988 910 2016 et
937 1993 1105 2029 quonam
1132 1980 1212 2016 haec
1237 1980 1351 2016 influ-

344 2040 469 2076 xerint
490 2040 594 2076 aditu
608 2068 617 2085 ,
638 2040 810 2077 curiosus
836 2040 1042 2090 vestigator
1062 2041 1256 2090 explorat3
1278 2055 1347 2077 1100

345 2099 498 2135 difficile
519 2108 624 2149 patet
651 2100 821 2136 foramen
838 2128 846 2144 ‚
875 2100 953 2136 imo
974 2108 1012 2136 et
1038 2100 1223 2137 foramina
1252 2114 1347 2137 con—

344 2160 478 2196 tuenti.
500 2159 571 2197 Sed
591 2173 659 2196 nec
672 2173 808 2209 parum
827 2160 879 2196 illi
897 2173 943 2196 ex
958 2160 1027 2196 hac
1043 2161 1348 2197 consideratione

343 2219 487 2256 doloris
522 2219 692 2266 accedit,
731 2234 815 2256 cum
850 2233 920 2270 per
958 2221 1140 2258 fenestras
1172 2221 1349 2271 proprias

342 2293 445 2316 mors
463 2280 531 2317 ista
550 2280 849 2330 deprehenditur
868 2281 1073 2318 introiisse.
1096 2282 1212 2318 Multa
1235 2281 1348 2331 siqui-

343 2340 429 2376 dem
466 2340 660 2377 admisisse
693 2341 845 2377 videtur
881 2342 1092 2392 petulantia
1120 2343 1321 2379 oculorum
1337 2372 1346 2389 ,

341 2400 460 2436 multa
477 2401 646 2450 pruritus
660 2401 809 2437 aurium
824 2430 833 2447 ,
850 2401 968 2437 multa
984 2415 1140 2451 quoque
1161 2402 1347 2438 olfacien-

341 2459 400 2506 di,
417 2460 612 2512 gustandi,
636 2461 893 2511 tangendique
914 2463 1106 2512 voluptas.
1125 2466 1218 2500 Nam
1238 2463 1346 2513 spiri-

342 2521 456 2557 tualia
470 2520 624 2570 quidem
645 2521 755 2566 vitia,
775 2535 941 2571 quorum
957 2535 1072 2573 supra
1088 2523 1345 2570 meminimus,

1418 1877 1499 1900 rem
1522 1863 1720 1913 imponere
1736 1863 1848 1908 velit,
1867 1861 2077 1912 prohibens
2094 1862 2310 1908 latrocinia,
2330 1863 2424 1900 sicut

1419 1923 1604 1972 scriptum
1632 1931 1714 1960 est:
1739 1925 1813 1969 Qui
1830 1921 2036 1970 furabatur
2055 1923 2142 1968 jam
2170 1936 2245 1958 non
2261 1921 2420 1970 furetur,

1419 1988 1538 2032 magis
1558 1993 1680 2020 autem
1711 1984 1853 2019 laboret
1874 1982 2046 2019 manibus
2066 1988 2143 2020 suis
2167 1985 2271 2031 quod
2291 1982 2421 2020 bonum

1417 2053 1496 2090 est,
1530 2053 1568 2079 uc
1603 2043 1742 2080 habeat
1771 2045 1871 2080 unde
1901 2043 2041 2081 tribuat
2069 2048 2326 2080 necessitatem
2349 2058 2422 2093 pa-

1415 2109 1522 2140 tienti
1538 2105 1564 2139 ⁴¹.

1469 2165 1505 2201 9.
1538 2166 1725 2202 Caeterum
1747 2163 1838 2200 dum
1855 2177 1940 2201 suas
1955 2163 2173 2214 quibusque
2187 2162 2368 2201 membris
2383 2163 2421 2201 in

1414 2223 1516 2261 1111110
1533 2224 1691 2260 modum
1719 2223 1819 2273 leges
1842 2224 2083 2274 promulgat,
2109 2231 2147 2260 et
2163 2222 2314 2260 decreta
2328 2236 2420 2274 pro-

1414 2284 1526 2335 ponit
1541 2299 1550 2331 3
1567 2284 1855 2334 interrumpunt
1871 2283 1999 2321 subito
2019 2296 2155 2320 vocem
2167 2281 2358 2332 jubentis,
2385 2291 2422 2320 et

1414 2358 1493 2382 uno
1516 2345 1660 2395 impetu
1679 2345 1845 2381 clamant
1866 2359 1874 2381 :
1895 2344 2009 2382 Unde
2033 2344 2114 2381 haec
2139 2356 2241 2380 nova
2261 2343 2420 2393 religio?

1414 2410 1552 2445 Facere
1566 2405 1680 2455 jubes
1696 2414 1739 2441 ut
1764 2404 1867 2442 libet.
1893 2405 1967 2443 Sed
1992 2404 2208 2442 invenietur
2224 2404 2291 2454 qui
2312 2402 2419 2440 novis

1414 2467 1576 2504 decretis
1602 2466 1757 2511 obviet,
1785 2465 1851 2515 qui
1875 2465 1985 2502 novis
2007 2463 2154 2514 legibus
2174 2463 2417 2500 contradicat.

1414 2527 1508 2576 Quis
1536 2527 1637 2564 enim
1666 2527 1729 2563 ille
1751 2533 1827 2572 est,
1855 2525 2003 2574 inquit?
2025 2528 2072 2562 Et
2093 2524 2158 2561 illa
2191 2538 2199 2560 :
2232 2524 2416 2561 Nimirum

340 2580 492 2618 difficile
512 2580 657 2627 adhuc,
688 2591 803 2631 prout
820 2591 933 2628 sunt,
956 2583 1118 2620 carnalis
1140 2583 1342 2620 examinat.
1367 2592 1398 2627 D
1415 2588 1516 2638 ipsa,
1541 2600 1627 2637 quae
1656 2585 1865 2637 paralytica
1893 2584 1996 2634 jacet
2021 2586 2060 2622 in
2086 2584 2226 2632 domo,
2256 2593 2294 2622 et
2319 2584 2414 2621 male

340 2641 452 2679 Unde
469 2642 530 2688 fit,
552 2650 593 2678 ut
610 2655 694 2691 quae
711 2651 799 2679 sunt
819 2643 991 2692 graviora
1007 2673 1016 2689 ,
1037 2652 1101 2680 aut
1116 2644 1241 2680 minus
1254 2673 1263 2689 ,
1282 2652 1346 2680 aut

341 2701 495 2737 minime
515 2701 669 2747 sentiat,
690 2715 759 2738 nec
779 2710 853 2738 tam
872 2702 1061 2752 superbiae
1085 2712 1148 2740 aut
1168 2703 1321 2740 invidiae
1335 2733 1344 2751 ‚

341 2772 454 2808 quam
483 2759 760 2808 flagitiosorum
787 2770 852 2797 aut
875 2761 1179 2800 facinorosorum
1214 2775 1344 2800 recor-

342 2817 492 2854 datione
510 2827 660 2855 actuum
685 2820 914 2858 mordeatur.

1414 2655 1627 2697 torquetur.
1649 2650 1737 2697 Ipsa
1754 2653 1811 2682 est
1831 2645 1930 2682 enim
1944 2674 1953 2691 ‚
1982 2645 2021 2681 in
2045 2645 2155 2694 cujus
2179 2657 2249 2682 nos
2270 2643 2414 2695 pridem

1413 2708 1605 2759 deputasti
1631 2706 1879 2757 obsequium,
1915 2707 1945 2743 si
1969 2706 2140 2757 ignoras,
2162 2705 2210 2742 ad
2233 2704 2416 2742 obedien-

1413 2768 1504 2805 dum
1523 2768 1656 2818 utique
1677 2766 1998 2817 concupiscentiis
2019 2765 2114 2816 ejus.
2134 2765 2327 2816 Expalluit
2346 2765 2416 2802 mi-

1413 2842 1474 2866 ser
1494 2828 1541 2865 ad
1561 2829 1659 2865 hanc
1680 2840 1812 2865 vocem
1826 2856 1836 2874 ,
1854 2835 1892 2863 ct
1912 2827 2093 2864 confusus
2115 2824 2318 2862 obmutuit.
2336 2829 2417 2862 An-

1413 2888 1590 2926 xiabatur
1609 2888 1710 2925 enim
1731 2888 1769 2924 in
1791 2900 1837 2923 eo
1867 2886 2023 2937 spiritus
2052 2884 2146 2935 ejus.
2167 2889 2223 2923 Ac
2249 2883 2416 2922 membra

1413 2949 1568 2999 quidem
1585 2949 1632 2986 ad
1648 2962 1755 2986 suam
1773 2948 1874 2984 illam
1901 2946 2199 2984 infelicissimam
2225 2944 2414 2982 dominam

1412 3010 1678 3046 incunctanter
1701 3007 1891 3045 accedunt
1906 3036 1916 3054 ‚
1943 3016 1986 3044 ut
2011 3006 2195 3044 adversus
2219 3004 2413 3041 dominum

1412 3069 1618 3106 crudeliter
1637 3068 1901 3118 interpellent,
1923 3076 1961 3104 et
1980 3066 2140 3117 imperia
2155 3065 2311 3102 duriora
2325 3077 2415 3101 cau—

1412 3137 1554 3166 sentur.
1590 3129 1738 3178 Plangit
1752 3128 1852 3180 {gula
1882 3126 2128 3178 parcimoniae
2161 3123 2230 3162 sibi
2261 3123 2412 3161 modum

389 3252 395 3266 ¹
417 3245 485 3277 lsai.
504 3256 599 3280 ιλνι.
619 3247 672 3276 21.
687 3263 731 3267 ——
749 3250 759 3266 ²
777 3245 822 3277 ld.
838 3257 914 3277 xcvi
927 3272 933 3281 ,
953 3247 1256 3282 8.——3Id.1.v111.
1277 3256 1305 3282 ,3.
1319 3270 1359 3273 ——
1380 3251 1520 3293 tEpht-s.
1543 3263 1588 3288 iv,
1607 3253 1660 3282 28.

386 3312 399 3326 ²
420 3306 506 3337 Alias
520 3330 526 3342 ,
544 3303 732 3336 amarilmlo.
