2533 3920
399 180 477 214 619

1164 179 1200 213 S.
1230 176 1483 212 BERNARDI
1511 176 1714 212 ABBATIS

2397 179 2471 218 620

2513 165 2516 221 l

399 255 623 305 episcopum
647 256 785 292 factum
809 264 889 300 est,
908 263 1030 305 perte
1051 253 1171 290 robur
1188 255 1346 304 accipiat
1367 255 1404 290 in
1416 254 1615 294 ⁵⁰⁴dictum
1643 264 1720 299 est,
1744 254 1953 301 Infirmata>
1982 261 2068 288 sunt
2093 261 2220 289 contra
2248 267 2309 289 eos
2334 258 2470 306 lt‘nguoe
2514 265 2516 296 ζ

402 329 517 352 manu
546 316 693 366 potenti
713 324 750 352 et
770 315 925 352 brachio
949 315 1110 351 excelso.
1135 314 1207 351 Sed
1227 323 1263 351 et
1280 315 1404 364 ipsum
1423 317 1453 350 A
1470 331 1595 354 eorum
1611 321 1637 352 ².
1671 319 1767 352 Ecce
1796 314 1835 350 in
1867 326 1981 350 manu
2012 321 2076 349 tua
2107 321 2173 350 est.
2204 317 2468 355 Verumtamen

399 376 726 426 archiepiscopum
742 382 755 397 ‘¹
778 376 894 424 magis
921 389 962 411 ac
989 374 1104 423 magis
1134 373 1201 410 tibi
1227 375 1402 410 volumus

398 435 684 481 commendari,
709 449 779 485 pro
808 449 884 485 quo
916 448 983 470 nec
1010 446 1166 482 rogare,
1185 447 1254 470 nec
1283 447 1402 470 exau—

399 495 471 531 diri
491 496 696 541 vellemus,
719 496 747 531 si
767 508 844 531 non
862 494 1133 531 honorificaret
1151 493 1401 530 ministerium

399 566 468 590 suu
474 568 507 590 ΙΠ
514 584 522 591 .

498 690 767 700 ειπνιιννιιιιῃιιιιιι
773 690 942 699 ιαῑη-ινυῃνιι

483 809 862 866 EPISTOLA
924 799 1322 867 cccxxix?

546 1082 661 1111 Contra
680 1078 826 1110 eussldefss
850 1079 983 1111 electum
1011 1083 1237 1112 Rutenensem.

438 1203 564 1241 Verba
592 1216 677 1253 quae
707 1216 778 1252 ego
808 1203 948 1252 loquor
969 1202 1098 1249 vobis,
1122 1216 1200 1239 non
1231 1216 1304 1253 pro
1334 1215 1393 1240 me

383 1266 467 1315 ipso
492 1265 644 1314 loquor,
675 1277 744 1299 nec
767 1263 805 1299 in
834 1264 886 1300 eis
916 1277 1047 1313 quaero
1073 1277 1158 1313 quae
1182 1277 1264 1300 mea
1290 1272 1390 1300 sunt.

383 1324 501 1363 Vobis
529 1325 668 1373 loquor
695 1337 766 1373 pro
799 1323 917 1360 vobis.
946 1328 1087 1361 Breves
1118 1324 1197 1360 (lies
1227 1324 1392 1361 hominis

384 1394 485 1421 sunt.
511 1383 700 1432 Quamdiu
730 1383 820 1419 estis
848 1384 1052 1434 episcopus
1083 1384 1390 1429 Lemovicensis,

383 1445 633 1481 ministerium
655 1452 823 1479 vestrum
843 1443 1111 1491 honorificate,
1133 1453 1173 1480 ut
1193 1444 1392 1481 videamus

382 1519 499 1555 opera
534 1513 660 1540 vestra
688 1503 799 1540 bona.
823 1506 979 1540 Causam
1001 1505 1238 1542 Catinensisc
1258 1505 1386 1551 electi,

379 1579 400 1602 a
424 1565 579 1601 domino
612 1568 712 1613 Papa
740 1563 848 1600 vobis
880 1565 1143 1611 commissam,
1172 1574 1208 1601 et
1242 1574 1388 1602 remota

379 1625 484 1661 omni
509 1625 766 1674 appellatione
793 1625 979 1660 canonico
1007 1626 1082 1661 fine
1110 1626 1387 1662 terminandam

378 1700 399 1722 a
418 1684 527 1722 vobis
544 1684 765 1730 audientes,
790 1685 876 1721 facti
903 1698 1033 1723 sumus
1064 1687 1161 1721 sicut
1188 1686 1385 1723 consolati.

377 1750 473 1783 Ecce
494 1745 594 1781 enim
617 1757 696 1794 prae
723 1743 898 1780 manibus
925 1753 980 1780 est
1009 1754 1184 1795 tempus,
1206 1754 1243 1782 et
1269 1759 1388 1795 nego—

379 1865 427 1902 sit
445 1864 629 1901 rationale
645 1863 681 1899 in
702 1871 859 1912 pectore
880 1864 1087 1902 Pontilicis.
1107 1869 1190 1901 Jam
1215 1878 1291 1901 non
1316 1867 1388 1902 erit

376 1926 539 1971 otiosus,
566 1924 595 1960 si
618 1932 743 1960 tamen
766 1924 804 1959 in
828 1923 938 1960 vobis
957 1933 1025 1970 est,
1047 1924 1160 1961 timor
1178 1925 1260 1971 Dei,
1278 1926 1387 1975 vigor

378 1998 592 2030 canonum,
615 1997 723 2020 amor
739 1982 909 2031 justitiae.
930 1988 973 2020 In
991 1984 1157 2021 Ecclesia
1183 1985 1385 2021 Rutinensi

377 2046 501 2096 agitur
532 2045 578 2081 de
607 2053 782 2095 pastore,
813 2053 850 2081 et
880 2045 1062 2095 episcopo
1091 2046 1385 2092 animarum,et

376 2119 594 2143 successore
617 2105 754 2142 Christi
774 2133 782 2149 ,
805 2105 851 2141 de
873 2105 938 2141 illo
953 2135 962 2150 ,
986 2105 1162 2155 inquam,
1181 2106 1245 2154 qui
1267 2106 1385 2142 susci-

378 2175 430 2203 tet
456 2179 584 2203 semen
612 2165 736 2201 fratris
762 2164 944 2201 defuncti.
963 2169 1009 2202 Et
1032 2165 1078 2201 ad
1099 2166 1179 2201 lizec
1199 2166 1284 2215 quis
1310 2175 1384 2203 tam

376 2228 538 2264 idoneus
554 2228 567 2262 Ρ
588 2225 781 2275 Numquid
799 2226 862 2261 ille
879 2255 887 2270 ,
911 2239 1024 2274 quem
1042 2226 1118 2262 vita
1142 2226 1384 2275 inquinavit,

376 2302 490 2338 quem
513 2286 744 2323 conscientia
770 2286 986 2331 accusavit,
1010 2299 1123 2335 quem
1142 2286 1239 2322 fama
1262 2286 1387 2336 publi-

377 2349 498 2385 cavit?
517 2347 702 2397 numquid
719 2347 794 2393 ille,
811 2347 877 2396 qui
894 2347 940 2383 de
958 2346 1109 2383 abbatia
1124 2347 1160 2383 in
1175 2346 1382 2393 abbatiam,

380 2410 439 2446 vel
460 2409 586 2459 potius
605 2407 651 2443 de
679 2407 817 2456 abysso
838 2408 875 2443 in
902 2407 1079 2457 abyssum
1108 2407 1325 2454 descendit,
1344 2416 1385 2444 ut

376 2469 476 2506 idem
501 2469 547 2505 sit
566 2468 729 2505 violator
745 2467 935 2516 virginum
952 2496 961 2513 ‚
982 2477 1019 2504 et
1046 2470 1321 2504 consecrator?
1339 2472 1385 2505 Et

377 2529 442 2566 ubi
459 2530 530 2566 erit
546 2528 623 2578 jam
639 2528 748 2574 illud,
764 2528 869 2578 quod
882 2528 1025 2565 dictum
1043 2537 1099 2564 est
1114 2527 1161 2564 ab
1178 2529 1382 2578 Apostolo:

380 2594 535 2638 Oportet
564 2594 776 2638 episcopum
803 2594 884 2624 sine
909 2593 1066 2624 crimine
1086 2602 1182 2634 esse,
1200 2598 1381 2637 tanquam
1399 2599 1432 2632 D
1450 2594 1575 2630 cacior
1594 2594 1640 2630 ad
1664 2596 1879 2632 nocendum
1892 2625 1900 2641 ,
1920 2610 2034 2646 quam
2057 2596 2249 2633 familiaris
2270 2596 2456 2633 inimicus.
2502 2618 2510 2638 ,ι

375 2653 670 2697 dispensatorem
698 2651 769 2683 Dei
784 2650 821 2684 ¹?
842 2648 927 2684 Noli
948 2661 1039 2697 ergo
1069 2656 1168 2684 stare
1196 2657 1328 2685 contra
1348 2658 1382 2685 tc

374 2710 499 2759 ipsum
515 2738 524 2753 ‚
542 2709 643 2746 aliud
667 2708 795 2745 dicens
812 2736 821 2751 ,
840 2717 877 2744 et
897 2708 1001 2744 aliud
1017 2722 1132 2757 agens
1152 2723 1159 2744 :
1179 2709 1245 2746 sed
1262 2724 1379 2759 opera

376 2777 440 2804 tua
456 2767 583 2804 verbis
605 2767 677 2803 tuis
695 2766 953 2816 respondeant
970 2767 1070 2802 idem
1090 2766 1137 2803 de
1155 2767 1289 2803 eodem
1304 2784 1312 2814 3
1334 2782 1380 2805 ne

375 2827 468 2864 illud
498 2827 565 2863 tibi
596 2827 718 2876 aptari
750 2826 869 2876 possit
892 2854 901 2871 ,
937 2826 1041 2876 quod
1074 2826 1120 2863 dc
1151 2827 1379 2876 quibusdam

423 3000 432 3014 ¹
453 2993 516 3024 Tit.
538 3004 568 3030 1,
587 2995 618 3024 7.
637 3011 680 3014 —-—
698 2997 710 3013 ²
732 2992 813 3023 Psal.
838 3003 942 3031 Lxut,
961 2996 993 3024 9.
1014 3010 1060 3015 ——
1081 2991 1094 3016 3
1112 2994 1192 3025 Psal.
1207 3007 1326 3028 xxxvu
1341 3022 1349 3035 ,
1372 3001 1424 3031 12.

945 690 1113 699 Μπιιινιηνιι
1119 690 1200 698 ιιικνι
1206 690 1286 698 ικικιι
1292 690 1403 700 ικςνιςιι

1470 378 1634 414 animam
1662 384 1765 412 tuam
1793 373 1966 419 custodi,
1988 387 2112 423 neque
2134 375 2470 417 communicaveris

2514 316 2516 366 l

1469 436 1634 488 peccatis
1650 435 1793 472 alienis.
1810 438 1880 471 Per
1896 442 1928 470 te
1945 432 2071 478 stabit,
2090 441 2154 470 aut
2168 447 2237 484 per
2251 441 2285 470 te
2299 445 2468 476 corruet:
2514 449 2515 455 ¹

1469 497 1534 534 sed
1556 497 1584 533 si
1603 509 1672 546 per
1693 504 1728 531 te
1748 493 1955 539 corruerit,
1973 505 2107 529 manus
2128 501 2211 529 tuas
2236 494 2470 534 consecrabis
2514 530 2515 533 ,

1470 556 1647 593 Domino.

1932 689 2089 699 x==u=smu
2095 689 2239 699 nnusxxsu
2246 689 2412 702 *qv-ammt-
2419 690 2469 701 n·-

1470 693 1527 702 ενι»-
1533 692 1732 703 ινιινι-νκκινκπ
1739 692 1790 700 ιιιι
1797 691 1881 699 ιικιιι
1888 690 1928 698 ιν.

1559 850 1932 907 EPISTOLA
2012 839 2378 907 CCCXXX.‘¹

1704 1008 1749 1030 AD
1780 1007 2044 1031 INNOCENTIUM
2075 1007 2203 1030 PAPAM.

1714 1133 1830 1163 Contra
1847 1134 1974 1162 Petrum
1990 1129 2215 1161 Abaelardum.

1459 1264 1731 1302 Amantissimo
1768 1264 1867 1314 patri
1912 1278 1954 1300 ac
2001 1263 2159 1300 domino
2199 1267 2436 1302 INNOCENTIO
2452 1293 2463 1311 ‚

1511 1329 1735 1362 BERNARDUS
1763 1325 2014 1362 Clarae-Vallis
2039 1333 2198 1361 vocatus
2221 1322 2358 1371 abbas,
2385 1338 2465 1362 mo·-

1513 1384 1641 1421 dicum
1663 1385 1699 1421 id
1721 1384 1827 1434 quod
1845 1393 1913 1421 est.

1507 1509 1666 1546 Plorans
1689 1509 1856 1559 ploravit
1880 1509 1917 1546 in
1946 1517 2058 1546 nocte
2084 1512 2232 1559 Sponsa
2253 1508 2411 1555 Christi,
2429 1518 2465 1546 et

1455 1569 1634 1618 lacrymae
1668 1569 1750 1618 ejus
1781 1570 1819 1606 in
1854 1570 2017 1607 maxillis
2047 1568 2128 1619 ejus
2162 1585 2169 1606 :

2204 1583 2283 1606 non
2314 1577 2370 1606 est
2400 1570 2464 1619 qui
2508 1614 2511 1617 ι

1455 1630 1676 1666 consoletur
1698 1643 1780 1667 eam
1803 1644 1849 1666 ex
1867 1630 2048 1666 omnibus
2067 1630 2189 1667 charis
2206 1628 2300 1678 ejus.
2318 1632 2462 1666 Moram
2508 1676 2511 1683 Ι

1455 1689 1615 1726 faciente
1643 1694 1817 1741 Sponso,
1846 1690 1936 1736 tibi,
1968 1690 2146 1736 domine,
2181 1689 2382 1727 commissa
2409 1697 2465 1727 est
2509 1692 2529 1728 ’.

1454 1751 1661 1787 Sunamitis
1698 1751 1736 1787 in
1770 1752 1855 1788 loco
1888 1751 2210 1801 peregrinationis
2237 1764 2326 1788 suae.
2363 1751 2462 1789 Nulli
2508 1763 2517 1802 'g

379 1806 492 1850 tium,
512 1805 548 1840 in
569 1803 707 1853 quibus
730 1804 896 1840 Ecclesia
916 1805 985 1841 Dei
1012 1806 1239 1855 perspiciet,
1258 1815 1386 1843 utrum
1405 1811 1431 1846 C
1453 1809 1674 1847 familiarius
1707 1812 1914 1848 confitetur
1942 1811 2125 1861 injurias,
2156 1811 2251 1848 nulli
2280 1811 2462 1848 secretius
2507 1810 2514 1842 ·⁴

1454 1870 1614 1919 exponit
1643 1879 1756 1907 aestus
1788 1879 1825 1907 et
1854 1871 2015 1920 gemitus
2048 1884 2163 1916 suos,
2194 1884 2309 1921 quam
2340 1871 2461 1908 amico
2507 1893 2509 1898 ι

1453 1931 1603 1979 Sponsi.
1632 1934 1726 1967 Nam
1755 1931 1844 1980 quia
1871 1935 2063 1981 Sponsum
2099 1931 2244 1981 diligis,
2279 1944 2458 1981 sponsam

1452 1990 1499 2026 ad
1521 1999 1556 2027 te
1577 1992 1804 2028 clamantem
1827 2005 1906 2028 non
1927 1992 2089 2042 despicis
2101 1992 2140 2028 in
2161 1991 2460 2042 opportunitati-

1451 2050 1542 2096 bus,
1567 2051 1603 2087 in
1636 2051 1895 2089 tribulatione.
1925 2056 2032 2089 Inter
2058 2053 2139 2089 haec
2164 2053 2292 2089 omnia
2322 2066 2460 2102 genera
2506 2059 2509 2066 ’

1450 2110 1640 2156 hostium,
1670 2110 1810 2161 quibus
1838 2113 2146 2149 circumvallatur
2172 2113 2338 2150 Ecclesia
2368 2113 2459 2160 Dei,

1452 2172 1548 2208 sicut
1580 2172 1700 2208 lilium
1732 2173 1832 2208 inter
1863 2173 2016 2222 spinas,
2052 2173 2144 2209 nihil
2177 2173 2457 2223 periculosius,

1452 2232 1545 2268 nihil
1585 2233 1782 2270 molestius
1811 2242 1884 2280 est,
1913 2247 2028 2283 quam
2060 2248 2147 2271 cum
2179 2233 2226 2271 ab
2254 2234 2306 2271 eis
2325 2263 2334 2279 ‚
2364 2245 2471 2284 quos·

1453 2293 1624 2329 continet
1660 2294 1697 2329 in
1732 2295 1877 2343 gremio
1914 2307 2010 2339 suo,
2046 2303 2084 2331 et
2116 2307 2212 2344 quos
2246 2295 2322 2332 suis
2358 2295 2459 2332 fovet

1451 2352 1654 2398 uberibus,
1680 2354 1869 2391 laceratur
1891 2355 2062 2392 interius.
2082 2358 2156 2392 Pro
2177 2353 2335 2400 talibus,
2357 2363 2394 2392 et
2413 2354 2458 2392 de
2504 2368 2507 2377 '

1452 2412 1590 2449 talibus
1609 2422 1666 2450 est
1686 2414 1750 2450 illa
1765 2428 1841 2451 vox
1863 2415 2027 2451 dolentis
2047 2424 2085 2452 et
2105 2415 2290 2465 gementis
2309 2430 2317 2452 :
2339 2419 2459 2452 Amici

1451 2479 1525 2509 mei
1545 2483 1580 2509 et
1596 2479 1766 2522 proxitni
1787 2480 1858 2511 mei
1879 2477 2072 2512 adversum
2092 2490 2149 2511 me
2168 2481 2457 2525 appropinqua-

1450 2543 1600 2577 verunt,
1622 2543 1656 2570 et
1682 2545 1859 2571 steterunt
1871 2534 1896 2572 3.
1922 2536 2033 2573 Nulla
2059 2536 2213 2585 quidem
2239 2536 2356 2586 pestis
2372 2536 2453 2573 efli-
2504 2535 2523 2554 ³

1450 2658 1687 2703 Argumento
1707 2655 1817 2693 nobis
1840 2665 1929 2693 sunt
1951 2665 1988 2693 et
2009 2655 2177 2694 Absalon
2203 2656 2453 2702 familiaritas,
2502 2670 2528 2690 ,’

1448 2722 1484 2749 θῖ
1504 2715 1677 2751 osculum
1699 2716 1819 2752 Judae.
1838 2716 2145 2754 Fundamentum
2171 2715 2275 2752 aliud
2299 2715 2456 2766 ponitur

1449 2773 1580 2821 nohis,
1602 2784 1741 2825 pra-ter
1764 2775 1801 2812 id
1823 2776 1927 2826 quod
1951 2777 2118 2827 positum
2142 2784 2210 2813 est.
2231 2779 2338 2814 Nova
2364 2775 2454 2812 fides

1448 2834 1485 2869 in
1515 2835 1673 2871 Francia
1697 2835 1863 2883 cuditur,
1885 2836 1932 2873 dc
1955 2835 2163 2873 virtutibus
2187 2843 2225 2873 et
2242 2835 2344 2873 vitiis
2376 2847 2452 2872 non
2502 2873 2503 2876 ,

416 3056 430 3070 ¹¹
447 3052 670 3085 Bituricensem
690 3052 803 3083 scilicet
818 3076 824 3087 ,
843 3053 929 3094 cujus
947 3052 1161 3094 suffraganeus
1178 3062 1221 3086 cst
1242 3057 1408 3100 episcopus
1426 3062 1625 3092 Rutenensis.

418 3101 434 3124 b
460 3107 596 3149 Epistola
615 3117 695 3137 noxa
712 3117 718 3137 :
740 3117 807 3147 quae
831 3117 904 3137 vero
919 3113 1009 3137 antea
1030 3112 1096 3139 :529
1119 3115 1183 3140 crat
1196 3133 1203 3147 ‚
1222 3121 1306 3142 nune
1325 3116 1403 3144 318.
1422 3114 1540 3156 Scripta
1557 3115 1640 3145 eirca
1660 3126 1777 3146 annum
1799 3118 1808 3146 1
1825 3117 1896 3146 140.

417 3167 430 3182 c
452 3164 593 3193 Fortasse
613 3160 797 3201 legendum,
820 3160 1040 3196 c'ata1·ceusis;
1061 3172 1131 3192 nain
1150 3163 1200 3194 xix
1218 3164 1255 3194 ad
1280 3165 1371 3197 aliam
1390 3168 1544 3199 civitatem
1568 3169 1634 3199 ha>c
1652 3169 1782 3211 epistola
1800 3168 1909 3200 referri
1931 3175 2043 3212 potest.
2064 3169 2158 3211 Quod
2174 3168 2200 3200 si
2217 3169 2259 3200 ita
2280 3167 2446 3206 videbitur,

367 3217 427 3248 hoc
446 3216 513 3247 loco
539 3215 586 3256 agi
605 3215 726 3245 videtur
749 3214 787 3245 de
807 3214 958 3246 electione
977 3215 1144 3247 ltaiuiundi
1157 3241 1164 3254 ‚
1185 3229 1277 3259 quem
1295 3221 1429 3261 proinde
1447 3223 1632 3253 Guillelmus
1649 3234 1665 3253 a
1686 3225 1784 3254 Cruce
1810 3233 1847 3253 ex
1875 3222 1947 3254 albo
1972 3223 2217 3255 Cadurcensiuni
2234 3221 2449 3265 episcoporum

370 3269 525 3301 immerito
544 3274 710 3309 expungat.

411 3328 426 3348 d
444 3327 580 3370 Epistola
596 3336 675 3357 noxa
691 3336 698 3356 :
716 3337 784 3367 quie
810 3337 881 3356 xero
899 3332 988 3357 antea
1008 3331 1074 3359 :530
1100 3335 1162 3359 crat
1179 3354 1186 3367 ,
1218 3341 1299 3362 nnnc
1324 3337 1402 3364 ΒΗ).
1422 3335 1541 3377 Scripta
1559 3347 1640 3367 anno
1665 3336 1778 3367 (Ilii-isti
1809 3339 1817 3366 1
1832 3337 1907 3367 140.
