2565 3952
66 125 142 163 473

991 119 1257 155 EPISTOLAE.

2089 125 2163 161 474

68 204 123 243 his
137 200 423 245 demonstratis,
441 198 554 244 nihil,
574 206 615 234 ut
629 196 809 244 arbitror,
825 205 1011 246 quantum
1031 196 1076 234 ad
1090 193 1138 212 ²¹⁷
1153 196 1294 232 imitari
1319 197 1520 246 proponis.
1546 196 1715 247 Simplici
1737 199 1851 235 oculo
1882 207 1920 235 tu
1941 200 2080 243 uteris,
2105 203 2171 251 qui

64 276 228 317 praesens
261 261 456 311 negotium
495 260 688 310 pertinet,
723 258 791 295 tibi
824 258 1076 308 quaerendum
1100 258 1130 291 A
1152 269 1250 306 opus
1281 270 1464 293 manuum
1497 257 1711 294 secundum
1743 259 1900 307 Regulae
1932 269 2169 310 praeceptum

67 327 289 374 relinquam.
308 321 477 371 Simplici
496 334 661 370 namque
679 320 792 356 oculo
811 328 851 356 tu
868 319 1000 366 uteris,
1017 319 1083 369 qui

67 400 142 424 non
169 385 238 436 ipsi
270 391 355 434 post
388 395 532 419 annum
565 381 714 418 novitio
749 380 894 417 aditum
928 380 1082 417 claustri

66 447 208 500 aperis:
225 443 430 495 quiajuxta
445 443 664 494 apostolum
677 449 684 464 ¹
703 451 741 479 et
754 442 909 491 Regulae
923 441 1042 478 verba
1054 447 1080 487 ²,

66 508 237 561 spiritum
268 506 420 543 noviter
436 504 650 550 venientis,
677 512 806 541 utrum
835 517 880 540 ex
902 507 985 540 Deo
1012 503 1080 547 sit,

65 584 134 624 per
162 568 278 606 totius
304 567 393 604 anni
423 566 588 617 spatium
618 564 884 615 perscrutaris,
907 563 1078 614 Simplici

64 630 174 670 oculo
192 637 228 666 et
246 636 286 665 tu
305 627 443 673 uteris,
465 626 531 676 qui
554 626 822 663 advenientem
845 625 945 661 iufra
971 623 1077 674 ejus-

65 690 148 731 dem
164 690 254 728 anni
271 697 411 726 metam
427 687 588 738 suscipis
605 703 612 724 z
633 687 722 737 quia
739 699 826 723 eum
845 699 914 736 per
929 693 1078 722 tantum

65 751 246 802 temporis
277 749 437 786 dilatum
456 778 465 795 ‚
500 747 547 785 ad
578 747 758 799 pristinas
794 747 903 783 faeces
919 775 928 792 ,
963 754 1002 783 et
1032 746 1079 783 ad

63 812 202 864 prioris
226 810 314 847 vitae
336 808 561 846 detestanda
595 808 693 845 mala
720 807 846 845 redire
881 807 1077 844 formidas.

64 871 230 922 Simplici
251 871 365 908 oculo
384 879 424 906 tu
442 869 581 914 uteris,
611 869 678 919 qui
698 868 846 906 duabus
865 869 1022 916 tunicis,
1041 877 1080 905 et

64 932 210 973 duabus
227 932 387 970 cucullis
401 961 411 979 ,
429 931 489 968 vel
504 930 678 981 ejusdem
697 931 844 980 generis
863 930 995 981 paucis
1011 929 1080 967 ad-

1153 316 1337 354 observas
1355 332 1362 354 :
1385 318 1474 367 quia
1496 326 1533 354 ct
1549 319 1706 367 Regulae
1728 318 1923 365 obedi're5,
1942 328 1979 356 et
1999 320 2172 357 otiosita-

1152 386 1227 414 tem
1252 378 1445 415 inimicam
1475 379 1635 425 animae,
1657 379 1869 416 secundum
1893 379 2069 429 ejusdem
2090 384 2169 417 Re-

1152 439 1251 489 gulae
1282 439 1403 485 dicta,
1437 439 1577 477 talibus
1607 441 1818 486 exercitiis,
1847 449 1921 477 tam
1957 442 2071 478 sacris
2093 455 2171 478 non

1152 499 1275 536 solum
1296 500 1551 547 monachicis,
1574 500 1640 537 scd
1661 509 1699 537 et
1721 501 1940 551 apostolicis
1959 502 2172 538 institutio-

1150 559 1263 597 nibus
1277 561 1335 598 vis
1353 574 1508 607 cavere,
1526 570 1585 607 et,
1608 561 1645 598 in
1661 570 1849 611 quantum
1870 562 2028 599 facultas
2045 562 2172 608 datur,

1141 620 1255 670 juxta
1275 631 1402 672 patres
1423 623 1619 673 antiquos,
1639 631 1677 659 et
1694 623 1783 659 vitae
1805 624 2024 660 necessaria
2044 624 2173 673 provi-

1147 682 1251 720 dere.
1272 684 1443 735 Simplici
1467 685 1581 721 oculo
1600 693 1637 721 et
1662 692 1700 721 tu
1721 685 1840 721 uteris
1855 713 1864 730 ,
1890 685 1955 734 qui
1980 685 2053 722 hoc
2074 698 2173 735 opus

1148 755 1333 780 manuum
1363 757 1410 780 ex
1434 752 1543 794 parte
1564 744 1822 794 postposuisti
1858 759 1866 781 :
1896 744 1987 794 quia
2023 758 2103 781 non
2131 745 2170 782 in

1147 803 1270 850 silvis,
1295 817 1365 841 nec
1392 804 1430 841 in
1451 804 1611 842 desertis
1626 834 1635 851 ,
1658 804 1723 841 sed
1744 805 1783 841 in
1805 804 1932 841 medio
1958 804 2111 842 urbium
2136 814 2173 842 et

1147 873 1362 902 castrorum
1392 866 1623 903 constitutus
1644 874 1682 903 et
1709 866 1882 916 undique
1912 867 2068 917 populis
2099 867 2173 903 cir-

1148 936 1370 978 cumseptus
1392 957 1402 975 ,
1435 942 1505 965 nec
1534 928 1646 965 toties
1676 936 1714 965 et
1742 929 1856 965 toties
1886 928 1943 965 ire
1974 941 2017 965 ac
2047 928 2172 966 redire

64 995 150 1034 ditis
170 993 340 1031 vestibus
360 1001 567 1030 contentus
584 1006 624 1030 es
642 1007 648 1029 :
669 992 759 1042 quia
780 992 850 1029 etsi
872 1005 951 1029 non
975 1005 1077 1042 prae-
1099 992 1128 1026 B
1148 987 1286 1025 horum
1312 1002 1425 1026 causa
1441 1002 1626 1039 operum,
1648 1002 1720 1040 per
1741 989 2003 1040 promiscuam
2021 990 2170 1026 utrius-

64 1052 266 1106 oeptum3,
293 1054 497 1091 consilium
516 1062 644 1090 tamen
670 1054 731 1090 vel
758 1052 1082 1090 existimationem

64 1115 260 1166 scriptoris
279 1115 437 1165 Regulae
463 1115 591 1165 sequi,
612 1128 726 1165 quam
753 1114 909 1151 alterius
931 1114 1082 1163 generis

66 1185 192 1215 vestes
215 1175 357 1213 addere
384 1176 445 1213 vel
476 1188 671 1213 assumere
701 1175 881 1211 maluisti.
913 1174 1081 1224 Simplici

63 1237 175 1276 oculo
201 1245 240 1273 et
255 1245 296 1273 tu
313 1236 451 1283 uteris,
479 1236 547 1285 qui
564 1248 675 1272 usum
693 1235 946 1272 mediocrium
966 1235 1082 1284 pelli·-

64 1298 205 1336 ciarum
222 1295 431 1333 admisisti:
447 1295 538 1345 quia
554 1293 745 1331 debilibus
760 1323 770 1341 ,
787 1295 877 1344 quia
894 1294 1057 1331 infirmis
1072 1323 1081 1341 ,

64 1358 152 1410 quia
171 1357 363 1402 delicatis,
387 1356 478 1406 quia
498 1354 699 1401 omnibus,
722 1363 911 1405 quantum
933 1354 981 1391 ad
1010 1355 1080 1391 fri-

65 1416 227 1469 gidiores
246 1424 437 1453 terrarum
461 1423 591 1466 partes
619 1414 808 1465 pertinet,
831 1428 880 1452 ne
904 1427 1081 1452 murmu—

65 1486 212 1526 rarent,
227 1491 276 1515 ne
289 1478 518 1527 languerent
530 1507 539 1524 ,
558 1490 606 1514 ne
621 1476 840 1514 rationabili
855 1478 1081 1514 necessitate

66 1539 258 1578 subtracta
275 1547 314 1575 et
330 1538 449 1588 aliqui
464 1552 485 1575 a
501 1537 706 1589 proposito
722 1537 969 1585 recederent,
986 1551 1081 1589 pro-

66 1600 204 1639 vidisti.
242 1600 415 1650 Simplici
448 1600 563 1637 oculo
592 1608 631 1636 tu
654 1599 772 1637 uteris
790 1630 799 1646 ,
831 1600 897 1650 qui
929 1600 1085 1637 nonnisi

71 1661 182 1699 tertio
199 1660 380 1711 fugitivos
401 1668 640 1697 revertentes
658 1660 797 1711 recipis
815 1676 822 1698 :
842 1661 932 1711 quia
949 1669 987 1699 et
1003 1662 1086 1712 ipsa

69 1721 222 1772 Regulae
240 1719 359 1757 verba
381 1721 658 1768 conservare&
677 1729 715 1758 et
737 1735 758 1758 a
779 1722 970 1772 frequenti
998 1723 1086 1772 fuga

1151 1063 1227 1099 que
1242 1063 1354 1087 sexus
1373 1049 1678 1097 multitudinem,
1698 1049 1843 1101 absque
1862 1050 1992 1100 aliquo
2009 1051 2070 1087 vel
2085 1051 2173 1100 plu-

1152 1111 1250 1148 rimo
1281 1112 1455 1162 periculo
1488 1121 1620 1162 potes;
1656 1125 1728 1149 nec
1763 1112 1922 1162 insuper
1951 1120 2174 1162 opportuna

1153 1173 1253 1218 loca,
1273 1172 1338 1210 ubi
1360 1172 1499 1210 talibus
1518 1172 1689 1209 exerceri
1712 1172 1897 1223 operibus
1914 1173 2059 1223 possis,
2087 1173 2171 1223 ple-

1151 1247 1314 1283 rumque
1331 1233 1516 1284 possides.
1536 1233 1610 1270 Sed
1631 1247 1678 1270 ne
1696 1234 1849 1270 inimica
1868 1234 2053 1282 religiosis
2070 1234 2171 1271 otio-

1150 1294 1240 1330 sitas
1257 1302 1292 1331 te
1309 1302 1467 1331 vacante
1484 1295 1613 1331 locum
1629 1293 1699 1330 tibi
1716 1293 1884 1330 nocendi
1897 1294 2090 1340 inveniat3
2110 1302 2176 1330 aut

1150 1353 1215 1390 ubi
1230 1384 1239 1401 ,
1257 1362 1295 1390 et
1311 1354 1468 1404 quando
1486 1363 1597 1404 potes
1617 1352 1795 1390 manibus
1813 1353 2005 1404 operaris;
2026 1362 2092 1390 aut
2107 1353 2175 1392 ubi

1150 1428 1227 1451 non
1249 1423 1361 1465 potes
1375 1444 1384 1461 ,
1407 1427 1506 1465 opus
1527 1414 1600 1451 hoc
1622 1427 1806 1450 manuum
1826 1413 2011 1465 operibus
2032 1413 2172 1452 divinis

1150 1489 1220 1526 per
1248 1476 1349 1513 vices
1370 1475 1559 1513 variando
1581 1488 1811 1526 compensas
1838 1490 1845 1512 :
1881 1475 2011 1525 sicque
2034 1488 2081 1511 ne
2102 1475 2175 1512 do—

1153 1550 1258 1573 mum
1274 1538 1444 1588 pectoris
1460 1537 1514 1574 tui
1530 1546 1728 1574 vacantem
1748 1550 1915 1586 nequam
1933 1537 2090 1586 spiritus
2105 1536 2176 1574 sibi

1154 1598 1324 1635 vindicet
1343 1629 1352 1646 ,
1392 1598 1533 1649 quibus
1577 1607 1688 1649 potes
1725 1599 1840 1636 sacris
1884 1598 2019 1635 studiis
2053 1606 2175 1635 totum

1152 1659 1240 1697 vitae
1263 1669 1338 1697 tuae
1355 1668 1508 1711 tempus
1526 1673 1704 1711 occupas.

1213 1723 1274 1759 16.
1299 1722 1471 1774 Simplici
1493 1723 1606 1759 oculo
1627 1731 1667 1759 tu
1686 1721 1824 1768 uteris,
1851 1721 1917 1771 qui
1938 1721 1977 1757 in
1996 1720 2176 1758 omnibus

67 1782 200 1820 stultos
222 1781 286 1818 vel
313 1780 511 1819 instabiles
532 1782 743 1819 monachos
767 1783 916 1830 studes,
946 1793 1084 1834 negato
1106 1786 1133 1822 C
1154 1782 1452 1820 advenientibus
1472 1784 1532 1820 vel
1555 1782 1842 1820 discedentibus
1858 1781 2098 1833 hospitibus,
2117 1782 2179 1819 in-

67 1841 217 1880 demum
243 1842 474 1880 reversionis
505 1842 610 1880 aditu
673 1843 882 1881 deterrere.
914 1845 1085 1895 Simplici

67 1904 177 1941 oculo
201 1912 239 1941 et
259 1911 302 1940 tu
321 1904 459 1951 uteris,
481 1904 549 1954 qui
570 1905 657 1955 plus
677 1918 792 1956 quam
815 1906 928 1943 tertio
952 1920 1085 1943 mona-

67 1963 176 2002 chum
192 1963 421 2002 redeuntem
447 1965 586 2016 recipis
607 1981 614 2003 ε
635 1967 726 2016 quia
743 1967 874 2013 times,
897 1980 946 2004 ne
972 1968 1083 2004 venia

68 2024 271 2076 denegata,
299 2025 498 2075 expositus
523 2025 698 2064 hostibus
717 2035 870 2077 pereat,
901 2036 939 2064 et
969 2041 1083 2064 ovem

68 2085 331 2136 vagabundam
359 2086 499 2137 lupus,
531 2086 599 2137 qui
631 2096 670 2124 et
698 2088 844 2125 clausas
873 2102 1011 2139 rapere
1041 2103 1084 2126 ac

69 2147 290 2199 dispergere,
305 2148 422 2195 solet,
449 2148 659 2185 interimat.

63 2222 72 2225 ·
123 2209 182 2247 15.
209 2209 381 2260 Simplici
418 2209 533 2246 oculo
568 2217 610 2246 tu
648 2210 794 2256 uteris,
838 2211 906 2261 qui
942 2210 1086 2262 absque

69 2270 292 2320 exceptione
309 2270 437 2320 aliqua
452 2270 642 2321 regularia
658 2270 819 2321 jejunia,
839 2280 914 2308 tam
930 2273 1084 2319 aestatis,

70 2343 180 2381 quam
194 2331 352 2378 hiemis,
381 2330 564 2370 observas
590 2347 598 2369 z
621 2332 711 2383 quia
738 2341 777 2370 et
803 2341 922 2383 prout
947 2347 989 2370 ea
1010 2342 1087 2371 tra-

71 2389 146 2428 dita
168 2400 258 2429 sunt
269 2420 280 2437 ,
297 2392 357 2429 vis
383 2405 615 2430 conservare
630 2423 639 2440 ‚
664 2402 703 2430 et
728 2394 950 2444 prolixioris
968 2393 1086 2431 absti-

38 2476 39 2498 3
72 2452 208 2491 nentiae
242 2454 538 2491 cumulatiorem
568 2455 738 2492 fructum
770 2456 956 2506 recipere.
987 2455 1085 2503 Sed,

72 2513 175 2564 quod
191 2527 290 2565 puro
307 2514 503 2553 charitatis
520 2516 649 2553 animo
666 2517 821 2568 loquor,
847 2525 936 2554 octo
954 2516 1088 2554 diebus

1155 1846 1294 1883 clinato
1317 1845 1459 1895 capite,
1495 1845 1553 1881 vel
1580 1853 1776 1895 prostrato
1804 1844 1912 1881 omni
1942 1857 2107 1894 corpore
2138 1844 2177 1880 in

1156 1917 1319 1952 terram,
1345 1906 1539 1943 Christum
1561 1905 1722 1953 adoras,
1745 1905 1876 1955 eisque
1895 1906 2085 1943 universis
2108 1919 2178 1956 pe-

1152 1968 1218 2005 des
1246 1966 1371 2004 abluis
1401 1981 1408 2003 :
1433 1966 1524 2016 quia
1544 1966 1786 2017 praecipuum
1811 1966 2083 2016 hospitalitatis
2105 1966 2177 2003 bo—

1152 2043 1267 2075 num,
1291 2028 1505 2066 secundum
1524 2028 1723 2078 Evangelii
1741 2036 1779 2065 et
1798 2026 1980 2078 Regulae6
2000 2027 2152 2065 decreta
2167 2057 2176 2074 ‚

1153 2104 1304 2128 summo
1336 2090 1512 2127 excolere
1543 2088 1691 2136 studio,
1721 2097 1764 2126 ut
1790 2089 1924 2135 decet,
1951 2089 2110 2139 satagis,
2143 2098 2181 2126 ct

1157 2162 1231 2190 tam
1251 2159 1392 2188 sanctae
1419 2150 1667 2187 humanitatis
1687 2149 1925 2187 exhibitione
1948 2150 2178 2200 condignam

1156 2211 1374 2250 mercedem
1413 2211 1480 2248 tibi
1517 2211 1715 2248 vindicare
1753 2211 1969 2249 contendis.
2009 2211 2181 2262 Simplici

1156 2275 1269 2312 oculo
1287 2281 1325 2310 et
1343 2281 1384 2309 tu
1402 2273 1522 2310 uteris
1536 2302 1545 2318 ,
1569 2273 1636 2323 qui
1653 2286 1732 2309 non
1751 2281 1839 2309 ante
1859 2286 1992 2310 omnes
2010 2273 2181 2324 hospites

1156 2333 1416 2386 prosterneris
1432 2362 1441 2379 ,
1471 2334 1537 2383 qui
1561 2347 1639 2370 non
1669 2332 1851 2370 omnibus
1872 2333 1990 2384 pedes
2017 2333 2141 2371 abluis
2158 2333 2179 2370 ⁷:

1157 2396 1247 2445 quia
1264 2393 1504 2445 impossibile
1526 2395 1686 2431 omnino
1711 2393 1779 2431 tibi
1800 2403 1897 2431 esset
1917 2403 2007 2431 ante
2034 2403 2179 2431 tantam

1156 2456 1356 2506 hospitum
1395 2455 1682 2492 multitudinem
1715 2455 1869 2492 assidue
1909 2455 2179 2493 advenientem

1157 2530 1309 2567 semper
1340 2517 1379 2553 in
1408 2524 1548 2553 terram
1588 2516 1813 2566 prosterni,
1850 2515 2032 2553 omnibus
2062 2515 2181 2566 pedes

71 2575 211 2612 Natalis
237 2575 417 2623 Domini,
444 2577 680 2627 Epiphania,
710 2578 997 2623 Purificatione,
1021 2577 1086 2628 qui
1106 2582 1138 2616 D
1156 2578 1336 2625 abluere3
1353 2578 1392 2615 in
1411 2587 1559 2615 tantum
1579 2587 1622 2615 ut
1639 2578 1669 2615 si
1687 2578 1735 2615 ad
1754 2578 1823 2615 ista
1842 2579 2027 2615 continue
2047 2592 2182 2615 vacare

73 2644 161 2672 vere
183 2648 255 2686 per
277 2636 409 2673 omnia
437 2636 518 2675 dies
544 2637 728 2676 dominici
753 2647 865 2686 sunt,
889 2637 1040 2688 jejunia
1067 2653 1088 2676 a

74 2695 304 2747 quibuslibet
332 2696 531 2735 observari
559 2712 639 2736 non
665 2699 755 2736 satis
785 2699 974 2750 approbo.
995 2701 1089 2738 Sim-

75 2757 163 2808 plici
187 2758 300 2795 oculo
328 2767 367 2796 et
397 2767 439 2796 tu
465 2760 603 2807 uteris,
633 2761 699 2810 qui
719 2770 757 2798 et
775 2761 847 2799 hos
869 2761 968 2809 dies,
990 2775 1089 2813 quos

76 2817 252 2867 praedixi,
284 2827 323 2857 et
339 2833 495 2857 omnem
523 2821 781 2859 authenticam
803 2822 1010 2860 duodecim
1032 2825 1090 2861 le-

77 2877 242 2916 ctionum
260 2879 543 2917 solemnitatem
566 2880 613 2918 ab
636 2881 706 2918 hac
735 2883 969 2932 regularium
991 2882 1090 2933 jeju-

77 2938 227 2976 niorum
267 2941 549 2979 consuetudine
589 2942 736 2994 excipis
773 2958 780 2980 :
824 2944 914 2994 quia
958 2944 1087 2995 ipsum

42 3019 44 3034 a
77 3000 282 3038 Dominum
295 3030 305 3048 ,
323 3002 413 3052 quia
426 3004 637 3053 Apostolos
651 3033 660 3051 ‚
681 3004 771 3054 quia
789 3004 978 3055 quosdam
997 3006 1091 3043 alios

42 3059 44 3065 ’
80 3069 294 3099 sanctorum
310 3092 320 3110 ,
337 3071 375 3100 et
391 3063 444 3100 sic
465 3063 658 3102 honorare
675 3066 845 3113 conaris,
863 3074 901 3103 et
917 3067 1090 3104 omnium

79 3132 176 3170 pene
214 3123 496 3174 Religiosorum
543 3126 595 3163 sic
637 3125 901 3176 jejunantium
940 3141 1087 3166 morem

1157 2640 1291 2685 velles,
1311 2639 1458 2676 cunctis
1473 2639 1555 2676 aliis
1566 2638 1722 2677 Ordinis
1738 2639 1793 2675 tui
1809 2639 2001 2676 exercitiis
2018 2639 2182 2686 omissis,

1156 2715 1226 2738 nec
1249 2699 1351 2737 istud
1372 2700 1496 2737 solum
1520 2700 1682 2751 explere
1710 2700 1871 2737 valeres.
1896 2703 1944 2737 Et
1965 2701 2054 2751 quia
2075 2700 2180 2751 quod

1157 2760 1396 2812 impossibile
1430 2760 1499 2798 tibi
1531 2774 1612 2798 esse
1643 2761 1854 2812 perspicis,
1883 2762 2047 2808 omittis3
2078 2761 2183 2812 quod

1158 2823 1356 2873 hospitum
1373 2822 1610 2873 susceptioni
1631 2822 1890 2859 necessarium
1907 2830 1981 2868 est,
2005 2835 2078 2873 pro
2095 2822 2185 2858 viri-

1163 2883 1236 2921 bus
1259 2882 1418 2920 exhibes
1432 2913 1441 2930 ,
1477 2897 1620 2934 eosque
1642 2897 1721 2934 quo
1740 2891 1851 2933 potes
1873 2883 2022 2920 honore
2045 2896 2186 2934 prosc-

1160 2944 1290 2995 queris
1320 2959 1327 2981 :
1356 2957 1377 2981 a
1399 2943 1479 2994 jam
1502 2944 1633 2991 dictis,
1660 2957 1744 2994 quae
1769 2945 1926 2994 explere
1951 2957 2029 2981 non
2050 2944 2155 2980 vales
2175 2973 2184 2989 ,

1160 3005 1404 3055 simplicitate
1434 3005 1534 3042 oculi
1565 3004 1773 3042 excusaris.
1797 3005 1969 3055 Simplici
2000 3005 2114 3041 oculo
2146 3012 2187 3040 tu

1161 3066 1300 3111 uteris,
1329 3067 1395 3116 qui
1418 3080 1588 3103 mensam
1612 3065 1761 3104 abbatis
1783 3080 1872 3103 cum
1904 3066 2122 3116 hospitibus
2148 3074 2186 3101 ct

1159 3128 1373 3179 peregrinis
1392 3141 1544 3178 semper
1563 3141 1645 3165 esse
1660 3129 1718 3165 vis
1737 3143 1743 3164 :
1763 3128 1852 3178 quia
1868 3136 1906 3164 et
1921 3127 2078 3177 Regulae
2095 3125 2186 3163 obe-

129 3266 140 3282 ¹
161 3265 176 3293 1
191 3266 285 3295 Joan.
312 3276 357 3303 xv,
381 3269 411 3297 1.
429 3285 473 3289 ψ-
494 3272 505 3288 ²
524 3270 603 3310 Reg.
623 3271 656 3301 S.
677 3267 849 3305 Benedicti,
873 3278 944 3311 cap.
964 3272 1020 3300 58.
1046 3287 1088 3292 -—
1111 3266 1124 3288 3
1143 3268 1225 3300 Ibid.
1244 3279 1314 3311 cap.
1338 3273 1450 3300 ὀζ).-
1479 3268 1589 3299 iri-,itt
1607 3280 1677 3310 cap.
1700 3272 1756 3299 29.
1779 3287 1818 3291 —
1842 3266 1853 3288 5
1872 3267 1953 3298 Ibid.
1975 3277 2043 3310 cap.
2067 3268 2121 3298 43.
2142 3286 2186 3288 —

83 3310 193 3348 ‘Ibid.
212 3327 282 3361 cap.
302 3323 356 3351 53.
