2517 3936
42 167 112 207 709

952 159 1214 193 EPlS'l‘OLsE.

1046 232 1097 250 5235

2049 162 2124 197 710

1112 234 1312 270 commissa
1345 243 1411 270 est.
1446 234 1559 271 Unde
1592 236 1680 271 satis
1710 235 1913 282 admiror,
1956 250 2123 285 quonam

43 318 1045 339 ......................................................................
1063 297 1096 330 A
1113 293 1230 329 modo
1254 293 1400 344 subripi
1429 295 1597 343 potuerit
1622 303 1735 331 tantae
1767 295 2014 342 discretioni,
2046 312 2125 335 rem

150 439 522 498 ENSTOLA
581 434 930 494 CCCXCV?

130 608 175 630 An
202 605 360 629 ALVlSsM
392 603 676 626 ATREBATENSEM
707 590 960 625 Erlstlort')1*.

45 730 110 762 ,Ἵοιι
128 724 200 758 sau's
223 735 343 766 :equam
369 724 435 765 ejus
460 722 643 765 petitionem
664 732 749 756 esse,
779 728 811 752 ut
842 720 980 753 'rhonms
1006 721 1044 753 (le

81 778 411 816 sancto-Audomaro,
436 777 488 819 qui
518 788 550 807 se
572 775 886 808 Clam-Vallensibus
908 775 1043 807 (101010-

78 842 149 875 ὶιὶ,
177 833 350 866 dimittatur
377 831 631 868 Bertiuensibus,
654 830 706 873 qui
733 842 804 861 eum
823 830 882 861 sibi
906 842 942 861 ex
972 836 1045 861 voto

81 896 242 938 parentum
255 888 414 920 vindicare
432 886 591 919 volebant.

46 1014 246 1057 Venerabili
272 1013 370 1064 patri
399 1021 437 1050 et
456 1012 579 1049 amico
602 1020 735 1048 nostro
767 1016 912 1049 Amiso
930 1041 938 1056 ‚
974 1012 1044 1049 Dei

87 1076 203 1129 gratia
220 1073 465 1113 Atrebatensi
487 1073 691 1123 episcopo,
725 1072 840 1108 frater
869 1075 1042 1108 ssfflzxm-
1061 1077 1088 1111 Β

86 1150 154 1176 nus
175 1143 331 1173 vocatus
359 1134 496 1180 abhas,
525 1135 686 1172 salutem
707 1141 744 1169 et
771 1141 922 1170 nostras
944 1147 1044 1182 qua-

86 1197 301 1246 lescumque
322 1196 529 1233 orationes.

93 1320 124 1358 l.
152 1319 326 1370 Rogastis
348 1331 420 1355 nos
440 1332 512 1369 pro
533 1317 693 1355 ecclesia
718 1317 1013 1354 Sancti-Bertini
1031 1347 1039 1363 ,

48 1393 145 1434 1uam
164 1389 202 1418 et
220 1393 288 1417 vos
308 1379 463 1429 diligitis
477 1408 486 1424 ‚
515 1388 553 1416 et
574 1392 645 1416 nos
663 1379 732 1429 ipsi
755 1378 948 1427 diligimus
965 1407 973 1423 ,
1007 1387 1044 1415 et

42 1439 230 1480 'iileximus
259 1439 307 1477 ab
335 1439 458 1476 initio.
497 1443 770 1477 Verumtamen
804 1438 909 1488 quod
943 1452 1044 1475 nunc

48 1510 140 1554 *egat
172 1500 400 1539 venerabilis
432 1499 550 1538 abbas
581 1499 753 1550 ejusdem
788 1500 1041 1545 monasterii,

49 1563 174 1602 ninam
201 1562 420 1613 diligentius
446 1561 726 1599 considerasset
752 1560 958 1611 prudentia
976 1575 1045 1597 ve-

48 1633 131 1672 m,
151 1623 262 1674 quale
295 1623 342 1660 sit
366 1622 490 1668 istud,
527 1636 605 1659 non
641 1621 763 1658 dicam
796 1622 940 1666 facere,
979 1621 1044 1658 sed

49 1684 97 1723 ael
121 1697 265 1734 rogare.
299 1687 432 1733 Neque
461 1684 562 1721 enim
591 1682 746 1729 dubito,
781 1682 874 1732 quin
910 1682 1044 1719 redar-

49 1744 203 1795 guissetis
221 1757 309 1782 eum
327 1773 336 1790 ,
361 1753 542 1794 tanquam
568 1744 633 1794 qui
655 1743 897 1793 delinqueret
923 1743 1045 1793 gravi-

50 1817 114 1853 ter,
145 1813 182 1842 et
210 1804 412 1842 adversum
435 1815 504 1841 nos
524 1804 667 1840 amicos
687 1817 800 1849 suos,
840 1811 877 1840 et
905 1803 1045 1840 adver-

49 1878 118 1903 aum
142 1865 289 1916 ipsum,
325 1864 434 1915 cujus
459 1865 626 1902 animam
665 1866 802 1914 quaerit
825 1880 834 1910 ;
886 1864 963 1901 imo
1009 1873 1046 1902 et
1064 1869 1090 1905 C

50 1925 212 1965 idversus
231 1930 354 1973 Deum
367 1954 377 1972 ‚
411 1925 521 1975 cujus
542 1934 704 1963 conatur
724 1926 928 1962 immutare
949 1939 1047 1963 con-

46 1985 168 2024 alium.
194 1986 294 2035 Quid
328 1987 429 2023 enim
453 2016 462 2034 ,
494 1986 650 2023 domiue
687 1987 826 2036 pater?
864 1986 903 2022 id
938 1985 1048 2023 vobis

45 2043 249 2084 'msuaderi
268 2047 418 2097 potuit,
450 2055 492 2084 ut
512 2045 559 2083 ab
581 2048 704 2083 amico
734 2054 861 2083 vestro
890 2047 963 2083 tale
984 2047 1049 2084 ali-

45 2105 126 2158 {uid
142 2108 350 2158 peteretis?
368 2111 490 2145 Vocat
509 2111 614 2145 Deus
634 2107 819 2144 Thomam
850 2107 896 2144 de
920 2108 1017 2144 coelo
1033 2137 1042 2153 ,

51 2175 144 2206 locat
161 2175 203 2204 ut
222 2176 332 2204 exeat
355 2167 402 2204 de
424 2176 525 2204 terra
545 2181 612 2204 sua
627 2196 636 2212 ,
672 2176 710 2204 et
737 2167 784 2204 de
816 2167 1046 2217 cognatione

33 2231 124 2276 -ἰιιι,
141 2236 180 2266 et
198 2227 245 2266 de
265 2227 383 2265 domo
403 2229 521 2279 patris
542 2229 624 2275 sui,
648 2237 686 2265 et
705 2229 835 2265 veniat
852 2229 890 2265 in
917 2229 1045 2265 locum

51 2300 148 2338 [uem
165 2288 246 2339 ipse
268 2289 302 2326 ei
327 2288 496 2326 ostendit
517 2304 524 2325 :
547 2301 618 2339 ego
639 2289 724 2339 quis
750 2302 832 2326 sum
861 2289 925 2339 qui
954 2302 1047 2340 pro—

52 2345 182 2386 libeam
215 2348 394 2400 spiritum
425 2349 528 2396 Dei,
558 2350 625 2400 qui
659 2348 819 2386 debeam
856 2349 1045 2399 impedire

49 2412 148 2455 tum,
177 2410 243 2460 qui
276 2410 456 2460 proprias
483 2423 575 2447 oves
611 2418 723 2447 vocat
757 2409 915 2446 nomine
949 2423 1043 2459 pro-

48 2464 141 2520 )11'03
159 2477 197 2506 et
214 2470 296 2520 ipse
318 2479 406 2508 ante
426 2484 489 2508 eas
508 2470 637 2518 vadit,
664 2479 707 2507 ut
726 2470 844 2507 alium
876 2484 954 2506 non
985 2484 1045 2507 se-

27 2558 29 2561 ·
53 2537 215 2578 mamm,
232 2531 299 2568 sed
318 2532 443 2582 ipsum
460 2534 475 2568 ?
494 2532 660 2569 Thomas
680 2540 947 2582 paupertatem
969 2533 1044 2569 ele-

53 2587 114 2637 git,
132 2602 201 2640 ego
220 2604 305 2628 eum
328 2592 375 2629 ad
405 2592 557 2629 divitias
577 2592 807 2642 deliciasque
828 2592 1042 2629 remittam?

1112 353 1377 402 hujuscemodi
1399 354 1605 404 postulare.
1639 358 1715 404 ligo
1733 355 1854 400 enim,
1877 356 2057 403 quoniam
2082 359 2127 394 ‹le

1112 422 1237 450 vestra
1252 443 1261 460 ,
1280 415 1377 451 sicut
1398 413 1522 459 scitis,
1547 414 1752 451 dilectione
1770 427 1961 464 praesumo
1975 444 1983 459 ,
2014 418 2127 465 paulo

1113 475 1240 511 minus
1261 474 1515 525 respondeam
1528 503 1537 520 ,
1561 474 1666 524 quod
1685 475 1736 510 ait
1755 475 1944 512 Dominus
1963 476 2009 511 ad
2032 477 2129 514 lilios

1110 534 1283 572 Zcbcdaei
1317 548 1325 570 ε
1917 536 1994 572 Risi
2025 538 2129 586 quod

1112 596 1296 646 cogitavi,
1333 609 1411 633 non
1430 596 1483 633 sic
1505 596 1552 633 de
1575 596 1758 633 charitate
1793 597 2128 645 praesumendum,

1112 664 1154 692 ut
1180 670 1257 692 non
1280 656 1390 693 etiam
1415 656 1640 693 sacerdotali
1661 656 1851 693 cathedrae
1868 656 2094 693 deferretur.

1158 718 1201 759 ⁷3.
1235 718 1360 755 Facite
1378 731 1469 767 ergo
1488 730 1632 754 morem
1652 726 1821 754 vestrum
1848 730 1854 751 :
1878 717 2129 756 honorificate

1112 777 1225 813 etiam
1264 778 1300 814 in
1330 778 1398 814 hac
1431 786 1539 828 parte
1570 777 1823 814 ministerium
1860 786 2057 824 vestrum,
2093 789 2129 816 et

1112 839 1274 875 virilitor
1301 838 1435 888 juvate
1471 839 1582 876 etiam
1612 839 1677 875 has
1710 839 1847 876 Christi
1875 852 2059 889 sponsaS,
2089 849 2131 876 ut

1113 912 1200 935 cum
1222 899 1268 935 ad
1295 913 1408 949 quem
1431 908 1620 936 vocantur
1637 899 1768 950 sponsi
1789 899 2015 946 thalamum,
2046 901 2129 937 sine

1113 960 1326 996 ofsensione
1353 990 1362 1007 ,
1396 961 1476 998 sine
1509 960 1691 997 dilatione
1719 968 1938 997 mereantur
1970 961 2125 998 intrare.

1113 1021 1242 1070 Agite,
1261 1022 1436 1071 iuquam,
1462 1030 1504 1057 ut
1531 1022 1674 1058 amicus
1701 1022 1854 1071 sponsi,
1888 1022 1953 1071 qui
1985 1031 2057 1058 stat
2092 1032 2130 1060 et

1357 538 1516 571 Nem-itis
1551 537 1646 584 (fuld
1674 540 1815 583 petatis
1842 541 1867 572 ².

1110 1082 1250 1131 gaudio
1271 1082 1410 1132 ,gaudet
1439 1091 1596 1132 propter
1618 1096 1752 1119 vocem
1777 1082 1908 1132 sponsi
1933 1097 1940 1118 ε
1963 1091 2001 1118 et
2030 1083 2128 1120 sieut

1112 1142 1210 1179 bene
1229 1143 1358 1179 soletis
1373 1142 1509 1192 juvare
1532 1153 1708 1189 caeteros,
1732 1144 1784 1179 sic
1800 1142 1932 1192 juvate
1954 1152 1991 1179 et
2007 1143 2099 1181 istos
2115 1175 2124 1190 ‚

1112 1212 1154 1239 ut
1180 1216 1255 1239 uon
1291 1204 1414 1240 solum
1448 1216 1524 1239 non
1551 1204 1801 1252 exstinguatis
1837 1208 1843 1246 k‘
1870 1203 1973 1253 quod
1994 1203 2091 1240 absit
2113 1205 2125 1254 )

1113 1264 1290 1313 spiritum
1311 1264 1399 1309 Dei,
1430 1263 1495 1299 sed
1514 1271 1551 1299 et
1569 1263 1831 1312 coadjutorem
1862 1263 1944 1312 ejus
1977 1263 2127 1300 lideleui

1110 1337 1179 1360 vos
1202 1337 1282 1360 esse
1303 1323 1488 1373 probetis.
1518 1326 1600 1359 Hoc
1618 1323 1719 1358 enim
1739 1323 1896 1359 omniuo
1920 1331 2064 1359 certum
2082 1324 2129 1359 sit

1112 1384 1336 1422 Paternitati
1358 1392 1517 1429 vestrae,
1543 1383 1726 1432 quoniam
1753 1396 1839 1419 meo
1868 1383 2028 1419 consilio
2050 1383 2129 1419 sive

1113 1445 1364 1494 permissione
1402 1457 1485 1480 mea
1522 1457 1711 1494 nusquam
1746 1443 2006 1480 declinabunt.
2044 1444 2128 1481 Scio

1114 1505 1214 1541 enim
1235 1505 1420 1554 quoniam
1442 1505 1522 1554 ipse
1547 1518 1746 1555 peccarem
1768 1534 1777 1551 ,
1805 1513 1842 1541 et
1873 1518 1937 1541 eos
1969 1518 2128 1555 peecare

1113 1567 1276 1603 facerem
1297 1595 1306 1613 ,
1339 1566 1370 1603 si
1402 1566 1496 1615 quid
1531 1567 1583 1602 eis
1618 1566 1720 1602 aliud
1750 1566 2021 1612 consulerem,
2063 1575 2129 1602 aut

1112 1625 1378 1663 concederem.
1391 1625 1571 1663 Reddant
1587 1639 1677 1675 ergo
1698 1634 1787 1662 vota
1808 1639 1875 1663 sua
1894 1640 1979 1676 quze
1997 1625 2129 1662 ‹listin-

1112 1696 1254 1724 xerunt
1270 1686 1371 1724 labia
1391 1700 1470 1723 sua.
1503 1686 1686 1736 Alioquin
1708 1686 1874 1723 viderint
1903 1687 2000 1736 ipsi,
2035 1688 2125 1736 qui-

1111 1748 1183 1786 bus
1204 1748 1363 1786 credant
1385 1748 1600 1785 dicentibus
1619 1764 1626 1785 :
1650 1751 1746 1785 Ecce
1764 1747 1824 1784 bic
1847 1756 1903 1784 est
1929 1748 2099 1784 Christus
2115 1776 2124 1793 ‚

1113 1823 1200 1847 ecce
1219 1810 1298 1846 illic
1321 1818 1388 1846 cst.
1411 1809 1600 1858 Quoniam
1627 1808 1824 1859 oportebit
1848 1822 1913 1845 eos
1931 1809 2020 1845 mihi
2039 1818 2126 1846 ante

1115 1870 1282 1907 tribunal
1316 1870 1453 1907 Christi
1490 1882 1607 1920 super
1643 1878 1735 1906 voto
1773 1882 1842 1906 suo
1857 1899 1866 1916 ,
1910 1868 2019 1919 cujus
2057 1883 2128 1919 ego

1117 1932 1221 1968 testis
1242 1945 1325 1968 sum
1341 1960 1350 1978 ,
1370 1931 1617 1981 respondere.

1115 2085 1167 2094 1112
1173 2083 1603 2093 nnmsvsmxxmvvsvvvnnxuww==mxz
1611 2083 1809 2092 νιυιιιιιιιιιιι
1815 2085 1823 2092 ι
1829 2084 1881 2093 »xxx
1888 2083 1956 2093 ιιικπ
1962 2082 2014 2091 utu·
2021 2083 2101 2093 ιινιιι
2107 2084 2132 2093 ιι-

1208 2194 1587 2251 lffluSTOLA
1655 2185 2040 2252 CCCXCVI.b

1228 2362 1272 2384 AD
1305 2360 1498 2383 RICCINUM
1528 2359 1737 2383 EPISCOPUM
1768 2360 1988 2383 TL‘LLENSEM
2005 2347 2033 2383 ἡ.

1112 2482 1247 2510 Excusat
1266 2488 1298 2509 se
1321 2477 1406 2520 apud
1425 2488 1516 2514 eum,
1539 2476 1624 2518 quod
1645 2476 1711 2518 ejus
1736 2475 1911 2518 professum
1934 2477 2130 2510 Willelmum

1444 2532 1591 2573 ignorans
1619 2537 1806 2573 susceperat.

88 2647 124 2688 2
151 2653 227 2688 Nec
245 2651 406 2702 ignoro,
431 2652 524 2702 quin
546 2652 695 2703 possint
715 2651 818 2702 apud
841 2655 1043 2689 Sancttun-
1061 2658 1095 2692 D
1111 2647 1329 2688 Venerabili
1363 2652 1537 2686 Rlcunvo
1553 2676 1562 2693 ‚
1593 2647 1662 2684 Dei
1693 2647 1812 2697 gratia
1846 2647 2012 2685 Tullensi
2043 2649 2125 2698 epi-

54 2709 226 2748 {ertinum
254 2711 390 2749 fratres
419 2725 526 2750 suam
558 2713 732 2764 ipsorum
760 2714 913 2763 operari
946 2713 1045 2750 salu—

55 2780 111 2806 em
131 2784 140 2807 :
161 2770 227 2808 sed
246 2785 342 2822 quos
358 2773 448 2810 illuc
466 2774 661 2810 vocaverit
679 2776 782 2810 Deus
800 2773 815 2788 *
829 2801 838 2818 ‚
861 2782 903 2810 ut
920 2787 1043 2811 unus-

55 2827 192 2880 [uisque
218 2831 257 2868 in
287 2845 363 2882 qua
391 2833 594 2870 vocatione
628 2842 788 2870 vocatus
820 2842 898 2880 est,
932 2834 969 2870 in
999 2847 1043 2871 ea

55 2901 264 2930 »ermaneah
286 2894 371 2932 Scio
385 2923 396 2940 ,
418 2894 497 2931 scio
520 2893 586 2931 ubi
603 2894 760 2944 legerim
783 2909 790 2930 :

28 2974 31 2981 ·
55 2962 115 2987 ens
127 2965 276 2990 manum
294 2968 400 2991 suam
422 2957 477 2991 acl
492 2965 679 3000 aratrum,
702 2965 739 2991 et
759 2960 963 3004 respiciens
982 2970 1041 2991 re-

28 3034 30 3044 .
56 3022 117 3055 ro,
150 3021 259 3061 aptus
292 3024 345 3051 est
371 3028 484 3064 regno
515 3018 692 3051 coelorum
714 3021 737 3052 ¹.
775 3018 861 3063 Quo
890 3029 1040 3065 nequa-

52 3078 147 3119 '1uam
174 3085 243 3122 ego
270 3074 446 3112 fraudare
478 3076 595 3113 velim
632 3076 897 3113 charissimum
921 3077 1039 3113 lilium

56 3142 162 3169 neum
180 3130 386 3182 Th'omam,
416 3144 454 3173 et
481 3136 647 3173 animam
679 3149 766 3186 quae
793 3136 886 3173 mihi
912 3150 932 3173 a
959 3140 1041 3174 Deo

815 2896 910 2930 [Vem
916 2908 935 2928 o
957 2897 1042 2930 mlt-

90 3272 100 3287 ¹
119 3270 193 3302 Luc.
212 3283 263 3307 xx„
291 3276 347 3305 02.
366 3292 407 3296 —
429 3280 441 3295 2
459 3275 577 3307 Mauh.
606 3288 671 3314 xx,
701 3279 754 3307 22.

88 3330 209 3362 *Antea
228 3333 358 3375 epistola
387 3338 465 3366 323.
487 3354 528 3357 —-
554 3336 568 3356 ¹²
587 3339 688 3367 Antea
708 3337 839 3379 epistola
857 3340 935 3368 305.

30 3794 137 3936 lia

1165 2723 1284 2760 scopo
1304 2739 1313 2756 ,
1346 2710 1462 2746 frater
1494 2712 1721 2745 Bmmanus
1759 2707 1881 2744 dictus
1916 2707 1963 2744 de
1996 2709 2124 2746 Clara-

1164 2771 1270 2808 Valle
1295 2800 1304 2816 ‚
1337 2783 1423 2806 cum
1466 2769 1606 2819 pusillo
1638 2768 1709 2805 sibi
1742 2782 1855 2818 grege
1888 2769 2091 2806 commisso
2114 2799 2123 2816 ,

1165 2831 1387 2882 sospitatem
1413 2839 1450 2867 et
1478 2843 1623 2880 pacem.

1163 2952 1312 2990 Gratias
1338 2951 1485 3001 agimus
1514 2951 1645 2988 salutis
1674 2951 1860 2996 Auctori‚
1886 2951 1990 3000 quod
2023 2952 2124 3002 digni

1109 3012 1229 3050 habiti
1263 3026 1394 3050 sumus
1431 3026 1452 3049 a
1484 3011 1594 3049 vobis
1629 3012 1797 3049 salutari.
1850 3014 2122 3049 Verumtamen

1110 3081 1296 3124 quantum
1331 3086 1400 3109 nos
1426 3073 1605 3109 salutatio
1628 3072 1818 3117 laetificat,
1848 3079 1994 3107 tantum
2030 3072 2092 3107 illa
2113 3101 2122 3117 ‚

1109 3148 1224 3185 quam
1263 3133 1538 3184 subjunxistis,
1578 3132 1797 3170 obedientia
1831 3139 1963 3181 gravat
1997 3143 2004 3165 τ
2038 3131 2123 3167 licet
