2565 3952
98 155 172 192 497

1021 151 1287 186 EPISTOLAE.

2132 154 2209 190 498

96 240 231 271 contra
250 229 506 267 conscientias
539 242 625 266 suas
657 228 827 278 coegerit
850 240 916 264 eos
941 225 1174 264 Romana²⁵¹
1192 234 1272 262 tum
1290 254 1299 272 ‚
1324 226 1567 262 dominatum
1591 227 1630 262 in
1653 227 1759 262 omni
1778 228 1946 264 Ecclesia
1964 229 2211 278 requirebat?

96 293 198 331 curia
219 303 379 328 curvare
401 303 525 339 genua
546 298 634 325 ante
655 290 742 326 Baal
760 319 768 335 ,
795 289 924 325 videat
951 292 1054 325 Deus
1075 296 1112 324 et
1136 286 1165 319 A

93 353 238 404 judicet
259 367 265 388 :
291 351 418 387 videat
439 351 544 387 curia
563 351 626 387 illa
643 351 826 394 coelestis,
850 350 888 386 in
912 363 987 399 qua
1007 350 1111 386 nulla

95 413 236 466 poterit
262 411 473 449 ambitione
512 411 682 448 subverti
713 411 918 461 judicium.
952 415 995 448 In
1036 411 1110 446 line

96 475 266 512 omnium
299 472 476 509 obsecrat
501 486 569 508 vos
597 486 693 522 puer
724 481 850 508 vester
875 485 945 521 per
966 471 1112 508 viscera

98 532 366 571 misericordiae
390 533 460 569 Dei
483 533 628 579 nostri,
662 533 691 569 si
723 534 808 582 quis
839 533 877 568 in
913 531 1024 568 vobis
1057 523 1113 568 cst

101 595 202 632 zelus
221 593 317 639 Dei,
342 593 576 629 miseremini
598 594 776 631 Ecclesiae
799 601 961 638 sanctae,
980 592 1112 629 saltem

71 644 80 652 ”
95 668 164 693 vos
183 653 294 691 amici
315 652 420 702 ejus;
440 661 478 690 et
499 662 685 703 quantum
710 654 871 703 potestis
886 683 894 698 ,
918 653 1005 689 date
1024 666 1115 703 ope-

95 729 174 755 ram
189 745 199 763 ,
220 728 268 751 ne
293 723 367 751 tam
390 714 605 752 detestabili
631 715 729 751 facto
752 714 866 751 detur
887 727 1078 752 assensus.

97 864 457 877 §nuwnws===2=u======u-
464 864 502 872 ,ιιι
508 864 634 873 νιν-ιικςκη
641 863 1118 873 Ἴςνιιωιιινιιηκπνιικ,ινιινιπνινιυι

176 987 548 1046 EPISTOLA
607 983 1037 1045 (ΞΟΧΧΧΧΤΙΙῘ1

91 1154 140 1178 ΑΒ
173 1153 302 1177 ΤΟΤΑΜ
341 1153 484 1176 CL'RIAM
526 1152 736 1184 ROMANAM,
776 1152 935 1181 QUANDO
971 1151 1115 1174 ELEGE-

147 1215 249 1237 RUNT
293 1214 467 1236 ABBATEM
513 1212 863 1237 SANCTI—ANASTASII
907 1213 949 1235 IN
995 1213 1116 1235 PAPAM

144 1282 356 1306 Euossmmu
367 1269 399 1304 *.

93 1399 229 1433 Miratur
239 1397 436 1429 Bernardum
452 1397 601 1428 abbatem
617 1399 650 1429 S.
670 1396 828 1428 Anastasii
839 1421 847 1435 ‚
864 1396 1057 1428 abstractum
1076 1397 1116 1428 ab

140 1453 204 1486 otio
223 1458 254 1484 et
272 1452 459 1491 solitudine,
488 1451 529 1482 ad
551 1452 647 1483 totius
666 1451 812 1483 Ecclesiae
832 1462 939 1483 curam
962 1452 1031 1495 rapi
1049 1463 1056 1484 ε
1077 1452 1117 1484 ti-

138 1513 264 1550 metque
278 1506 458 1546 hominem,
478 1507 576 1549 quieti
598 1513 776 1545 assuetum,
800 1512 830 1537 et
853 1506 948 1538 rebus
973 1507 1117 1549 gerendis

137 1562 242 1593 minus
255 1562 459 1593 exercitatum
471 1587 478 1601 ‚
494 1568 584 1593 tauto
597 1562 687 1593 oneri
700 1561 787 1592 haud
806 1572 916 1604 parem
928 1561 995 1593 fore
1010 1572 1017 1594 ε
1034 1562 1119 1593 unde

139 1616 222 1648 fideli
235 1616 443 1648 cardinalium
458 1627 519 1660 ope
536 1627 609 1647 eum
621 1616 780 1647 sublevari
797 1622 898 1658 rogat.

93 1743 268 1783 Dominis
294 1751 332 1780 et
357 1742 534 1794 patribus
574 1743 797 1781 reverendis
817 1773 827 1791 ,
859 1744 1118 1782 cardinalibus

144 1812 182 1842 et
197 1804 390 1855 episcopis
410 1804 592 1842 omnibus
613 1805 680 1855 qui
710 1813 800 1842 sunt
820 1805 867 1842 de
885 1805 1006 1852 curia,
1021 1819 1118 1856 puer
1137 1816 1164 1850 C

146 1866 365 1904 Sanctitatis
393 1879 487 1904 eoru
494 1880 542 1903 m.

150 1995 328 2032 1.Parcat
345 1994 457 2033 vobis
474 1999 596 2043 Deus,
612 1995 707 2046 quid
729 1996 898 2034 fecistis?
914 1997 1115 2048 Sepultum

91 2053 287 2093 hominem
321 2057 529 2094 revocastis
564 2056 612 2093 ad
646 2056 851 2103 homines3
887 2056 1114 2107 fugitantem

95 2129 202 2154 curas
218 2125 257 2154 et
275 2115 407 2153 turbas
427 2117 529 2154 curis
548 2117 678 2153 denuo
699 2117 942 2168 implicuistis
959 2147 968 2163 ,
988 2126 1027 2154 et
1047 2117 1117 2154 in]-

60 2208 68 2211 ,
93 2178 293 2216 miscuistis
312 2177 446 2215 turbis.
464 2179 621 2216 Fecistis
646 2178 898 2216 novissimum
920 2179 1087 2229 primum
1105 2209 1114 2226 ,

94 2246 132 2294 et
147 2252 233 2276 ecce
253 2238 462 2276 novissima
481 2239 584 2275 illius
605 2239 886 2289 periculosiora
905 2239 1112 2289 prioribus.

98 2300 310 2338 Crucifixus
337 2300 485 2337 mundo
514 2314 585 2350 per
612 2314 683 2337 vos
709 2300 848 2337 revixit
876 2299 1025 2336 mundo
1049 2315 1055 2336 :
1077 2308 1114 2337 et

93 2361 159 2411 qui
178 2362 345 2411 elegerat
379 2360 553 2411 abJectus
585 2374 668 2399 esse
700 2362 739 2398 in
773 2361 889 2398 domo
923 2362 995 2398 Dei
1029 2362 1112 2408 sui,

95 2421 220 2472 ipsum
248 2436 319 2460 vos
341 2422 381 2459 in
402 2422 605 2460 dominum
631 2422 803 2459 omnium
832 2422 1009 2472 elegistis.
1037 2426 1115 2460 Cur

94 2484 295 2521 consilium
323 2484 452 2534 inopis
479 2484 734 2521 confudistis?
755 2498 825 2521 cur
840 2484 1022 2535 pauperis
1042 2484 1114 2521 ho-

95 2544 218 2592 minis,
236 2553 275 2582 et
291 2545 473 2592 mendici,
491 2554 528 2582 et
547 2545 771 2596 compuncti
792 2545 908 2582 corde
920 2544 1112 2594 judicium

94 2605 374 2656 perturbastis?
404 2605 594 2644 Currebat
626 2605 726 2643 bene
750 2620 757 2642 :

95 2678 179 2704 sum
216 2675 290 2707 est?
309 2667 445 2718 saepire
480 2668 562 2705 vias
593 2667 700 2718 ejus,
731 2675 905 2704 avertere
937 2667 1117 2714 semitas,

96 2739 245 2776 gressus
266 2727 496 2765 involvere?
517 2729 634 2776 Quasi
655 2727 907 2765 descenderet
933 2727 980 2764 de
1001 2731 1117 2764 Jeru-

96 2788 211 2825 salem
227 2818 238 2834 ,
253 2797 291 2826 et
310 2802 390 2826 non
413 2790 533 2840 magis
549 2790 774 2827 ascenderet
799 2789 845 2826 de
864 2789 1017 2826 Jericho
1033 2819 1042 2837 ,
1065 2790 1118 2826 sic

98 2847 231 2886 incidit
249 2850 290 2886 in
309 2850 480 2888 latrones
503 2866 511 2887 :
531 2859 569 2888 et
589 2852 655 2901 qui
673 2865 712 2888 se
735 2860 920 2900 tanquam
937 2851 1117 2888 violentis

97 2909 324 2959 quibusdam
347 2910 490 2949 diaboli
518 2912 720 2958 manibus,
748 2912 873 2948 carnis
899 2911 1113 2958 illecebris,

97 2976 135 3005 et
159 2970 279 3019 gloria
307 2972 435 3008 saeculi
464 2981 645 3022 potenter
676 2980 923 3018 excusserat3
948 2986 1027 3008 non
1057 2981 1116 3009 ta-

99 3042 184 3066 men
201 3031 322 3067 valuit
336 3032 506 3082 effugere
522 3046 659 3070 manus
677 3042 838 3070 vestras.
850 3036 950 3070 Num
972 3032 1117 3070 idcirco

97 3090 219 3128 Pisam
247 3092 440 3140 deseruit,
470 3102 514 3130 ut
548 3095 737 3145 reciperet
767 3095 989 3132 Romanff?
1018 3097 1118 3131 Num

99 3150 164 3200 qui
184 3151 222 3188 in
243 3166 322 3191 una
345 3155 516 3191 Ecclesia
540 3168 620 3192 non
648 3155 829 3193 sustinuit
854 3154 1120 3192 vicedomina-

150 3298 158 3313 ¹
180 3295 262 3326 Psal.
283 3307 421 3335 Lxxvu,
442 3300 507 3335 70,
530 3300 585 3330 71.

1239 287 1274 324 2.
1297 287 1399 335 Quid
1427 286 1545 336 igitur
1578 286 1738 323 rationis
1771 300 1837 323 scu
1868 289 2016 325 consilii
2054 289 2209 335 habuit,

1180 351 1363 387 defuncto
1393 361 1545 384 summo
1575 347 1764 384 Pontilice
1800 356 1959 397 repente
1994 349 2141 385 irruere
2173 351 2209 385 in

1179 411 1377 447 hominem
1396 408 1648 452 rusticamnn,
1668 407 1802 443 latenti
1822 407 1980 456 injicere
1999 422 2148 454 manus,
2172 418 2208 445 ct

1181 484 1340 509 excussa
1362 483 1381 506 e
1404 468 1584 505 manibus
1604 469 1727 504 securi
1750 476 1787 504 et
1806 469 1905 504 ascia
1925 469 1984 504 vel
2004 470 2152 518 ligone,
2170 471 2208 506 in

1181 532 1365 582 palatium
1386 530 1538 566 trahere
1552 559 1560 575 ,
1579 529 1707 565 levare
1727 529 1765 564 in
1785 528 2026 575 cathedram,
2043 530 2206 567 induere

1183 606 1359 643 purpura
1386 599 1422 627 et
1444 590 1560 640 bysso
1574 589 1605 636 ¹³,
1627 590 1823 639 accingere
1847 589 1973 638 gladio
1995 590 2043 626 ad
2065 591 2207 627 facien-

1184 654 1271 690 dam
1297 653 1507 689 vindictam
1528 652 1567 688 in
1591 651 1835 697 nationibus,
1857 651 2142 701 increpationes
2166 652 2204 688 in

1184 714 1360 765 populis,
1380 713 1427 750 ad
1445 711 1658 761 alligandos
1675 724 1782 760 reges
1801 724 1937 749 eorum
1954 711 1992 747 in
2012 711 2206 761 compedi-

1183 775 1282 822 bus,
1305 783 1343 812 et
1371 774 1520 811 nobiles
1547 786 1683 810 eorum
1711 772 1749 808 in
1778 772 1937 809 manicis
1965 772 2123 809 ferreis?
2148 772 2208 810 Sic

1184 850 1262 874 non
1282 844 1364 872 erat
1381 836 1563 872 intervos
1584 833 1735 884 sapiens
1752 841 1789 869 et
1806 833 2050 879 exercitatus,
2063 832 2123 869 cui
2143 846 2212 882 po-

1184 897 1260 934 tius
1277 897 1349 933 ista
1367 895 1648 932 convenirent?
1666 893 1888 930 Ridiculum
1911 893 2086 943 profecto
2109 892 2213 928 vide-

1184 966 1259 1003 tur,
1279 970 1497 1008 pannosum
1522 955 1825 992 homuncionem
1856 954 1996 991 assumi
2013 953 2059 990 ad
2084 954 2211 1003 praesi-

1137 1020 1164 1054 B
1185 1018 1356 1055 dendum
1377 1015 1692 1068 principibus,ad
1711 1015 1983 1066 imperandum
2005 1015 2209 1065 episcopis,

1185 1081 1232 1117 ad
1251 1093 1369 1130 regna
1391 1087 1428 1115 et
1448 1078 1610 1128 imperia
1632 1077 1886 1127 disponenda.
1906 1076 2126 1114 Ridiculum
2139 1105 2148 1121 ,
2164 1089 2212 1112 an

1185 1141 1440 1177 miraculum?
1456 1140 1572 1176 Plane
1588 1152 1709 1174 unum
1729 1137 1881 1174 horum.
1896 1141 1981 1174 Non
1998 1149 2115 1186 negs),
2132 1149 2212 1172 non

1186 1201 1320 1237 diflido
1339 1213 1452 1250 posse
1474 1200 1588 1235 fuisse
1608 1199 1682 1234 hoc
1702 1199 1814 1235 etiam
1838 1211 1936 1247 opus
1955 1198 2045 1244 Dci,
2070 1198 2136 1247 qui
2157 1198 2213 1234 fa—

1184 1262 1235 1297 cit
1255 1260 1447 1297 mirabilia
1467 1272 1606 1308 magna
1628 1259 1732 1295 solus
1754 1273 1761 1294 :
1785 1259 2000 1308 praesertim
2030 1272 2117 1295 cum
2139 1272 2210 1294 au-

1186 1322 1288 1359 diam
1313 1333 1590 1370 usquequaque
1613 1332 1657 1355 ex
1683 1332 1749 1355 ore
1770 1319 2002 1364 multorum,
2025 1319 2210 1368 quoniam

1186 1396 1207 1420 a
1228 1383 1398 1420 Domino
1419 1382 1561 1417 factum
1581 1388 1639 1416 est
1656 1378 1772 1416 istud.
1796 1378 1870 1416 Sed
1886 1392 1958 1415 nec
1976 1392 2046 1428 ego
2069 1378 2211 1414 oblitus

1185 1457 1268 1481 sum
1292 1442 1532 1493 judiciorum
1557 1440 1629 1478 Dei
1654 1440 1923 1490 antiquorum,
1949 1448 1985 1475 et
2006 1439 2213 1489 Scripturae

1185 1504 1375 1555 plurimos
1396 1502 1633 1540 recensentis
1648 1515 1695 1538 ex
1712 1501 1863 1551 privata
1881 1514 1948 1537 seu
1963 1500 2077 1536 etiam
2096 1499 2215 1536 rusti-

1186 1578 1278 1602 cana
1302 1565 1380 1601 vita
1401 1564 1498 1600 olim
1521 1570 1738 1612 assumptos
1764 1562 1803 1598 in
1830 1561 2030 1597 voluntate
2058 1559 2216 1597 Domini

1187 1626 1234 1663 ad
1252 1625 1463 1676 regendum
1482 1624 1672 1674 populum
1692 1622 1786 1672 ejus.
1806 1622 1983 1671 Denique
2002 1634 2134 1657 nonne
2148 1620 2214 1671 (ut

1186 1701 1308 1725 unum
1331 1701 1350 1724 e
1369 1685 1548 1737 pluribus
1566 1698 1778 1721 memorem
1796 1691 1800 1723 l
1822 1684 1887 1720 tali
1904 1682 2072 1734 quodam
2092 1681 2208 1719 modo

1188 1749 1303 1798 elegit
1323 1747 1448 1785 David
1471 1760 1624 1783 servum
1648 1759 1780 1791 suum,
1800 1753 1837 1781 et
1863 1744 2033 1794 suscepit
2051 1757 2137 1780 eum
2167 1742 2214 1779 de

1185 1808 1364 1859 gregibus
1383 1808 1534 1853 ovium,
1553 1806 1600 1843 dc
1621 1815 1709 1857 post
1728 1806 1887 1842 fetantes
1906 1805 2054 1855 accepit
2076 1817 2164 1840 eum
2177 1806 2212 1840 ¹?

1184 1875 1261 1917 Ita,
1280 1871 1437 1920 inquam
1453 1899 1462 1915 ,
1480 1869 1530 1905 ita
1551 1877 1588 1904 et
1609 1867 1655 1904 de
1680 1876 1814 1904 nostro
1832 1866 2006 1916 Eugenio
2026 1865 2065 1902 in
2088 1864 2210 1902 bene-

1184 1932 1328 1983 placito
1349 1930 1507 1968 Domini
1528 1929 1658 1980 potuit
1675 1928 1895 1978 contigisse.

1241 1995 1277 2030 3.
1307 1996 1394 2030 Non
1425 2005 1507 2028 sum
1536 2003 1694 2028 securus
1723 1998 1869 2035 tamen,
1897 1988 2080 2038 quoniam
2114 1987 2213 2024 lilius

1186 2054 1373 2091 delicatus
1402 2061 1480 2097 est,
1505 2060 1542 2089 et
1574 2060 1704 2088 tenera
1741 2049 1978 2087 verecundia
2014 2048 2120 2098 ejus,
2151 2061 2213 2085 as—

1184 2124 1291 2152 sueta
1312 2115 1443 2165 potius
1465 2113 1545 2150 otio
1564 2121 1602 2149 et
1618 2111 1880 2162 quieti,quam
1900 2109 2109 2147 tractandis
2127 2122 2213 2159 quae

1184 2177 1277 2214 soris
1297 2185 1387 2213 sunt
1402 2191 1408 2212 :
1424 2174 1717 2224 timendumque
1740 2187 1787 2210 ne
1807 2186 1886 2209 non
1907 2186 1951 2209 ea
1969 2171 2211 2217 auctoritate,

1184 2252 1260 2287 qua
1283 2236 1520 2287 oportuerit,
1545 2235 1603 2272 sui
1622 2234 1862 2285 apostolatus
1881 2234 2005 2270 oflicia
2019 2245 2210 2281 exsequa—

1184 2307 1258 2334 tur.
1277 2297 1379 2346 Quid
1405 2297 1549 2347 putatis
1575 2309 1708 2345 gerere
1735 2296 1853 2332 animi
1883 2308 1987 2331 nunc
2012 2294 2210 2330 hominem

1182 2360 1310 2405 illum,
1337 2358 1404 2408 qui
1435 2357 1481 2394 de
1511 2365 1659 2394 secreto
1686 2357 1848 2392 internae
1875 2354 2214 2404 contemplationis

1182 2429 1219 2457 et
1248 2420 1369 2456 amica
1401 2418 1607 2455 solitudine
1639 2417 1791 2462 cordis,
1827 2425 2008 2465 tanquam
2042 2415 2167 2451 infans
2189 2428 2209 2451 e

1182 2481 1329 2531 gremio
1355 2489 1392 2517 et
1416 2480 1499 2517 sinu
1524 2479 1654 2516 matris
1681 2477 1810 2514 subito
1834 2476 2105 2527 perturbatus,
2131 2484 2207 2512 tra-

1183 2551 1286 2579 ctum
1317 2555 1355 2578 se
1385 2540 1432 2577 ad
1460 2540 1631 2577 medium
1657 2538 1789 2584 ridet,
1815 2546 1852 2574 et
1880 2537 1989 2587 quasi
2017 2550 2131 2573 ovem
2159 2535 2207 2572 ad

793 2605 886 2655 quid
914 2604 1025 2642 vobis
1056 2606 1115 2642 vi·
1135 2611 1168 2644 D
1186 2604 1380 2640 victimam
1412 2602 1572 2638 ductum
1595 2600 1641 2637 ad
1664 2609 1739 2637 tam
1764 2600 1914 2636 insueta
1943 2607 1981 2635 et
2009 2597 2210 2634 insuavia?

1186 2665 1265 2702 Nisi
1283 2664 1474 2702 Dominus
1494 2670 1688 2712 supponat
1707 2673 1863 2697 manum
1881 2673 1987 2696 suam
2002 2688 2011 2705 ‚
2030 2658 2126 2694 heu!
2147 2672 2212 2695 ne-

1187 2740 1292 2764 cesse
1310 2734 1366 2769 est
1387 2724 1576 2762 obruatur
1595 2732 1632 2760 et
1653 2723 1898 2773 opprimatur
1919 2733 2038 2757 onere
2057 2720 2210 2756 insueto

1187 2796 1224 2824 et
1242 2788 1361 2824 nimio
1377 2816 1386 2833 ,
1405 2786 1511 2837 quod
1530 2794 1567 2822 et
1583 2784 1809 2835 gigantinis,
1828 2791 1870 2819 ut
1888 2782 2016 2828 aiunt,
2039 2781 2096 2818 vel
2119 2780 2211 2831 ipsis

1186 2863 1343 2899 quoque
1362 2847 1544 2898 angelicis
1564 2846 1735 2883 humeris
1756 2842 1999 2880 formidabile
2018 2842 2211 2879 videatur.

1183 2912 1460 2946 Verumtamen
1484 2907 1574 2956 quia
1592 2907 1643 2943 sic
1663 2906 1803 2942 factum
1819 2912 1894 2950 est,
1910 2912 1968 2948 et,
1987 2903 2084 2940 sicut
2102 2901 2213 2938 multi

1187 2970 1341 3016 dicunt,
1359 2983 1380 3006 a
1404 2968 1572 3006 Domino
1597 2968 1738 3003 sactum
1767 2974 1846 3012 est3
1873 2973 2001 3001 vestra
2026 2964 2211 3009 interest,

1189 3030 1425 3076 charissimi,
1440 3029 1579 3066 vestris
1605 3028 1735 3064 serven
1744 3025 1844 3063 tibus
1859 3025 1995 3062 studiis
2016 3023 2213 3060 fidelibus-

1187 3107 1262 3143 que
1285 3091 1479 3141 obsequiis
1506 3089 1667 3126 sollicite
1701 3087 1922 3133 confoveri,
1947 3085 2051 3136 quod
2078 3083 2213 3121 vestris

1187 3152 1368 3191 manibus
1396 3159 1547 3189 constat
1568 3149 1823 3187 elaboratum.
1847 3148 1885 3186 Si
1907 3161 1982 3198 qua
2008 3159 2099 3196 ergo
2117 3157 2210 3181 con-

1258 3299 1271 3313 ''¹
1292 3296 1414 3338 Scripta
1435 3306 1518 3326 anno
1537 3294 1652 3326 Christi
1676 3297 1685 3324 1
1703 3296 1776 3324 145.

148 3339 163 3363 ¹²
184 3350 254 3378 Jam
273 3354 347 3380 tunc
366 3350 534 3391 Pontifices
548 3351 648 3383 induti
663 3358 751 3384 erant
767 3363 866 3395 cappa
885 3352 1001 3389 rubea,
1024 3353 1062 3383 de
1082 3363 1142 3393 qua
1165 3354 1275 3382 Petrus
1290 3348 1435 3382 Damiani
1454 3348 1485 3379 in
1500 3348 1581 3379 libro
1603 3351 1611 3378 l
1630 3372 1637 3385 ‚
1659 3346 1750 3388 epist.
1769 3349 1824 3376 20.
