2517 3920
319 225 414 261 1:383

1081 224 1114 258 s
1148 221 1401 258 neumam
1430 219 1632 255 ABBATIS
2307 217 2401 254 1334

369 303 430 339 25.
456 302 526 339 Sed
555 302 642 338 licet
670 301 812 350 ubique
841 301 985 350 pariter
1013 301 1092 338 sine
1124 301 1181 337 sui
1211 297 1376 336 ‹limi-⁶¹⁵
1400 299 1494 344 Quis
1513 306 1568 332 ese
1593 297 1675 340 hic,
1709 304 1744 330 (ἰ
1766 292 2003 330 laudabimus
2029 295 2140 329 eccm?
2162 295 2269 331 Fecit
2304 302 2402 332 euim

318 363 476 399 „mione
501 361 705 412 pel-duret3
731 374 808 397 non
838 369 963 398 tamen
986 361 1130 411 pariter
1157 361 1253 397 sicut
1279 359 1325 395 de
1346 359 1371 391 A
1393 356 1587 393 ηιίναόίίίτι
1605 361 1642 392 in
1668 360 1748 391 vita
1770 368 1839 391 sna
1859 369 1870 389 :
1891 358 1955 402 qm·
1971 359 2095 402 potuit
2113 357 2349 404 transgredi,
2371 364 2405 393 el

319 422 423 459 bono
459 423 585 473 potuit
615 435 685 472 per
721 435 759 458 se
791 421 830 457 in
865 422 1007 458 malum
1041 433 1244 466 corruere,
1276 420 1326 455 ita

318 496 474 533 quoque
502 497 571 533 per
597 496 635 520 se
664 483 710 519 de
739 483 839 519 malo
863 483 898 518 in
928 481 1071 518 bonum
1098 480 1241 531 poterit
1264 494 1326 517 re—

322 543 478 592 spirare.
498 547 544 580 Et
564 542 655 593 quid
677 542 814 579 mirum
838 542 865 578 si
884 541 1016 591 jacens
1036 555 1114 577 non
1138 542 1237 578 13161
1259 554 1328 592 per

320 615 359 638 se
394 616 612 652 resurgere,
650 602 754 652 quod
790 610 893 638 stans
924 602 962 637 in
1001 601 1157 651 aliquod
1193 602 1327 638 melius

322 663 427 699 nullo
457 676 526 699 suo
567 671 707 699 conatu
741 661 891 698 valebat
920 662 1134 711 proficere?
1152 662 1326 711 Denique

319 722 409 759 dum
431 723 554 760 adhuc
578 723 670 759 duas
687 722 776 758 alias
798 721 990 758 libertates
1009 735 1052 758 ex
1074 722 1199 772 aliqua
1219 731 1326 773 parte

319 797 446 821 secum
472 784 650 829 haberet,
670 797 746 820 non
770 784 894 833 potuit
916 783 962 819 de
979 784 1223 821 inferioribus
1245 785 1327 820 illa—

322 857 405 880 rum
430 844 610 894 gradibus
634 844 680 880 ad
702 844 902 893 superiora
924 843 1129 880 ascendere
1146 872 1154 888 ,
1179 844 1252 880 1106
1272 853 1328 880 651

321 904 367 940 de
384 917 496 953 posse
514 918 591 940 non
610 917 767 954 peccare
782 931 791 947 ,
809 912 846 939 et
863 903 910 939 de
928 916 1038 953 posse
1061 917 1138 940 non
1159 903 1304 940 turbari
1321 933 1330 950 ,

322 963 369 1000 ad
401 977 478 1000 non
507 977 619 1013 posse
648 976 829 1013 peccare,
854 971 890 999 et
920 976 997 999 non
1031 977 1142 1013 posse
1173 963 1330 1000 turbari.

320 1023 431 1071 Quod
454 1023 483 1060 si
500 1022 744 1060 libertatibus
765 1023 838 1060 illis
859 1023 971 1059 etiam
996 1031 1202 1073 utcumque
1220 1023 1333 1073 adju-

324 1090 426 1128 tum,
449 1096 527 1120 non
553 1083 755 1133 praevaluit
783 1092 906 1119 tamen
937 1083 983 1119 (le
1011 1083 1116 1120 bono
1137 1084 1175 1120 in
1198 1085 1332 1121 melius

1394 431 1468 453 non
1493 426 1548 453 est
1572 415 1988 465 transgre551155sace1v
2010 417 2172 461 malam,
2194 425 2229 451 et
2249 429 2322 451 nnn
2341 415 2405 463 se-

1395 483 1445 514 eit
1459 484 1483 514 ¹.

1762 602 1940 640 CAPUT
1970 602 2044 641 IX.

1395 727 1563 769 Imaginem
1584 733 1613 758 et
1633 725 1870 757 similitudinem
1890 724 1971 763 Dei,
1992 724 2032 756 ad
2049 736 2144 766 quam
2157 725 2276 757 conditi
2289 737 2404 765 sumus,

1642 781 1672 811 in
1696 779 1810 822 triplici
1828 779 1973 810 libertate
1992 779 2173 810 consistere.

1453 901 1514 938 28.
1549 904 1646 937 Puto
1680 909 1807 937 autem
1847 901 1885 937 in
1920 901 1978 937 1115
2013 900 2134 938 tribus
2171 900 2407 940 libertatibus

1400 961 1519 1011 ipsam
1535 990 1544 1007 ,
1561 961 1607 997 ad
1624 974 1738 1010 quam
1758 961 1903 997 conditi
1921 974 2069 1008 sumus,
2088 962 2307 999 Conditoris
2319 963 2409 1000 ima-

1400 1022 1525 1071 ginem
1547 1029 1660 1071 atque
1681 1012 1971 1058 similitudinem
1993 1023 2183 1059 contineri
2203 1031 2265 1060 :et
2282 1023 2410 1074 imagi-

1401 1096 1489 1119 nem
1522 1081 1676 1132 quidem
1704 1083 1743 1118 in
1776 1082 1950 1119 libertate
1985 1082 2156 1129 arbitrii,
2180 1083 2217 1120 in
2255 1084 2410 1135 reliquis

321 1155 360 1178 se
379 1143 587 1180 extendere
606 1159 613 1180 t
629 1153 774 1193 quanto
791 1145 916 1181 minus
933 1144 1074 1181 eisdem
1093 1158 1251 1195 prorsus
1266 1145 1333 1181 de·
1356 1147 1381 1180 B
1401 1151 1528 1180 autem
1554 1142 1704 1179 duabus
1721 1142 1942 1193 bipartitam
1973 1143 2177 1193 quamdam
2198 1145 2411 1195 consignari

321 1203 494 1240 stitutum
510 1233 519 1251 ,
539 1204 585 1241 de
607 1205 706 1241 malo
731 1205 767 1240 in
792 1204 830 1241 id
852 1205 955 1254 quod
979 1206 1051 1242 fuit
1066 1205 1210 1242 honum
1224 1235 1233 1251 ,
1262 1220 1332 1256 po-

324 1263 410 1300 terit
431 1277 501 1314 per
521 1278 560 1302 se
580 1265 705 1315 ipsum
727 1268 947 1316 emergere?

376 1323 437 1361 26.
460 1324 586 1362 Habet
605 1325 720 1375 igitur
744 1326 860 1362 1101110
886 1326 1139 1363 necessarium
1161 1327 1231 1364 Dei
1251 1328 1332 1364 vir-

324 1392 463 1431 tutem,
488 1394 526 1422 et
548 1386 618 1422 Dei
641 1387 862 1436 sapientiam
889 1387 1079 1425 Christum
1094 1417 1103 1434 ‚
1125 1388 1190 1437 qui
1218 1401 1263 1424 ex
1286 1401 1332 1424 eo

322 1444 426 1493 quod
443 1446 627 1496 sapientia
643 1455 716 1493 est,
731 1460 865 1483 verum
884 1447 915 1484 ei
934 1452 1074 1497 Sapere
1090 1447 1329 1494 reinfundat,

321 1503 360 1540 in
378 1507 693 1543 restaurationem
718 1507 828 1543 liberi
850 1508 1019 1554 consilii,
1038 1516 1074 1543 et
1094 1521 1141 1544 ex
1161 1522 1207 1545 eo
1227 1508 1331 1558 quod

323 1564 443 1602 virtus
473 1575 548 1613 est,
570 1568 727 1617 plenum
755 1571 868 1604 Posse
889 1568 1082 1613 restituat,
1107 1568 1144 1604 in
1175 1582 1330 1619 repara-

323 1623 464 1662 tionem
495 1626 605 1664 liberi
638 1628 855 1678 complaciti
880 1644 886 1665 :
910 1637 1096 1678 quatenus
1132 1642 1177 1666 ex
1210 1630 1330 1666 altero

322 1685 488 1734 perfecte
502 1685 649 1734 bonus,
665 1697 863 1738 peccatum
878 1688 957 1738 jam
976 1689 1136 1735 nesciat,
1149 1703 1195 1726 ex
1211 1690 1331 1727 altero

320 1745 433 1794 plene
459 1746 611 1794 beatus,
634 1749 686 1784 nil
717 1748 918 1784 adversum
951 1749 1101 1785 sentiat.
1134 1749 1206 1786 Sed
1242 1763 1331 1786 sane

320 1806 390 1843 ista
411 1808 596 1857 perfectio
616 1809 653 1844 in
678 1809 804 1845 futura
826 1810 902 1845 vita
924 1817 1186 1858 exspectetur,
1209 1823 1332 1859 quan—

1402 1203 1704 1241 similitudinem.
1725 1204 1825 1242 Hinc
1852 1212 1909 1241 est
1941 1204 2129 1251 fortassis,
2149 1205 2253 1254 quod
2288 1206 2408 1243 solum

1400 1264 1562 1301 liberum
1585 1263 1785 1301 arbitrium
1805 1264 1863 1301 sui
1883 1265 2042 1301 omnino
2062 1264 2251 1302 defectum
2273 1278 2338 1303 seu
2354 1266 2412 1303 di-

1400 1324 1654 1361 minutionem
1684 1337 1762 1361 non
1785 1324 1948 1374 patitur,
1969 1324 2075 1374 quod
2096 1325 2133 1361 in
2157 1325 2241 1375 ipso
2260 1326 2412 1375 potissi-

1401 1398 1505 1421 mum
1523 1393 1674 1421 aeternae
1692 1393 1729 1420 et
1744 1384 2070 1421 incommutabilis
2089 1384 2298 1422 divinitatis
2317 1385 2410 1423 sub-

1399 1446 1563 1482 stantiva
1579 1445 1753 1495 quaedam
1772 1445 1898 1495 imago
1915 1445 2099 1495 impressa
2114 1445 2302 1483 videatur.
2317 1450 2410 1484 Nam

1399 1506 1468 1543 etsi
1497 1505 1675 1542 habuerit
1703 1506 1879 1552 initium,
1909 1506 2030 1542 nescit
2059 1514 2184 1543 tamen
2215 1519 2411 1554 occasum,

1400 1579 1470 1603 nec
1505 1565 1551 1602 de
1580 1565 1727 1615 justitia
1761 1566 1821 1601 vel
1855 1566 1975 1615 gloria
2011 1566 2112 1616 capit
2139 1575 2383 1616 augmentum
2402 1582 2410 1604 :

1399 1641 1468 1664 1166
1489 1627 1536 1663 (16
1554 1635 1711 1677 peccato
1733 1626 1811 1663 sive
1834 1627 1984 1663 miseria
2002 1613 2289 1664 detrimentum.
2312 1627 2413 1676 Quid

1372 1686 1597 1724 'aeternitati
1627 1687 1808 1732 similius,
1845 1686 1950 1735 quod
1989 1699 2068 1722 non
2109 1687 2155 1723 sit
2195 1688 2412 1725 aeternitas?

1398 1752 1518 1785 Porro
1536 1748 1573 1783 in
1591 1747 1672 1783 aliis
1689 1746 1838 1783 duabus
1855 1745 2115 1793 libertatibus,
2131 1747 2313 1796 quoniam
2334 1761 2411 1784 non

1399 1809 1522 1845 solum
1555 1821 1599 1843 ex
1631 1816 1738 1857 parte
1773 1807 1912 1851 minui,
1939 1807 2002 1843 sed
2035 1816 2072 1843 et
2104 1821 2150 1843 ex
2183 1815 2265 1844 toto
2288 1807 2410 1845 amitti

319 1865 369 1902 do
401 1875 562 1917 utraque
587 1881 689 1905 nunc
718 1869 852 1906 amissa
881 1869 1053 1914 libertas,
1075 1869 1196 1906 libero
1225 1870 1328 1907 arbi-
1352 1874 1378 1910 C
1399 1877 1582 1919 possunt,
1604 1868 1845 1904 accidentalis
1866 1867 2039 1917 quaedam
2064 1867 2181 1917 magis
2201 1868 2408 1905 similitudo

323 1925 396 1961 trio
423 1927 556 1975 plenea
583 1927 882 1973 restaurabitur,
908 1942 983 1965 non
1010 1930 1206 1978 quomodo
1224 1930 1330 1979 justo

323 1985 441 2021 cuivis
466 1985 504 2022 in
536 1985 608 2022 1106
642 1987 797 2031 saeculo,
820 1996 1171 2038 quantumcumque
1200 1991 1329 2040 perfe-

323 2052 404 2091 cto;
426 2058 503 2081 non
525 2045 720 2095 quomodo
749 2046 805 2082 vel
835 2047 925 2096 ipsis
953 2047 1087 2096 primis
1111 2048 1331 2086 hominibus

322 2104 450 2141 datum
481 2106 551 2141 fuit
579 2119 640 2142 eas
670 2105 812 2142 habere
839 2107 878 2142 in
906 2106 1084 2156 paradiso
1108 2122 1114 2143 :
1137 2109 1202 2145 sed
1235 2110 1332 2146 sicut

314 2165 391 2213 jam
425 2179 528 2202 nunc
559 2167 694 2216 Angeli
725 2167 923 2216 possident
955 2168 994 2204 in
1030 2169 1139 2205 coelo.
1172 2171 1329 2207 Interim

316 2239 407 2262 vero
435 2227 597 2263 sufficiat
623 2227 661 2263 in
689 2227 762 2263 1106
793 2240 957 2277 corpore
992 2229 1125 2265 mortis
1154 2237 1267 2279 atque
1293 2231 1329 2266 in

320 2286 392 2322 hoc
413 2287 552 2323 saeculo
582 2300 767 2336 nequam,
790 2300 836 2323 ex
862 2286 1039 2323 libertate
1061 2288 1215 2337 quidem
1239 2303 1332 2325 con-

318 2346 389 2382 511ἰί
410 2355 566 2396 peccato
590 2360 668 2383 non
688 2345 846 2383 obedire
866 2347 903 2383 in
926 2349 1236 2398 concupiscentia
1255 2365 1262 2386 :
1285 2364 1330 2386 ex

319 2405 492 2443 libertate
517 2415 642 2443 autem
666 2407 883 2457 complaciti
904 2407 1061 2444 adversa
1091 2422 1167 2445 non
1197 2410 1332 2446 formi-

322 2465 411 2503 dare
431 2480 502 2516 pro
523 2467 682 2516 justitia.
702 2471 766 2504 Est
790 2477 916 2505 autem
946 2469 983 2505 in
1010 2469 1079 2506 1136
1102 2483 1215 2506 carne
1242 2484 1332 2520 pec-

320 2527 390 2563 cati
407 2536 443 2564 et
460 2528 498 2564 in
515 2527 586 2564 1136
605 2529 679 2565 (1161
701 2529 842 2565 malitia
862 2543 937 2565 non
962 2530 1155 2567 mediocre
1172 2534 1330 2581 Sapere,

317 2595 494 2635 peccato,
523 2588 591 2624 etsi
619 2586 728 2625 nonl‘
750 2602 794 2624 ex
828 2597 908 2625 toto
942 2603 1090 2635 carere,
1121 2599 1222 2627 certe
1254 2604 1331 2627 non

1399 1929 1593 1979 sapientise
1623 1921 1740 1976 atque*
1766 1927 1948 1976 potentiae
1981 1926 2141 1974 divinae,
2168 1928 2323 1978 imagini
2344 1941 2410 1965 su-

1399 1989 1584 2038 perducta
1604 1987 1860 2037 cognoscitur.
1885 1987 2059 2036 Denique
2081 1995 2119 2024 et
2141 1988 2335 2025 amisimus
2360 1988 2408 2024 il—

1398 2050 1450 2086 las
1471 2063 1540 2100 per
1561 2049 1710 2099 culpam
1726 2078 1734 2094 ,
1753 2056 1789 2084 61
1810 2061 1879 2097 per
1896 2048 2055 2097 gratiam
2076 2049 2407 2099 recuperavimus3

1399 2119 1435 2147 et
1457 2109 1630 2160 quotidie
1651 2109 1806 2159 quidem
1827 2108 1889 2144 alii
1909 2109 1995 2158 plus
2010 2138 2019 2155 ,
2041 2108 2103 2145 alii
2122 2109 2266 2155 minus,
2286 2117 2351 2146 aut
2369 2109 2407 2146 in

1398 2172 1488 2221 ipsis
1504 2170 1746 2222 proficimus,
1766 2178 1831 2206 aut
1848 2168 1895 2206 ab
1913 2169 2006 2219 ipsis
2022 2169 2232 2207 deficimus.
2246 2173 2410 2208 Possunt

1399 2232 1511 2268 etiam
1531 2232 1583 2268 sie
1600 2232 1740 2276 amitti,
1757 2239 1800 2267 ut
1810 2230 1888 2280 jam
1907 2244 1985 2267 non
2001 2231 2152 2268 valeant
2168 2231 2406 2282 recuperari:

1399 2300 1562 2342 possunt
1581 2300 1618 2328 et
1640 2291 1691 2328 ita
1718 2291 1922 2341 possideri,
1948 2299 1991 2328 ut
2016 2304 2087 2328 nec
2113 2291 2234 2328 amitti
2266 2299 2408 2342 queant

1399 2352 1604 2402 aliquando
1617 2359 1630 2374 ⁰
1641 2382 1651 2399 ,
1667 2365 1737 2388 nec
1753 2352 1887 2388 minui.

1453 2413 1514 2449 ⁶29.
1546 2411 1669 2461 Hujus
1701 2410 1893 2461 bipartitae
1924 2410 2183 2448 similitudinis
2215 2409 2407 2460 sapientiae

1398 2481 1435 2509 et
1462 2472 1643 2523 potentiae
1663 2472 1752 2517 Dei,
1768 2484 1844 2507 non
1863 2471 2016 2521 quidem
2044 2472 2082 2508 in
2103 2471 2224 2521 gradu
2244 2484 2406 2515 summo,

1398 2533 1463 2570 sed
1481 2534 1545 2583 qui
1565 2532 1638 2583 ipsi
1659 2539 1784 2569 tamen
1806 2541 1904 2568 esset
1931 2532 2158 2582 proximior,
2179 2532 2298 2569 homo
2316 2543 2410 2568 con-

1399 2595 1499 2631 ditus
1528 2603 1584 2630 est
1612 2593 1649 2629 in
1686 2593 1876 2643 paradiso.
1910 2593 2011 2642 Quid
2042 2593 2144 2630 enim
2174 2593 2334 2630 vicinius
2360 2590 2408 2628 ad

320 2647 535 2683 consentire
553 2663 559 2684 :
580 2656 616 2684 et
636 2657 692 2685 est
708 2652 822 2685 Posse
844 2662 920 2685 non
939 2662 1124 2698 parvum,
1145 2650 1304 2687 adversa
1317 2680 1325 2696 ,
1344 2661 1377 2694 D
1399 2668 1477 2691 non
1500 2667 1612 2704 posse
1632 2666 1811 2703 peccare,
1830 2653 1889 2689 vel
1919 2652 2064 2690 turbari
2091 2652 2153 2704 (in
2180 2665 2259 2702 quo
2279 2651 2408 2701 utique

320 2707 387 2742 etsi
404 2707 565 2743 necdum
592 2708 751 2745 feliciter
771 2709 929 2746 omnino
953 2723 1027 2746 non
1048 2710 1186 2747 sentire
1204 2740 1214 2755 ,
1236 2711 1330 2747 viri-

321 2766 405 2802 liter
423 2776 548 2804 tamen
570 2782 642 2818 pro
661 2769 823 2806 veritate
840 2778 1099 2807 contemnere.

377 2826 439 2862 27.
461 2828 694 2865 Discendum
716 2842 806 2866 sane
824 2829 885 2866 hic
908 2831 1060 2867 interim
1082 2831 1193 2868 nobis
1214 2840 1270 2868 est
1286 2846 1332 2869 ex

323 2883 496 2921 libertate
516 2889 663 2924 consilii
689 2888 767 2938 jam
789 2889 965 2927 libertate
987 2891 1133 2928 arbitrii
1160 2906 1237 2929 non
1265 2892 1333 2930 ab·

322 2944 394 2991 uti,
413 2954 454 2981 ut
468 2947 580 2995 plene
601 2950 833 2999 quandoque
853 2951 925 2987 frui
949 2953 1138 3001 possimus
1159 2952 1333 2991 libertate

321 3005 548 3054 complaciti.
573 3007 630 3043 Sic
647 3010 820 3057 profecto
837 3011 908 3047 Dei
927 3012 965 3048 in
983 3012 1093 3049 nobis
1112 3027 1334 3063 reparamus

321 3064 522 3114 imaginem
543 3081 550 3102 :
570 3067 622 3102 sic
649 3069 806 3117 antiquo
835 3070 972 3108 honori
998 3073 1051 3109 illi
1080 3074 1332 3123 capessendo,

319 3137 432 3173 quem
447 3138 517 3175 per
536 3135 732 3175 peccatum
753 3129 958 3177 amisimus,
973 3146 1042 3182 per
1061 3134 1219 3182 gratiam
1232 3148 1334 3184 pree-

321 3197 513 3233 paramur.
533 3188 580 3222 Et
593 3185 725 3223 beatus
745 3188 810 3237 qui
829 3188 875 3225 de
898 3203 936 3226 se
951 3192 1082 3229 audire
1099 3194 1309 3232 merebitur
1325 3209 1332 3231 ε

371 3310 379 3324 ¹
399 3305 492 3335 Eccli.
515 3316 594 3336 xxm
609 3331 616 3343 ‚
641 3309 660 3337 9
675 3331 682 3343 ,
707 3310 757 3338 10.

1396 2714 1475 2763 jam
1506 2722 1655 2750 sanctos
1685 2713 1852 2762 Angelos
1876 2721 1975 2750 stare
1989 2713 2021 2760 *,
2040 2721 2078 2749 et
2105 2716 2228 2750 Deum
2260 2723 2409 2761 semper

1399 2787 1479 2811 esse
1498 2773 1657 2810 dubium
1682 2786 1758 2809 non
1783 2772 1885 2824 est),
1902 2786 2017 2822 quam
2036 2786 2149 2823 posse
2166 2781 2204 2809 et
2220 2785 2297 2810 non
2314 2784 2406 2822 pec-

1400 2847 1506 2879 care,
1535 2842 1571 2870 et
1600 2847 1678 2869 non
1710 2832 1877 2879 turbari,
1907 2833 1945 2869 in
1981 2846 2058 2882 quo
2089 2833 2207 2870 homo
2235 2833 2407 2884 profecto

1401 2903 1549 2931 creatus
1569 2894 1648 2930 est?
1669 2897 1700 2931 A
1721 2906 1798 2943 quo
1823 2893 1886 2929 illo
1906 2907 1976 2943 per
1993 2901 2191 2943 peccatum
2205 2922 2215 2939 ‚
2235 2893 2314 2929 imo
2336 2904 2409 2928 no-

1399 2955 1458 2992 bis
1490 2956 1528 2991 in
1560 2955 1626 2990 illo
1662 2962 1699 2989 et
1734 2967 1820 2990 cum
1860 2953 1926 2990 illo
1959 2952 2248 2999 corruentibus,
2277 2963 2408 2989 rursus

1402 3029 1472 3066 per
1494 3015 1651 3065 gratiam
1665 3043 1674 3060 ,
1697 3027 1775 3051 non
1803 3013 1956 3064 quidem
1981 3014 2126 3064 ipsum,
2145 3013 2210 3050 sed
2232 3026 2304 3063 pro
2325 3012 2407 3062 ipso

1402 3075 1606 3125 quemdam
1621 3074 1841 3111 inferiorem
1861 3073 2019 3124 gradum
2038 3073 2263 3123 recepimus.
2279 3076 2408 3122 Neque

1402 3135 1501 3171 enim
1527 3135 1587 3171 hic
1609 3147 1812 3184 possumus
1837 3133 1989 3183 penitus
2017 3145 2098 3170 esse
2116 3133 2197 3170 sine
2225 3139 2404 3182 peccatu,

1402 3209 1467 3232 seu
1494 3194 1643 3231 miseria
1669 3209 1677 3231 τ
1699 3206 1903 3244 possumus
1927 3201 2072 3241 tamen,
2093 3193 2212 3244 gratia
2229 3191 2404 3242 juvante,

367 3369 380 3383 ³¹
402 3363 506 3400 Alias,
526 3363 680 3408 plenarie.
699 3386 741 3388 —
757 3359 772 3382 ¹³
794 3366 897 3406 Alias,
921 3368 1072 3399 amalum.
1107 3391 1129 3392 j
1151 3378 1164 3391 ¹*
1186 3373 1289 3408 Alias„
1313 3373 1418 3418 aliqua
1443 3374 1546 3405 modo,
