2517 3920
341 195 439 233 1283
1123 195 1158 230 s.
1187 193 1440 230 BERNARDI
1469 195 1671 229 ABBATis
2325 196 2421 233 1234

337 282 393 310 est
415 273 524 311 labor
542 273 633 320 viae,
656 282 698 310 ut
718 273 765 310 ad
786 281 959 323 optatum
981 271 1130 309 lucrum
1154 285 1232 308 non
1253 267 1474 321 pos-⁵³⁹his
1495 269 1697 306 duodecim
1721 267 1902 318 gradibus
1920 269 2107 316 ascensis,
2126 270 2266 308 veritas
2288 286 2425 323 appre-

336 334 406 370 sim
427 334 656 384 pervenire?
688 333 934 384 Respondet,
966 334 1047 381 Ego
1077 346 1156 368 sum
1189 337 1276 377 via,
1309 331 1345 367 id
1364 329 1393 362 A
1414 330 1616 367 hendatur.
1638 330 1738 367 Illud
1760 343 1916 379 quoque
1933 330 2036 379 quod
2056 330 2096 367 in
2116 331 2214 368 scala
2233 332 2318 380 illa,
2338 347 2424 383 quae

337 400 394 430 est
425 394 602 431 viaticum
622 423 631 440 ,
668 408 745 444 quo
774 393 996 431 sustenteris
1025 393 1063 429 in
1094 392 1167 428 via.
1202 393 1347 429 Clamat

335 453 451 502 igitur
484 454 723 501 errantibus,
752 463 790 492 et
813 455 913 491 viam
946 452 1235 503 ignorantibus,
1265 455 1345 501 Ego

336 527 415 549 sanz
444 520 513 551 via
540 530 551 550 .·
581 514 866 561 dubitantibus,
902 523 939 550 et
968 527 1046 550 non
1077 513 1345 559 credentibus,

336 575 419 622 Ego
444 588 524 611 sam
547 581 687 611 veritas
707 574 808 624 :jam
840 573 1134 611 ascendentibus
1149 602 1158 619 ,
1183 574 1248 610 scd
1269 574 1346 610 las-

338 635 591 682 sescentibus,
631 639 712 685 Ego
746 649 824 671 sam
862 639 952 670 vita.
993 634 1117 680 Satis,
1154 642 1196 670 ut
1235 647 1344 680 reor,

337 703 533 733 ostensum
562 705 619 733 est
641 711 686 733 ex
712 697 911 746 proposito
934 694 1100 744 capitulo
1125 695 1343 744 Evangelii,

335 756 594 804 cognitionem
618 757 786 793 veritatis
809 756 972 791 fructum
996 767 1076 790 esse
1107 755 1342 791 humilitatis.

335 815 478 866 Accipe
497 825 534 853 et
554 816 669 853 aliud.
699 816 885 861 Confiteor
907 814 993 859 tibi,
1031 816 1158 860 Pater,
1183 818 1346 851 Domine

335 877 421 910 coeli'
439 884 475 911 el
499 885 633 921 terrae,
663 880 752 924 (saia
775 874 1004 910 abscondisti
1023 875 1121 919 laec,
1144 874 1249 911 haud
1270 874 1344 910 du—

335 934 441 972 bium
471 937 563 985 quin
592 937 764 973 veritatis
791 943 960 981 secreta,
995 950 1018 971 (ι
1045 930 1278 984 sapientibus
1310 944 1346 970 et

328 995 601 1043 prudentibus,
624 996 661 1031 id
688 1004 743 1032 est
764 1009 784 1031 a
810 993 1003 1043 superbis,
1038 1004 1074 1030 ct
1102 997 1270 1030 revelasti
1298 1009 1343 1030 ea

1412 391 1449 426 in
1472 400 1563 441 typo
1584 391 1806 428 humilitatis
1825 390 1943 427 Jacob
1961 399 2170 429 monstrata
2190 401 2267 439 est,
2287 395 2421 431 Domi—

1413 465 1485 488 nus
1520 452 1685 501 desuper
1720 451 1874 488 innixus
1909 450 2144 501 apparuiti,
2182 451 2276 502 quid
2310 452 2423 491 nobis

1414 511 1517 548 aliud
1540 511 1686 558 innuit,
1712 511 1783 547 nisi
1816 511 1919 561 quod
1944 511 1983 547 in
2010 511 2176 548 culmine
2198 512 2423 551 humilitatis

1413 572 1659 609 constituitur
1680 571 1846 621 cognitio
1864 571 2059 608 veritatis?
2077 572 2266 609 Dominus
2282 573 2424 624 quippe

1414 631 1460 668 de
1498 632 1715 669 summitate
1749 632 1857 668 scalae
1891 631 2151 682 prospiciebat
2181 645 2297 683 super
2328 633 2424 671 filios

1413 693 1614 730 hominum
1648 702 1829 742 tanquam
1861 693 2032 740 Veritas,
2057 692 2167 742 cujus
2199 693 2301 730 oculi
2330 693 2426 731 sicut

1414 754 1542 791 fallere
1565 755 1722 801 nolunt,
1744 755 1796 791 ita
1825 754 1903 791 falli
1921 767 1998 791 non
2021 762 2190 800 norunt,
2214 762 2256 790 ut
2280 753 2424 792 videret

1411 815 1441 851 si
1461 824 1517 851 est
1544 816 1777 865 intelligens,
1808 824 1873 852 aut
1894 815 2093 865 requirens
2113 819 2250 852 Deum.
2273 819 2331 852 An
2349 828 2424 852 non

1413 874 1481 911 tibi
1515 875 1561 912 de
1589 876 1665 912 alto
1687 876 1842 913 videtur
1868 877 2031 913 clamare
2062 890 2105 913 ac
2138 875 2265 913 dicere
2297 876 2424 926 requi-

1412 935 1586 972 rentibus
1607 949 1645 972 se
1667 935 1802 986 (novit
1821 937 1924 973 enim
1945 936 2011 986 qui
2034 944 2124 974 sunt
2150 935 2266 988 ejus),
2290 933 2424 973 Trans-

1413 1000 1462 1031 ite
1494 998 1548 1032 ad
1577 1011 1656 1041 me,
1688 1011 1816 1033 omncs
1845 1001 1912 1046 qui
1942 1001 2207 1046 concupiscitis
2239 1011 2323 1043 me,
2347 1007 2422 1035 eta

328 1059 500 1103 parvulis
514 1062 523 1076 ¹
536 1086 545 1102 ,
568 1056 640 1093 hoc.
657 1064 714 1092 est
733 1054 953 1093 humilibus.
971 1059 1017 1093 Et
1033 1055 1072 1092 in
1091 1055 1163 1092 hoc
1184 1064 1343 1106 apparet
1364 1060 1392 1094 B
1410 1056 1716 1105 generationibus
1730 1063 1822 1094 meis
1839 1057 2147 1107 implemini5?et
2162 1057 2276 1104 illud,
2297 1060 2423 1095 Venite

334 1115 439 1163 quod
453 1116 591 1152 veritas
607 1146 615 1162 ,
633 1129 718 1165 quae
738 1114 914 1165 superbis
933 1114 1184 1152 absconditur
1196 1145 1205 1163 ,
1222 1116 1344 1152 humi·

333 1174 433 1212 libus
454 1177 655 1213 revelatur.

388 1237 422 1274 2.
439 1238 673 1275 Humilitatis
686 1252 778 1275 vero
796 1239 879 1276 talis
899 1246 1027 1289 potest
1044 1250 1124 1274 esse
1142 1237 1314 1274 delinitio
1333 1253 1340 1276 :

333 1297 536 1334 Humilitas
566 1307 621 1335 est
647 1299 787 1344 virtus,
818 1313 892 1349 qua
921 1299 1038 1336 homo
1059 1298 1255 1335 verissima
1285 1299 1343 1336 sui

332 1358 525 1407 agnitione
545 1359 616 1396 sibi
639 1360 709 1410 ipsi
726 1360 885 1397 vilescit.
907 1363 997 1397 Haec
1017 1369 1143 1397 autem
1161 1361 1342 1396 convenit

332 1418 410 1464 his,
439 1419 503 1468 qui
530 1419 816 1457 ascensionibus
840 1420 875 1456 in
899 1420 1014 1457 corde
1035 1434 1104 1457 suo
1125 1420 1338 1470 dispositis,

332 1478 379 1515 dc
398 1479 539 1516 virtute
557 1481 595 1516 in
617 1480 818 1526 virtutem,
843 1480 881 1516 id
903 1489 959 1517 est
981 1481 1027 1517 de
1048 1480 1168 1530 gradu
1194 1481 1233 1517 in
1252 1494 1341 1530 gra-

331 1539 421 1576 dum
449 1541 675 1590 proliciunt,
710 1541 832 1578 donec
863 1541 909 1578 ad
939 1542 1092 1578 culmen
1116 1542 1341 1579 humilitatis

331 1601 577 1649 perveniant,
601 1602 638 1638 in
660 1616 736 1651 quo
755 1603 859 1638 velut
878 1603 915 1638 in
938 1603 1048 1649 Sion,
1067 1602 1105 1638 id
1122 1611 1177 1640 est
1195 1602 1231 1639 in
1251 1617 1341 1653 spe—

330 1661 537 1708 culatione,
551 1662 684 1712 positi,
697 1663 895 1699 veritatem
911 1663 1160 1714 prospiciant.
1172 1665 1338 1709 Etenim,

328 1721 475 1771 inquit,
509 1722 804 1759 benedictionem
840 1724 944 1760 dabit
973 1727 1189 1773 legislator²
1214 1739 1221 1760 :
1251 1725 1339 1774 quia

331 1782 396 1832 qui
417 1782 521 1819 dedit
546 1783 688 1833 legem,
721 1783 826 1820 dabit
846 1793 884 1820 et
912 1783 1242 1831 benedictione1n3
1269 1786 1341 1822 hoc

331 1851 406 1887 est,
429 1843 494 1891 qui
515 1841 628 1891 jussit
651 1843 926 1889 humilitatem,
953 1845 1139 1894 perducet
1168 1845 1215 1881 ad
1236 1846 1339 1881 veri-
1359 1844 1386 1880 C

331 1911 460 1939 tatem.
483 1903 575 1950 Quis
605 1916 698 1940 vero
721 1912 775 1941 est
801 1904 859 1940 hic
889 1905 1104 1954 legislator,
1129 1905 1199 1941 nisi
1220 1905 1340 1942 dulcis

331 1971 368 2000 et
384 1972 509 2000 rectus
527 1964 738 2011 Dominus,
761 1965 826 2016 qui
848 1966 967 2015 legem
988 1966 1092 2002 dedit
1111 1966 1340 2015 delinquen-

332 2022 432 2060 tibus
456 2024 494 2060 in
524 2021 637 2060 via3?
668 2028 711 2061 In
742 2024 804 2061 via
830 2026 973 2075 quippe
1003 2026 1250 2075 delinquunt,
1273 2027 1337 2076 qui

330 2084 528 2120 veritatem
550 2084 835 2135 derelinquunt.
857 2086 929 2123 Sed
952 2086 1139 2135 numquid
1158 2087 1218 2123 vel
1243 2087 1296 2124 sic
1318 2103 1338 2125 a

330 2144 431 2181 dulci
448 2145 614 2182 Domino
633 2144 982 2196 derelinquuntur?
998 2147 1094 2196 Ipsis
1108 2161 1198 2197 ergo
1217 2147 1338 2186 dulcis

329 2214 366 2243 et
386 2215 511 2243 rectus
534 2206 722 2243 Dominus
740 2207 860 2257 legem
883 2207 947 2244 dat
966 2207 1065 2244 viam
1090 2208 1335 2256 humilitatis,

324 2279 396 2317 per
415 2280 529 2316 quam
546 2266 703 2303 redeant
724 2267 770 2303 ad
788 2268 1045 2317 cognitionem
1063 2268 1245 2306 veritatis.
1264 2273 1337 2306 Dat

325 2327 563 2363 occasionem
599 2327 871 2376 recuperandae
907 2328 1058 2374 salutis,
1092 2329 1180 2378 quia
1213 2329 1336 2366 dulcis

325 2396 401 2433 est3
431 2401 507 2424 non
542 2396 666 2424 tamen
691 2380 835 2438 absque
866 2388 1068 2438 disciplina
1100 2390 1212 2439 legis,
1245 2391 1334 2440 quia

324 2456 450 2484 rectus
477 2456 544 2484 est.
581 2448 734 2494 Dulcis,
768 2450 858 2499 quia
893 2450 1020 2499 perire
1050 2463 1128 2486 non
1160 2452 1332 2500 patitur,

324 2517 470 2554 rectus,
499 2509 587 2559 quia
613 2509 751 2559 punire
773 2523 852 2546 non
876 2509 1127 2546 obliviscitur.

690 2628 868 2667 CAPUT
898 2630 956 2668 II.

458 2755 530 2793 Quo
544 2751 646 2784 fructu
660 2753 869 2785 ascendantur
883 2752 995 2795 gradus
1008 2752 1199 2784 humilitatis.

377 2865 412 2900 3.
434 2868 542 2901 Hanc
569 2866 696 2916 itaque
723 2868 864 2917 legem,
887 2882 963 2918 qua
984 2868 1133 2904 reditur
1155 2868 1202 2904 ad
1231 2870 1332 2905 veri-

325 2932 437 2960 tatem
450 2952 459 2968 ,
481 2924 613 2962 beatus
632 2928 860 2965 Benedictus
879 2942 948 2979 per
965 2929 1169 2965 duodecim
1191 2929 1331 2978 gradus

324 2984 493 3033 disponit
511 2999 518 3020 ε
539 2994 579 3020 ut
597 2986 694 3023 sicut
712 3001 780 3037 per
802 2989 931 3026 decem
961 2998 1154 3039 prcecepta
1176 2989 1266 3039 legis
1289 3004 1332 3027 ac

321 3043 509 3093 geminam
530 3043 855 3084 circumcisionem
876 3049 935 3099 (in
964 3063 1042 3099 quo
1071 3049 1330 3088 duodenarius

322 3116 506 3139 numerus
527 3103 783 3156 adimpletur)
810 3107 856 3143 ad
875 3108 1066 3145 Christum
1085 3109 1258 3157 venitur3
1280 3110 1330 3147 ita

1410 1119 1466 1153 ad
1480 1132 1558 1163 me,
1585 1131 1712 1154 omnes
1732 1123 1798 1167 qai
1818 1117 1999 1155 laboratis
2020 1128 2056 1155 et
2083 1123 2228 1154 onerati
2249 1122 2334 1155 estiS
2347 1147 2360 1163 ,
2389 1128 2424 1156 ct

1411 1192 1476 1227 ego
1497 1193 1565 1215 νος
1582 1180 1748 1227 reficiam
1764 1177 1792 1216 ⁶.
1817 1178 1953 1215 Venite
1966 1208 1976 1225 ,
1996 1178 2134 1229 inquit.
2156 1180 2269 1227 Quo?
2288 1177 2347 1216 Ad
2364 1192 2423 1216 me

1409 1239 1624 1276 veritatem.
1649 1240 1758 1287 Qua?
1781 1242 1854 1276 Per
1872 1239 2141 1276 humilitatem.
2165 1242 2251 1288 Quo
2272 1239 2422 1277 fructu?

1410 1301 1489 1349 Ego
1512 1313 1582 1336 vos
1611 1300 1792 1337 reficiam.
1822 1299 1895 1338 Sed
1915 1313 2001 1350 quae
2027 1308 2084 1337 est
2104 1300 2282 1347 refectio,
2306 1314 2419 1351 quam

1410 1361 1559 1398 Veritas
1587 1359 1883 1397 ascendentibus
1914 1360 2125 1411 promittit,
2154 1361 2420 1411 pervenienti-

1409 1420 1482 1457 bus
1498 1420 1624 1457 reddit
1640 1423 1654 1457 ?
1670 1426 1728 1459 An
1759 1421 1856 1458 forte
1871 1421 1952 1471 ipsa
1968 1429 2026 1458 est
2041 1421 2232 1458 charitas?
2247 1421 2306 1459 Ad
2325 1420 2422 1459 hanc

1409 1482 1575 1532 quippe,
1598 1491 1640 1519 ut
1662 1483 1713 1519 ait
1735 1482 1868 1519 beatus
1889 1482 2141 1529 Benedictus,
2162 1483 2324 1519 ascensis
2341 1495 2420 1519 om-

1409 1542 1522 1580 nibns
1544 1543 1768 1580 humilitatis
1790 1542 1971 1593 gradibus
1990 1543 2202 1580 monachus
2225 1557 2315 1580 mox
2337 1557 2423 1594 per-

1408 1604 1572 1641 xenietr.
1595 1608 1693 1642 Vere
1726 1604 1848 1641 dulcis
1877 1613 1915 1641 et
1943 1605 2070 1642 suavis
2098 1603 2206 1642 cibus
2236 1604 2421 1651 charitas,

1407 1677 1493 1714 quae
1524 1665 1641 1701 sessos
1675 1665 1836 1710 allevat,
1870 1664 2016 1702 debiles
2048 1663 2230 1710 roborat,
2267 1672 2422 1701 moestos

1408 1725 1584 1762 laetilicat.
1609 1729 1749 1775 Jugum
1775 1725 1941 1775 denique
1963 1725 2142 1763 Veritatis
2167 1724 2256 1761 facit
2291 1737 2418 1770 suave,

1409 1793 1446 1821 et
1466 1799 1563 1823 onus
1585 1786 1680 1823 leve.

1461 1847 1496 1883 4.
1519 1851 1648 1883 Bonus
1675 1846 1784 1883 cibus
1808 1846 1991 1892 charitas,
2024 1859 2109 1895 quae
2130 1845 2255 1883 media
2278 1844 2317 1881 in
2341 1845 2417 1882 fer-

1407 1907 1494 1943 culo
1518 1907 1732 1943 Salomonis
1753 1905 1991 1944 consistensS
2005 1936 2015 1953 ,
2036 1906 2275 1943 diversarum
2300 1905 2418 1942 odore

1405 1967 1605 2013 virtutum,
1629 1967 1735 2003 velut
1766 1967 1908 2004 diversi
1941 1966 2091 2017 generis
2120 1965 2327 2016 fragrantia
2356 1966 2418 2016 pi-

1405 2035 1668 2076 gmentorum,
1703 2028 1916 2065 esurientes
1949 2028 2095 2074 reiicit,
2116 2026 2307 2077 jucundat
2326 2027 2416 2063 refi-

1405 2088 1559 2125 cientes.
1578 2087 1636 2125 Ibi
1655 2088 1844 2138 siquidem
1866 2089 2078 2139 apponitur
2096 2102 2192 2139 pax,
2215 2087 2416 2139 patientia,

1404 2146 1638 2197 benignitaS,
1664 2149 1956 2198 longanimitas,
1990 2149 2172 2198 gaudium
2206 2149 2245 2185 in
2274 2147 2416 2199 Spiritu
2440 2163 2447 2169 >·

1404 2216 1535 2245 sancto
1555 2223 1563 2245 :
1584 2216 1621 2245 et
1638 2209 1668 2245 si
1684 2222 1770 2258 quae
1788 2218 1877 2246 sunt
1894 2210 1976 2246 aliae
1996 2210 2168 2247 veritatis
2185 2222 2251 2247 seu
2271 2209 2415 2259 sapien-

1405 2269 1464 2305 tiae
1488 2270 1774 2318 generationes,
1797 2276 2058 2321 apparantura
2080 2270 2119 2307 in
2136 2270 2212 2307 illa.
2236 2269 2361 2307 Habet
2377 2277 2414 2305 et

1403 2330 1596 2367 humilitas
1612 2330 1650 2367 in
1668 2331 1804 2368 eodem
1824 2332 1970 2368 ferculo
1991 2345 2077 2369 suas
2100 2331 2254 2381 epulas,
2277 2342 2412 2381 panem

1402 2391 1547 2427 scilicet
1571 2390 1716 2428 doloris
1740 2400 1777 2428 et
1801 2391 1935 2429 vinum
1964 2390 2295 2441 compunctionis,
2320 2401 2414 2439 quas

1399 2450 1527 2500 primo
1546 2451 1694 2489 Veritas
1713 2450 1989 2502 incipientibus
2011 2451 2146 2498 offert,
2171 2449 2313 2500 quibus
2335 2449 2411 2486 uti-

1400 2523 1474 2559 que
1505 2510 1646 2547 dicitur
1679 2526 1687 2548 :
1720 2513 1866 2561 Surgite
1889 2521 2094 2561 postquam
2124 2513 2317 2555 sederitis,
2349 2513 2413 2558 qui

1400 2572 1638 2607 mamlaeatis
1649 2585 1793 2619 panem
1815 2574 1958 2607 doloris
1968 2578 1996 2607 9.
2019 2570 2146 2608 Habet
2161 2569 2303 2608 ibidem
2325 2581 2411 2606 con-

1350 2633 1384 2666 D
1404 2632 1600 2682 templatio
1635 2645 1682 2668 ex
1720 2632 1832 2682 adipe
1867 2632 2051 2669 frumenti
2086 2631 2251 2669 solidum
2285 2628 2408 2667 cibum

1400 2693 1594 2742 sapientiae
1608 2722 1617 2738 ,
1647 2707 1734 2729 cum
1756 2693 1849 2731 vino
1871 2694 1976 2744 quod
1997 2693 2163 2730 laetificat
2191 2705 2257 2729 cor
2285 2690 2410 2727 homi—

1402 2752 1482 2799 nis,
1509 2753 1555 2789 ad
1579 2767 1664 2802 quae
1691 2754 1837 2791 Veritas
1859 2755 2051 2804 perfectos
2074 2753 2228 2800 invitat,
2255 2751 2381 2788 dicens
2402 2764 2411 2787 τ

1405 2814 1616 2858 Concedite,
1639 2819 1756 2850 antici
1775 2819 1870 2861 mei,
1891 2824 1928 2851 et
1947 2814 2058 2851 bibite
2066 2829 2079 2858 ,·
2099 2822 2135 2850 et
2155 2811 2406 2855 inebriamini,

1405 2876 1667 2912 cliarissinzim.
1695 2877 1839 2922 Media,
1860 2876 1998 2927 inquit,
2020 2877 2202 2912 charitate
2214 2873 2406 2910 constravit

1399 2945 1558 2984 propter
1562 2937 1674 2982 filias
1689 2939 1898 2973 Jerusalem
1912 2943 1939 2958 ¹¹
1955 2952 1964 2984 3
1984 2944 2146 2987 propter
2165 2933 2404 2984 imperfectas

1397 2996 1575 3034 videlicet
1599 2997 1763 3042 animas,
1800 3011 1886 3047 quae
1910 2997 2001 3034 dum
2025 2996 2151 3033 adhuc
2182 2994 2290 3031 illum
2313 2991 2399 3029 soli-

1398 3055 1489 3092 dum
1513 3055 1641 3093 cibum
1666 3056 1792 3094 minus
1815 3070 1952 3108 capere
1978 3063 2161 3106 possunt,
2190 3054 2286 3091 lacte
2308 3051 2404 3088 inte-

1397 3116 1468 3153 rim
1485 3117 1677 3154 charitatis
1698 3131 1769 3168 pro
1787 3131 1904 3168 pane,
1929 3118 2015 3155 oleo
2032 3130 2105 3167 pro
2127 3115 2217 3153 vino
2234 3111 2405 3150 nutrien-

369 3249 378 3263 ¹
402 3246 475 3274 LUC·
497 3254 514 3274 x
528 3268 536 3281 ³
571 3246 626 3275 21·
642 3264 685 3267 —
714 3251 726 3266 ²
747 3246 826 3277 Psal-
849 3258 993 3284 mmm.
1015 3254 1048 3286 Γ»,
1073 3255 1104 3281 8.
1121 3270 1165 3274 -—
1182 3249 1196 3271 3
1215 3255 1294 3286 Psal.
1314 3266 1407 3296 xxiv,
1426 3262 1455 3290 8.
1470 3278 1514 3281 —
1533 3258 1546 3285 25
1566 3261 1646 3290 Gen.
1664 3269 1789 3297 xxviii,
1817 3263 1869 3298 12,
1894 3262 1945 3291 13.
1960 3276 2005 3281 -—
2033 3255 2046 3279 ⁵
2065 3256 2160 3289 Eccli.
2176 3265 2266 3292 xxm,
2287 3256 2340 3284 20.
2358 3270 2401 3275 ——

318 3294 332 3317 ⁶
356 3295 470 3326 manh-
495 3307 546 3330 Μ’
571 3300 624 3329 23·
641 3316 682 3320 ”“
712 3305 725 3329 7
745 3301 821 3340 Β·“ἱῖ·
841 3309 909 3341 ⁰³1¹·
933 3303 964 3338 7⁷
985 3303 1071 3342 grad·
1097 3308 1148 3336 12.
1167 3327 1208 3331 —
1226 3310 1239 3333 ὃ
1260 3309 1379 3341 Cautio.
1410 3322 1460 3346 111,
1477 3313 1511 3348 9,
1538 3314 1588 3342 10.
1604 3322 1647 3332 ⁴—
1674 3317 1689 3340 9
1707 3311 1920 3352 Psal.cxxv1‚
1944 3314 1973 3343 2.
1990 3329 2035 3334 -
2067 3317 2098 3332 ¹⁰
2114 3307 2240 3342 Cautio.
2256 3316 2289 3343 v,
2313 3308 2398 3336 ¹·—

320 3355 348 3369 ¹¹
370 3348 415 3379 ld.
432 3360 453 3379 11
482 3354 563 3383 ,10.

1378 3365 1389 3378 ³
1407 3364 1492 3394 Alias
1505 3388 1512 3402 ,
1533 3370 1747 3409 apponuntur.
