2565 3952
100 137 158 175 381

1013 132 1277 168 EPISTOLAE.

98 212 313 256 sublimitati
346 218 482 247 vestrae
503 237 513 255 ,
556 208 646 258 quia
685 207 875 244 maximus
915 207 1137 258 princeps⁵⁵

2099 141 2177 177 682

1143 207 1318 257 8111161115
1351 218 1485 255 aetate3
1517 211 1630 260 eiegit
1662 213 1839 250 exsulare
1868 228 1887 251 a
1916 218 2109 266 propriis,
2137 228 2178 255 ut

98 276 175 316 istis
196 275 235 312 in
255 284 396 322 regno;
416 279 458 307 ut
476 270 537 306 vel
559 269 816 315 dissuasione,
838 268 897 305 vel
920 268 979 313 1-1,
1007 268 1096 304 totis
1112 268 1144 302 Α
1163 269 1324 305 serviret
1358 270 1396 306 in
1435 270 1569 307 alienis
1583 301 1592 317 ‚
1622 270 1677 307 illi
1717 281 1843 309 tamen
1861 302 1870 319 ‚
1905 275 1965 312 cui
2004 278 2147 314 servire
2166 307 2174 323 ,

98 336 232 376 viribus
263 346 333 370 vos
370 330 594 382 opponatis,
624 343 671 366 ne
701 330 765 366 fiat
792 329 865 365 hoc
891 344 898 365 :
926 329 1016 379 quia
1043 329 1096 365 sic

98 396 265 438 tonvenit
288 392 427 430 honori
447 403 623 441 personae
645 399 782 427 vestrae
798 419 806 435 ,
831 398 870 426 et
893 398 1003 426 terrae
1026 403 1095 425 ve-

97 468 174 497 3trae
190 486 200 505 ,
220 464 256 493 et
278 452 432 491 utilitati
451 451 628 488 Ecclesiae
655 450 738 487 Dei.
762 451 847 487 Vim
878 458 1003 487 autem
1026 463 1097 499 ap-

97 519 210 572 pello,
242 513 347 566 quod
378 512 427 549 ad
451 511 743 549 ecclesiasticam
781 510 949 560 pertinet
983 509 1097 547 disci-

96 581 242 633 plinam.
275 579 351 614 Nos
388 582 514 611 autem
551 572 654 609 idem
693 570 895 608 scribimus
937 570 1096 607 domino

96 638 287 684 Remensi,
305 634 462 673 domino
484 632 717 677 Senonensi,
741 631 899 668 domino
920 631 1095 669 Suessio-

96 700 223 746 aeusi,
251 696 408 735 domino
425 693 751 732 Autissiodorensi
775 721 784 738 ,
815 692 948 729 comiti
970 691 1097 729 Theo-

96 761 233 808 baldo,
267 756 395 796 comiti
430 755 611 793 Rodulfo.
652 754 847 804 Opponite
879 766 949 790 vos
984 753 1098 790 tantis

95 821 216 869 malis,
232 828 269 857 et
287 825 447 870 propter
465 815 664 853 dominum
684 818 826 864 Regem
846 843 855 859 ‚
879 822 917 851 et
939 822 1099 865 propter

95 883 284 922 dominum
313 883 453 929 Papam
470 907 480 925 ,
508 876 556 914 ad
583 890 697 927 quem
727 875 895 926 pertinet
925 874 1100 912 custodia

95 956 208 995 regni.

93 1088 340 1102 uns==nnv===nsssn
345 1085 810 1097 ςιειιιςιςιςκιπςκυιιιςιιιιιιιιιὶ
816 1085 840 1093 xx
846 1085 870 1093 nx
876 1085 915 1093 mxu
921 1083 1012 1093 =======
1022 1084 1029 1092 ι
1037 1083 1101 1092 ινιιι

167 1211 538 1272 EPISTOLA
569 1205 1036 1268 CCCLXXVHJ’

468 1368 515 1390 AD
540 1367 618 1390 EUM
622 1366 700 1390 DEM
705 1382 712 1389 .

92 1494 237 1529 Pmdicat
249 1495 314 1537 ejus
327 1494 429 1525 zelum
447 1499 477 1525 et
490 1492 627 1525 studium
643 1491 720 1523 boni
737 1490 912 1522 communis
923 1515 930 1528 ‚
951 1490 1036 1533 quod
1053 1490 1102 1521 iu-

135 1548 245 1582 dixerit
269 1548 396 1580 comitia
414 1547 501 1590 regni
518 1558 576 1590 pro
600 1547 666 1589 ejus
688 1546 807 1584 salute,
829 1545 1036 1588 hortaturque
1062 1544 1102 1576 ad

135 1614 260 1638 causam
272 1602 454 1646 reipublicae
470 1601 593 1634 fortiter
614 1600 780 1643 agendam.

97 1732 322 1773 charissimo
335 1731 437 1782 patri
450 1739 489 1768 et
505 1730 665 1768 domino
683 1733 852 1769 Summo
866 1759 875 1777 ‚
892 1729 964 1767 Dei
981 1729 1103 1779 gratia

1163 342 1322 378 regnare
1350 339 1418 367 est.
1454 334 1500 368 Et
1532 332 1617 382 quis
1653 332 1791 370 audeat
1823 334 1977 371 turbare
2016 350 2177 386 regnum

1163 389 1278 439 ejus?
1309 392 1394 441 quis
1424 400 1566 429 tantam
1600 393 1835 443 impietatem
1866 396 2078 433 committat
2109 398 2179 434 ad—

1163 464 1298 488 versus
1326 452 1535 489 Dominum
1553 482 1561 498 ,
1582 462 1620 490 et
1641 453 1824 491 adversus
1855 455 2038 492 christum
2065 456 2179 505 ejus?

1162 512 1329 549 Domine
1360 513 1411 549 mi
1440 526 1533 558 rex,
1566 514 1710 550 utinam
1743 514 2032 562 abscindantur,
2056 517 2121 566 qui
2145 526 2180 554 te

1163 571 1421 609 conturbant!
1440 574 1507 623 qui
1527 583 1707 623 quaerunt
1728 576 1826 612 mala
1853 584 1891 611 ct
1920 575 2007 622 tibi,
2029 584 2066 612 et
2089 577 2180 623 tuis,

1164 647 1252 671 cum
1270 642 1311 670 tu
1334 634 1434 671 inter
1462 635 1604 672 alienas
1633 644 1765 685 gentes
1795 637 1900 673 solus
1930 638 2179 682 remanseris,

1165 708 1213 731 ne
1249 704 1466 732 remaneret
1496 696 1535 732 in
1568 696 1777 733 solitudine
1807 697 1870 733 ille
1900 697 2008 734 locus
2026 726 2036 743 ,
2065 710 2179 746 quem

1165 756 1278 806 elegit
1298 757 1486 794 Dominus
1507 771 1555 794 ex
1575 756 1756 796 omnibus
1780 758 1873 795 locis
1896 766 2084 795 terrarum
2106 787 2115 804 ‚
2140 766 2184 794 ut

1166 825 1264 853 esset
1284 830 1424 853 nomen
1447 831 1557 855 suum
1577 818 1641 855 ibi.

1222 878 1257 914 2.
1285 881 1494 929 Propterea
1529 881 1691 917 viriliter
1719 880 1841 930 agite,
1871 888 1909 916 et
1940 879 2184 916 confortetur

1168 952 1235 976 cor
1258 948 1425 977 vestrum
1438 971 1447 987 ,
1468 942 1558 991 quia
1578 941 1778 979 vobiscum
1800 950 1855 979 est
1873 941 2063 979 Dominus
2081 944 2184 978 Deus

1122 1002 1151 1037 B
1167 1009 1292 1037 vester
1312 1001 1349 1037 in
1371 1003 1613 1052 protectione
1639 1003 1753 1052 Regis
1781 1011 1819 1039 et
1844 1001 1987 1039 exsulis
2013 1001 2083 1038 sui.
2111 1001 2185 1049 Qui

1170 1062 1374 1112 imperavit
1387 1064 1510 1100 ventis
1528 1071 1564 1100 et
1583 1064 1696 1110 mari,
1717 1071 1907 1100 tumentes
1921 1062 2060 1099 fluctus
2078 1062 2187 1098 facile

1169 1123 1443 1174 complanabit.
1471 1125 1552 1162 Erit
1572 1124 1772 1162 vobiscum
1795 1123 2025 1161 universitas
2051 1122 2185 1160 Eccle-

1169 1183 1232 1220 siae
1263 1184 1358 1231 Dei,
1387 1198 1434 1221 ne
1460 1185 1631 1234 insurgat
1663 1185 1798 1234 aliquis
1827 1192 1864 1220 et
1893 1196 2053 1234 peccare
2075 1182 2187 1219 faciat

1168 1246 1305 1290 Israel,
1335 1254 1373 1282 et
1401 1246 1490 1283 totis
1522 1246 1692 1283 humeris
1725 1254 1847 1282 totum
1879 1258 1999 1290 onus,
2032 1244 2063 1281 si
2093 1243 2186 1293 quid

1169 1313 1297 1342 tamen
1325 1306 1454 1342 oneris
1484 1307 1620 1353 fuerit,
1648 1304 1905 1356 supportabit.
1940 1307 2050 1341 Nune
2083 1303 2187 1340 enim

1169 1373 1320 1416 tempus
1341 1374 1378 1402 et
1399 1379 1497 1416 opus
1529 1374 1602 1412 est,
1630 1374 1673 1402 ut
1704 1365 1821 1415 agatis
1852 1377 1924 1415 pro
1956 1363 2043 1400 loco
2073 1375 2189 1412 quem

1169 1426 1318 1472 tenetis,
1337 1439 1409 1476 pro
1431 1426 1616 1475 dignitate
1633 1439 1708 1476 qua
1729 1424 1895 1476 polletis,
1911 1437 1983 1475 pro
1999 1430 2189 1473 potestate

1169 1500 1285 1537 quam
1306 1487 1503 1538 accepistis
1523 1502 1530 1524 :
1549 1495 1592 1523 ut
1613 1486 1799 1523 memoria
1816 1493 1942 1522 vestra
1962 1496 2041 1520 non
2063 1482 2188 1520 solum

1170 1548 1208 1584 in
1229 1548 1513 1595 benedictione,
1535 1548 1601 1585 sed
1624 1557 1660 1585 et
1680 1549 1718 1585 in
1740 1544 1993 1585 admiratione
2011 1545 2059 1582 sit
2075 1557 2190 1595 gene-

1169 1610 1309 1647 rationi
1337 1610 1427 1647 huic
1452 1610 1556 1647 omni
1579 1623 1664 1660 quae
1690 1617 1856 1646 ventura
1876 1616 1943 1644 est.
1971 1605 2188 1644 Providen-

1170 1671 1261 1708 dum
1286 1681 1365 1719 est,
1396 1680 1434 1709 et
1459 1672 1625 1709 multum
1658 1669 1945 1721 providendum
1968 1698 1977 1715 ‚
2001 1681 2048 1704 ne
2082 1674 2188 1703 tanta

1172 1734 1304 1783 portio
1333 1734 1512 1771 Ecclesiae
1538 1733 1608 1771 Dei
1640 1733 1721 1769 sine
1754 1732 1880 1768 fructu
1907 1729 2074 1766 maximo
2105 1727 2190 1764 fati-

141 1792 440 1842 Beati-Dionysii
457 1791 600 1838 abbati,
624 1792 741 1828 frater
766 1794 993 1828 BERNARDUS
1018 1792 1104 1829 Cla-
1127 1795 1154 1831 C
1173 1803 1297 1846 getur‚
1323 1804 1360 1832 et
1384 1796 1446 1832 1116
1468 1793 1737 1839 statuendum,
1760 1791 1867 1843 quod
1899 1803 2033 1827 omnes
2062 1790 2190 1826 insur-

142 1853 394 1892 rae-Vallensis
411 1861 570 1890 vocatus
595 1851 733 1898 abbas,
757 1852 933 1903 spiritum
955 1853 1104 1890 consilii

143 1924 181 1954 et
207 1914 492 1953 consolationis.

148 2037 286 2076 1.Visis
298 2035 531 2087 quibusdam
548 2035 684 2072 litteris
701 2035 853 2080 vestris,
867 2048 960 2086 quas
979 2035 1025 2072 ad
1041 2036 1106 2074 do-

94 2099 502 2138 minumTuronensem
519 2097 712 2134 direxerat
731 2096 950 2135 Sublimitas
963 2106 1104 2145 vestra,

94 2160 374 2205 exsultavimus,
393 2167 432 2196 et
443 2158 619 2195 delectati
640 2171 784 2204 sumus,
800 2171 879 2194 non
896 2158 1103 2208 qualicum-

65 2243 71 2246 ·
94 2221 327 2274 quegaudio,
339 2220 405 2257 sed
427 2219 568 2270 gaudio
591 2232 731 2269 magno
748 2219 872 2256 valde.
886 2220 1021 2257 Visitet
1035 2233 1104 2257 vos

54 2303 57 2305 Δ
95 2283 226 2322 Oriens
250 2296 299 2319 ex
318 2282 394 2319 alto
409 2311 419 2328 ,
441 2280 508 2331 qui
534 2280 688 2317 visitare
715 2280 918 2330 disponitis
941 2294 1100 2330 regnum

96 2342 349 2394 gloriosissimi
364 2341 464 2392 regis
483 2340 629 2387 nostri,
647 2349 689 2377 ut
704 2340 757 2377 sic
775 2341 964 2391 respirare
983 2342 1102 2392 possit

97 2417 118 2442 a
135 2403 379 2443 tribulatione
405 2403 597 2440 malorum
629 2410 666 2438 et
693 2401 846 2448 dolore,
872 2402 938 2452 qui
959 2401 1038 2451 jam
1061 2403 1102 2440 in

93 2464 215 2516 Januis
234 2475 311 2512 est,
334 2466 366 2502 si
385 2478 463 2501 non
488 2464 603 2501 fuerit
623 2463 712 2500 totis
733 2462 880 2500 viribus
903 2464 1102 2501 contradi-

97 2533 207 2564 ctum.
228 2525 404 2564 Profecto
425 2524 628 2562 consilium
653 2524 724 2561 Dei
750 2524 841 2569 fuit,
868 2533 909 2561 ut
935 2524 982 2561 ad
1010 2539 1103 2562 con-

98 2585 219 2623 silium
254 2594 330 2623 tam
368 2585 508 2631 curiae,
538 2597 654 2634 quam
694 2584 873 2621 Ecclesiae
912 2585 1156 2636 principesD

95 2647 278 2685 vocaretis
293 2662 301 2684 :
318 2656 362 2684 ut
378 2647 499 2684 sciant
514 2659 648 2683 omnes
665 2646 730 2696 qui
747 2645 922 2682 habitant
943 2655 1081 2698 terram
1093 2677 1102 2694 ,

99 2707 184 2757 quia
202 2708 381 2745 remansit
399 2716 437 2745 et
456 2720 576 2757 reguo
592 2736 601 2753 ‚
626 2715 664 2744 et
689 2707 768 2757 regi
797 2708 942 2744 amicus
964 2708 1103 2755 dulcis,

99 2768 330 2806 consiliarius
361 2768 559 2820 prudens,
591 2767 746 2818 adjutor
776 2769 894 2806 fortis.
927 2770 1012 2816 Illi,
1042 2771 1104 2806 in-

99 2841 208 2878 quam
224 2859 234 2876 ‚
256 2829 353 2880 regi,
373 2829 442 2879 qui
462 2829 581 2866 servit
606 2829 702 2879 Regi
727 2829 835 2879 cujus
861 2843 1022 2880 regnum
1050 2839 1107 2867 est

100 2890 268 2927 omnium
286 2891 541 2937 saeculorum3
566 2890 633 2940 qui
665 2891 875 2927 commovit
905 2900 1036 2941 gentes
1070 2902 1107 2929 et

100 2961 234 3000 regna,
267 2964 316 2988 ne
345 2955 430 2989 Rex
466 2951 552 2988 coeli
584 2951 766 3001 p'erderet
798 2960 938 2988 terram
970 2966 1106 3000 suam;

102 3018 258 3058 terram,
279 3011 345 3049 ubi
358 3020 547 3049 steterunt
565 3011 684 3062 pedes
704 3011 798 3061 ejus.
831 3014 908 3059 Illi,
929 3014 1106 3064 inquam,

102 3071 200 3120 regi,
233 3072 297 3121 (1111
330 3086 417 3109 cum
447 3081 545 3110 esset.
576 3073 698 3122 gloria
727 3074 954 3123 singularis,
992 3075 1108 3112 rebus

103 3131 283 3179 affluens,
307 3147 400 3184 pace
423 3147 580 3171 securus
599 3164 607 3180 ‚
629 3134 858 3171 victoriosus
882 3135 916 3171 in
940 3137 1080 3187 praeliis
1097 3167 1106 3183 ,

1171 1857 1344 1907 gentium
1375 1856 1628 1907 malignitates
1661 1856 1721 1892 vel
1752 1853 1934 1899 reddere,
1958 1852 2019 1888 vel
2048 1850 2190 1888 elidere

1171 1918 1305 1968 possit.
1327 1921 1372 1955 In
1395 1918 1595 1955 voluntate
1619 1924 1752 1954 nostra
1771 1923 1849 1961 est,
1867 1923 1910 1951 ut
1929 1912 2039 1949 vobis
2056 1912 2095 1948 in
2117 1925 2190 1948 no-

1173 1979 1275 2016 mine
1307 1979 1465 2015 Domini
1506 1977 1748 2028 congregatis
1764 2005 1773 2022 ,
1809 1974 2012 2026 parvitatis
2048 1980 2190 2010 nostrae

1172 2040 1317 2077 litteras
1341 2040 1644 2076 transmittamus
1658 2068 1667 2085 ,
1686 2051 1771 2088 quae
1793 2036 1864 2073 etsi
1884 2048 1963 2072 non
1985 2032 2188 2083 adjuvent,

1173 2103 1303 2139 saltem
1329 2102 1508 2139 affectum
1532 2110 1708 2138 nostrum
1729 2097 1944 2136 ostendant.
1968 2097 2036 2134 Ille
2060 2102 2186 2132 autem

1171 2164 1238 2213 qui
1261 2162 1371 2200 vobis
1414 2163 1520 2200 dedit
1552 2163 1650 2199 hanc
1690 2161 1951 2206 voluntatem,
1993 2157 2111 2194 donet
2154 2163 2192 2192 et

1171 2225 1388 2261 facultatem
1414 2253 1422 2269 ‚
1454 2232 1490 2260 et
1519 2231 1693 2260 conterat
1722 2231 1891 2259 satanam
1923 2219 1993 2257 sub
2025 2217 2189 2269 pedibus

1170 2285 1308 2322 vestris
1327 2300 1334 2322 :
1355 2294 1397 2322 ut
1414 2285 1452 2321 in
1482 2298 1600 2335 opere
1619 2284 1691 2321 isto
1713 2283 1952 2333 glorificetur
1970 2279 2161 2318 Dominus
2178 2308 2188 2325 ‚

1169 2345 1385 2382 honoretur
1426 2344 1596 2382 Ecclesia
1615 2373 1623 2389 ‚
1664 2356 1825 2393 regnum
1875 2341 2090 2378 stabiliatur
2106 2369 2116 2386 ,
2153 2347 2192 2376 61

1170 2405 1395 2443 obstruatur
1416 2419 1457 2442 os
1478 2405 1719 2455 loquentium
1744 2412 1781 2440 et
1805 2402 2024 2440 facientium
2042 2401 2186 2451 iniqua.

1318 2548 1399 2556 xxsmn
1406 2542 2205 2557 xxsxxxvusxxxxxxxxxzxvxaexmxzxxmxmvxzxmzzxxsmsxnznxu=x4

1212 2673 1483 2729 EPISTO
1496 2674 1534 2727 L
1547 2672 1591 2727 A
1637 2657 2139 2729 CCCLXXVIII.b

1562 2836 1607 2857 AD
1637 2834 1811 2857 EL'MDEM.

1199 2953 1279 2986 Petit
1299 2953 1474 2985 subsidium
1489 2963 1625 2984 annonae
1645 2963 1703 2995 pro
1720 2951 1886 2994 Religiosis
1907 2951 2164 2984 Bituricensibus.

1177 3075 1345 3113 Domino
1368 3075 1614 3112 dilectissimo
1635 3077 1825 3120 Summo,
1848 3076 1918 3113 Dei
1939 3075 2058 3125 gratia
2079 3088 2190 3111 vene-

1230 3135 1340 3173 rabili
1361 3135 1488 3173 abbati
1512 3136 1851 3186 Sancti-Dionysii,
1876 3137 1991 3173 frater
2014 3139 2188 3173 Rem-Ar.-

148 3268 163 3283 ⁸
179 3266 264 3298 Alias
283 3267 415 3309 epistola
437 3271 502 3300 359
520 3279 528 3299 ε
549 3279 618 3310 quae
635 3278 710 3300 vero
727 3275 819 3300 autea
838 3271 902 3301 377
922 3275 1005 3307 erat,
1021 3281 1107 3301 nunc
1127 3273 1206 3302 346.
1229 3269 1350 3312 Scripta
1367 3279 1450 3300 anno
1465 3267 1579 3301 Christi
1604 3270 1703 3300 1149.

151 3312 167 3336 Β
190 3321 277 3352 Alias
290 3321 422 3363 epistola
440 3324 507 3354 360
524 3333 530 3353 :
550 3333 619 3365 quae
635 3333 708 3354 vero
723 3329 814 3355 antea
829 3327 894 3355 378
914 3330 1001 3362 erat,
1020 3335 1104 3356 nunc.
1123 3327 1202 3358 347.
1224 3323 1344 3366 Scripta
1362 3334 1444 3353 anno
1462 3322 1576 3356 Christi
1596 3325 1604 3353 1
1619 3324 1693 3354 149.

261 3393 351 3417 1031.
385 3395 411 3419 1.

1914 3381 1936 3417 {Q

1941 3380 1980 3417 ¹0.
