2517 3936
99 188 196 227 1197
612 192 760 227 LIBER
791 194 856 227 DE
885 194 1154 230 PRAECEPTO
1185 196 1245 230 ET
1274 198 1668 236 DISPENSATIONE.
2078 210 2172 245 1199.

30 297 45 318 .
93 266 255 316 quisque
281 277 367 302 cum
393 264 432 300 in
458 264 588 314 aliquo
618 266 714 302 sorte
737 268 965 316 regularium
997 269 1158 305 man-⁴³⁸¹
1176 272 1388 319 professum
1409 273 1498 309 salso
1513 276 1722 321 existimat,
1739 280 1867 327 quales
1883 295 1948 317 vos
1969 284 2098 332 utiqu:¹
2116 300 2173 321 as-

93 326 268 364 datorum
299 324 526 373 deliquerit,
549 325 578 360 si
602 325 647 361 ad
680 327 890 363 remedium
915 341 1024 377 aeque
1047 342 1100 365 re·
1125 331 1151 363 Α
1172 330 1294 366 seritis
1313 345 1393 367 csse
1415 346 1488 368 non
1512 347 1664 382 paucos.
1684 339 1738 372 Dc
1759 338 1895 386 quibus
1915 343 2025 378 ctiam
2045 345 2092 380 (si
2111 347 2174 394 qui

92 386 222 436 gulare
242 384 476 434 confugerit,
495 385 564 420 etsi
583 380 826 423 convincitur
847 395 1108 435 transgressor

93 445 281 491 mandati,
304 458 381 482 non
404 453 529 481 tamen
552 445 652 494 pacti
672 447 954 494 praevaricator.
974 449 1105 485 Solum

91 506 221 556 itaque
240 505 453 543 censuerim
474 504 630 553 fregisse
651 513 804 551 votum,
826 506 987 542 violasse
1012 520 1106 556 pro-

92 567 286 618 positum,
308 574 460 616 pactum
484 565 776 615 praevaricasse,
803 566 867 615 qui
895 575 933 602 et
959 580 1107 616 praece-

90 635 200 677 ptum
231 626 526 675 contempserit,
557 633 594 662 et
627 625 852 662 remedium.
876 630 970 663 Nam
998 627 1104 663 illum

88 698 181 724 sane
208 685 298 723 dico
326 698 526 731 securum,
550 685 617 734 qui
637 685 784 722 etiamsi
801 685 993 723 interdum
1015 686 1108 723 obc-

93 746 248 784 dientiae
264 746 425 783 limitem
443 745 626 795 praeterit,
645 746 847 783 consilium
866 759 943 783 non
962 747 1108 797 respuit

93 806 339 858 poenitentiae.
369 806 578 856 Regulares
606 819 772 856 namque
803 807 1010 853 terminos,
1037 808 1107 845 etsi

95 880 196 918 saepe
220 866 442 917 deliquerit,
460 880 537 905 non
556 867 704 913 evadit,
724 867 788 917 qui
811 881 983 905 censurae
996 897 1005 914 ,
1022 881 1107 918 quae

92 940 139 964 ex
184 928 332 977 Regula
364 936 440 972 est,
479 927 716 978 disciplinam
752 941 831 964 non
866 926 1107 977 subterfugit.

91 989 184 1025 Pars
209 986 402 1037 siquidem
435 988 593 1037 Regulae
612 996 670 1024 est
690 988 874 1037 regularis
897 988 1105 1034 correctio,

1175 398 1298 426 tanwn
1321 401 1430 437 sunt,
1456 401 1495 428 ut
1517 393 1661 443 dicitisj'l-
1689 409 1817 432 verum
1837 407 1888 434 cst
1912 409 1947 435 ct
1965 403 2065 450 quod
2083 404 2174 439 sub-

1173 450 1260 486 ditis
1276 478 1284 494 ‚
1301 451 1405 499 quod
1424 453 1474 488 nil
1497 453 1627 502 utiquc
1648 455 1748 490 aliud
1769 456 1830 492 illa
1850 459 1929 494 talis
1949 474 2078 498 eorum
2099 477 2175 499 cre-

1173 509 1340 556 dulitas,
1362 512 1419 547 rel
1449 513 1577 561 potius
1606 514 1809 551 crudelitas
1840 517 1875 552 in
1907 519 1981 555 suis
2009 521 2175 569 ipsorum

1174 579 1357 619 operatur
1387 573 1650 619 conscientiis,
1667 588 1779 624 quam
1806 577 1918 613 noxia
1946 579 2007 614 illa
2028 593 2178 617 recum—

1174 629 1347 667 bentium
1369 632 1405 667 in
1426 632 1544 669 idolio
1562 633 1714 671 libertas
1735 637 1771 671 in
1795 637 1936 673 alienis.
1952 641 2109 675 Necesse
2126 650 2180 676 est

1175 691 1275 726 enim
1294 691 1360 739 qui
1382 690 1599 740 hujusmodi
1618 703 1692 740 cst,
1715 708 1760 731 cx
1783 697 1937 745 propria
1957 698 2080 745 perire
2099 712 2180 734 sen—

1177 751 1313 796 tentia,
1342 752 1666 800 quemadmodum
1695 755 1730 790 in
1753 755 1851 792 illius
1873 757 2026 793 scientia
2048 759 2182 795 clamat

1173 811 1383 860 Apostolus
1411 812 1603 849 infirmum
1634 815 1758 864 perire
1789 816 1941 853 fratrem
1962 824 1986 853 ¹.
2010 821 2055 854 Et
2082 832 2180 867 quo-

1175 871 1291 907 modo
1319 872 1412 908 nihil
1441 888 1520 910 csse
1548 888 1751 912 commune
1776 877 1863 912 itcm
1887 877 1965 926 ipse
1986 878 2177 927 perhibet,

1175 932 1279 980 quod
1301 947 1384 969 cum
1411 935 1615 983 gratiarum
1644 937 1790 973 actione
1813 939 2037 987 percipitur,
2059 939 2128 974 nisi
2147 939 2180 975 ci

1175 993 1240 1041 qui
1268 1002 1377 1042 putat
1400 995 1542 1044 aliquid
1565 1009 1646 1032 esse
1668 1010 1871 1033 commune
1890 1004 1901 1019 ²
1920 1013 1927 1034 :
1947 998 1995 1034 ita
2014 1007 2051 1034 et
2075 1011 2181 1047 regu-

94 1046 191 1084 etin
213 1060 259 1084 ea
279 1048 473 1097 reperitur
491 1061 570 1084 non
587 1048 710 1084 solum
732 1047 844 1085 bonae
865 1048 955 1084 vitae
972 1048 1112 1085 instru-
1132 1051 1159 1085 B
1181 1051 1268 1088 laris
1291 1054 1500 1103 professio,
1519 1059 1703 1105 qua'ntum
1728 1058 1764 1093 in
1793 1070 1831 1094 se
1857 1067 1911 1094 est
1929 1086 1937 1102 ,
1957 1057 2180 1094 damnabilis

94 1106 194 1153 ctio,
222 1106 290 1144 sed
314 1107 427 1144 etiam
450 1107 669 1145 emendatio
693 1122 833 1158 pravae.
855 1109 1112 1145 Inveniuntur

92 1166 135 1203 in
153 1179 198 1203 ea
217 1175 256 1203 et
272 1176 467 1218 praecepta
498 1167 747 1214 obedientiae,
775 1177 815 1205 et
842 1168 1113 1206 inobedientiae

95 1226 285 1273 remedia,
303 1236 345 1265 nt
361 1241 409 1265 ne
426 1227 624 1278 peccando
639 1228 793 1277 quidem
813 1242 832 1265 a
846 1229 994 1278 Regula
1011 1241 1110 1266 reee-

91 1286 218 1325 datur.
235 1291 372 1326 Fateor
391 1301 482 1325 sane
499 1287 735 1338 impossibile
751 1287 872 1325 cuivis
890 1289 1111 1325 mortalium

91 1347 153 1384 vel
172 1347 374 1385 venialiter
396 1347 594 1384 interdum
616 1361 696 1384 non
710 1347 933 1398 delinquere
949 1348 986 1384 in
1006 1361 1109 1398 prae-

89 1409 211 1460 ceptis
229 1408 458 1446 obedientiae
474 1409 563 1446 :sed
583 1409 686 1446 nulla
697 1407 776 1458 jam
798 1408 846 1446 de
863 1408 1110 1459 impossibili-

91 1476 168 1506 tate
194 1469 372 1519 querela,
397 1468 711 1519 quandoquidem
728 1477 768 1520 et
790 1482 835 1506 ex
855 1469 1004 1518 Regula
1024 1468 1111 1505 licet

90 1527 131 1566 id
157 1542 335 1580 quoque,
366 1530 472 1580 quod
501 1530 750 1567 criminaliter
785 1530 957 1580 delinqui
989 1529 1109 1566 conti-

88 1590 204 1640 gerit,
224 1590 445 1628 emendare.
464 1590 578 1639 Quod
597 1604 689 1640 ergo
706 1590 831 1627 dicitis
851 1604 872 1627 a
889 1590 1001 1627 nullis
1016 1603 1106 1640 pos-

88 1663 131 1688 se
154 1650 351 1688 observari
375 1651 423 1688 ad
449 1651 640 1701 integrum
667 1650 859 1701 quidquid
879 1665 898 1687 a
924 1651 1110 1700 magistris

91 1711 334 1761 praecipitur,
359 1724 495 1748 verum
520 1720 603 1748 est:
622 1711 691 1748 sed
718 1712 811 1748 levis
838 1712 951 1761 culpa
978 1710 1112 1747 inobe-

77 1771 243 1812 edientiae
257 1780 335 1818 est,
357 1781 396 1809 et
411 1773 529 1810 facilis
550 1786 642 1809 cura
664 1771 744 1822 ejus
758 1772 956 1809 invenitur
977 1772 1015 1808 in
1034 1775 1111 1809 Re-

1180 1126 1257 1148 non
1287 1123 1362 1159 est,
1392 1115 1463 1151 nisi
1493 1116 1526 1152 ei
1552 1117 1617 1166 qui
1650 1117 1902 1154 damnabilem
1925 1127 2044 1168 putat.
2067 1119 2178 1167 Quod

1179 1182 1368 1223 quatenus
1397 1177 1524 1225 putari
1550 1186 1750 1227 oporteat,
1779 1187 1872 1228 puto
1895 1179 1984 1215 satis
2009 1181 2181 1229 superius

1180 1232 1495 1272 demonstratum.

1519 1361 1695 1400 CAPUT
1724 1363 1837 1401 XIV.

1218 1485 1282 1515 Cur
1299 1483 1488 1515 conscientia
1502 1494 1607 1514 errans
1621 1494 1684 1515 non
1701 1494 1788 1525 :eque
1802 1490 1959 1515 convertat
1980 1485 2094 1515 malum
2111 1487 2139 1515 in

1418 1537 1536 1569 bonum
1548 1562 1555 1576 ,
1576 1538 1619 1569 uti
1636 1538 1754 1568 bonum
1768 1537 1800 1568 in
1814 1539 1940 1569 malum.

1232 1653 1294 1689 35.
1325 1656 1434 1689 Nunc
1457 1652 1536 1702 jam
1561 1651 1870 1702 respondendum
1897 1660 1952 1689 est
1977 1652 2182 1702 quaestiun-

1178 1713 1273 1749 culae
1287 1741 1296 1757 ‚
1317 1726 1401 1762 quae
1417 1712 1551 1748 incidit
1573 1710 1680 1747 vobis
1700 1725 1744 1747 ex
1767 1713 1963 1748 occasione
1983 1711 2181 1761 apostolici

1178 1771 1376 1821 praesentis
1398 1771 1565 1820 capituli.
1585 1771 1760 1818 Quzeritis
1783 1783 1941 1821 nempe,
1963 1779 2180 1806 utrumnam

41 1846 49 1853 ·
89 1833 201 1882 gula,
221 1833 253 1870 si
269 1832 424 1883 quidem
440 1833 488 1870 sit
511 1834 762 1883 transgressio
782 1831 926 1882 absque
943 1840 1113 1868 contem·
1129 1832 1156 1867 C
1179 1830 1248 1867 ista
1278 1830 1324 1866 de
1350 1830 1574 1879 idolothytis
1602 1830 1706 1866 Pauli
1740 1830 1943 1875 sententia,
1970 1832 2064 1864 Puto
2090 1834 2179 1877 quia

91 1900 173 1944 ptu.
200 1893 238 1931 Si
263 1902 391 1931 autern
411 1901 449 1930 et
474 1894 601 1944 ipsum
633 1894 763 1931 deesse
792 1892 998 1943 aliquando
1031 1906 1109 1929 non

89 1966 204 2004 posse
218 1953 463 2001 contenditis,
480 1953 519 1991 id
532 1954 689 2004 quidem
708 1954 842 1991 falsum
858 1962 915 1990 est
934 1968 941 1990 :
957 1953 1023 1990 sed
1040 1966 1110 1990 nec

91 2014 207 2060 talem
225 2023 353 2052 tamen
382 2014 683 2052 inobedientiam
704 2015 785 2053 sine
813 2028 904 2052 cura
927 2014 1110 2064 relinquit

94 2073 295 2125 diligentia
345 2076 542 2126 regularis.
588 2079 635 2112 Et
677 2076 764 2112 licet
807 2075 960 2112 fortiori
1002 2082 1110 2124 egeat

46 2127 47 2130 Ἴ
92 2135 302 2172 curationis
335 2135 644 2182 medicamento,
676 2144 779 2173 caret
814 2144 941 2172 tamen
971 2134 1109 2172 morbo

92 2195 441 2244 praevaricationis,
471 2197 546 2233 nisi
573 2210 658 2233 cum
687 2205 725 2233 et
754 2197 880 2247 ipsum
913 2196 1010 2232 forte
1034 2209 1110 2233 me-

92 2253 352 2292 dicamentum
373 2257 644 2294 contemnitur.

147 2315 214 2352 34.
245 2319 340 2364 Quae
357 2330 444 2353 cum
459 2317 511 2353 ita
527 2317 616 2362 sint,
638 2317 777 2353 frustra
795 2315 842 2352 de
859 2314 1109 2365 impossibili-

94 2382 170 2412 tate
198 2389 401 2413 causamur
427 2377 494 2427 qui
519 2377 706 2427 Regulam
738 2378 968 2426 profitemur
992 2391 998 2412 :
1029 2376 1110 2413 sru-

94 2442 172 2471 stra
198 2435 310 2473 nobis
333 2435 380 2473 de
405 2437 591 2487 peccandi
613 2438 835 2474 necessitate
862 2435 1106 2482 blandimur,

95 2502 138 2531 ut
173 2495 262 2533 ideo
295 2495 400 2546 justa
433 2497 595 2547 imperia
630 2497 878 2548 praelatorum
912 2500 994 2533 Deo
1031 2510 1107 2533 non

92 2552 334 2604 imputanda,
351 2555 417 2593 sed
439 2564 617 2605 tanquam
639 2557 838 2593 hominum
857 2564 1110 2593 contemnen-

95 2612 144 2651 da
177 2624 356 2666 putemus
390 2630 399 2653 :

95 2675 295 2713 continere
319 2685 450 2713 nostra
470 2677 658 2727 professio
685 2677 880 2723 videatur,
901 2677 933 2714 si
964 2685 1111 2713 tantum

96 2749 146 2772 ex
165 2749 210 2773 ea
230 2736 472 2783 hominihus,
497 2746 682 2787 quantum
695 2741 778 2774 Deo
795 2736 1023 2774 obedientiae
1041 2737 1111 2773 de-

96 2795 180 2833 beri
196 2798 412 2835 asserimus.
426 2799 494 2835 Cui
508 2798 609 2835 enim
620 2798 698 2848 jam
712 2799 773 2835 vel
789 2799 840 2835 ita
855 2798 1028 2848 professo
1045 2797 1113 2833 im-

97 2856 293 2908 possibile,
309 2859 387 2896 imo
409 2873 480 2909 per
500 2859 571 2897 Dei
591 2859 751 2908 gratiam
771 2872 849 2896 non
873 2858 1053 2909 perfacile
1067 2857 1113 2894 sit

97 2930 231 2955 cavere
250 2919 604 2968 praevaricationem
620 2948 630 2965 ,
647 2918 713 2955 ubi
730 2932 808 2955 non
825 2917 1107 2965 inobedientia,

97 2977 165 3015 sed
198 2978 479 3029 impoenitentia
515 2979 601 3016 facit
633 2979 994 3029 praevaricatorem?
1026 2981 1110 3014 Hoc

98 3038 265 3089 quippe,
285 3047 328 3076 ut
349 3038 429 3089 jam
448 3039 547 3086 dixi,
565 3039 830 3089 profitentium
857 3052 970 3076 nemo
991 3051 1110 3088 spon-

99 3097 185 3146 det,
207 3107 248 3136 nt
265 3098 347 3149 jam
367 3113 445 3137 non
465 3109 598 3150 peccet
619 3116 626 3137 :
648 3109 686 3137 et
706 3099 756 3137 ob
784 3100 857 3136 hoc
885 3113 962 3136 non
985 3099 1110 3135 conti-

99 3171 192 3204 nuo,
211 3168 253 3196 ut
268 3160 457 3211 quispiam
474 3161 602 3210 aliquo
618 3160 735 3197 modo
750 3173 829 3196 non
847 3158 992 3204 obedit,
1015 3172 1111 3208 prae—

103 3219 351 3257 varicatorem
381 3233 420 3257 se
448 3221 667 3267 constituit;
691 3220 763 3258 nisi
789 3220 914 3269 quise
936 3219 1033 3255 forte
1059 3218 1111 3254 sic

153 3358 272 3388 ¹1Cor.
293 3370 373 3397 v111,
393 3360 444 3391 ll.
462 3378 505 3382 ——
522 3365 535 3381 ²
556 3362 648 3391 Rom.
665 3370 735 3395 Xiv,
758 3360 794 3389 14.
808 3382 814 3394 ,
833 3364 860 3387 et
882 3361 895 3387 1
915 3356 995 3387 'l'inr
1020 3367 1063 3386 ιν.
1087 3357 1115 3385 31.
1134 3372 1163 3375 --

1177 1890 1279 1925 m'ltll
1295 1903 1490 1925 commune
1513 1898 1564 1924 cst
1588 1894 1625 1924 in
1656 1889 1811 1931 (striato,
1838 1893 1912 1923 msc'
1931 1893 1966 1923 ei
1989 1893 2054 1936 qui
2067 1895 2181 1935 putat

1177 1953 1274 1999 quid
1297 1963 1490 1986 commune
1519 1963 1607 1993 esse,
1634 1952 1690 1984 illi
1715 1962 1906 1983 commune
1935 1958 2007 1991 est,-
2033 1956 2070 1984 et
2096 1961 2181 1984 rur—

1177 2025 1259 2049 sum
1276 2039 1285 2056 ,
1314 2013 1355 2047 Si
1380 2012 1594 2053 comederit,
1622 2012 1823 2044 (lmmmctcs
1843 2018 1910 2053 est,
1932 2013 2023 2056 quia
2044 2022 2116 2043 non
2134 2022 2181 2043 ex*

1164 2070 1296 2120 fidc33
1316 2073 1354 2109 in
1378 2072 1592 2122 generalem
1618 2071 1784 2119 regulam
1811 2070 1904 2106 trahi
1932 2069 2067 2119 possit,
2089 2081 2182 2118 qua-

1178 2142 1287 2170 tenus
1315 2133 1458 2169 malum
1480 2130 1635 2168 cuilibet
1654 2130 1700 2166 sit
1728 2130 1870 2166 bonum
1899 2143 2053 2179 quoque
2077 2127 2179 2178 quod

1175 2194 1274 2244 agit,
1299 2194 1327 2230 si
1354 2193 1494 2229 malum
1516 2204 1596 2227 esse
1618 2189 1839 2235 crediderit,
1865 2203 1906 2226 ac
1935 2198 2078 2225 tantum
2104 2201 2180 2224 ma-

1178 2255 1277 2299 lum,
1307 2261 1493 2303 qnantum
1529 2250 1744 2288 crediderit.
1775 2249 1886 2298 Quod
1921 2250 1949 2286 si
1979 2262 2175 2292 annuere,

1179 2328 1328 2351 rursum
1351 2313 1507 2364 pergitis
1527 2312 1740 2361 inquirere,
1765 2325 1832 2347 cur
1855 2323 1931 2346 non
1950 2324 1969 2346 e
1990 2308 2178 2345 contrario

1178 2382 1324 2410 tantum
1346 2374 1484 2423 cuique
1500 2371 1645 2408 bouum
1667 2371 1712 2407 sit
1733 2370 1835 2420 quod
1851 2378 2042 2420 operatur,
2060 2381 2180 2418 quan-

1179 2443 1257 2471 tum
1285 2435 1345 2471 vel
1377 2435 1469 2470 falso
1498 2432 1686 2482 opinatur.
1718 2431 1855 2468 Mirum
1881 2430 2024 2479 quippe
2053 2428 2177 2472 robis,

1177 2495 1255 2532 imo
1279 2503 1316 2531 et
1332 2493 1515 2543 injustum
1540 2492 1701 2537 videtur,
1718 2499 1758 2527 ut
1776 2490 1860 2539 plus
1879 2490 1914 2525 in
1935 2490 2045 2534 malo,
2065 2501 2178 2537 quam

1174 2556 1211 2592 in
1239 2555 1344 2593 bono
1373 2555 1548 2591 humanae
1576 2552 1697 2588 v‹aleat
1728 2548 1945 2586 intentionis
1970 2548 2112 2597 opinio.
2141 2548 2179 2583 Si

435 2629 485 2652 ne
516 2629 598 2653 rem
634 2617 809 2654 videlicet
839 2616 1114 2667 impossibilem
1133 2622 1165 2655 D
1182 2616 1419 2668 respondero
1434 2645 1442 2661 ,
1465 2614 1511 2650 de
1540 2613 1646 2649 malis
1667 2610 1818 2661 quidem
1844 2609 1978 2645 merito
1997 2608 2048 2644 ita
2074 2608 2178 2644 credi

1180 2686 1341 2728 propter
1358 2676 1511 2713 oculum
1530 2685 1690 2722 nequam
1709 2686 1716 2707 :
1736 2668 2011 2719 respondebitis
2031 2676 2068 2704 et
2085 2668 2178 2704 mihi

1180 2751 1258 2774 uon
1282 2736 1472 2773 immerito
1494 2745 1645 2783 quoque
1672 2738 1830 2780 propter
1853 2728 2060 2777 simplicem
2089 2741 2179 2763 ocu-

1179 2799 1257 2835 lum
1279 2796 1379 2834 idem
1401 2808 1507 2844 aeque
1522 2791 1732 2843 putandum
1750 2797 1786 2826 et
1802 2789 1848 2825 de
1865 2788 1987 2824 bonis.
2003 2791 2097 2825 Nam
2112 2788 2179 2837 qui

1180 2858 1276 2895 dixit
1302 2871 1347 2893 ex
1378 2856 1488 2892 oculo
1514 2864 1675 2901 nequam
1692 2849 1864 2898 corporis
1886 2847 2059 2884 tenebras
2083 2849 2179 2884 aesti-

1180 2918 1294 2962 mari,
1316 2914 1498 2952 indicavit
1519 2921 1555 2948 et
1575 2911 1620 2946 de
1643 2909 1803 2959 simplici
1820 2908 1941 2944 lucem
1962 2920 2067 2956 aeque
2095 2921 2178 2943 cor-

1177 2977 1281 3027 poris
1303 2973 1550 3025 apl)1'ol)a1‘i⁴'.
1576 2970 1648 3009 Sed
1668 2969 1812 3013 videte,
1833 2981 1879 3004 ne
1904 2968 2001 3004 forte
2027 2981 2104 3004 non
2131 2967 2178 3003 sit·

1179 3051 1265 3074 vere
1284 3036 1414 3072 oculus
1433 3032 1615 3082 simplex,
1639 3031 1703 3080 qui
1721 3030 1874 3066 fallitur.
1894 3028 2050 3066 Fallitur
2075 3027 2175 3063 enim

1178 3106 1253 3134 tam
1281 3095 1346 3145 qui
1366 3093 1510 3130 bonum
1533 3092 1693 3137 malum,
1721 3103 1833 3139 quam
1860 3089 1924 3138 qui
1947 3088 2084 3124 malum
2109 3086 2177 3122 bo·

1178 3170 1268 3194 num
1305 3153 1508 3205 putaverit.
1540 3151 1648 3190 Scitis
1679 3159 1802 3186 autem
1834 3157 2009 3185 neutrum
2038 3146 2173 3181 horum

1178 3220 1242 3252 Vre
1271 3213 1363 3251 illud
1397 3213 1539 3249 evitare
1560 3210 1846 3261 propheticum,
1874 3211 1940 3242 1⁷oe
1964 3211 2029 3255 qul
2055 3207 2174 3240 (licitis

1196 3354 1205 3374 ³²
1222 3356 1311 3382 Rom.
1327 3362 1395 3380 xiv.
1421 3352 1469 3385 ἑὲ,
1490 3352 1540 3378 133,
1559 3366 1601 3369 —
1617 3348 1629 3371 4'
1648 3345 1759 3377 Manli.
1776 3356 1805 3373 w
1819 3368 1825 3380 ,
1852 3346 1901 3372 ‘12:5.
