2517 3936
82 218 179 256 1045

688 222 754 257 DE
783 222 1213 260 CONSIDERATIONE
1242 226 1389 261 LIBER
1418 228 1485 262 111.

2061 233 2160 272 104ss

77 310 182 335 suam
201 296 486 342 innocentiam,
518 296 698 334 malitiam
716 299 960 337 convicturi?
989 298 1145 337 Dico⁴²⁹
1156 305 1318 339 Prorsus
1348 303 1522 339 fovendae
1549 311 1586 340 ct
1614 317 1729 341 manu
1757 307 1930 344 tenendae
1957 318 2044 345 sunt
2066 325 2073 346 :
2096 312 2162 348 sed

77 356 181 407 quod
203 356 329 393 dicere
361 355 409 393 ad
435 356 516 392 haec
545 357 670 393 solent
702 373 710 394 ι
738 359 927 396 :Nolumus
953 360 1085 397 vexari
1102 366 1135 399 A
1155 375 1249 410 quas
1272 362 1434 398 extorsit
1455 363 1679 409 necessitas,
1704 377 1781 400 non
1802 366 1981 404 calliditas
2001 368 2159 406 adinve-

77 417 229 453 srustra.
260 419 305 453 In
339 415 444 452 curia
469 429 574 462 esse,
602 417 668 465 qui
698 418 908 466 proclivius
939 420 1089 456 faveant

79 475 388 527 appellantibus,
418 476 573 512 foveant
605 477 893 526 appellationes.
920 480 1088 518 Cessuris

75 541 229 584 Romae,
251 536 356 574 domi
376 536 511 573 cedere
531 537 660 574 satius.

128 598 166 635 9.
195 601 333 636 Fateor
367 610 427 634 me
458 610 538 634 non
567 597 728 647 omnino
756 597 993 636 decredere*
1018 600 1088 637 his.

76 660 198 706 Quem
219 656 286 694 da's
315 657 409 693 mihi
436 656 474 693 in
498 665 572 693 tam
601 656 744 694 crebris
767 658 1090 707 appellationibus

75 730 160 767 quae
181 717 297 754 hodie
322 717 419 754 fiunt
435 745 444 763 ‚
471 717 538 766 qui
560 730 634 767 pro
660 718 838 767 expensis
860 718 1007 756 itineris
1029 719 1088 756 vel

74 790 277 814 nummum
302 776 514 813 restituerit
532 776 613 822 illi,
643 789 758 826 quem
791 777 888 814 forte
918 779 1089 828 appella-

75 838 149 876 rit?
173 837 315 875 Mirum
348 851 441 874 vero
476 837 506 874 si
537 837 589 874 ita
620 851 754 875 omnes
783 847 820 875 et
851 840 1087 889 appellantes

69 897 188 948 justi,
221 906 259 935 et
289 898 471 948 appellati
501 898 557 934 rei
588 907 718 935 vestro
743 899 918 936 examine
941 900 1087 937 inventi

74 957 161 995 sint.
180 961 351 1006 Diligite,
369 957 722 1007 inquit,jtcstiti(1m,
738 964 801 1008 qai
811 961 996 1005 judicatis
1017 970 1088 996 ter-

74 1031 155 1055 ram
172 1024 197 1055 ¹.
218 1022 358 1056 Parum
385 1026 441 1055 est
459 1017 648 1067 justitiam
670 1028 819 1065 tenere,
843 1021 914 1057 nisi
936 1029 973 1057 et
999 1021 1087 1059 dili-

1155 421 1223 457 nit.
1250 422 1514 471 [surpatoriae
1545 431 1634 458 sunt
1661 423 1881 472 hujusmodi
1913 440 2063 474 omnes,
2083 443 2160 465 non

1156 480 1428 517 subvenientes
1446 481 1484 517 in
1507 482 1748 528 necessitate,
1769 483 1834 519 sed
1851 485 2078 533 opitulantes
2093 488 2162 524 ini—

1156 539 1304 589 quitati.
1323 540 1467 589 Quidni
1489 542 1644 578 veniant
1662 542 1700 578 in
1719 547 2007 593 contemptum?
2025 548 2164 594 Quanti

1156 608 1199 635 ut
1231 599 1367 637 talibus
1388 614 1544 650 quoque
1567 601 1781 649 deferrent,
1804 603 1917 640 etiam
1939 604 1984 641 de
2005 607 2163 655 proprio

1157 673 1303 697 cessere
1329 660 1438 709 jure,
1457 674 1505 698 ne
1530 662 1645 711 longo
1670 671 1707 700 et
1735 676 1840 699 casso
1865 664 2002 701 itinere
2029 664 2163 714 fatiga-

1156 729 1291 757 rentur
1305 722 1349 757 *Ρ
1370 722 1502 759 Plures
1518 730 1644 759 tamen
1665 736 1731 760 sua
1751 723 1923 760 amittere
1940 737 2018 760 non
2039 725 2165 760 feren-

1157 787 1233 825 tes,
1260 781 1540 831 appellationes
1567 782 1693 819 minus
1727 792 1987 832 opportunas,
2005 792 2041 820 et
2065 784 2163 821 celsa

1153 840 1311 877 nomina
1329 841 1587 892 importunius
1608 852 1934 893 contempserunt.

1212 901 1269 937 11.
1301 901 1397 938 Dico
1434 902 1595 951 aliquid,
1632 903 1737 952 quod
1771 903 1819 940 ad
1855 917 1934 941 rem
1966 905 2160 954 pertinet,

1154 961 1319 1011 exempli
1347 975 1468 999 causa.
1496 963 1658 1011 Quidam
1686 963 1757 1000 sibi
1778 963 1930 1014 publice
1951 965 2162 1015 desponsa—

1153 1029 1260 1057 verat
1289 1035 1463 1058 uxorem.
1487 1022 1605 1059 Adest
1634 1024 1712 1060 dies
1733 1024 1892 1061 celebris
1924 1025 2158 1075 nuptiarum.

72 1090 148 1128 gas.
170 1078 245 1127 Qui
266 1086 416 1126 teuent,
437 1087 588 1126 tenent;
610 1079 678 1129 qui
696 1079 880 1130 diligunt,
899 1081 1083 1119 zelantur.
1105 1080 1133 1113 B
1152 1083 1287 1117 Parata
1321 1082 1448 1118 omnia
1462 1110 1471 1126 ,
1505 1082 1652 1120 invitati
1684 1085 1805 1120 multi.
1843 1088 1889 1122 Et
1922 1097 2009 1121 ecce
2043 1084 2161 1120 homo

71 1142 233 1177 Amator
249 1137 407 1188 justitiae
426 1140 588 1190 inquirit
605 1139 815 1189 justitiam,
834 1149 871 1177 et
888 1142 1087 1192 prosequi-

72 1207 135 1237 tur
149 1212 233 1236 eam
255 1214 263 1236 ε
281 1213 400 1250 porro
415 1213 570 1236 omnem
586 1200 809 1250 injustitiam
830 1202 1085 1251 persequitur.

71 1260 131 1297 Nil
164 1259 234 1297 tibi
267 1269 305 1297 et
333 1261 425 1307 illis,
456 1261 522 1310 qui
552 1262 829 1311 appellationes
862 1263 1086 1299 venationes

71 1328 220 1371 putant.
242 1320 365 1358 Pudet
390 1321 526 1370 elogii,
547 1321 653 1370 quod
679 1321 783 1371 apud
803 1322 984 1359 Etlmicos
1005 1322 1085 1372 jam

71 1380 236 1418 vertitur
257 1380 298 1417 in
317 1380 541 1430 parabolam
561 1396 569 1417 :
588 1385 697 1418 Duos
716 1382 934 1419 movimusa
952 1396 1086 1419 cervos

70 1440 245 1492 pingues.
272 1444 326 1479 Ut
351 1441 482 1478 mitius
507 1441 667 1491 loquar,
690 1442 777 1492 plus
801 1442 945 1479 facetiae
969 1456 1084 1492 quam

69 1499 226 1550 justitiae
245 1499 320 1537 hic.
351 1503 409 1537 Tu
439 1501 471 1537 si
502 1514 606 1537 amas
623 1499 833 1549 justitiam,
853 1503 1084 1552 appellatio-

71 1573 139 1598 nes
172 1573 254 1597 non
286 1560 463 1607 affectas,
498 1560 565 1597 sed
599 1561 774 1597 sustines.
811 1564 1084 1598 Verumtamen

72 1620 166 1671 quid
185 1621 437 1658 emolumenti
464 1621 577 1658 affert
605 1622 772 1658 ecclesiis
799 1622 870 1659 Dei
892 1630 956 1659 tua
973 1624 1085 1660 unius

71 1674 239 1718 hominis
264 1680 433 1730 justitia,
460 1681 527 1718 ubi
552 1682 740 1718 sententia
765 1682 950 1732 praevalet
978 1683 1087 1720 aliter

73 1741 322 1779 affectorum?
340 1746 392 1780 At
411 1741 513 1779 istud
530 1743 606 1779 loci
620 1743 721 1780 illius
736 1742 831 1789 erit,
850 1756 936 1779 cum
954 1756 1085 1793 coepe-

72 1801 150 1839 rint
167 1802 312 1839 versari
333 1815 420 1852 quae
439 1802 539 1840 circa
559 1811 596 1840 te
617 1811 708 1840 sunt
727 1809 753 1841 ².

1154 1143 1430 1191 concupiscens
1460 1156 1621 1180 uxorem
1653 1145 1821 1194 proximi
1856 1145 1934 1191 sui,
1958 1145 1996 1180 in
2026 1158 2160 1183 vocem

1154 1202 1421 1251 appellationis
1449 1203 1657 1253 inopinatae
1693 1205 1932 1254 prorumpit,
1970 1204 2163 1240 affirmans

1156 1262 1228 1299 sibi
1253 1264 1427 1300 traditam
1449 1264 1556 1314 prius
1569 1294 1578 1311 ‚
1597 1278 1702 1302 suam
1724 1265 1853 1315 potius
1874 1278 1953 1302 esse
1973 1264 2111 1301 debere
2129 1263 2160 1301 b.

1153 1323 1287 1371 Stupet
1316 1336 1480 1372 sponsus
1495 1352 1505 1368 ,
1535 1324 1680 1360 haerent
1706 1338 1863 1369 omnes,
1886 1324 2062 1361 sacerdos
2082 1337 2161 1362 non

1153 1381 1267 1418 audet
1301 1383 1503 1433 progredi,
1537 1384 1741 1420 frustratur
1769 1384 1893 1420 omnis
1917 1384 1978 1420 ille
1998 1397 2160 1434 appara-

1153 1449 1232 1487 tus;
1257 1442 1453 1479 descendit
1474 1445 1636 1494 quisque
1658 1444 1699 1480 in
1727 1444 1884 1480 domum
1903 1457 2031 1490 suam,
2055 1457 2161 1481 suam

1152 1515 1300 1538 coenam
1322 1503 1622 1541 manducaturus
1644 1520 1651 1541 :
1674 1517 1815 1554 sponsa
1833 1518 1853 1540 a
1873 1517 2003 1541 mensa
2021 1512 2057 1540 et
2079 1503 2162 1540 tha-

1151 1563 1252 1598 lamo
1266 1564 1398 1613 sponsi
1411 1565 1677 1615 suspenditur,
1699 1578 1900 1614 quousque
1914 1568 2037 1601 Roma
2055 1564 2160 1600 redi—

1155 1631 1232 1659 tum
1253 1632 1319 1660 est.
1340 1625 1506 1662 Parisius
1528 1626 1686 1675 contigit
1704 1626 1797 1671 hoc,
1816 1624 1936 1662 nobili
1952 1624 2161 1663 Galliarum

1153 1684 1324 1730 civitate,
1354 1685 1442 1722 sede
1462 1687 1575 1735 regia.
1601 1690 1769 1723 Rursum
1792 1686 1830 1722 in
1853 1686 2002 1722 civitate
2029 1684 2162 1721 eadem

1157 1744 1312 1794 quidam
1343 1745 1413 1782 sibi
1446 1746 1675 1796 desponsata
1696 1759 1818 1782 uxore
1840 1745 1939 1782 diem
1966 1744 2164 1781 constituit

1158 1805 1393 1854 nuptiarum.
1414 1807 1572 1843 Interim
1595 1807 1754 1856 emergit
1774 1806 1979 1851 calumnia,
2002 1804 2163 1841 dicenti-

131 1863 192 1900 10.
222 1866 334 1900 Nunc
352 1876 443 1900 vero
457 1876 536 1900 non
554 1872 589 1900 te
605 1864 800 1901 existimes
817 1863 941 1901 otiose
955 1877 1090 1901 vacare
1111 1865 1138 1900 C
1158 1863 1231 1901 bus
1257 1865 1488 1915 quibusdam
1510 1881 1587 1904 non
1614 1867 1755 1904 debere
1776 1865 1968 1915 conjungi.
1986 1865 2045 1902 Ad
2058 1864 2166 1914 judi-

74 1923 374 1961 considerationi
393 1924 502 1970 huic,
524 1938 599 1974 qua
623 1925 902 1975 appellationes
923 1924 972 1961 ad
993 1925 1091 1974 legi-

75 1983 210 2020 timum
222 2013 232 2030 ,
250 1983 282 2020 si
301 1984 384 2021 fieri
403 1992 532 2035 potest
544 2013 554 2030 ‚
572 1998 727 2021 revoces
744 1997 868 2022 usum.
888 1989 936 2022 Et
953 1985 982 2022 si
1000 1985 1089 2022 hinc

73 2056 155 2081 mea
169 2052 368 2094 quaeratur,
378 2045 439 2082 vel
455 2045 585 2095 potius
600 2053 758 2082 curetur
772 2045 960 2082 sententia
975 2075 985 2092 ‚
1001 2045 1087 2082 dico

74 2105 351 2154 appellationes
385 2113 429 2142 ut
461 2118 540 2142 non
573 2105 897 2150 contemnendas,
933 2106 986 2142 sic
1018 2119 1087 2143 nec

74 2165 315 2216 usurpandas
348 2166 521 2203 omnino.
552 2169 674 2203 Porro
702 2166 841 2203 horum
868 2165 961 2215 quid
988 2166 1089 2203 inso-

72 2226 213 2264 lentius
247 2240 422 2264 censeam
435 2256 445 2274 ,
482 2226 586 2263 haud
627 2227 735 2264 facile
772 2226 932 2263 dixerim
970 2242 977 2263 :
1016 2226 1088 2263 nisi

73 2286 178 2337 quod
217 2287 418 2337 usurpatio
457 2287 664 2337 quamdam
708 2287 863 2324 videtur
904 2287 1087 2323 inducere

73 2355 317 2398 contemptus
350 2348 622 2396 vnecessitatem
635 2377 645 2394 ,
685 2361 728 2384 ac
767 2361 837 2397 per
876 2347 951 2384 hoc
989 2347 1086 2384 forte

72 2407 196 2445 acrius
215 2408 457 2455 insectanda,
478 2422 564 2458 qnae
581 2409 745 2459 amplius
765 2417 890 2458 nocet.
910 2412 987 2445 Aut
1005 2421 1085 2444 non

72 2480 162 2505 vere
184 2469 386 2506 nocentior
405 2477 482 2514 est,
502 2469 601 2506 mala
623 2470 661 2505 in
683 2482 722 2506 se
735 2499 744 2515 ,
761 2469 799 2505 in
818 2476 931 2518 partu
948 2467 1087 2518 pejor?

71 2530 207 2566 Nonne
235 2528 319 2579 ipsa
337 2537 393 2566 est
411 2542 497 2578 quae
522 2529 649 2579 ipsum
671 2528 735 2578 jus
758 2541 914 2578 quoque
938 2536 1084 2565 naturae

73 2596 137 2625 aut
156 2596 354 2635 extenuat,
371 2597 438 2625 aut
457 2589 711 2626 exterminat?
732 2592 827 2626 Nam
849 2601 949 2638 saepe
970 2587 1084 2625 rebus

1159 1925 1260 1962 cium
1281 1927 1457 1964 Ecclesiae
1474 1940 1586 1963 causa
1605 1927 1727 1964 delata
1747 1934 1803 1963 est
1823 1941 1829 1962 :
1847 1925 1913 1963 sed
1931 1938 2008 1961 non
2028 1937 2165 1974 exspe-

1158 1993 1256 2022 ctata
1274 1987 1482 2033 sententia,
1505 1988 1739 2037 appellatum
1761 1995 1817 2024 est
1834 1987 1915 2023 sine
1932 1998 2064 2030 causa,
2085 1984 2164 2021 sine

1155 2046 1397 2094 gravamine,
1425 2047 1507 2084 solo
1530 2048 1779 2084 frustratoriae
1803 2046 1993 2083 dilationis
2012 2044 2164 2082 intuitu.

1154 2110 1204 2143 At
1224 2106 1286 2143 ille
1300 2136 1309 2152 ,
1329 2107 1407 2143 sive
1434 2107 1596 2156 perdere
1618 2121 1703 2156 quae
1724 2115 1876 2157 pararat
1891 2135 1900 2152 ‚
1924 2106 2002 2143 sive
2019 2105 2163 2141 dilectae

1156 2166 1300 2203 tamdiu
1327 2167 1500 2203 frustrari
1521 2168 1716 2204 consortio
1740 2167 1897 2213 nolens,
1916 2165 2164 2202 nihilominus

1156 2227 1261 2276 quod
1287 2236 1561 2277 proposuerat,
1590 2236 1810 2277 contempta
1831 2228 1908 2264 sive
1931 2226 2165 2263 dissimulata

1154 2287 1410 2336 appellatione
1430 2287 1589 2337 peregit.
1608 2286 1709 2335 Quid
1730 2287 1824 2323 illud
1849 2286 1952 2337 quod
1978 2287 2017 2322 in
2037 2285 2164 2322 Autis-

1153 2346 1366 2383 siodorensi
1383 2347 1538 2383 ecclesia
1556 2360 1681 2397 nuper
1695 2360 1715 2383 a
1733 2347 1901 2396 quodam
1922 2346 2162 2383 adolescente

1153 2415 1428 2456 praesumptum
1448 2408 1528 2443 est?
1555 2411 1699 2456 Nempe
1729 2407 1910 2444 defuncto
1934 2415 2063 2443 sancto
2081 2405 2159 2454 epi-

1153 2479 1270 2516 scopo
1286 2496 1295 2512 ,
1318 2466 1535 2503 volentibus
1563 2467 1708 2504 clericis
1728 2467 1842 2503 alium
1856 2497 1865 2513 ,
1883 2476 1925 2503 ut
1946 2466 2061 2503 moris
2078 2473 2155 2509 est,

1153 2527 1290 2576 eligere
1312 2527 1403 2573 sibi,
1425 2527 1631 2564 intervenit
1651 2528 1713 2563 ille
1735 2527 1948 2576 appellans,
1965 2534 2003 2562 et
2027 2533 2158 2561 vetans

1153 2601 1200 2624 ne
1214 2589 1332 2634 fieret,
1349 2601 1549 2637 quousque
1564 2588 1653 2624 isset
1667 2596 1703 2624 et
1725 2587 1883 2624 redisset
1895 2586 1941 2622 ab
1953 2585 2046 2622 urbe
2068 2600 2075 2621 :
2096 2585 2158 2622 cui

72 2648 186 2684 etiam
214 2647 498 2698 pretiosissimis
527 2649 639 2699 pretii
667 2649 826 2699 gratiam
860 2662 938 2685 non
966 2648 1082 2684 modo
1100 2652 1132 2686 D
1158 2656 1281 2684 tamen
1301 2648 1633 2698 appellationinec
1650 2648 1729 2697 ipse
1744 2647 1994 2683 detulit.Nam
2010 2658 2094 2681 cum
2108 2644 2162 2680 vi-

73 2706 209 2754 demit,
227 2707 295 2745 sed
314 2708 460 2745 adimit.
478 2709 579 2757 Quid
597 2709 848 2746 Sacramentis
865 2709 1085 2758 acceptius?

71 2769 266 2818 Usurpata
285 2775 412 2805 tamen
431 2767 479 2804 ab
494 2769 675 2819 indignis,
692 2769 897 2819 indigneve
912 2776 1084 2813 tractata,

72 2828 228 2865 minime
237 2831 620 2880 acceptantur.31agis
632 2829 775 2867 habent
787 2829 1086 2875 damnationem,

72 2889 161 2938 quia
182 2888 349 2926 debitam
366 2890 656 2927 venerationem
676 2903 757 2927 non
774 2889 929 2926 habent.
949 2893 1087 2927 Fateor

71 2950 213 2999 grande
232 2959 270 2987 et
290 2951 467 3000 generale
490 2952 636 2989 mundo
650 2951 796 2989 bonum
814 2965 894 2988 esse
913 2951 1087 3001 appella-

73 3008 194 3047 tiones
223 3025 232 3047 :
261 3010 378 3060 idque
407 3019 483 3048 tam
512 3012 766 3049 necessarium
780 3041 789 3058 ‚
820 3025 935 3062 quam
966 3006 1084 3047 solem

72 3067 199 3119 ipsum
229 3070 470 3109 mortalibus.
499 3075 650 3110 Revera
676 3072 832 3123 quidam
853 3071 909 3108 sol
926 3069 1084 3119 justitiae

73 3136 148 3177 est,
167 3130 338 3180 prodens
358 3144 401 3168 ac
423 3131 659 3183 redarguens
681 3146 800 3184 opera
824 3130 1081 3169 tenebrarum.

123 3276 133 3291 ¹
151 3273 226 3314 sap.
242 3283 271 3311 1,
294 3275 325 3304 1.
351 3291 387 3296 -
402 3279 415 3295 ²
432 3273 540 3312 Infra,
568 3274 624 3306 lib.
645 3276 664 3306 4
679 3299 686 3313 ,
713 3285 781 3316 cap.
798 3277 828 3304 5.

119 3332 134 3347 ²¹
147 3331 235 3362 Alias
246 3355 254 3370 ,
270 3332 423 3365 novimus.
442 3353 482 3357 —
504 3327 520 3350 b
537 3334 625 3366 Alias
638 3334 764 3366 additur
777 3358 785 3371 ‚
807 3330 894 3374 Quid
904 3330 1025 3376 plura?

1155 2708 1261 2746 deret
1275 2723 1313 2746 se
1335 2709 1549 2754 contemni,
1568 2708 1824 2757 tanquam-qui
1846 2705 2158 2743 irrationabiliter

1153 2770 1401 2819 appellasset,
1424 2769 1551 2806 accitis
1567 2781 1663 2818 quos
1692 2767 1817 2818 potuit
1843 2766 1932 2811 sibi,
1956 2766 2064 2802 tertia
2093 2763 2154 2801 die

1154 2837 1240 2879 post
1261 2830 1396 2866 factam
1417 2828 1464 2865 ab
1492 2830 1573 2865 aliis
1593 2829 1816 2864 electionem
1831 2856 1840 2873 ‚
1862 2826 1948 2863 fecit
1970 2838 2076 2862 suam
2089 2831 2116 2861 ⁰.

1212 2890 1269 2926 12.
1302 2893 1395 2927 Cum
1424 2890 1550 2939 itaque
1572 2903 1617 2926 ex
1643 2889 1700 2925 his
1720 2897 1756 2925 et
1780 2886 1990 2924 innumeris
2019 2884 2156 2921 talibus

1153 2949 1315 2998 liqueat,
1338 2962 1415 2985 non
1431 2963 1476 2985 ex
1491 2957 1715 2998 contemptu
1730 2947 1831 2997 gigni
1847 2945 2155 2996 usurpationem,

1153 3008 1218 3045 sed
1245 3022 1292 3044 ex
1320 3009 1569 3061 usurpatione
1602 3016 1865 3057 contemptum
1889 3022 1897 3044 :
1923 3005 2062 3042 videris
2091 3013 2153 3049 tu,

1151 3068 1242 3117 quid
1264 3067 1335 3104 sibi
1356 3068 1469 3115 velit,
1492 3068 1596 3118 quod
1616 3069 1719 3105 zelus
1743 3076 1869 3105 vester
1889 3066 2036 3104 assidue
2056 3076 2154 3114 pene

1150 3127 1317 3164 vindicat
1336 3128 1442 3165 illum
1455 3156 1465 3174 ,
1488 3128 1598 3165 istam
1622 3128 1846 3166 dissimulat.
1867 3127 1932 3165 Vis
1951 3124 2154 3176 perfectius

121 3390 134 3406 ⁶
147 3388 195 3417 De
212 3391 277 3418 toto
296 3386 355 3419 hoc
369 3388 493 3430 negotio
515 3388 582 3421 fuse
596 3388 655 3431 agit
675 3387 852 3420 Bernardus
875 3385 907 3417 in
929 3384 1066 3427 epistolis
1085 3386 1148 3415 275
1165 3408 1172 3422 ‚
1191 3384 1256 3417 276
1282 3391 1311 3417 et
1338 3388 1414 3416 280.
