2533 3920
363 153 436 190 727
1140 160 1176 195 S.
1208 161 1464 196 BERNARDI
1491 161 1697 197 ABBATIS
2381 173 2452 212 728

363 231 538 269 manibus
558 236 636 269 suis
653 239 677 269 ¹.
708 236 759 270 At
776 246 868 271 vero
886 234 988 272 bona
1004 234 1116 273 bonae
1128 235 1432 274 conscientiae⁵⁶⁵
1446 239 1636 288 AEgyptiae
1659 238 1847 287 dominae,
1874 239 1913 276 id
1935 247 1991 277 est
2010 241 2141 290 gloriae
2164 246 2351 294 saeculari,
2373 253 2453 300 pal-

362 293 621 340 revirescunt,
640 293 678 329 in
696 293 892 333 laboribus
919 310 996 334 non
1024 307 1223 345 arescunt,
1246 312 1316 335 nec
1340 302 1379 335 in
1398 302 1430 337 A
1448 299 1542 337 lium
1573 299 1760 348 relinque.
1792 300 1862 337 Exi
1891 300 1939 337 de
1960 309 2083 348 terra,
2103 311 2141 340 et
2163 304 2209 342 de
2233 309 2453 357 cognatione

363 362 487 390 morte
516 363 767 402 evanescunt,
795 356 860 393 sed
886 358 1138 396 reflorescunt
1159 374 1166 396 :
1186 360 1381 397 laetilicant

363 414 557 452 viventem
576 444 586 461 ,
627 416 855 454 morientem
892 420 1142 457 consolantur
1156 449 1165 466 ,
1202 421 1380 457 reficiunt

363 484 561 513 mortuum
578 506 587 523 ,
613 490 682 514 nec
709 477 893 516 deficiunt
912 480 950 516 in
972 489 1172 518 aeternum.
1192 481 1264 519 Sed
1286 482 1379 532 quid

362 549 496 573 moror
526 537 564 573 in
596 537 749 583 verbis,
773 553 858 576 cum
881 541 997 577 modo
1027 542 1096 578 sim
1128 541 1246 579 verba
1274 543 1380 579 sactis

361 597 522 648 implere
542 601 721 648 paratus?
742 603 786 636 In
808 610 994 652 promptu
1012 612 1114 640 certe
1136 604 1204 640 tibi
1221 613 1296 651 est,
1315 613 1381 641 aut

362 671 423 695 nie
437 658 603 708 probare
616 660 838 697 mendacem
855 691 864 709 ‚
882 671 947 699 aut
969 672 1004 699 te
1026 664 1195 702 divitem.
1215 669 1377 702 Tantum

360 720 463 766 veni,
481 729 518 756 et
539 721 860 771 experire.Quam
882 724 977 761 laetis
996 726 1189 775 gressibus
1206 741 1379 764 occurre-

362 793 447 816 mus
474 795 560 817 cum
580 781 744 831 panibus
768 784 940 832 fugienti,
969 799 1084 835 quam
1110 787 1204 824 laetis
1232 789 1379 839 ample-

361 839 472 878 xibus
493 842 728 891 excipiemus
752 843 870 880 filium
901 845 1269 884 adolescentiorem?
1294 849 1378 886 Cito

359 900 579 949 proferetur
594 902 689 937 stola
708 902 846 951 prima,
861 912 898 940 et
914 904 1069 942 dabitur
1089 909 1254 945 annulus
1271 909 1309 945 in
1325 909 1379 946 di-

359 959 460 1007 gito,
484 959 710 1009 diceturque
734 976 742 997 :
765 963 836 997 Hic
853 964 962 1010 filius
979 979 1082 1002 meus
1102 967 1376 1016 ntortmcsficit‚

361 1028 397 1054 et
421 1024 628 1055 resurrexit
642 1034 655 1064 ,-
671 1026 800 1069 perlit,
822 1032 859 1059 et
878 1029 1046 1062 luventas
1063 1037 1119 1063 est
1133 1034 1159 1065 ².

619 1165 788 1175 ==v==mv=wn===
793 1168 818 1176 νι
823 1168 878 1177 »ux-
883 1169 1126 1181 =wv=0==m=x==mx=v==
1132 1173 1233 1182 xxtvxxw
1239 1174 1304 1184 m=m=
1310 1175 1349 1184 ιν*
1354 1175 1381 1184 ιω

521 1279 898 1338 EPISTOLA
954 1284 1217 1342 CDXII.a

361 1447 410 1468 AD
443 1447 475 1469 T.
513 1447 835 1483 ADOLESCENTEM,
872 1451 942 1481 QUI
980 1452 1100 1476 VITAM

781 1510 969 1536 VOVERAT.

1138 1455 1379 1480 MONASTICAM

358 1626 615 1664 Dilectissimo
661 1628 739 1665 filio
786 1643 856 1666 suo
894 1635 935 1668 T.
970 1635 1199 1670 BERNARDUS
1235 1633 1379 1672 Clarae—

412 1688 597 1725 Vallensis
634 1688 771 1736 abbas,
815 1692 921 1729 exire
955 1693 1109 1731 obviam
1152 1708 1295 1746 sponso
1342 1706 1378 1734 et

413 1762 578 1799 sponsae.

419 1882 450 1918 l.
482 1884 536 1919 Ut
565 1881 693 1919 verbis
723 1882 791 1920 tibi
813 1884 1063 1923 familiaribus
1081 1887 1241 1937 loquar;
1260 1888 1378 1925 homo
1399 1894 1425 1929 C
1444 1892 1579 1943 aperit,
1599 1900 1636 1929 et
1650 1905 1764 1928 nemo
1778 1890 1941 1938 claudit3
1959 1889 2116 1936 claudit,
2133 1899 2172 1927 et
2190 1903 2304 1928 nemo
2326 1889 2453 1941 aperit,
2485 1914 2487 1918 Α

360 1949 416 1978 cst
437 1942 577 1978 animal
601 1943 808 1991 rationale,
827 1947 1001 1984 mortale.
1023 1948 1136 1984 Aliud
1158 1948 1269 1986 nobis
1288 1945 1377 1999 gra-

363 2002 412 2038 tia
434 2004 646 2048 Creatoris,
668 2005 771 2041 aliud
797 2005 908 2043 nobis
933 2008 1062 2044 intulit
1086 2010 1263 2046 meritum
1283 2024 1378 2061 pec.-

360 2063 511 2100 catoris.
532 2068 575 2101 In
595 2079 673 2101 uno
699 2079 830 2103 sumus
846 2078 1042 2106 consortes
1061 2072 1241 2120 angelicae
1264 2072 1379 2109 nobi-

360 2123 492 2169 litatis,
513 2125 549 2161 in
572 2127 693 2162 altero
713 2126 878 2164 bestialis
893 2128 1138 2168 infirmitatis.
1158 2136 1378 2183 Utrumque

361 2193 487 2222 tamen
519 2186 633 2223 debet
663 2188 829 2225 excitare
852 2203 941 2236 nos,
970 2199 1008 2227 et
1037 2192 1188 2229 elevare
1209 2193 1255 2230 ad
1276 2208 1377 2244 quae-

360 2246 523 2283 rendum
543 2248 751 2284 Dominum
766 2279 774 2295 ‚
793 2258 831 2285 et
852 2250 967 2287 timor
985 2253 1140 2298 mortis,
1158 2262 1195 2290 et
1213 2253 1378 2303 dignitas

360 2307 530 2344 rationis.
557 2311 707 2345 Memor
737 2318 818 2346 esto
853 2311 962 2348 verbi
993 2312 1071 2358 tui,
1112 2314 1151 2350 in
1187 2328 1264 2364 quo
1289 2316 1381 2353 mihi

359 2380 466 2417 spem
498 2368 647 2406 dedisti.
683 2374 864 2408 Fructum
895 2373 1162 2422 promissionis
1193 2377 1376 2426 requirO,

360 2438 510 2479 tempus
527 2431 787 2480 requisitionis
808 2433 964 2470 advenit
982 2449 989 2470 τ
1013 2436 1092 2471 noli
1113 2435 1166 2472 ibi
1186 2437 1378 2488 trepidare

357 2491 515 2537 timore,
539 2492 606 2528 ubi
629 2506 705 2529 non
728 2502 784 2529 est
806 2494 932 2531 timor.
962 2499 1048 2532 Non
1077 2510 1175 2534 onus
1201 2506 1281 2545 est,
1311 2499 1377 2535 scd

354 2551 503 2599 honor,
527 2553 671 2589 servire
691 2554 860 2591 Domino
880 2556 918 2591 in
943 2556 1085 2594 laetitia.
1108 2558 1289 2596 Inducias
1309 2559 1377 2596 tibi

356 2611 447 2648 darc
478 2626 555 2649 non
590 2627 748 2663 possum
773 2630 781 2651 :
806 2615 899 2652 nihil
931 2617 1032 2652 enim
1061 2618 1201 2655 certius
1227 2629 1376 2667 morte,

355 2673 448 2709 nihil
468 2673 561 2710 hora
581 2676 714 2712 mortis
730 2676 925 2714 incertius.
942 2678 1014 2715 Sed
1031 2679 1123 2728 quid
1141 2680 1311 2719 dicemus
1330 2681 1377 2719 de
1398 2693 1429 2726 D

359 2742 489 2771 tenera
508 2744 616 2773 fetate
638 2739 727 2773 tua?
747 2741 866 2774 Poma
885 2752 985 2788 saepe
1003 2748 1091 2776 ante
1114 2743 1370 2780 maturitatem

359 2794 578 2831 avelluntur
596 2796 642 2832 de
661 2796 880 2841 arboribus,
904 2799 963 2834 vel
983 2812 1112 2846 manu,
1130 2802 1187 2838 vel
1208 2801 1371 2841 turbine.

361 2853 460 2901 Quid
481 2854 526 2891 de
544 2857 669 2905 specie
688 2865 724 2893 ct
741 2858 1027 2907 pulchritudine
1050 2862 1136 2896 tua?

408 2991 436 3016 ()
452 2985 587 3018 formose
603 2999 693 3030 puer,
717 2991 847 3023 nimium
864 3004 903 3024 ne
919 2995 1012 3027 crede.
1031 2997 1127 3028 colori
1144 3008 1150 3028 :

409 3040 491 3072 Alba
508 3042 635 3083 ligustra
653 3044 786 3084 cadunt,
805 3049 944 3081 vaccinia
961 3051 1049 3093 nigra
1069 3053 1213 3094 leguntur
1226 3050 1251 3083 3.

360 3158 450 3205 Exi,
482 3160 542 3196 exi
577 3175 663 3198 cuni
696 3165 840 3214 Joscph
871 3166 917 3203 de
944 3167 1060 3205 domo
1090 3170 1318 3217 Pharaonis3
1342 3179 1379 3206 et

1448 370 1535 407 tua3
1576 359 1804 397 obliviscere
1842 362 2032 411 populum
2067 371 2173 401 tuum
2188 395 2198 413 ,
2231 375 2268 404 et
2301 368 2452 412 domum

1446 422 1566 474 patris
1593 422 1670 469 tui3
1693 431 1730 459 et
1759 424 2006 473 concupiscet
2025 428 2109 462 Rex
2132 425 2310 466 decorem
2336 439 2451 474 tuum.

1446 489 1547 522 Puer
1566 488 1675 522 Jesus
1697 497 1775 520 non
1796 483 1993 522 invenitur
2009 486 2109 524 inter
2129 488 2261 527 affines
2279 499 2316 528 et
2335 503 2452 536 notos.

1448 546 1638 596 Egredere
1659 545 1705 582 de
1726 544 1843 582 domo
1864 546 1982 596 patris
2005 547 2059 584 tui
2079 548 2117 585 in
2135 562 2336 589 occursum
2352 553 2453 604 ejus:

1447 607 1536 658 quia
1555 608 1637 658 ipse
1655 620 1828 656 egressus
1849 615 1904 643 est
1921 617 2084 658 propter
2097 617 2132 646 te
2147 609 2194 647 de
2211 610 2326 649 domo
2340 617 2456 656 Patris

1447 669 1517 705 sui.
1534 673 1567 706 A
1581 681 1732 705 summo
1750 668 1848 704 coelo
1866 669 2032 718 egressio
2048 669 2144 719 ejus.
2162 672 2301 710 Merito
2317 673 2456 716 invenit
2492 714 2493 719 ,

1445 730 1553 766 illum
1579 730 1738 776 mulier,
1761 743 1847 779 quae
1868 743 1888 766 a
1910 729 2050 768 finibus
2067 731 2145 769 suis
2160 744 2308 781 egressa
2327 735 2456 776 clama-

1446 790 1530 836 bat,
1554 790 1684 827 dicens
1707 804 1716 826 t
1736 791 1919 826 Miserere
1939 794 2028 836 mei,
2048 793 2128 827 Fili
2144 794 2282 829 David.
2302 793 2370 831 Ille
2389 809 2457 834 au-

1447 859 1523 888 tem
1538 879 1547 897 ,
1573 850 1753 901 quoniam
1776 849 1914 886 diffusa
1945 858 2002 887 est
2021 852 2141 900 gratia
2166 852 2206 888 iu
2227 851 2336 890 labiis
2357 856 2453 904 suis,
2491 888 2493 891 .

1447 912 1522 948 cito
1558 909 1759 961 respondit
1787 909 1821 946 ei
1856 925 1863 947 :
1899 912 1933 945 O
1962 914 2106 958 mulier,
2136 926 2280 963 magna
2299 917 2455 964 estfides

1446 972 1620 1019 malfia!
1638 970 1716 1016 tibi,
1742 976 1841 1006 slent
1854 976 1990 1019 petisti
2003 973 2030 1009 4.

1499 1032 1535 1069 2.
1568 1034 1726 1069 Satanas
1744 1039 1914 1068 satanam
1936 1041 2064 1082 potest
2083 1032 2222 1083 ejicere
2239 1049 2248 1072 t
2267 1035 2333 1073 sed
2344 1037 2455 1087 Spiri-
2490 1063 2492 1070 ι

1396 1096 1423 1131 Β
1447 1103 1506 1131 tus
1523 1093 1694 1131 veritatis
1706 1093 1894 1143 numquid
1904 1094 1978 1131 erit
1992 1093 2062 1132 sibi
2082 1096 2321 1134 contrarius?
2333 1101 2454 1149 Ipsum

1448 1155 1565 1193 credo
1592 1155 1729 1201 fuisse,
1753 1155 1819 1205 qui
1853 1155 1900 1192 de
1935 1156 2189 1194 conversione
2218 1166 2283 1195 tua
2313 1172 2454 1199 mecum
2490 1181 2491 1200 ι

1447 1230 1518 1267 per
1540 1230 1583 1253 os
1604 1224 1713 1253 tuum
1734 1215 1978 1266 loquebatur,
2002 1217 2097 1256 Vide
2116 1231 2208 1268 ergo
2226 1227 2270 1256 ut
2290 1233 2369 1257 non
2390 1220 2454 1259 de-

1447 1278 1565 1314 clines
1592 1277 1639 1314 ad
1667 1277 1886 1324 dexteram,
1904 1278 1964 1315 vel
1989 1278 2037 1315 ad
2060 1279 2252 1317 sinistram
2275 1295 2283 1317 :
2306 1281 2372 1318 sed
2391 1296 2454 1320 ve-

1447 1339 1529 1375 nias
1546 1339 1585 1375 in
1603 1338 1917 1376 Claram-Vallem
1935 1339 2148 1377 secundum
2162 1341 2326 1379 verbum
2342 1350 2454 1382 tuum.

1447 1402 1532 1437 Hoc
1566 1399 1635 1436 tibi
1663 1398 1834 1436 breviter
1863 1409 1902 1437 et
1928 1408 2076 1438 secreto
2099 1402 2252 1453 scripsi,
2279 1403 2457 1442 mandans

1448 1475 1518 1512 per
1545 1461 1726 1499 dilectum
1756 1462 1876 1498 filium
1911 1470 2084 1499 nostrum
2120 1462 2346 1510 Girardum‚
2369 1465 2457 1502 ami-

1447 1536 1535 1559 cum
1573 1531 1694 1559 tuum.
1733 1522 1834 1560 Nihil
1872 1523 2129 1560 excusationis
2164 1524 2391 1574 praetendas.
2423 1525 2457 1564 Si

1447 1584 1617 1622 studium
1646 1592 1702 1621 est
1731 1584 1770 1620 in
1799 1597 1937 1629 causa,
1967 1584 1997 1621 si
2023 1584 2149 1622 adhuc
2170 1584 2302 1622 doceri
2322 1585 2402 1632 vis,
2423 1593 2457 1623 et
2486 1633 2489 1637 ⁴

1447 1660 1528 1683 esse
1552 1645 1623 1683 sub
1645 1645 1851 1695 magistro;
1873 1645 2054 1695 Magister
2072 1646 2199 1694 adest,
2217 1654 2254 1683 et
2273 1654 2384 1684 vocat
2403 1654 2456 1694 te,
2486 1698 2488 1701 ι

1445 1708 1509 1744 ille
1528 1707 1693 1752 scilicet,
1713 1706 1750 1742 in
1774 1720 1851 1756 quo
1868 1715 1959 1744 sunt
1973 1720 2108 1744 omnes
2129 1707 2297 1744 thesauri
2313 1706 2456 1758 sapien-

1447 1770 1507 1806 tiae
1520 1767 1842 1817 absconditi.Ipse
1854 1776 1923 1813 est,
1939 1767 2005 1817 qui
2018 1767 2335 1805 d'ocethominem
2345 1767 2456 1805 scien·

1446 1832 1557 1877 tiam,
1587 1832 1652 1880 qui
1675 1830 1822 1879 linguas
1842 1828 2047 1865 infantium
2079 1829 2167 1866 facit
2189 1829 2372 1875 disertas,
2396 1828 2456 1879 qui
2485 1832 2493 1862 s

2446 2000 2454 2018 Ι

1897 2028 2456 2040 ιιικ-ιωιινςνικιιιι-Ἃῃιιιινιιιιιηυινι

1600 2132 1979 2195 EPISTOLA
2024 2122 2319 2192 CDXI[I.¹‘

1690 2284 1737 2309 AD
1760 2283 1981 2309 RAINALDUM
2002 2281 2175 2306 ΑΒΒΑΤΕΜ
2193 2275 2221 2305 ⁰.

1479 2396 1640 2429 Novitium
1666 2395 1698 2427 in
1722 2394 1886 2438 proposito
1914 2392 2136 2425 confirmatum
2164 2391 2301 2434 benigne
2321 2389 2414 2434 recipi

1875 2449 2023 2492 postulat.

1445 2560 1614 2599 Domino
1646 2558 1774 2596 abbati
1806 2562 2030 2606 Hammo,
2062 2557 2179 2594 frater
2212 2560 2453 2603 BERNAnnus,
2480 2611 2481 2615 Ἰ

1554 2619 1744 2670 quidquid
1765 2618 1835 2656 sibi
1861 2619 1967 2669 cupit
1987 2617 2117 2668 gratiae
2137 2616 2357 2667 spiritualis.

1494 2743 1630 2781 Laudo
1669 2743 1942 2794 prudentiam,
1987 2756 2064 2792 qua
2100 2740 2332 2778 monachum
2364 2751 2455 2790 pro-

1441 2814 1525 2855 pter
1548 2805 1738 2842 novitium
1760 2806 1912 2842 tristare
1933 2803 2113 2841 timuistis
2137 2818 2144 2840 :
2167 2802 2233 2839 sed
2257 2801 2374 2851 magis
2393 2813 2457 2868 ap-

1442 2865 1567 2916 probo
1605 2867 1885 2912 humilitatem,
1921 2880 1997 2916 qua
2036 2866 2174 2902 factam
2211 2862 2453 2929 vobis-inju-

1443 2927 1535 2964 riam
1550 2956 1559 2973 ,
1582 2936 1620 2964 et
1640 2936 1715 2964 tam
1739 2927 1922 2978 grandem
1944 2925 2124 2976 injuriam
2139 2955 2148 2972 ,
2170 2933 2247 2961 tam
2265 2930 2450 2974 patienter

1444 2989 1583 3025 tulistis
1606 3004 1613 3026 :
1633 2988 1989 3039 incomparabiliter
2006 2995 2134 3024 autem
2150 2985 2314 3036 praefero
2332 2982 2454 3022 chari-

1446 3058 1585 3095 tatem,
1616 3064 1692 3100 qua
1720 3051 1907 3087 calamum
1933 3057 2155 3100 quassatum
2176 3060 2254 3084 non
2282 3043 2453 3096 patiendo

1446 3111 1607 3157 conteri,
1633 3120 1807 3148 nostrum
1829 3119 2010 3161 expetere
2029 3109 2232 3147 consilium
2249 3108 2284 3145 ei
2300 3105 2454 3144 suadere

1447 3172 1618 3209 curastis.
1642 3175 1673 3210 Ο
1697 3171 1869 3222 prudens
1891 3170 2103 3216 humilitas,
2122 3168 2352 3218 humilisque
2371 3165 2454 3203 cha-

409 3296 416 3310 '
440 3291 519 3322 Psill.
542 3303 638 3330 Lxxv,
657 3298 688 3323 (ἲ.
712 3313 751 3317 —-
772 3300 782 3315 ²
800 3298 871 3327 Luc.
892 3308 944 3331 xi„
969 3300 1022 3331 ΤΗ,
1049 3301 1105 3329 539..
1126 3318 1167 3321 m„
1188 3298 1200 3320 3
1221 3299 1367 3341 virgilius
1383 3325 1389 3336 ,
1417 3301 1580 3333 Bucolicon
1612 3302 1675 3343 ligi.
1698 3306 1728 3336 ΤΣ,
1755 3312 1836 3333 xers.
1863 3304 1914 3338 17,
1948 3303 1998 3331 18.
2017 3318 2061 3322 —-
2078 3298 2090 3325 4
2108 3297 2225 3331 Mauh.
2251 3309 2306 3332 xv,
2327 3300 2366 3329 22
2381 3320 2388 3335 ‚
2404 3297 2452 3326 28-

408 3357 420 3370 ²
437 3354 572 3396 Epistola
596 3367 686 3386 noxa.
704 3375 747 3378 μ
769 3350 784 3372 ¹¹
799 3360 900 3388 Antea
920 3358 1048 3399 epistola
1069 3362 1147 3389 3⁸9.
1176 3379 1209 3382 —
1224 3366 1236 3380 c
1259 3361 1514 3395 t·‘1=sni:w‹=1·s1·m,
1533 3367 1561 3391 ut
1581 3368 1675 3403 puto7
1697 3361 1734 3391 ad
1751 3372 1842 3402 quem
1859 3359 1985 3401 epistola
2010 3360 2050 3387 '1⁷¹2
2077 3368 2105 3393 <⁸1
2124 3368 2296 3406 sequente&
