2565 3952
95 159 167 196 205

1012 153 1278 189 EPISTOLAE.

144 246 275 273 eorum
318 233 433 269 frater
476 235 701 268 Bssnxxnncs
738 229 857 268 abbas
896 230 1020 267 dictus
1061 229 1137 267 de⁰

2116 161 2191 197 20ss

1143 228 1154 246 ⁷
1176 240 1212 268 et
1229 231 1528 270 descendentes5
1546 248 1553 269 :
1572 235 1760 284 numquid
1778 244 1940 273 stantem
1956 242 2190 291 quempiam,

143 293 396 339 Clara-Valle,
425 306 510 342 quae
539 301 641 329 recta
668 301 757 329 sunt
783 291 936 338 videre,
965 292 1110 329 consti·
1127 296 1158 329 Α
1178 292 1255 328 sive
1276 291 1500 329 sedentem?
1522 297 1607 330 Non
1635 303 1690 331 est
1713 304 1812 331 stare
1841 298 2000 333 omnino
2030 299 2067 335 in
2096 314 2194 349 pen-

144 364 250 393 tuere
259 384 269 401 ,
287 362 325 391 et
346 362 487 390 tenere.

145 480 178 516 1.
207 480 356 514 Irascor
377 473 697 525 occupationibus
724 475 840 521 meis,
867 474 1008 524 quibus
1035 474 1108 510 im-

91 539 226 593 pedior
266 538 448 575 interesse
492 536 700 574 conventui
746 544 895 583 vestro,
943 549 1109 586 corpore

91 611 215 640 tamen
236 599 434 637 duntaxat.
463 602 556 636 Nam
585 598 762 648 spiritum
790 612 859 635 nec.
884 599 1005 648 spatia
1027 606 1108 635 ter-

91 674 236 708 rarum,
263 673 333 697 nec
355 658 466 696 turba
495 672 674 696 curarum
703 657 905 695 absentare
926 666 1075 707 queunt
1098 673 1105 695 :

90 722 232 774 quippe
277 728 451 757 orantem
489 733 562 770 pro
600 718 731 765 vobis,
774 720 1107 769 congratulantem

89 782 360 832 vobis,watque
389 781 427 818 in
460 779 571 817 vobis
601 780 876 831 quiescentem.
902 784 988 818 Non
1019 794 1104 826 me,

88 845 264 896 inquam,
293 852 512 882 sanctorum
545 851 674 893 potest
706 856 836 880 carere
865 851 1105 890 conventus,

90 920 159 945 nec
183 906 259 943 loci
290 906 514 957 corporisve
547 904 727 942 distantia
756 905 884 955 privat
904 919 1064 955 prorsus
1088 920 1109 943 a

89 966 249 1006 consilio
266 965 459 1016 justorum
473 995 481 1011 ,
505 974 543 1003 et
563 965 862 1015 congregatione
882 980 889 1002 z
910 965 976 1002 illo
1004 979 1108 1015 prae-

1177 352 1269 389 dulo
1303 353 1445 402 fragilis
1483 355 1614 400 scalae;
1650 368 1775 405 neque
1820 357 1858 393 in
1901 358 2048 396 incerto
2080 361 2194 410 hujus

1177 414 1349 450 mortalis
1366 414 1453 451 vita?
1477 414 1688 464 quidquam
1714 417 1751 454 iu
1771 418 1907 454 eodeni
1925 428 2023 455 statu
2043 434 2195 470 perma-

1177 482 1254 509 net.
1276 477 1362 511 Non
1379 473 1565 512 habemus
1582 476 1642 513 hic
1659 486 1877 514 manentem
1895 479 2085 516 civitatem
2097 510 2105 526 ,
2125 495 2194 518 nec

1177 535 1344 572 suturam
1362 535 1486 572 adhuc
1500 537 1759 586 possidemus,
1779 538 1845 575 sed
1863 539 2102 589 inquirimus.
2121 547 2196 579 Aut

1175 597 1358 635 ascendas
1376 611 1530 635 necesse
1551 607 1624 646 est,
1643 609 1709 636 aut
1726 599 1932 637 descendas
1951 617 1958 638 2
1977 602 2007 639 si
2033 610 2195 640 attentas

1176 667 1296 706 stare,
1326 672 1415 696 ruas
1441 673 1595 697 necesse
1616 669 1684 697 est.
1714 661 1871 698 Minime
1904 676 1975 713 pro
2003 672 2108 700 certo
2140 673 2197 700 cst

1175 720 1320 768 bonus,
1338 721 1405 771 qui
1433 722 1568 759 melior
1586 736 1667 759 esse
1694 736 1772 759 non
1797 723 1904 760 vult:
1924 732 1962 760 et
1977 722 2044 760 ubi
2061 724 2198 775 incipis

1176 782 1278 819 nolle
1297 782 1378 819 fieri
1397 783 1546 829 melior,
1566 783 1619 821 ibi
1638 783 1751 821 etiam
1770 784 1910 821 desinis
1930 798 2011 822 esse
2028 784 2167 822 bonus.

1230 844 1267 881 4.
1299 843 1497 881 Recedant
1513 845 1626 882 etiam
1645 859 1665 882 a
1683 859 1743 882 me
1762 854 1798 882 et
1816 859 1836 882 a
1853 845 1965 883 vobis
1982 846 2047 896 qui
2066 846 2199 883 dicunt

1175 903 1322 941 bonum
1353 906 1518 953 malum,
1546 914 1584 942 et
1610 907 1754 943 malum
1783 906 1944 944 bonum.
1962 908 2037 956 Qui
2065 907 2199 945 dicunt

1177 966 1322 1003 cultum
1352 965 1509 1016 justitiae
1545 968 1706 1014 malum,
1728 967 1924 1018 quodnam
1945 967 2092 1006 bonum
2118 968 2197 1018 jam

89 1029 218 1068 sertim
244 1029 426 1074 consilio,
445 1028 483 1065 in
504 1042 582 1078 quo
608 1041 688 1065 non
709 1027 909 1064 hominum
933 1027 1110 1064 traditio·
1130 1030 1158 1065 B
1177 1026 1323 1064 bonum
1355 1029 1571 1078 reputaturi
1607 1030 1721 1066 sunt?
1749 1033 1880 1067 [num
1910 1029 2072 1066 verbum
2105 1030 2196 1066 olim

89 1090 183 1128 nes*
198 1088 429 1127 obstinatius
447 1089 709 1135 defensantur,
726 1096 790 1125 aut
807 1088 1110 1138 superstitiosius

87 1151 360 1198 observantur;
380 1150 446 1188 sed
468 1150 673 1200 diligenter
693 1149 966 1199 humiliterque
987 1149 1111 1199 inqui-

86 1213 196 1259 ritur,
220 1227 305 1263 quae
336 1212 383 1250 sit
414 1212 594 1249 voluntas
625 1211 696 1248 Dei
725 1210 845 1256 bona,
866 1219 904 1247 ct
923 1209 1111 1260 benepla-

87 1287 192 1320 cenS,
225 1282 263 1310 et
293 1273 476 1323 perfecta.
509 1273 605 1309 Illuc
641 1280 722 1308 toto
762 1270 953 1308 desiderio
988 1271 1106 1316 feror,

87 1334 293 1372 devotione
311 1334 512 1379 immoror,
539 1332 788 1370 condelector
813 1345 964 1379 amore,
984 1332 1108 1369 inhae-

88 1408 154 1434 reo
173 1407 381 1441 consensu,
405 1393 651 1430 aemulatione
671 1393 849 1443 persisto.

141 1455 176 1493 2.
205 1458 261 1493 Ne
286 1467 378 1504 ergo
402 1454 443 1491 in
460 1467 624 1491 vacuum
641 1467 712 1491 vos
731 1452 851 1505 (quod
872 1452 986 1505 absit)
1007 1467 1106 1490 con-

87 1515 234 1554 venisse
273 1514 514 1553 subsannent
550 1514 617 1564 qui
649 1514 783 1551 dicunt
815 1513 945 1561 vobis,
978 1516 1104 1565 Euge!

87 1580 198 1628 euge!
229 1576 471 1624 contendite,
499 1575 681 1621 obsecro,
713 1575 836 1614 bonas
868 1576 992 1613 facere
1022 1577 1104 1614 vias

86 1647 230 1677 vestras
245 1647 283 1676 et
298 1637 423 1676 studia
438 1646 576 1684 vestra,
589 1651 675 1688 quae
691 1638 866 1688 profecto
879 1637 992 1675 nimis
1008 1636 1110 1676 bona

89 1711 168 1736 esse
204 1712 284 1736 non
313 1706 490 1750 possunt.
523 1701 615 1735 Esto
647 1697 754 1748 quod
786 1697 910 1748 possis
947 1697 1108 1735 nimium

89 1759 256 1798 fortassis
275 1773 356 1798 esse
371 1759 519 1810 justus,
537 1759 662 1810 possis
678 1768 716 1796 et
736 1759 898 1796 nimium
922 1761 1075 1811 sapiens
1098 1776 1106 1798 ε

1178 1089 1330 1126 locutus
1360 1098 1416 1126 est
1444 1090 1652 1137 Dominus,
1682 1098 1720 1126 et
1746 1090 1925 1127 Pharisaei
1954 1090 2198 1128 scandalizati

1177 1149 1307 1188 suntss.
1336 1156 1385 1188 At
1411 1165 1535 1188 novos
1553 1165 1656 1188 nunc
1677 1151 1888 1189 Pharisaeos
1909 1165 1989 1188 non
2006 1151 2167 1188 verbum
2187 1181 2196 1199 ,

1177 1211 1244 1248 sed
1286 1212 1478 1248 silentium
1519 1212 1760 1249 scandalizat.
1790 1216 1834 1249 In
1873 1212 1948 1249 hoc
1980 1226 2059 1249 uno
2096 1221 2198 1250 certe.

1177 1272 1395 1318 advertitis,
1416 1273 1521 1323 quod
1539 1274 1780 1311 occasionem
1802 1283 1981 1323 quaerunt
1996 1274 2199 1311 adversum

1176 1346 1256 1369 vos.
1276 1333 1350 1371 Sed
1368 1333 1479 1370 sinite
1495 1334 1600 1381 illos,
1619 1334 1708 1370 caeci
1729 1343 1835 1380 sunt,
1856 1334 1971 1371 duces
1993 1348 2196 1373 caecorum.

1174 1394 1369 1431 Intendite
1414 1395 1526 1432 saluti
1564 1396 1839 1446 parvulorum,
1884 1408 1964 1432 non
2007 1397 2197 1433 murmuri

1175 1456 1470 1493 malevolorum.
1490 1460 1574 1494 ‘Non
1602 1456 1712 1494 valde
1740 1457 1894 1493 illorum
1923 1456 2033 1494 vohis
2059 1471 2199 1494 curan-

1175 1516 1266 1554 dum
1289 1526 1346 1554 est
1363 1516 1607 1564 scandalum,
1628 1518 1695 1568 qui
1720 1532 1797 1555 non
1817 1527 2015 1563 sanantur,
2042 1519 2113 1555 nisi
2129 1532 2197 1556 vos

1171 1579 1434 1616 infirmemini.
1463 1579 1536 1616 Sed
1558 1593 1628 1616 nec
1655 1587 1696 1616 ut
1727 1579 1862 1616 vestris
1883 1580 1973 1630 ipsis
2001 1580 2132 1616 omnia
2160 1582 2199 1618 in

1180 1640 1361 1679 omnibus
1383 1642 1558 1692 placeant
1576 1656 1661 1693 quae
1679 1642 1861 1690 statuitis,
1884 1644 2198 1694 exspectandum.

1178 1703 1363 1753 Alioquin
1389 1712 1456 1740 aut
1473 1704 1642 1750 nullum,
1665 1713 1730 1741 aut
1748 1718 1875 1741 rarum
1893 1704 2038 1742 honum
2057 1708 2199 1744 consti-

1178 1764 1296 1801 tuitis.
1321 1765 1444 1802 Satius
1474 1779 1566 1802 vero
1594 1765 1767 1816 ipsorum
1799 1766 2056 1816 profectibus,
2084 1782 2199 1818 quam

89 1821 154 1859 sed
173 1822 285 1872 plane
304 1820 430 1859 bonus
454 1822 556 1858 ultra
584 1820 743 1858 modum
770 1834 851 1858 0856
877 1834 955 1858 11011
982 1830 1106 1872 potes·
1129 1827 1156 1864 C
1176 1825 1443 1863 voluntatibus
1466 1826 1699 1877 provideti53
1720 1826 1946 1877 fideliusque
1963 1828 2104 1865 invitos
2123 1837 2200 1867 tra-

89 1884 136 1920 Et
150 1882 302 1933 quidem
320 1883 407 1933 lego
419 1912 429 1930 ,
448 1885 538 1920 Noli
555 1896 635 1919 esse
651 1887 811 1919 nimium
821 1887 948 1929 justus
963 1890 988 1930 ¹3
1006 1883 1106 1934 lego,

89 1944 174 1980 Non
191 1945 279 1993 plus
298 1957 434 1993 sapere
459 1957 572 1993 quam
594 1952 743 1993 oportet
763 1957 898 1993 sapere
913 1949 926 1965 ²
953 1958 961 1980 ε
994 1957 1109 1982 num-

90 2004 180 2055 quid
201 2013 347 2052 autem,
374 2013 460 2052 aut,
489 2008 544 2043 Ne
576 2005 625 2042 sis
654 2004 817 2041 nimium
846 2003 992 2052 bonus,
1017 2013 1105 2053 aut,

89 2068 171 2104 Non
188 2068 275 2117 plus
294 2065 422 2104 bonus
442 2080 557 2117 quam
578 2067 761 2118 oportet?
789 2069 911 2103 Nemo
933 2080 1014 2104 esse
1036 2066 1108 2104 bo-

68 2125 159 2164 'nus
182 2128 268 2179 plus
289 2142 403 2178 quam
423 2136 579 2179 oportet
607 2136 748 2179 potest.
769 2131 898 2165 Bonus
921 2137 1003 2165 erat
1026 2128 1105 2179 jam

89 2189 246 2237 Paulus;
268 2197 306 2226 et
326 2197 454 2226 tamen
475 2202 721 2239 nequaquam
740 2197 965 2235 contentus,
987 2189 1108 2228 liben-

91 2256 146 2286 ter
161 2263 199 2287 se
216 2249 263 2287 ad
288 2264 332 2288 ea
351 2264 438 2301 quae
458 2259 546 2288 ante
564 2258 672 2297 sunt,
691 2249 943 2298 extendebat,
971 2260 1106 2301 poste-

90 2309 190 2347 riora
220 2310 450 2349 obliviscens
474 2309 503 2358 3,
539 2320 577 2349 et
607 2324 646 2348 se
678 2311 764 2362 ipso
790 2324 943 2362 semper
969 2313 1108 2349 melior

90 2369 187 2408 effici
210 2371 380 2409 studens.
404 2372 515 2411 Solus
543 2376 648 2410 Deus
674 2373 812 2410 melior
842 2386 881 2410 se
910 2373 996 2424 ipso
1025 2387 1106 2412 esse

90 2429 229 2470 idcirco
245 2446 323 2470 non
340 2433 444 2480 vult,
462 2433 550 2484 quia
569 2447 648 2471 non
665 2434 779 2471 valet.

141 2492 177 2529 3.
206 2493 403 2531 Recedant
422 2507 443 2531 a
460 2507 521 2531 me
537 2503 575 2531 et
591 2508 613 2531 a
629 2493 738 2532 vobis
755 2495 822 2545 qui
839 2495 973 2533 dicunt
995 2511 1002 2534 :
1025 2501 1107 2535 No—

90 2551 213 2591 lumus
232 2567 313 2592 esse
334 2555 513 2593 meliores
542 2569 658 2606 quam
685 2563 815 2606 patres
844 2557 984 2605 nostri,
1008 2558 1106 2608 tepi-

90 2611 223 2651 dorum
257 2623 295 2652 et
326 2615 603 2653 dissolutorum
634 2629 672 2654 se
702 2616 801 2653 filios
833 2626 1156 2667 protestantes.D

90 2675 260 2722 Quorum
300 2677 487 2714 memoria
521 2677 562 2714 in
600 2677 869 2715 maledictione
902 2688 978 2727 est,
1016 2680 1107 2730 quia

91 2737 419 2776 manducaverunt
447 2752 542 2776 uvas
572 2739 748 2786 acerbas,
787 2739 929 2791 quibus
971 2741 1107 2780 dentes

91 2796 252 2836 filiorum
281 2799 580 2851 obstupuerunt.
611 2805 690 2840 Aut
718 2801 749 2839 si
768 2802 909 2839 sanctis
935 2811 973 2839 et
992 2803 1104 2841 bonae

46 2856 48 2863 ⁴
91 2859 281 2897 memoriae
311 2861 486 2911 patribus
517 2862 749 2912 gloriantur3
774 2863 976 2901 imitentur
1002 2868 1108 2902 certe

47 2962 49 2969 Α
91 2921 344 2970 sanctitatem,
374 2937 539 2974 quorum
561 2924 821 2974 indulgentias
847 2924 1107 2976 dispensatio-

92 2991 232 3032 nesque
255 2996 328 3034 pro
353 2984 436 3035 lege
452 2985 676 3023 defendunt.
695 2989 923 3036 Quanquam
953 2996 1108 3025 sanctus

92 3040 207 3089 Elias,
237 3045 321 3080 Nou
350 3059 452 3093 sum,
487 3046 632 3098 inquit,
665 3050 800 3083 melior
828 3062 942 3096 quam
974 3059 1108 3097 patres

93 3103 191 3137 mei⁴
213 3118 220 3140 :
242 3112 280 3142 et
304 3119 383 3143 non
411 3106 507 3144 dixit
535 3121 574 3145 se
602 3108 706 3145 nolle
729 3107 904 3158 patribus
922 3121 1003 3145 esse
1025 3122 1107 3146 me-

93 3160 238 3201 liorem.
251 3165 355 3203 Vidit
366 3167 485 3205 Jacob
500 3169 540 3206 in
555 3169 656 3206 scala
672 3169 838 3219 Angelos
854 3169 1106 3207 ascendentes

1177 1886 1266 1924 hitis
1293 1887 1341 1924 ad
1370 1891 1517 1934 Deum,
1538 1901 1652 1938 quam
1681 1887 1880 1925 desideriis
1909 1889 2035 1926 cordis
2065 1903 2198 1927 eorum

1177 1948 1406 1998 relinquitis.
1438 1949 1678 1988 Commendo
1708 1964 1768 1988 me
1795 1952 1935 1988 sanctis
1961 1951 2200 1990 orationibus

1175 2016 1326 2046 vestris.

1175 2155 2201 2168 =====================================================================

1371 2280 1755 2337 EPISTOLA
1799 2282 2007 2339 XCII.a

1346 2432 1392 2454 AD
1421 2431 1624 2454 HENRICUM
1656 2433 1783 2455 REGI-:M
1813 2434 2030 2459 ANGLORUM.

1174 2551 1342 2585 Monachis
1364 2562 1382 2583 a
1410 2562 1442 2582 se
1474 2551 1574 2582 missis
1603 2552 1642 2582 ad
1674 2554 1918 2586 construendum
1948 2557 2194 2595 monasterium,

1461 2607 1555 2649 Regis
1585 2607 1724 2639 faxorem
1757 2610 1906 2651 postulat.

1175 2736 1353 2770 Hexmco
1384 2732 1524 2770 illustri
1560 2733 1772 2782 Anglorum
1824 2735 1921 2784 regi,
1968 2740 2195 2775 BER-manis

1227 2791 1346 2830 abbas
1373 2792 1497 2830 dictus
1528 2792 1574 2830 de
1603 2793 1860 2842 Clara—Valle,
1887 2797 2072 2834 coelorum
2100 2800 2193 2848 Regi

1227 2852 1275 2891 de
1292 2862 1447 2892 terreno
1463 2867 1582 2904 regno
1599 2854 1742 2892 servire
1758 2856 1934 2904 fideliter,
1952 2866 1988 2895 et
2002 2858 2196 2897 humiliter

1229 2915 1401 2953 obedire.

1228 3052 1272 3086 In
1306 3057 1408 3086 terra
1441 3059 1568 3088 vestra
1596 3059 1750 3089 tenetur
1776 3052 1906 3102 praeda
1934 3054 2091 3091 Domini
2119 3055 2193 3091 mei

1174 3118 1289 3160 atque
1317 3110 1480 3157 Vestriss
1512 3120 1549 3148 et
1576 3112 1640 3149 illa
1668 3113 1818 3163 praeda,
1852 3128 1924 3165 pro
1954 3129 2029 3164 qua
2059 3116 2193 3152 maluit

1174 3171 1296 3217 mori,
1315 3184 1430 3221 quam
1446 3186 1575 3210 carere
1589 3173 1664 3210 illa.
1681 3177 1761 3223 Ego
1779 3188 1862 3211 eam
1879 3175 1987 3224 sequi
2006 3175 2188 3225 disposui,

142 3303 153 3318 ¹
171 3299 272 3332 Eccle.
287 3312 356 3341 vn,
381 3306 411 3335 7.
428 3323 473 3327 —
492 3299 619 3337 ²Rom.
638 3317 707 3344 xxx,
725 3309 813 3338 3.—
834 3305 848 3330 3
863 3307 1001 3351 Philipp.
1023 3320 1082 3345 111,
1105 3312 1156 3341 13.
1173 3327 1217 3331 —-
1234 3309 1307 3339 4111
1324 3311 1403 3350 Reg.
1419 3320 1498 3347 xix,
1520 3311 1605 3340 li.—-
1623 3307 1635 3330 5
1657 3313 1737 3340 Gen.
1759 3321 1885 3345 xxviii,
1911 3313 1963 3340 12.
1983 3328 2027 3331 —
2043 3307 2057 3330 ⁶
2071 3308 2188 3340 Matth.

95 3359 146 3387 xv,
174 3342 222 3384 1⁴2.

1091 3366 1104 3380 ³
1122 3363 1243 3405 Scripta
1257 3373 1340 3394 anno
1360 3362 1474 3396 Christi
1492 3365 1502 3393 l
1518 3366 1592 3394 132.
