2517 3936
106 197 202 234 1093

96 396 285 446 Apostolo
314 405 352 433 et
378 396 527 434 dicente
546 413 554 435 ε
573 400 675 436 Scire
697 405 810 437 etiam
827 408 1106 451 supereminen-

96 465 169 492 tem
204 460 374 492 scientioe
407 459 627 495 charitatem
665 461 802 497 Christe·
820 469 845 497 ¹.
882 463 982 511 Quid
1019 464 1105 512 plus

96 515 246 552 dicam?
265 521 422 554 AEterna
443 526 511 555 est.
531 519 608 556 Nisi
626 520 732 569 quod
752 521 823 557 hoc
843 523 929 571 plus
946 523 1103 559 forsitan

95 583 176 620 est,
205 577 295 626 quia
314 578 504 615 aeternitas
530 587 598 616 est.
618 579 732 617 Vides
754 588 896 617 tantam
919 594 1000 618 esse
1021 582 1105 618 lati—

92 636 292 685 tudinem,
325 647 507 689 quantam
541 648 578 677 et
606 640 909 690 longitudinem?
946 642 1103 679 Utinam

94 695 147 733 sic
165 697 294 736 videas
317 713 396 736 non
420 708 561 737 tantam
583 714 682 749 esse,
701 700 767 739 sed
789 702 909 752 ipsam
933 716 941 738 z
964 701 1002 738 id
1023 715 1103 739 esse

95 768 210 793 unam
243 758 348 808 quod
379 759 560 808 alteram3
590 774 668 798 non
696 761 821 798 minus
849 774 966 798 unam
990 775 1102 811 quam

93 814 201 863 duas,
214 830 284 854 nec
296 819 384 869 plus
400 819 494 858 duas
506 834 620 871 quam
633 834 761 858 unam.
771 824 875 858 Deus
891 821 1082 858 aeternitas
1094 850 1103 866 ‚

97 878 196 913 Deus
224 877 387 916 charitas
406 888 464 917 est
488 895 496 917 ε
524 880 725 931 longitudo
742 881 824 918 sine
841 881 1103 932 protensione,

93 935 255 975 latitudo
293 939 375 977 sine
406 940 653 979 distensione.
686 946 731 980 In
761 951 929 992 utroque
961 942 1105 992 pariter

93 996 233 1035 locales
265 1000 421 1049 quidem
460 1002 610 1040 excedit
639 1003 945 1054 temporalesque
980 1015 1103 1051 angu-

752 207 818 240 DE
846 206 1274 245 CONSIDERATIONE
1304 214 1451 249 LIBER
1481 217 1522 250 V.

97 275 223 312 evadit
239 275 276 312 in
295 276 500 314 infinitum.
519 281 680 316 Omnem
698 293 775 317 non
797 283 914 319 modo
933 284 1145 320 affectio-⁴³

98 348 185 372 nem
200 364 210 382 ,
241 336 307 372 sed
337 345 375 372 et
408 338 668 386 cognitionem
701 342 872 389 excedit,
902 342 1103 392 adjiciente
1122 346 1151 380 A
1168 344 1283 393 igitur
1318 348 1659 398 comprehendunt.
1697 359 1727 402 Q

2070 230 2164 265 1091

1150 284 1531 335 ⁷compr-elzcudamus
1555 307 1635 329 cum
1657 297 1824 334 (malibus
1844 308 1979 339 sanctis
1992 305 2017 341 ⁴.
2042 308 2165 344 Sancti

1732 358 1839 393 uteris
1872 362 2095 408 quomodo?
2130 367 2165 404 Si

1171 413 1323 442 sanctus
1348 420 1405 452 es,
1435 411 1775 460 comprehendisti,
1796 424 1833 451 et
1861 421 1959 456 nosti
1986 436 1992 457 :
2016 421 2044 458 si
2065 436 2164 469 n0n;

1172 472 1277 511 esto,
1304 475 1342 502 et
1372 475 1438 504 tuo
1464 471 1726 519 experimento
1756 475 1860 512 scies.
1884 480 2059 517 Sanctum
2083 483 2168 519 facit

1171 524 1322 562 affectio
1345 537 1494 575 sancta,
1517 538 1555 567 et
1574 532 1653 581 ipsa
1681 535 1828 582 gemina
1850 551 1857 572 ε
1886 538 1998 576 timor
2016 543 2166 579 Domini

1171 593 1341 631 sanctus,
1365 595 1402 623 et
1428 598 1580 627 sanctus
1610 605 1729 629 amor.
1751 595 1818 631 His
1842 597 2008 645 perfecte
2038 600 2169 637 affecta

1171 643 1315 691 anima,
1336 647 1455 684 veluti
1474 649 1700 698 quibusdam
1727 652 1879 691 duobus
1904 656 2067 694 brachiis
2094 660 2170 695 suis

1171 706 1483 755 comprehendit,
1514 712 1777 761 amplectitur,
1804 716 1972 766 stringit,
1998 727 2118 766 tenet,
2135 728 2171 756 ct

1173 764 1223 800 ait
1244 779 1252 801 :
1276 767 1394 803 Tenui
1413 782 1511 815 eum,
1536 785 1604 807 nec
1630 774 1816 811 (Emittam
1834 774 1859 812 ⁵.
1883 779 1930 812 Et
1954 777 2067 814 timor
2085 780 2171 828 qui—

1173 823 1259 860 dem
1290 826 1442 864 sublimi
1468 837 1506 865 et
1532 832 1749 880 profundo,
1772 848 1880 872 amor
1901 836 1976 873 lato
1996 846 2033 873 et
2056 838 2171 888 longo

1171 887 1389 935 respondet.
1409 890 1508 937 Quid
1531 900 1606 928 tam
1628 893 1837 932 timendum
1856 910 1969 946 quam
1989 907 2172 949 potestaS,

1171 958 1231 981 cul
1247 959 1324 983 non
1343 957 1451 998 potes
1467 951 1660 1000 resistere,
1675 968 1787 1004 quam
1803 957 1998 1007 sapientia,
2016 959 2076 995 cui
2090 958 2170 995 abs-

1171 1006 1284 1043 condi
1314 1021 1391 1045 non
1416 1012 1548 1060 potes?
1572 1016 1725 1066 IJoterat
1750 1016 1875 1053 minus
1899 1017 2022 1056 timeri
2048 1023 2169 1064 Deus,

93 1056 195 1104 stias,
211 1059 278 1096 sed
293 1059 468 1099 libertate
490 1072 650 1111 naturae,
667 1077 745 1101 non
767 1063 995 1100 enormitate
1015 1061 1105 1098 sub-
1124 1064 1151 1098 B
1173 1065 1357 1105 alterutro
1384 1083 1528 1108 carens.
1556 1076 1664 1110 Nunc
1687 1083 1811 1112 autem
1832 1078 1998 1126 perfecte
2019 1088 2171 1128 oportet

93 1118 253 1156 stantiae.
285 1121 365 1157 Tali
396 1122 513 1159 modo
541 1124 750 1161 immensus
783 1131 840 1161 est
876 1123 943 1173 qui
973 1122 1103 1159 omnia

94 1177 182 1215 fecit
214 1179 255 1216 in
287 1194 493 1229 mensura;
518 1192 556 1220 et
585 1184 759 1234 quamvis
788 1185 1015 1230 immensus,
1044 1182 1103 1219 hic

92 1246 219 1276 tamen
239 1241 378 1279 modus
397 1252 435 1279 et
456 1243 575 1293 ipsius
594 1245 871 1281 immensitatis.

146 1299 210 1337 29.
240 1302 343 1350 Quid
362 1303 453 1340 item
483 1306 614 1341 Deus?
640 1304 859 1343 Sublimitas
881 1312 919 1341 et
947 1304 1104 1353 profun-

92 1360 195 1399 dum.
229 1361 275 1399 In
306 1364 431 1401 altero
468 1378 583 1415 supra
615 1365 766 1413 omnia,
792 1365 831 1402 in
859 1365 979 1402 altero
1004 1364 1103 1400 infra

91 1421 232 1459 omnia.
264 1423 404 1474 Liquet
436 1425 475 1461 in
508 1425 648 1462 deitate
678 1439 866 1475 nusquam
890 1424 1103 1461 claudicare

92 1482 345 1530 aequalitatem
361 1513 371 1531 ,
392 1493 490 1522 stare
515 1499 597 1522 eam
619 1486 791 1536 undique
816 1486 995 1531 firmiter,
1013 1498 1104 1521 con-

91 1549 190 1578 stare
229 1542 480 1582 immobiliter
517 1545 600 1583 sibi.
636 1545 828 1594 Sublime,
867 1545 1102 1596 potentiam3

90 1602 354 1652 profundum,
389 1606 616 1656 sapientiam
652 1606 767 1657 ejusa
798 1607 1010 1644 considera.
1047 1609 1103 1643 Ex

91 1676 202 1713 aequo
227 1672 265 1701 et
290 1664 363 1702 ista
387 1668 624 1718 respondent
643 1668 735 1716 sibi,
758 1668 848 1705 dum
871 1677 907 1704 et
929 1666 1104 1705 sublimi-

91 1732 147 1761 tas
176 1724 460 1776 inattingibilis,
487 1737 525 1765 et
550 1729 792 1779 profunditas
822 1742 929 1778 reque
960 1728 1104 1764 inscru-

91 1783 215 1822 tabilis
250 1796 526 1836 cognoscatur,
561 1789 680 1826 Paulo
716 1789 927 1826 admirante
962 1795 1000 1824 et
1034 1801 1104 1824 ex—

90 1846 276 1884 clamante
307 1862 315 1884 :

90 1966 180 2013 eJ'uS,
207 1976 242 2003 et
259 1969 532 2018 investigabiles
553 1975 633 2006 vloe
664 1974 782 2007 ι’ίίιίις2
802 1973 808 2007 !
835 1970 946 2007 Libet
974 1978 1010 2006 et
1030 1982 1100 2005 nos

89 2027 302 2068 exclamare
336 2042 422 2065 cum
452 2030 593 2076 Paulo,
623 2030 763 2067 horum
798 2039 1007 2080 utcumque
1033 2030 1099 2066 in-

89 2095 239 2125 tuentes
268 2088 307 2125 in
339 2092 449 2135 Deo,
480 2098 519 2127 et
549 2104 636 2127 cum
671 2095 752 2129 Deo
784 2091 1099 2142 simplicissimam

88 2148 273 2185 unitatem
297 2164 304 2186 :
339 2153 370 2188 Ο
398 2150 586 2200 sapientia
611 2159 768 2202 potens,
800 2152 989 2202 attingens
1015 2150 1099 2187 ubi-

89 2222 163 2258 que
203 2210 372 2247 fortiter!
405 2224 429 2247 o
464 2212 637 2261 potentia
669 2213 845 2262 sapiens,
888 2212 1097 2262 disponens

89 2270 218 2306 omnia
236 2270 406 2307 suaviter
422 2269 456 2307 3!
478 2275 553 2308 Res
573 2285 650 2309 una
664 2302 673 2318 ,
701 2273 859 2309 effectus
878 2272 1095 2321 multiplex,

89 2330 409 2380 operationesque
430 2331 598 2369 diversae.
619 2336 665 2369 Et
678 2333 743 2369 illa
763 2346 839 2369 una
856 2345 916 2369 res
933 2340 988 2369 est
1008 2332 1097 2368 lon-

89 2391 221 2441 gitudo
254 2402 416 2444 propter
444 2396 716 2442 aeternitatem,
742 2395 905 2432 latitudo
936 2402 1098 2445 propter

89 2451 339 2501 charitatem,
376 2453 589 2493 sublimitas
633 2464 795 2506 propter
834 2454 1095 2505 majestatem,

87 2512 328 2562 profunditas
347 2523 510 2566 propter
531 2516 768 2567 sapientiam.

423 2642 602 2682 CAPUT
631 2642 747 2683 XIV.

88 2762 220 2794 Modum
231 2787 239 2802 ,
262 2774 325 2806 quo
344 2764 493 2808 praedicta
509 2765 680 2796 secundum
694 2765 883 2808 Apostolum
896 2763 1100 2808 comprehen-

370 2817 443 2849 dere
466 2818 640 2861 possimus,
663 2819 808 2851 ostendit.

146 2938 210 2975 30.
242 2938 427 2976 Novimus
454 2939 547 2976 haec.
576 2943 677 2976 Num
697 2939 784 2977 ideo
811 2947 848 2976 et
866 2939 1098 2976 arbitramur

90 3010 160 3035 nos
191 2999 554 3048 comprehendisse?
585 3003 669 3037 Non
692 3013 736 3037 ea
756 2999 964 3049 disputatio
990 3012 1099 3035 com—

90 3057 320 3106 prehendit,
342 3056 409 3095 sed
437 3059 615 3096 sanctitas
639 3074 646 3096 :
676 3059 706 3096 si
733 3073 811 3109 quo
835 3059 951 3095 modo
974 3067 1098 3094 tamen

91 3118 366 3168 comprehendi
406 3128 533 3169 potest
567 3120 674 3169 quod
712 3116 1100 3169 incomprehensibile

92 3184 159 3214 est.
181 3181 231 3215 At
250 3178 321 3216 nisi
342 3188 492 3229 posset,
514 3193 593 3216 non
614 3180 772 3217 dixisset
790 3179 1000 3229 Apostolus
1021 3193 1029 3215 :
1057 3179 1102 3212 Ut

1171 1126 1301 1164 timeas
1315 1129 1436 1176 illum,
1452 1132 1512 1168 cui
1527 1145 1596 1169 nec
1609 1135 1741 1172 oculus
1759 1136 1863 1173 deest
1883 1139 2009 1175 omnia
2023 1138 2169 1184 videns,

1171 1199 1240 1223 nec
1252 1200 1530 1239 manuspotens
1546 1194 1685 1230 omnia.
1698 1196 1795 1243 Quid
1807 1197 1895 1233 item
1909 1206 1982 1235 tam
1997 1199 2169 1246 amabile,

1170 1259 1284 1295 quam
1300 1262 1408 1286 amor
1423 1251 1516 1300 ipse,
1526 1266 1602 1301 quo
1617 1267 1732 1300 amaS,
1746 1264 1782 1291 et
1794 1269 1870 1305 quo
1879 1259 2042 1295 amaris?
2063 1263 2172 1296 Ama-

1170 1304 1344 1344 biliorem
1380 1318 1506 1346 tamen
1538 1310 1673 1359 juncta
1707 1316 1897 1352 aeternitas
1926 1317 2012 1353 facit
2042 1333 2049 1353 :
2088 1332 2172 1367 quae

1171 1365 1262 1402 dum
1281 1380 1357 1405 non
1375 1370 1527 1416 excidit,
1546 1371 1646 1409 foras
1664 1373 1776 1409 mittit
1792 1375 2059 1424 suspicionem.
2078 1382 2173 1414 Ama

1171 1425 1287 1474 igitur
1311 1438 1602 1477 perseveranter
1627 1439 1664 1467 et
1689 1432 1956 1481 longanimiter
1971 1463 1980 1480 ,
2003 1444 2040 1471 et
2059 1435 2174 1473 habes

1171 1485 1451 1535 longitudinem
1483 1504 1491 1526 ε
1520 1490 1635 1527 dilata
1660 1505 1829 1529 amorem
1852 1502 1957 1530 tuum
1979 1508 2097 1545 usque
2126 1497 2174 1532 ad

1170 1545 1365 1593 inimicos,
1397 1558 1433 1585 et
1460 1550 1697 1588 latitudinem
1725 1561 1839 1590 tenes.
1871 1558 1962 1591 Esto
1990 1557 2104 1592 etiam
2132 1557 2170 1593 in

1172 1607 1276 1643 omni
1305 1608 1560 1647 sollicitudine
1584 1611 1804 1660 timoratus,
1828 1622 1865 1650 et
1890 1613 2050 1652 sublime
2080 1630 2172 1665 pro—

1172 1666 1411 1718 fundumque
1431 1671 1725 1720 apprehendisti.

1226 1727 1287 1763 31.
1322 1731 1396 1764 Aut
1416 1728 1445 1764 si
1475 1730 1594 1766 mavis
1614 1739 1779 1780 quatuor
1799 1746 1905 1781 reque
1926 1734 2016 1780 tuis,
2038 1734 2174 1773 divinis

1171 1795 1339 1837 quatuor
1359 1790 1611 1839 respondere,
1646 1792 1735 1828 facis
1767 1792 1860 1839 hoe,
1891 1794 1920 1830 si
1955 1803 2105 1845 stupes,
2143 1797 2173 1832 si

350 1851 384 1885 Ο
412 1851 571 1885 altitudo
600 1852 813 1886 divitiarum
842 1853 1043 1898 sapientise
1072 1857 1107 1883 et
1127 1850 1153 1886 C
1171 1861 1311 1898 paves,
1341 1849 1370 1885 si
1396 1850 1540 1897 ferves,
1567 1850 1597 1887 si
1623 1853 1799 1889 sustines.
1836 1855 2029 1904 Stupenda
2061 1857 2172 1906 plane

89 1910 261 1942 scientioe
294 1910 395 1944 Dei!
424 1923 538 1958 quam
569 1910 828 1946 inscratabilia
856 1920 939 1946 mut
950 1911 1100 1956 judicia

1167 1908 1378 1947 sublimitas
1404 1910 1609 1959 majestatis
1640 1927 1648 1949 :
1673 1913 1847 1962 pavenda
1882 1913 2038 1963 abyssus
2069 1915 2174 1965 judi-

1168 1969 1328 2006 ciorum.
1373 1974 1577 2008 Fervorem
1618 1973 1734 2022 exigit
1763 1974 1924 2010 charitas
1941 2004 1950 2020 ,
1985 1976 2171 2012 aeternitas

1167 2031 1492 2079 perseverantiam
1528 2032 1748 2069 sustinendi.
1788 2034 1880 2081 Quis
1917 2043 2066 2084 stupet,
2103 2036 2172 2072 nisi

1167 2090 1231 2139 qui
1252 2091 1537 2140 contemplatur
1556 2092 1714 2141 gloriam
1730 2093 1827 2129 Dei?
1843 2094 1934 2141 Quis
1950 2103 2087 2143 pavet,
2103 2095 2172 2132 nisi

1168 2150 1233 2199 qui
1260 2160 1451 2188 scrutatur
1476 2152 1711 2201 profundum
1736 2154 1956 2202 sapientiae?
1983 2155 2074 2202 Quis
2096 2155 2171 2191 fer-

1167 2218 1248 2256 vet,
1271 2211 1343 2248 nisi
1372 2212 1436 2261 qui
1471 2212 1676 2248 meditatur
1707 2213 1927 2250 charitatem
1956 2215 2051 2251 Dei?
2081 2215 2170 2262 Quis

1167 2271 1329 2308 sustinet
1350 2281 1387 2308 et
1403 2281 1621 2322 perseverat
1641 2273 1679 2308 in
1703 2287 1854 2320 amore,
1871 2274 1942 2310 nisi
1964 2275 2028 2324 qui
2051 2287 2169 2310 aemu—

1167 2332 1268 2368 latur
1284 2333 1532 2369 aeternitatem
1551 2333 1743 2370 charitatis
1758 2335 1772 2369 Ρ
1788 2338 1933 2384 Nempe
1953 2335 2171 2371 aeternitatis

1167 2392 1369 2441 quamdam
1393 2393 1595 2442 imaginem
1616 2395 1899 2443 perseverantia
1913 2396 2076 2444 praefert.
2090 2399 2168 2432 Dc-

1166 2455 1284 2505 nique
1304 2454 1383 2490 sola
1404 2463 1458 2490 est
1475 2455 1532 2490 cui
1551 2453 1740 2490 aeternitas
1757 2454 1948 2498 redditur,
1965 2456 2023 2491 vel
2041 2457 2168 2504 potius

1167 2529 1252 2565 quae
1285 2514 1483 2551 aeternitati
1512 2513 1703 2549 hominem
1734 2513 1883 2559 reddit,
1914 2514 2061 2551 dicente
2086 2518 2164 2551 Do-

1168 2576 1273 2613 mino
1306 2591 1312 2611 :
1349 2578 1422 2620 Qui
1443 2575 1727 2622 perseveraverit
1754 2587 1867 2621 usque
1896 2575 1933 2608 ιή
1943 2575 2081 2620 finem,
2108 2575 2166 2609 hic

1117 2637 1150 2670 D
1167 2640 1288 2673 salvus
1308 2641 1378 2672 erit
1390 2633 1416 2671 6·

1220 2697 1282 2733 32.
1314 2700 1360 2732 Et
1391 2708 1491 2731 nunc
1525 2693 1679 2730 adverte
1710 2693 1749 2729 in
1774 2702 1939 2742 quatuor
1964 2694 2043 2731 istis
2069 2708 2165 2731 con-

1168 2755 1423 2806 templationis
1443 2754 1585 2804 species
1602 2762 1778 2803 quatuor.
1803 2754 1927 2790 Prima
1947 2763 1983 2790 et
2001 2755 2164 2791 maxima

1166 2816 1438 2866 contemplatio
1460 2823 1515 2850 est
1535 2814 1736 2850 admiratio
1756 2812 1973 2862 majestatis.
1991 2817 2082 2851 Haec
2104 2828 2166 2851 re-

1166 2878 1281 2928 quirit
1301 2890 1367 2913 cor
1383 2882 1585 2925 purgatum
1601 2903 1610 2919 ,
1628 2882 1669 2910 ut
1691 2887 1711 2910 a
1728 2873 1828 2910 vitiis
1845 2873 2007 2910 liberum
2025 2903 2035 2920 ,
2052 2882 2164 2924 atque

1167 2944 1415 2975 exoneratum
1446 2934 1626 2983 peccatis,
1653 2933 1760 2970 facile
1782 2934 1828 2970 ad
1850 2947 2016 2984 superna
2035 2935 2133 2971 levet
2155 2951 2162 2971 :

1166 2996 1355 3034 interdum
1385 3006 1539 3043 quoque
1559 2993 1618 3029 vel
1638 3006 1708 3043 per
1726 2993 1871 3043 aliquas
1893 2995 2059 3031 morulas
2085 3003 2164 3031 stu-

1165 3069 1259 3107 pore
1285 3063 1322 3090 et
1342 3053 1474 3089 ecstasi
1501 3066 1727 3103 suspensum
1759 3062 1883 3090 teneat
1900 3054 2162 3091 admirantem.

1167 3114 1339 3153 Secunda
1370 3121 1495 3149 autem
1530 3114 1740 3150 necessaria
1771 3117 1827 3150 e'st
1854 3113 1965 3159 huic;
1989 3122 2046 3150 est
2064 3113 2162 3150 enim

1166 3176 1318 3212 intuens
1334 3172 1479 3222 judicia
1500 3173 1583 3210 Dei.
1605 3177 1690 3222 Quo
1715 3187 1803 3211 sane
1826 3173 1966 3223 pavido
1990 3181 2163 3222 aspectu,

146 3309 155 3324 ¹
178 3303 294 3346 Ephes.
318 3317 360 3336 111
375 3329 382 3343 ‚
413 3309 466 3338 19.
485 3324 531 3328 -—
554 3312 566 3327 ²
584 3309 678 3338 Rom.
707 3318 739 3338 >ix
754 3331 761 3345 ,
784 3309 837 3337 33.
865 3324 908 3327 ——
932 3304 946 3327 3
968 3308 1041 3346 Sap.
1070 3316 1146 3343 vrit,
1168 3307 1196 3334 1.
1215 3319 1260 3325 ——-
1281 3301 1294 3327 4
1311 3300 1423 3343 Ephes.
1449 3312 1489 3331 111
1507 3325 1514 3339 ,
1536 3304 1589 3331 18.
1608 3320 1649 3323 ,—
1671 3299 1684 3321 5
1699 3300 1816 3332 Cautio.
1838 3311 1877 3329 111
1893 3323 1900 3337 ‚
1918 3301 1949 3329 4.
1965 3295 2166 3328 ——6Mauh.

97 3366 137 3392 x,
160 3359 213 3387 22.

1219 3358 1232 3371 ³
1243 3354 1329 3386 Alias
1339 3378 1347 3390 ,
1364 3364 1434 3383 esse.
