2517 3936
101 214 196 252 1065

90 291 294 342 episcopus
325 289 400 326 loci
429 288 589 325 donavit
613 288 648 325 ei
681 302 820 339 equum
845 318 854 335 ‚
894 302 972 339 quo
1005 287 1147 325 Pisas⁴¹

745 215 811 248 DE
842 212 1269 249 CthIDERA'sIONE
1300 214 1442 247 LIBER
1475 215 1533 247 lx'.

1156 287 1335 336 'spirium
1354 287 1384 332 ¹¹,
1421 297 1544 324 tecum
1572 289 1738 337 loqueris
1768 304 1776 324 ;

2082 206 2177 244 lomi

1812 292 1923 325 Putas
1960 288 2038 323 sore
2067 296 2177 334 posse

90 364 229 402 usque,
249 349 316 388 ubi
332 361 486 387 eramus
509 357 599 385 tunc
612 377 621 393 ,
644 358 847 398 pervectus
868 358 935 386 cst.
955 348 1101 386 Postri-
1119 346 1147 380 A
1164 347 1269 395 quod
1291 347 1430 384 dicitur
1447 350 1461 383 Ρ
1488 351 1600 384 Putas
1617 347 1677 383 hie
1698 361 1847 391 sumus,
1868 358 2066 396 quousque
2096 344 2175 379 lizec

88 411 173 456 die,
205 409 345 456 credo,
378 416 532 445 secutus
552 408 756 458 episcopus
786 408 899 459 (erat
918 409 1019 446 enim
1047 406 1102 443 illi

89 483 198 508 causa
223 482 310 506 cum
341 466 561 505 adversario
576 496 585 512 ‚
606 476 644 503 et
664 468 801 517 agendi
833 468 965 504 aderat
993 465 1101 516 dies)

86 530 204 580 coepit
235 528 430 579 requirere
455 527 636 576 suffragia
668 527 893 565 amicorum.
930 530 1102 576 Cumque

87 603 158 642 per
171 590 342 640 singulos
357 587 674 633 sollicitarentur,
692 596 851 625 ventum
872 596 929 625 est
942 587 989 624 ad
1006 591 1103 624 Mar-

87 650 224 688 tinum.
246 648 400 687 Fiducia
423 655 504 685 erat
523 646 647 696 major
668 647 705 683 in
726 647 812 694 illo,
830 648 896 697 qui
916 661 993 684 non
1016 660 1102 697 pos-

85 718 144 749 set
161 709 365 747 immemor
384 721 466 745 esse
486 708 649 745 recentis
672 707 859 745 beneficii.
880 712 976 745 Tum
998 712 1101 745 Mar-

85 771 188 808 tinus
208 784 217 807 :
239 787 256 803 ιι
278 767 472 819 Decepisti
504 780 585 813 me,
607 786 620 801 υ
660 767 786 817 inquit
813 780 820 802 :
847 785 861 800 «
884 766 1100 804 nesciebam

84 847 101 864 υ
122 828 193 867 ‘tibi
212 829 413 867 imminere
431 829 638 878 negotium.
661 828 768 865 Tolle
794 841 935 877 equum
964 836 1070 864 tuum
1085 857 1094 873 ‚

84 907 100 924 u
116 903 206 928 ecce
225 890 265 927 in
284 888 438 927 stabulo
460 897 528 926 est.
557 906 570 920 «
587 892 634 925 Et
660 888 754 925 liora
773 888 905 925 eadem
927 888 1096 938 resigna-

84 950 140 988 vit
154 950 221 987 illi.
243 949 344 999 Quid
369 949 484 995 dicis,
510 948 559 985 mi
587 948 758 998 Eugeni?
780 952 916 986 Nonne
943 949 1098 986 alterius

83 1010 213 1049 saeculi
231 1023 292 1047 res
310 1017 392 1057 est,
429 1008 570 1046 redisse
606 1009 771 1058 legatum
810 1009 856 1045 de
887 1018 987 1046 terra
1017 1014 1099 1050 auri

1168 408 1261 444 fiant
1277 409 1291 443 Ρ
1307 408 1400 455 Quis
1421 407 1484 443 (let
1502 408 1630 443 vivere
1646 435 1655 449 ‚
1677 415 1716 442 ut
1736 406 1865 442 videre
1892 406 2082 453 contingat
2098 405 2112 438 ,³
2144 406 2173 438 Ο

1169 467 1199 504 si
1226 467 1396 504 viderem
1426 468 1465 503 in
1498 466 1575 502 vita
1596 480 1678 502 mea
1703 465 1903 502 Ecclesiam
1937 465 2004 501 Dei
2039 462 2174 499 talibus

1168 527 1337 564 innixam
1362 527 1575 564 columnis!
1608 530 1638 564 O
1659 526 1689 562 si
1709 525 1867 563 Domini
1895 524 1968 560 mei
1998 535 2173 571 sponsam

1170 600 1366 624 cernerem
1402 595 1514 623 tantae
1535 586 1774 622 commissam
1799 584 1886 620 fidei
1904 611 1913 628 ‚
1949 590 2061 618 tautae
2092 595 2172 616 rre—

1169 648 1285 684 ditam
1320 647 1500 699 puritati!
1539 646 1639 694 Quid
1660 659 1718 682 mc
1745 644 1915 689 beatius,
1945 640 2084 690 quidve
2116 653 2176 674 se—

1167 709 1317 754 curius,
1347 722 1434 744 cum
1473 706 1662 756 ejusmodi
1695 705 1795 741 eirca
1824 717 1883 740 me
1914 703 2000 738 vitae
2028 713 2119 735 meze
2142 706 2176 733 ct

1165 768 1344 806 custodes
1363 776 1573 818 spectarem
1593 766 1703 803 simul
1724 774 1760 801 et
1781 764 1919 800 testes?
1936 760 2083 809 Quibus
2101 772 2179 793 om-

1166 831 1229 867 nia
1249 843 1332 866 mea
1348 837 1492 866 secreta
1514 840 1645 864 secure
1668 825 1945 862 committerem
1962 851 1971 868 ,
2001 831 2177 857 commu-

1164 891 1331 928 nicarem
1349 889 1524 934 consilia3
1542 887 1682 938 quibus
1701 899 1759 922 me
1778 893 1898 922 totum
1918 880 2174 921 refunderem,

1165 959 1346 999 tanquam
1373 947 1480 985 alteri
1502 946 1605 983 mihi.
1626 945 1719 993 Qui,
1736 944 1765 980 si
1786 942 1923 980 vellem
1940 940 2178 989 aliquatenus

1167 1011 1320 1048 deviare
1336 1039 1345 1056 ‚
1368 1022 1446 1046 non
1468 1008 1636 1044 sinerent
1657 1035 1666 1052 ,
1697 1006 1891 1042 frenarent
1913 999 2146 1052 praecipitem
2165 1025 2173 1040 ,

81 1072 164 1109 sine
183 1072 304 1108 auro?
324 1069 518 1107 transiisse
540 1083 610 1119 per
632 1077 771 1106 terram
793 1070 959 1119 argenti,
981 1079 1018 1106 et
1037 1084 1101 1107 ar-
1118 1074 1145 1108 B
1167 1072 1436 1110 dormitantem
1454 1069 1674 1105 excitarent.
1694 1070 1865 1114 Quorum
1888 1075 1947 1099 me
1964 1057 2178 1097 reverentia

82 1140 237 1182 gentum
257 1131 448 1168 nescisse?
480 1130 625 1167 donum
646 1130 825 1180 insuper,
858 1130 963 1179 quod
986 1139 1099 1181 pote-

82 1201 142 1230 rat
163 1205 245 1229 esse
264 1200 483 1241 suspectum
501 1220 510 1237 ,
533 1191 635 1227 illico
654 1190 852 1240 rejecisse?

139 1253 198 1290 14.
219 1251 294 1289 Sed
320 1265 343 1289 o
376 1251 469 1288 mihi
502 1252 627 1287 locun]
658 1265 836 1298 suavem,
870 1252 937 1289 ubi
969 1253 1102 1290 incidit

81 1313 232 1351 occasio
270 1311 510 1349 memorandi
549 1320 587 1350 et
623 1312 850 1348 nominandi
887 1314 1100 1350 suavissimi

81 1373 213 1411 odoris
233 1372 382 1417 virum,
407 1371 633 1421 episcopum
660 1372 800 1421 loquor
828 1374 1099 1411 Cal-notensem

81 1432 310 1474 Gaufridum
325 1461 336 1479 ‚
363 1431 430 1481 qui
451 1432 681 1481 legationem
714 1432 754 1469 in
783 1434 957 1483 partibus
977 1436 1100 1485 Aqui-

82 1492 221 1532 taniae*
247 1491 418 1543 propriis
436 1491 655 1541 sumptibus
681 1501 836 1530 strenue
856 1494 1101 1532 administra—

81 1553 160 1600 vit,
196 1552 312 1602 idque
342 1565 466 1588 annos
496 1552 639 1602 plures.
673 1556 770 1590 Rem
810 1554 949 1604 loquor
986 1568 1101 1604 quam

80 1613 162 1651 vidi
177 1613 272 1664 ipse.
288 1616 403 1650 Eram
421 1625 508 1649 cum
529 1625 576 1649 eo
592 1612 631 1649 in
655 1621 756 1650 terra
772 1613 848 1660 illa,
865 1628 952 1651 cum
973 1630 993 1652 a
1009 1629 1105 1665 quo-

82 1674 169 1713 dam
183 1672 412 1725 presbytero
426 1681 680 1724 praesentatus
700 1674 755 1711 illi
771 1683 827 1711 est
846 1675 973 1726 piscis,
989 1689 1105 1726 quem

58 1739 63 1742 ⁴
82 1735 201 1785 vulgo
220 1742 362 1772 vocant
380 1734 629 1784 sturgionem.
654 1738 931 1772 Percunctatus
959 1737 1105 1787 legatus

81 1795 216 1847 quanti
233 1795 420 1842 venierit,
449 1812 462 1826 «ι
478 1798 565 1832 Non
586 1795 754 1845 accipiO,
775 1813 789 1828 »
810 1795 959 1845 inquit,
995 1814 1010 1829 «
1029 1796 1102 1833 nisi

1167 1141 1204 1169 et
1222 1130 1376 1168 libertas
1397 1129 1641 1166 extollentem
1661 1125 1904 1176 reprimeret,
1929 1118 2176 1157 excedentem

1167 1193 1376 1241 corrigeret
1397 1205 1404 1226 :
1427 1201 1591 1239 quorum
1614 1199 1672 1222 me
1697 1183 1908 1221 constantia
1934 1190 1970 1218 et
1992 1177 2176 1216 fortitudo

1169 1260 1367 1290 nutantem
1388 1251 1578 1293 firmaret,
1606 1247 1767 1295 erigeret
1798 1242 2031 1280 diffidentem
2052 1253 2058 1274 :
2082 1251 2175 1287 quo—

1169 1327 1252 1350 rum
1280 1325 1340 1348 me
1366 1310 1459 1347 fides
1484 1316 1521 1345 et
1553 1307 1730 1344 sanctitas
1753 1305 1800 1341 ad
1829 1315 1989 1353 quaeque
2021 1307 2150 1336 sancta
2167 1327 2176 1340 ‚

1169 1374 1216 1410 ad
1246 1384 1406 1422 quaeque
1439 1370 1596 1406 honesta
1617 1397 1626 1414 ,
1658 1366 1705 1403 ad
1737 1377 1898 1415 quaeque
1928 1361 2066 1411 pudica
2087 1389 2096 1405 ,
2133 1358 2179 1395 ad

1167 1446 1330 1484 quaeque
1351 1429 1527 1468 amabilia
1552 1437 1588 1464 et
1605 1427 1717 1463 bonae
1739 1426 1845 1461 famae
1874 1428 2114 1472 provocaret.
2134 1423 2177 1456 Er

1167 1508 1270 1532 nunc
1303 1492 1420 1530 reduc
1451 1490 1608 1533 oculos,
1635 1487 1683 1523 mi
1719 1484 1886 1534 Eugeni,
1917 1482 1964 1519 ad
1997 1494 2084 1518 eum
2115 1481 2179 1529 qui

1170 1569 1272 1593 nunc
1296 1562 1353 1591 est
1373 1552 1487 1589 curiae
1507 1550 1596 1587 sivae
1623 1546 1796 1585 Ecclesiae
1818 1552 1975 1587 statum,
2001 1550 2039 1579 et
2058 1541 2180 1578 studia

1170 1615 1416 1666 praelatorum
1428 1642 1437 1658 ‚
1454 1623 1587 1647 eorum
1614 1606 1844 1658 praeserti1n‚
1871 1603 1936 1653 qui
1953 1609 2040 1639 sunt
2058 1602 2097 1637 in
2113 1602 2181 1641 cir-

1172 1675 1277 1712 cuitu
1300 1683 1378 1711 tuo.

1229 1737 1289 1773 16.
1309 1735 1381 1773 Sed
1408 1732 1454 1769 de
1483 1731 1539 1767 his
1568 1730 1762 1766 hactenus.
1787 1730 1867 1775 Ego
1896 1723 2072 1775 palpavi,
2102 1736 2178 1759 non

1174 1795 1253 1834 fodi
1269 1794 1454 1845 parietem
1476 1792 1505 1828 *.
1535 1789 1619 1827 Tibi
1638 1790 1724 1825 licet
1749 1786 1879 1823 fodere
1899 1793 1935 1821 et
1952 1783 2099 1827 videre,
2118 1791 2176 1818 ut-

85 1873 100 1890 »
121 1855 314 1906 receperis
345 1854 525 1905 pretium.
557 1871 571 1887 υ
620 1858 668 1892 Et
713 1854 924 1905 resignavit
957 1856 1100 1894 solidos
1122 1857 1149 1894 C
1169 1865 1259 1908 pote
1279 1853 1479 1906 prophetae
1497 1850 1587 1888 filio.
1618 1847 1711 1885 Mihi
1731 1844 1910 1896 progredi
1940 1856 2017 1879 non
2035 1851 2089 1879 est
2114 1843 2178 1877 fas.

83 1915 254 1966 quinque
275 1915 397 1951 invito
416 1923 455 1953 et
480 1915 715 1952 verecundo.
749 1919 845 1952 Item
881 1930 966 1953 cum
998 1930 1101 1954 esse·

84 1989 169 2014 mus
188 1976 227 2013 in
247 1975 417 2026 quodam
438 1975 585 2026 oppido
605 2005 616 2022 ,
644 1975 801 2013 domina
832 1977 936 2013 illius
969 1978 1104 2028 oppidi

82 2036 223 2075 obtulit
248 2037 282 2074 ei
303 2050 376 2087 pro
397 2036 603 2073 devotione
634 2050 721 2074 cum
747 2038 988 2087 manutergio
1011 2038 1105 2075 duas

82 2098 144 2136 vel
174 2106 252 2135 tres
277 2097 502 2148 paropsides
532 2097 738 2148 pulchras,
774 2099 916 2148 ligneas
950 2108 1102 2136 tamen:

84 2172 178 2210 quas
200 2158 422 2208 aliquandiu
447 2158 603 2195 intuens
623 2159 741 2196 homo
762 2160 1000 2209 scrupulosae
1018 2173 1108 2197 con-

86 2219 275 2266 scientiae,
298 2218 469 2256 laudavit
488 2233 568 2266 eas,
591 2219 658 2256 sed
681 2233 760 2257 non
790 2220 983 2270 acquievit
1004 2220 1104 2257 acci-

85 2293 189 2331 pere.
209 2279 373 2329 Quando
388 2285 403 2301 ³
427 2288 626 2329 argenteas
640 2281 864 2331 recepisset,
882 2281 947 2331 qui
963 2281 1107 2330 ligneas

86 2341 297 2379 refutavit?
332 2344 419 2378 Non
448 2341 603 2378 fuerunt
625 2342 691 2391 qui
711 2350 871 2392 possent
901 2343 1026 2392 legato
1047 2342 1107 2378 di-

87 2415 172 2439 cere
194 2416 202 2439 :
225 2405 439 2438 Dltavimus
456 2400 650 2438 Abraham
666 2409 690 2439 ¹.
710 2406 797 2452 Ipse
815 2416 908 2450 vero
930 2416 1015 2439 cum
1038 2405 1106 2440 Sa-

87 2462 212 2500 muele
232 2461 352 2499 libere
379 2461 682 2499 concionabatur
711 2462 756 2499 ad
780 2475 913 2500 omnes
935 2476 943 2498 :
964 2465 1106 2511 Loqui—

88 2528 181 2561 mim'
199 2525 247 2560 de
273 2537 332 2560 me
360 2537 487 2560 coram
510 2526 702 2569 Domino,
736 2533 772 2560 et
799 2538 925 2560 coram
963 2524 1106 2560 Christo

91 2584 168 2631 esus
187 2613 198 2630 ,
225 2592 344 2620 utrum
364 2582 487 2620 bovem
513 2585 725 2633 cujuspiam
756 2587 903 2620 tulerint
934 2593 1001 2620 [ιιιι
1030 2588 1107 2619 asi·

92 2657 208 2689 num3
241 2647 275 2680 si
310 2648 530 2693 quempiam
562 2646 813 2680 calumniatus
845 2658 949 2689 smn,
982 2649 1015 2680 si
1039 2658 1108 2692 Ol)-
1126 2651 1158 2684 D
1177 2651 1257 2688 est,

86 2709 207 2754 pressi
229 2708 419 2753 aliquem,
449 2709 481 2740 si
508 2706 554 2740 (le
585 2719 702 2741 mame
727 2707 946 2755 cujusquam
979 2719 1113 2741 munus

92 2769 251 2814 accepi,·
277 2773 313 2801 et
326 2774 562 2801 contemnam
582 2768 679 2801 illud
696 2767 826 2811 hodie,
845 2766 1027 2814 vobisque
1055 2779 1112 2801 re-

92 2830 242 2862 stituam
261 2831 288 2862 ².
320 2828 352 2863 Ο
374 2825 404 2862 si
434 2825 566 2861 talium
599 2825 756 2862 daretur
785 2827 958 2863 virorum
979 2826 1109 2876 eopia,

93 2886 226 2936 quales
259 2885 554 2935 perstrinximus
583 2888 715 2922 nunc!
750 2886 851 2934 Quid
875 2895 910 2923 te
940 2887 1109 2930 felicius,

95 2945 188 2996 quid
206 2946 272 2982 illo
290 2944 503 2994 jucundius
524 2946 690 2982 saeculo?
722 2949 860 2984 Nonne
880 2945 1044 2983 secunda
1065 2944 1112 2981 ab

96 3006 306 3045 aeternitate
331 3006 488 3043 illorum
511 3005 579 3043 tibi
603 3015 821 3057 temporum
843 3007 1039 3044 beatitudo
1060 3006 1113 3042 vi-

97 3066 273 3114 deretur,
293 3080 381 3104 cum
405 3074 442 3103 te
462 3080 768 3117 quaquaversum
792 3068 1006 3118 procedens
1019 3096 1028 3113 ,
1050 3066 1117 3104 sti-

67 3135 230 3182 ⁴„patum
249 3126 400 3164 videres
427 3134 502 3164 tam
522 3128 667 3177 inclyto
689 3128 839 3178 agmine
859 3127 1060 3164 beatorum
1077 3128 1091 3162 9

157 3188 216 3225 15.
239 3187 277 3225 Si
299 3195 335 3224 te
355 3188 469 3235 novi,
490 3188 632 3235 haeres,
661 3197 697 3226 et
729 3190 848 3226 altum
880 3188 1031 3225 trahens
1052 3200 1116 3223 su-

1169 1921 1301 1956 [num
1322 1915 1405 1952 dico
1427 1911 1531 1962 quod
1558 1911 1595 1946 in
1623 1908 1715 1945 facie
1738 1914 1803 1943 est.
1824 1903 1998 1942 Ridicule
2019 1901 2180 1939 ministri

1170 1978 1287 2016 vestri
1316 1974 1450 2012 vestris
1485 1985 1522 2008 se
1556 1965 1875 2019 cmnpresbvteris
1902 1963 2088 2000 anteferre
2117 1975 2180 1997 co-

1174 2046 1326 2076 nantur.
1360 2039 1446 2073 Non
1475 2033 1548 2068 hoc
1574 2031 1669 2067 ratio
1698 2026 1835 2072 habet,
1864 2038 1941 2060 non
1978 2022 2181 2071 antiquitas

1174 2099 1331 2141 habuit,
1359 2108 1437 2132 non
1461 2092 1649 2130 consentit
1677 2087 1893 2126 auctoritas.
1926 2084 2020 2121 Etsi
2042 2082 2088 2119 de
2116 2095 2181 2118 sua

1175 2156 1451 2198 consuetudine
1484 2150 1673 2190 calumnia
1701 2148 1891 2190 struitur,
1924 2144 2057 2180 melius
2090 2156 2182 2191 pro-

1174 2223 1272 2258 fecto
1308 2220 1372 2256 illa
1393 2246 1401 2262 ,
1430 2228 1543 2265 quam
1575 2223 1745 2249 summus
1771 2207 1875 2245 Ordo
1911 2203 2178 2242 contemnitur.

1173 2281 1369 2321 Frivoluin
1393 2286 1518 2314 tamen
1543 2273 1629 2309 satis
1650 2301 1659 2317 ,
1691 2268 1793 2307 unde
1816 2266 1978 2303 maxime
2009 2262 2181 2300 obtinere

1173 2342 1212 2378 id
1231 2341 1380 2376 volunt.
1409 2339 1484 2373 Nos
1516 2345 1668 2375 sumus,
1691 2328 1894 2378 inquiunt,
1925 2324 1990 2374 qui
2011 2324 2049 2359 in
2079 2322 2182 2357 omni

1174 2400 1392 2439 celebritate
1419 2395 1575 2431 domino
1597 2396 1708 2440 Papae
1737 2386 2021 2436 conjunctiores
2038 2381 2181 2418 assisti-

1176 2475 1281 2507 mus,
1307 2456 1454 2496 sedenti
1476 2453 1675 2504 propiores
1701 2447 1907 2485 assidemus
1924 2473 1933 2490 ,
1963 2441 2178 2493 proceden—

1175 2531 1250 2559 tem
1277 2517 1510 2570 posteriores
1527 2508 1816 2563 praecedimus*.
1848 2509 1930 2543 Hoc
1950 2512 2071 2539 totum
2087 2512 2179 2567 'non

1176 2580 1371 2625 dignitatis
1394 2573 1658 2627 privilegium,
1687 2568 1753 2606 sed
1777 2563 1988 2603 sedulitatis
2009 2562 2177 2598 debitum

1218 2622 1234 2632 ι
1289 2638 1439 2677 diaconi
1469 2645 1610 2671 nomen
1638 2626 1800 2666 solemni
1825 2626 1906 2675 ipsa
1938 2621 2182 2659 administra—

1180 2704 1282 2739 tione
1311 2701 1577 2747 interpretans.
1610 2690 1784 2737 Denique
1815 2681 2049 2736 presbyteris
2080 2679 2181 2717 ordi-

1181 2771 1266 2799 nata
1286 2757 1527 2797 consessione
1549 2747 1802 2788 ambientibus
1831 2742 2084 2791 majestatem,
2114 2752 2182 2775 vos

1179 2823 1227 2860 ad
1248 2820 1362 2872 pedes
1383 2815 1533 2855 sedetis.
1557 2810 1758 2859 Propiores
1782 2803 1970 2847 assistitis,
1989 2809 2029 2836 ut
2048 2799 2185 2836 habeat

1180 2881 1402 2933 paratiores.
1422 2880 1463 2913 In
1483 2870 1676 2920 evangiliis
1694 2866 1854 2916 legimus
1869 2891 1878 2907 ‚
1911 2860 2114 2911 quiafacta
2135 2867 2188 2893 eac

1180 2946 1363 2979 contentio
1382 2944 1480 2974 iuter
1499 2933 1699 2980 discipulos
1714 2958 1725 2973 ,
1750 2931 1833 2975 quis
1853 2936 1977 2960 earum
1999 2922 2190 2957 vitlcretw·

1181 3016 1258 3039 esse
1284 2997 1443 3045 major-³.
1467 2999 1602 3032 Beatus
1623 3003 1740 3036 esses,
1759 2988 1786 3024 si
1813 2987 1863 3023 sic
1883 2985 1981 3021 circa
2003 2990 2036 3017 te
2055 2988 2188 3017 caetera

1184 3068 1416 3100 tenerentur.

151 3324 161 3339 ¹
181 3321 262 3350 Gen.
281 3330 353 3357 xm,
373 3322 429 3351 23.
445 3338 490 3342 —
507 3323 639 3362 ⁷1Reg.
673 3333 724 3351 xii
738 3345 745 3358 ‚
765 3324 795 3351 3.
812 3338 855 3342 -—
873 3316 885 3339 3
903 3322 975 3349 Luc.
994 3328 1064 3347 xxii
1086 3340 1092 3348 ,
1112 3319 1128 3346 2
1142 3318 1167 3345 i.

149 3381 162 3396 ²
181 3378 269 3411 Alias
284 3402 290 3416 ‚
319 3377 487 3423 quomodo.
504 3399 547 3402 —
565 3380 581 3401 b
595 3380 682 3412 Alias
697 3405 704 3417 ,
724 3379 875 3425 visuum.
