2565 3952
104 190 125 223 ,Β
860 184 1119 218 PRAEFATIO
1149 184 1179 219 G
1187 183 1348 217 ENERA
1355 182 1443 216 Lis.
2187 184 2209 217 (5

102 279 297 332 gritatem
316 276 565 318 revocandis
583 287 756 329 operam
775 273 1007 316 adhibeant
1027 272 1178 314 suam?
1210 273 1244 314 si
1272 274 1405 314 Roma
1430 273 1545 326 ipsa,
1576 270 1692 311 orbis
1715 271 1887 312 domina
1909 276 1949 312 et
1976 274 2173 325 magistra
2190 306 2199 324 ,

100 368 194 410 quae
214 354 479 397 Bernardum
501 352 718 409 quondam
746 352 992 404 docentem,
1027 353 1113 391 imo
1136 356 1176 392 01
1205 350 1529 404 redarguentem
1558 353 1755 390 venerata
1776 354 1858 401 est,
1887 350 1922 389 si
1941 350 2097 401 Roma,
2129 351 2198 391 in-

100 447 252 489 quam,
278 435 368 488 ipsa
386 434 517 474 libros
535 432 586 473 dc
605 430 974 482 Consideratione,
995 430 1184 483 Eugenio
1206 430 1270 470 III
1294 429 1484 482 primum
1502 427 1689 478 oblatos,
1714 431 1809 468 tum
1834 427 1995 468 Nicolai
2019 429 2055 467 V
2079 427 2201 481 jussu

99 512 406 566 elegantissime
429 511 666 564 descriptos
680 542 690 562 ,
715 508 888 550 demum
907 507 1137 562 pontificiis
1154 508 1270 562 typis
1290 506 1370 547 sub
1392 507 1604 548 Clemente
1623 507 1728 548 VIII
1747 505 1958 559 publicari
1976 518 2099 559 passa
2116 511 2197 558 est,

99 595 236 632 totum
254 589 520 631 Bernardum
539 588 705 629 editura
734 589 779 628 in
801 588 962 640 lucem,
990 588 1025 628 si
1049 587 1264 628 Gerardus
1287 586 1463 627 Vossius
1482 597 1656 639 operam
1684 583 1831 625 itidem
1860 596 1979 624 suam
1999 585 2043 624 in
2062 588 2200 626 totum

99 667 364 709 Bernardum
391 665 671 707 contulisset?
706 666 800 717 Quo
828 666 972 706 minus
998 664 1242 706 mirandum
1271 668 1356 717 cst,
1387 665 1423 705 si
1451 665 1497 705 in
1520 663 1747 718 metropoli
1772 662 2006 704 Galliarum
2032 666 2199 703 tantum

100 745 243 788 Galliae
267 744 411 785 lumen
428 744 555 797 regiis
574 744 690 797 typis
710 744 866 784 meruit
884 743 1101 784 honorari.

156 824 231 864 IV.
259 823 515 876 Quanquam
541 820 661 875 quod
680 825 743 862 tot
766 819 973 862 Bernardi
997 820 1204 862 editiones
1235 825 1276 862 et
1308 823 1617 875 recognitiones
1640 821 1759 862 factae
1782 824 1881 861 sunt
1898 851 1908 870 ,
1945 819 2036 860 aliae
2069 820 2196 860 etiam

98 902 274 943 fuerunt
297 912 454 951 causae,
484 905 525 941 et
549 899 725 954 quidem
747 913 834 941 non
864 899 1175 953 improbandae,
1208 901 1295 941 imo
1318 902 1577 943 necessariae.
1601 903 1696 943 Una
1714 905 1755 941 et.
1779 898 1957 953 quidem
1985 899 2199 952 praecipua

98 984 184 1031 est,
211 978 330 1034 quod
354 991 452 1020 cum
471 979 517 1019 in
535 979 665 1020 variis
683 978 967 1033 plurimisque
988 977 1207 1019 codicibus
1236 980 1405 1033 scriptis
1424 979 1523 1020 111110
1550 979 1648 1020 inde
1668 978 1858 1032 dispersa
1877 976 2037 1017 fuerint
2065 976 2199 1016 sancti

97 1058 294 1099 Doctoris
313 1069 464 1112 opera,
484 1069 571 1097 non
591 1061 826 1111 potuerunt
848 1058 986 1111 prima
1009 1057 1151 1097 statim
1176 1056 1361 1098 editione
1386 1058 1515 1098 simul
1534 1056 1707 1111 prodire
1728 1056 1894 1108 omnia,
1916 1053 1990 1096 sed
2009 1066 2085 1108 per
2103 1066 2202 1107 par-

96 1136 268 1189 ticulas,
290 1140 500 1191 quatenus
522 1136 568 1176 in
590 1135 812 1176 hominum
835 1134 1125 1176 studiosorum
1145 1148 1296 1176 manus
1314 1141 1355 1176 et
1372 1137 1658 1189 cognitionem
1681 1134 1924 1175 veniebant.

156 1216 300 1256 Prima
326 1216 487 1269 quippe
506 1213 637 1255 editio
656 1213 829 1255 videtur
858 1214 989 1255 fuisse
1020 1213 1115 1265 illa,
1146 1225 1242 1267 quae
1272 1215 1502 1267 Moguntiac
1524 1228 1547 1255 a
1569 1217 1695 1255 Petro
1725 1212 1973 1266 Schoyffero
2001 1211 2111 1251 facta
2140 1215 2203 1251 est

96 1305 207 1334 anno
231 1294 362 1345 1475,
391 1291 673 1345 complectens
693 1293 911 1332 Sermones
933 1290 986 1331 de
1004 1293 1209 1344 Tempore
1237 1296 1278 1332 et
1300 1291 1352 1332 de
1371 1293 1556 1344 Sanctis,
1578 1303 1743 1332 necnon
1762 1291 1889 1330 etiam
1905 1288 1961 1329 de
1981 1288 2173 1329 Diversis
2187 1319 2197 1339 ,

96 1376 224 1425 atque
242 1370 404 1412 librum
427 1369 480 1411 ad
498 1370 653 1411 Milites
672 1369 859 1424 Templi,
884 1382 982 1410 cum
1001 1369 1094 1410 aliis
1112 1370 1331 1411 nonnullis
1354 1370 1572 1412 Bernardo
1591 1380 1817 1424 perperam
1839 1366 2079 1421 adscriptis,

156 1449 317 1492 Eodem
339 1454 530 1504 tempore
552 1450 802 1502 Rotomagi,
830 1448 991 1503 absque
1017 1448 1117 1489 anni
1148 1448 1464 1502 designatione,
1495 1448 1669 1501 vulgata
1695 1450 1795 1487 sunt
1820 1446 1904 1485 tria
1928 1444 2043 1485 beati
2067 1444 2205 1485 Patris

98 1528 301 1582 opuscula
315 1560 325 1580 ,
350 1540 502 1582 nempe
524 1527 624 1568 libri
643 1527 696 1568 de
724 1527 1094 1578 Consideratione,
1121 1527 1329 1582 Apologia
1349 1527 1403 1568 ad
1423 1526 1699 1568 Guillelmum
1719 1523 1936 1575 abbatem,
1959 1527 2001 1563 et
2022 1522 2130 1562 111101
2149 1521 2202 1562 (10

98 1607 314 1660 Praecepto
333 1610 374 1647 et
396 1606 735 1659 Dispensatione.

157 1684 344 1725 Accessit
369 1696 481 1725 anno
523 1685 627 1725 1481
667 1683 798 1725 editio
828 1685 1140 1738 Bruxellensis,
1173 1697 1268 1739 quae
1301 1686 1521 1725 Sermones
1555 1682 1607 1724 de
1640 1684 1845 1735 Tempore
1877 1685 1918 1720 et
1944 1678 1996 1720 (10
2023 1678 2203 1727 53110113,

99 1767 228 1817 atque
245 1763 385 1816 prima
402 1762 495 1803 vice
517 1762 726 1816 Epistolas
749 1762 1060 1816 suppeditavit,
1083 1763 1259 1804 editoris
1280 1764 1343 1804 uti
1367 1767 1409 1804 01
1430 1761 1691 1817 typographi
1714 1760 1886 1801 nomine
1904 1756 2205 1811 przrtermisso.

100 1840 265 1882 Deinde
289 1841 539 1882 Parisiensis
573 1842 673 1882 311111
712 1843 849 1894 1494,
877 1842 1087 1896 Epistolas
1109 1846 1318 1883 trecentas
1343 1847 1384 1883 et
1415 1841 1561 1882 decem
1585 1840 1790 1881 exhibens
1813 1850 1912 1878 cum
1936 1834 2209 1877 Sermonibus

99 1920 145 1961 in
164 1921 358 1974 Cantica,
383 1933 460 1975 per
476 1921 729 1974 magistrum
751 1920 976 1973 Rouauld,
1003 1934 1129 1962 sacrae
1152 1920 1376 1974 theologiae
1400 1920 1639 1971 doctorem,
1665 1917 1876 1970 castigatis
1897 1919 1938 1955 et
1958 1912 2206 1955 emendatis.

162 2000 282 2040 Hanc
305 2000 472 2054 excepit
508 1999 639 2040 editio
674 2000 886 2053 Spirensis
918 2012 1030 2040 anno
1071 2003 1174 2041 1501
1195 2031 1206 2052 ,
1244 2005 1285 2041 01
1315 2005 1567 2054 110313111103
1600 1998 1708 2039 (11103
1734 1998 1917 2045 Veneta,
1945 1992 2019 2033 sed
2050 1991 2211 2044 absque

102 2076 329 2131 Epistoli83
351 2081 549 2118 caeterum
587 2078 745 2131 spuriis
780 2082 822 2118 et
849 2077 995 2118 alienis
1019 2078 1188 2132 scriptis
1219 2078 1358 2119 media
1392 2090 1443 2118 ex
1469 2081 1590 2131 parte
1618 2075 1705 2129 jam
1736 2072 1906 2113 infarta.
1945 2069 2209 2110 Brixiensem

102 2154 204 2195 item
226 2155 326 2195 anni
356 2156 465 2196 1495
492 2155 682 2208 suggerit
704 2157 984 2209 Possevinus,
1010 2169 1105 2211 (11110
1136 2157 1342 2197 Ηο11111133
1364 2156 1409 2196 111
1428 2156 1586 2197 Missus
1609 2160 1684 2200 ess,
1705 2164 1802 2193 cum
1827 2150 1920 2191 aliis
1950 2145 2209 2202 quibusdam

102 2231 319 2285 opusculis
350 2232 609 2273 continebat.

162 2311 329 2363 Prima,·
353 2324 449 2365 quae
467 2310 675 2352 Bernardi
693 2311 832 2365 Opera
851 2311 938 2352 fere
954 2312 1096 2353 omnia
1121 2313 1166 2353 in
1183 2323 1319 2353 unum
1343 2321 1499 2366 corpus
1520 2310 1704 2364 redegit,
1727 2312 1790 2349 est
1813 2305 1943 2347 editio
1960 2301 2211 2344 Parisicnsis

104 2389 204 2430 311111
238 2391 376 2443 1508,
419 2389 667 2443 Seraphica,
706 2391 771 2430 uti
807 2390 1056 2444 praefertur,
1091 2391 1285 2432 melliflui
1329 2390 1559 2444 devotique
1603 2388 1789 2429 doctoris
1834 2383 1966 2425 sancti
2003 2378 2210 2422 Bernardi

105 2468 262 2522 scripta
289 2468 595 2523 complectens,
628 2467 950 2522 diligentissime
991 2482 1089 2510 cum
1128 2472 1371 2525 archetypis
1411 2470 1677 2511 1111111011]οοῑο
1715 2461 2076 2508 Clarae-Vallensis
2108 2463 2211 2499 tunc

107 2545 280 2588 demum
307 2549 353 2589 in
388 2548 593 2602 optimam
620 2548 749 2588 unius
774 2547 932 2588 codicis
968 2548 1151 2589 formam
1176 2548 1367 2601 redacta,
1395 2561 1496 2589 cura
1518 2552 1559 2588 et
1581 2544 1792 2586 industria
1821 2539 2014 2593 magistri
2035 2536 2211 2577 Joannis

108 2625 313 2679 Bocardi,
344 2627 547 2680 impensis
576 2631 718 2667 autem
748 2627 923 2667 Joannis
960 2628 1089 2667 Parvi
1124 2626 1366 2681 bibliopolae
1392 2626 1522 2680 jurati
1559 2620 1855 2665 Universitatis
1883 2614 2147 2658 Parisiensis.

175 2701 277 2752 Post
311 2719 443 2749 annos
471 2718 566 2757 3011,
604 2711 645 2747 01
674 2705 851 2760 quidem
881 2718 991 2746 anno
1032 2709 1138 2747 1515
1158 2740 1168 2759 ,
1204 2707 1390 2748 Jodocus
1427 2706 1665 2746 (1110101033
1700 2696 2030 2754 Neoportuensis
2064 2692 2210 2734 eadem

111 2801 239 2844 opera
268 2786 410 2828 denuo
432 2785 705 2838 recognovit,
733 2797 780 2825 30
810 2785 925 2838 typis
949 2786 1124 2826 Joannis
1153 2786 1287 2840 Cleyn
1306 2784 1531 2827 Alemanni
1558 2781 1752 2834 vulgavit
1781 2775 2009 2830 Lugduni,
2039 2770 2212 2825 adjectis

113 2867 332 2911 Gilleberti
373 2864 426 2906 de
470 2863 711 2917 Hoylandia
751 2863 1024 2905 Sermonibus
1069 2864 1115 2904 in
1154 2865 1345 2916 Cantica,
1389 2875 1483 2917 quae
1519 2859 1752 2914 recognitio
1784 2854 1999 2897 multoties
2037 2849 2212 2891 Lutetia¹

112 2947 398 2997 Parisiorum,
430 2944 495 2984 uti
522 2948 563 2984 et
590 2941 789 2996 Lugduni
820 2955 966 2983 recusa
992 2942 1089 2983 fuit.

173 3025 351 3067 Interim
390 3034 501 3063 anno
553 3023 662 3063 1520
705 3022 787 3062 alia
822 3021 984 3075 prodiit
1020 3020 1150 3062 editio
1186 3017 1508 3073 LugdunensiS,
1546 3027 1623 3070 per
1659 3013 1768 3055 duos
1802 3007 2030 3051 monachos
2063 3003 2214 3045 (113110-

114 3104 352 3155 Vallenses,
382 3100 656 3142 Lambertum
693 3101 979 3153 Campestrem
1007 3104 1048 3140 et
1073 3098 1350 3140 Laurentium
1376 3095 1702 3145 Dantiscenum,
1736 3089 1964 3137 adornata,
1995 3094 2089 3137 (11130
2119 3090 2215 3120 sane

119 3183 310 3224 omnium
335 3178 674 3221 emendatissima
704 3183 780 3219 est.

179 3257 434 3300 Secundum·
452 3256 530 3298 hos
567 3256 852 3310 recognitores
889 3255 1013 3308 (nam
1046 3257 1185 3296 varias
1219 3255 1425 3296 editiones
1453 3248 1601 3305 mitto)
1625 3247 1874 3291 Franciscus
1904 3242 2119 3283 Coniestor
2138 3236 2219 3274 Ar—

124 3335 375 3388 neducaeus,
406 3335 546 3376 socius
571 3334 736 3387 collegii
765 3333 1009 3385 Sorbonici,
1034 3333 1159 3375 aliam
1188 3333 1320 3375 sancti
1349 3330 1544 3373 Doctoris
1576 3325 1905 3379 recognitionem
1931 3318 2103 3359 adortus
2126 3315 2185 3352 est
2210 3339 2219 3360 ,
