2517 3936
81 202 176 241 1113

637 202 923 239 TRACTATUS
952 203 1017 238 DE
1046 202 1238 238 OFFICIO
1270 204 1610 243 EPISCOPORt‘M

74 295 161 320 nem
180 295 188 317 :
206 289 326 316 vacua
345 278 489 327 quippe
509 277 692 316 charitate
708 308 717 324 ,
734 287 885 316 mortua
909 288 976 316 est.
996 282 1088 317 Crc-
1103 279 1126 297 ⁴‘

2059 213 2150 248 tttt

1127 278 1307 329 ³⁷p⁴¹1·bia;
1323 280 1402 316 sola
1412 280 1492 317 hacc
1509 282 1678 318 omnium
1697 288 2022 334 propugnaculum
2038 290 2156 338 quod-

75 341 170 378 dunt
198 338 353 389 quidem
381 345 418 374 et
441 338 761 384 contremiscunt,
789 338 855 375 sed
877 339 991 376 timor
1011 352 1088 376 non
1106 341 1138 373 A
1156 339 1242 375 dam
1276 340 1465 388 turrisque
1494 341 1699 387 virtutum,
1729 343 1809 391 ejus
1843 346 1985 383 sortiter
2022 349 2157 385 resistit

74 409 131 439 est
157 400 197 436 in
224 398 418 435 charitate.
447 396 614 434 Proinde
643 398 681 433 in
718 397 850 434 labore
885 399 1086 435 hominum

74 473 152 498 non
176 467 287 505 sunt,
309 466 347 494 et
367 470 454 493 cum
472 455 693 493 hominibus
716 469 794 492 non
816 457 1056 506 flagellantur
1078 473 1085 494 ε

73 519 177 571 quod
194 519 390 566 exstinctae
413 517 501 553 fidei
518 516 624 553 nulla
640 515 720 565 jam
742 515 927 552 debeatur
946 517 1089 566 proba-

73 582 150 628 tio,
171 580 237 617 sed
268 577 504 629 reprobatio.
522 578 649 616 Solam
673 577 801 625 itaque
824 576 1016 625 justorum
1043 579 1088 614 fi—

73 641 158 679 dem
169 669 179 687 ,
196 639 235 676 id
250 647 307 676 est
321 639 499 675 vivorum
515 637 642 673 vivam
656 666 666 683 ,
683 637 818 672 fornax
833 637 1087 673 tentationum

72 701 229 751 suscipit
249 698 555 737 examinandam.
578 697 650 734 Sed
672 710 751 733 non
773 696 946 733 omnium
973 696 1088 746 justi-

72 761 122 798 tia
136 767 264 797 manet
283 759 323 796 in
339 758 520 796 saeculum
538 757 666 794 saeculi
684 772 691 794 z
711 757 893 806 quoniam
912 766 1001 793 sunt
1017 758 1084 807 qui

67 820 118 858 ad
146 828 297 870 tempus
323 817 508 863 credunt,
531 825 570 854 et
594 818 632 853 in
663 825 836 866 tempore
864 817 1084 855 tentationis

71 880 266 919 recedunt.
285 879 415 928 Qualis
432 879 478 915 sit
497 877 772 928 cujuscumque
790 877 883 915 fides
897 906 906 923 ,
928 877 1084 915 tribula-

71 942 122 980 tio
142 940 294 992 probat.
325 939 363 977 Si
392 938 500 989 qu'us
532 939 659 975 delicit
686 937 829 989 (deficit
851 938 975 985 enim,
996 952 1083 975 cum

69 1002 109 1039 in
129 1000 312 1038 charitate
341 1012 420 1036 non
448 998 699 1049 perseverat),
722 999 810 1035 ficta
839 1011 920 1035 esse
951 998 1085 1048 digno-

1154 399 1320 444 malitiae,
1337 399 1466 435 obviat
1484 402 1786 451 praesumptioni.
1803 405 1887 440 Sola
1902 405 2062 455 denique
2081 416 2131 443 cst
2147 438 2156 454 ,

1155 459 1201 494 (16
1223 472 1297 508 qua
1323 460 1494 495 omnium
1517 461 1629 509 plena
1650 462 1832 498 virtutum
1856 465 1971 500 Maria
1994 467 2157 513 glorian-

1156 519 1246 554 dum
1282 532 1361 555 6556
1393 521 1554 568 putavit.
1576 520 1717 557 Audito
1748 523 1889 571 quippe
1919 523 1965 559 ab
2000 528 2155 573 angclo,

1155 583 1244 622 Ave,
1265 584 1389 627 gratia
1406 583 1538 626 plena,
1557 581 1663 628 quasi
1692 582 1808 617 solam
1832 595 1877 616 cx
1901 582 1962 617 illa
1990 584 2157 631 plenitu-

1156 638 1243 674 dine
1275 639 1525 675 humilitatem
1550 639 1584 675 in
1610 653 1646 676 sc
1671 650 1932 689 cognosceret,
1955 644 2071 679 solam
2101 658 2159 679 rc-

1155 699 1331 748 pendisse
1353 713 1394 736 ac
1417 701 1654 750 respondisse
1673 711 1904 739 memoratur
1924 703 1959 739 in
1978 705 2133 752 gratiam
2151 719 2158 739 ε

1156 760 1351 808 lic-spemn,
1375 761 1571 810 inquiens,
1603 765 1704 798 Deus
1735 765 1982 799 humilitatem
2007 768 2160 800 (ascilla-

1151 833 1231 855 Μία)
1249 819 1274 856 5.

1209 881 1268 917 18.
1300 880 1399 928 Quid
1433 881 1570 918 deinde
1604 891 1737 919 auctor
1769 892 1806 919 et
1836 884 1945 921 dator
1976 885 2156 922 virtutum

1152 940 1343 986 Christus,
1375 941 1410 977 in
1442 955 1519 991 quo
1544 956 1676 980 omnes
1706 944 1868 980 thesauri
1901 945 2093 994 sapientise
2122 954 2157 981 et

1152 1001 1316 1037 scientiae
1341 1010 1428 1038 sunt
1449 1002 1661 1040 absconditi
1676 1005 1743 1049 ,in
1761 1019 1837 1054 quo
1856 1006 1978 1041 omnis
2005 1018 2158 1054 quoquc

67 1062 212 1100 scitur:
234 1060 266 1098 si
286 1059 392 1110 cujus
412 1068 652 1110 perseverat,
675 1059 839 1110 probata
856 1068 893 1096 et
913 1060 1083 1109 perfecta
1102 1063 1130 1097 B
1150 1061 1349 1110 plenitudo
1366 1062 1572 1100 divinitatis
1588 1058 1732 1101 habitat
1748 1065 2018 1115 corporaliter?
2033 1079 2157 1101 11011116

69 1130 259 1160 censetur.

122 1183 182 1220 16.
197 1182 336 1231 Liquet
348 1194 395 1218 ex
408 1180 466 1217 his
481 1180 582 1228 satis,
600 1188 641 1217 ut
651 1179 834 1225 arbitror,
851 1193 931 1217 non
950 1193 1084 1218 omnes

68 1243 134 1293 qui
164 1241 373 1278 habuerint
408 1240 630 1277 charitatem
644 1269 654 1286 ,
691 1238 832 1277 habere
873 1248 909 1277 et
955 1253 1084 1290 perse-

67 1301 278 1340 verantiam
304 1301 343 1338 in
366 1300 563 1337 charitate.
595 1300 776 1350 Alioquin
807 1297 946 1338 frustra
979 1313 1085 1338 com-

68 1371 243 1401 moneret
255 1361 466 1412 discipulos
480 1361 670 1398 Dominus
683 1376 691 1398 :
707 1363 877 1407 Manete,
890 1361 1083 1411 inquiens,

67 1429 106 1460 in
128 1422 329 1459 dilectione
348 1435 433 1458 mea
453 1429 477 1459 ¹.
497 1426 575 1459 Aut
595 1423 697 1459 enim
719 1422 749 1459 si
770 1422 934 1459 necdum
953 1421 1086 1471 dilige-

66 1481 158 1520 bant
169 1512 180 1530 ,
195 1496 276 1520 non
297 1481 484 1520 debuerat
496 1481 644 1529 dicere,
665 1491 827 1527 manete,
847 1482 913 1519 sed
926 1512 936 1529 ,
952 1484 1085 1518 Estote

66 1549 105 1581 in
119 1545 320 1580 dilectione
335 1557 420 1580 mea
437 1557 449 1578 :
462 1551 528 1580 aut
543 1543 574 1580 si
583 1542 664 1593 jam
679 1542 888 1593 diligebant
901 1572 910 1588 ‚
930 1555 1084 1580 necesse

65 1616 143 1641 non
160 1612 242 1641 erat
269 1604 418 1641 moneri
445 1603 492 1640 de
519 1604 822 1653 perseverantia,
853 1617 929 1653 qua
950 1616 1083 1641 secun-

65 1663 155 1702 dum
183 1664 278 1701 istos
306 1663 452 1715 privari
487 1677 567 1701 non
595 1672 788 1714 poterant.
822 1666 938 1701 Curet
969 1664 1085 1714 igitur

64 1736 195 1761 servus
221 1723 349 1761 bonus
376 1731 415 1761 et
440 1723 564 1760 fidelis
594 1723 668 1764 fide
703 1737 856 1761 servare
884 1737 964 1761 non
998 1725 1084 1761 ficta

61 1783 283 1821 'charitatem
309 1783 356 1820 de
373 1782 490 1820 corde
516 1797 617 1834 puro
639 1792 676 1820 et
697 1784 933 1821 conscientia
953 1783 1056 1821 bona
1074 1799 1082 1821 :

1152 1129 1277 1158 tamen
1310 1131 1347 1158 et
1378 1124 1458 1173 ipse
1489 1124 1535 1160 (16
1556 1124 1789 1171 humilitate,
1812 1134 1989 1175 tanquam
2011 1139 2155 1162 summa

1152 1194 1228 1218 suae
1259 1182 1440 1219 doctrinae
1475 1197 1704 1234 suarumque
1736 1186 1918 1222 virtutum
1932 1215 1940 1231 ,
1975 1186 2155 1235 gloriatus

1152 1244 1235 1278 cst?
1257 1244 1414 1289 Discite,
1433 1244 1502 1289 ait,
1531 1258 1554 1279 a
1582 1258 1659 1290 me,
1681 1258 1759 1281 non
1781 1246 1884 1294 quod
1905 1245 2073 1291 sobrius,
2095 1254 2158 1282 aut

1152 1311 1276 1339 castus
1289 1333 1298 1349 ,
1315 1311 1379 1340 aut
1395 1304 1564 1353 prudens
1580 1333 1589 1349 ,
1605 1314 1668 1342 aut
1683 1305 1823 1354 aliquid
1843 1305 2030 1354 ejusmodi
2048 1321 2055 1341 :
2072 1305 2136 1341 sed
2150 1335 2158 1350 ‚

1153 1367 1246 1411 quiec
1263 1367 1364 1399 mitis
1380 1377 1460 1399 sum
1484 1373 1517 1398 ec
1533 1364 1681 1399 humilis
1698 1367 1805 1400 corde
1819 1364 1846 1400 ὅ.
1870 1369 1904 1400 Α
1925 1379 1982 1401 me
1994 1394 2002 1410 ,
2020 1365 2159 1414 inquit,

1153 1426 1293 1459 discite.
1319 1427 1403 1460 Non
1431 1423 1477 1460 ad
1503 1424 1716 1461 doctrinam
1739 1425 2038 1462 Patriarcharum
2053 1456 2061 1472 ,
2082 1439 2159 1462 non

1153 1484 1200 1521 ad
1228 1484 1507 1535 Prophetarum
1534 1484 1652 1522 libros
1677 1499 1746 1535 ego
1763 1500 1831 1523 vos
1855 1486 1962 1522 mitto
1984 1502 1991 1523 :
2010 1486 2074 1523 scd
2100 1500 2157 1524 me

1154 1543 1262 1581 vobis
1283 1545 1520 1594 exemplum,
1546 1559 1604 1582 me
1627 1547 1785 1582 formam
1812 1546 2035 1583 humilitatis
2054 1547 2159 1583 exbi-

1152 1604 1237 1641 beo.
1260 1604 1491 1642 Inviderunt
1510 1605 1601 1641 mihi
1625 1605 1863 1642 altitudinem
1877 1635 1886 1651 ‚
1907 1619 2019 1655 quam
2037 1606 2157 1643 liabeo

1153 1664 1255 1713 apud
1278 1668 1428 1701 Patrem
1443 1693 1452 1709 ,
1471 1664 1626 1713 angelus
1648 1673 1684 1700 et
1701 1664 1839 1700 femina
1855 1678 1862 1700 :
1881 1664 1943 1700 ille
1959 1665 2157 1714 potentiae,

1152 1724 1217 1761 illa
1248 1724 1425 1762 scientice.
1443 1729 1519 1762 Vos
1540 1734 1664 1761 antem
1687 1725 1917 1761 aemulamini
1937 1725 2159 1761 charismata

1153 1785 1332 1831 meliora,
1350 1784 1537 1822 discentes
1555 1799 1575 1821 a
1598 1798 1656 1821 me
1677 1786 1764 1835 quia
1785 1785 1884 1821 mitis
1902 1798 2003 1831 511111,
2027 1793 2063 1821 61
2083 1785 2157 1821 1111-

61 1843 180 1894 pluris
198 1843 389 1881 aestimans
410 1843 548 1880 animae
573 1844 713 1889 vitam,
736 1858 852 1894 quam
886 1846 1085 1896 corporis,
1108 1850 1135 1886 C
1157 1845 1255 1882 milis
1270 1845 1398 1882 corde.

62 1904 186 1942 minus
201 1904 364 1942 horrens
385 1904 510 1942 carnis
527 1913 691 1941 mortem
704 1934 714 1951 ,
735 1919 850 1955 quam
868 1905 970 1942 fidei.

439 2030 619 2070 CAPUT
645 2031 695 2071 V.

61 2156 109 2187 De
123 2152 235 2185 virtute
258 2152 442 2186 humilitatis
464 2154 611 2186 omnibus
628 2153 755 2196 quidem
769 2178 776 2191 ‚
806 2154 861 2186 sed
884 2156 1020 2198 praelatis
1046 2156 1078 2187 in

412 2220 522 2252 prmus
547 2219 733 2241 necessarla.

114 2329 174 2367 17.
200 2333 285 2368 Jam
319 2329 367 2368 de
399 2330 522 2368 tribus
553 2343 639 2381 quae
663 2330 840 2382 superius
872 2333 1083 2382 proposui-

22 2397 23 2403 *
59 2401 162 2438 mus,
179 2390 259 2428 sola
271 2420 281 2438 ,
299 2391 341 2428 ni
359 2392 493 2438 fallor,
518 2391 722 2429 tractanda
743 2400 862 2429 restat
875 2392 1081 2432 humilitas.

59 2451 148 2487 Haec
170 2449 323 2489 duabus
346 2452 553 2502 praemissis
572 2451 783 2489 virtutibus
798 2453 835 2489 in
857 2461 1006 2490 tantum
1027 2463 1084 2491 est

0 2522 10 2533 2
65 2510 292 2558 necessaria,
312 2519 356 2547 ut
375 2510 519 2561 absque
541 2511 612 2548 ista
632 2511 708 2548 illae
727 2525 798 2548 nec
818 2525 900 2550 esse
919 2513 1083 2552 virtutes

0 2603 5 2606 .
59 2569 276 2608 videantur.
292 2574 439 2622 Nempe
453 2580 496 2609 ut
509 2572 662 2609 castitas
680 2585 748 2609 seu
765 2572 928 2610 charitas
945 2572 1077 2620 detur,

1208 1907 1268 1943 19.
1287 1906 1541 1943 Commodum
1568 1919 1654 1943 reor
1680 1906 1859 1956 indagare
1887 1905 2028 1955 aliquid
2058 1914 2094 1942 et
2114 1905 2159 1942 (16

1149 1966 1349 2017 superbia,
1372 1975 1560 2017 quatenus
1581 1980 1628 2003 ex
1649 1967 1828 2017 opposito
1849 1966 1920 2004 sibi
1936 1966 2026 2003 vitio
2041 1966 2162 2002 virtu-

1147 2027 1194 2064 tis
1218 2026 1333 2077 hujus
1361 2026 1478 2063 decor
1507 2028 1743 2063 manifestior
1764 2035 1956 2077 appareat.
1978 2024 2161 2076 Superbia

1147 2096 1202 2125 est
1223 2088 1419 2138 appetitus
1437 2088 1604 2138 propriae
1625 2088 1870 2124 excellentiae.
1894 2091 1983 2124 Haec
2005 2086 2044 2122 in
2071 2099 2160 2136 spe—

1151 2149 1226 2185 cies
1244 2148 1337 2185 duas
1358 2148 1562 2194 dividitur,
1582 2148 1620 2184 in
1640 2161 1775 2184 caecam
1788 2176 1797 2193 ,
1819 2156 1856 2184 et
1874 2160 2011 2183 vanam
2031 2160 2160 2196 super-

1150 2209 1266 2246 biam.
1290 2213 1384 2258 Quae
1404 2208 1556 2258 quidem
1575 2217 1611 2245 et
1636 2209 1717 2245 aliis
1738 2206 1958 2244 nominibus
1976 2207 2159 2257 appellari

1150 2278 1334 2320 possunt,
1356 2268 1613 2313 contumacia,
1633 2277 1670 2304 et
1689 2268 1834 2304 vanitas
1851 2283 1858 2305 :
1876 2281 2037 2318 quarum
2054 2267 2161 2317 prior

1151 2330 1434 2380 intelligentiae,
1465 2328 1656 2379 posterior
1687 2327 1894 2364 voluntatis
1924 2327 2059 2363 vitium
2094 2334 2159 2362 est=

1150 2394 1245 2428 lN'am
1267 2404 1314 2426 ex
1334 2390 1397 2426 illa
1426 2389 1583 2426 rationis
1612 2388 1755 2424 fallitur
1777 2388 1931 2433 oculus,
1955 2395 1992 2423 et
2016 2400 2062 2422 ex
2091 2386 2160 2422 ista

1150 2451 1359 2488 voluntatis
1380 2450 1570 2500 appetitus
1594 2448 1689 2484 male
1706 2447 1879 2484 afficitur.
1898 2446 2009 2494 Quod
2026 2445 2158 2481 melius

1151 2525 1198 2548 ex
1223 2511 1457 2561 singularum
1488 2507 1774 2545 delinitionibus
1800 2504 2157 2543 demonstrabimus.

1151 2574 1256 2609 Caeca
1280 2569 1459 2620 superbia
1482 2582 1546 2606 seu
1567 2567 1805 2605 contumacia
1829 2575 1885 2603 est
1905 2566 2059 2611 vitium,
2083 2577 2159 2613 quo

62 2629 254 2669 humilitas
283 2641 456 2685 meretur
489 2647 497 2668 :
527 2632 711 2682 quoniam
731 2633 942 2670 humilibus
974 2637 1078 2672 Deus
1096 2636 1129 2670 D
1149 2646 1188 2670 se
1205 2632 1425 2669 existimans
1447 2629 1581 2678 aliquis
1597 2629 1656 2665 vel
1677 2640 1757 2664 esse
1782 2626 1928 2663 bonum
1949 2625 2053 2675 quod
2083 2638 2161 2661 non

0 2715 6 2722 ·
59 2689 122 2728 dat
139 2692 298 2742 gratiam
324 2698 350 2729 ².
372 2693 579 2730 Humilitas
596 2706 688 2743 ergo
708 2693 873 2730 virtutes
898 2694 990 2731 alias
1018 2709 1082 2732 ac-

60 2750 161 2801 cipit.
184 2754 319 2790 Servat
344 2760 538 2802 acceptas,
559 2754 649 2802 quia
671 2766 750 2790 non
771 2753 978 2803 requiescit
995 2755 1082 2804 Spi—

4 2838 5 2841 ,
60 2810 154 2849 ritus
171 2812 350 2860 Domini,
372 2812 443 2850 nisi
461 2826 578 2863 super
594 2813 767 2862 quietum
789 2822 826 2850 et
846 2814 1030 2852 humilem
1052 2814 1077 2852 3.

60 2871 231 2909 servatas
248 2881 510 2920 consummat3
527 2886 616 2910 nam
638 2873 759 2911 virtus
777 2873 816 2910 in
834 2874 1075 2923 infirmitate,

30 2956 33 2966 ,
58 2928 128 2967 hoc
153 2940 210 2969 est
244 2932 285 2969 in
316 2932 554 2979 humilitate,
589 2933 789 2983 perficitur
814 2934 841 2971 ⁴‘.
877 2934 1078 2972 Inimicam

32 3015 33 3025 1
60 2992 182 3030 01111115
197 2993 328 3043 gratiae
340 3021 351 3040 ,
374 2994 577 3044 omnisque
597 2994 751 3031 initium
776 2996 923 3045 peccati
943 2996 1076 3034 debel-

32 3048 35 3062 ³
60 3049 110 3087 lat
123 3051 340 3102 superbiam
353 3082 363 3100 ‚
386 3061 424 3090 et
444 3061 521 3091 tam
539 3067 561 3091 a
577 3067 616 3091 se
628 3084 638 3101 ,
656 3067 772 3104 quam
791 3068 811 3092 a
833 3055 980 3093 eaeteris
997 3055 1075 3092 vir-

59 3110 200 3148 tutibus
226 3111 434 3163 superbam
461 3113 563 3150 illius
591 3114 796 3164 propulsat
818 3115 1074 3164 tyrannidem.

60 3168 250 3219 Siquidem
269 3186 362 3210 cum
389 3185 435 3210 ex
455 3174 537 3211 aliis
563 3174 780 3225 quibusque
802 3174 915 3212 bonis
935 3175 1077 3213 virium

35 3227 37 3264 f
59 3230 173 3281 magis
198 3244 353 3269 suarum
379 3246 517 3284 capere
543 3235 664 3272 soleat
693 3235 981 3272 incrementum
1016 3249 1076 3272 su-

1149 2701 1224 2739 est,
1243 2692 1302 2728 vel
1330 2704 1351 2727 a
1371 2703 1409 2726 se
1436 2703 1514 2726 esse
1536 2688 1639 2738 quod
1660 2696 1738 2731 est,
1767 2687 1805 2723 in
1838 2699 1895 2731 se,
1916 2699 1994 2722 non
2021 2685 2059 2721 in
2080 2688 2161 2721 Do-

1149 2753 1254 2790 mino
1280 2751 1476 2800 gloriatur.
1498 2753 1602 2785 Vana
1633 2746 1811 2797 superbia
1839 2759 1905 2782 seu
1930 2746 2078 2783 vanitas
2104 2753 2160 2781 est

1147 2813 1303 2857 vitium,
1326 2824 1404 2859 quo
1425 2809 1508 2858 quis
1530 2817 1605 2844 tam
1623 2807 1668 2843 (16
1686 2820 1731 2843 60
1752 2806 1857 2856 (1110(1
1875 2814 1950 2851 651,
1970 2818 2085 2854 quam
2114 2804 2160 2841 de

1148 2887 1193 2909 eo
1211 2870 1317 2921 quod
1337 2883 1413 2906 nou
1432 2877 1505 2914 est,
1530 2869 1606 2904 suis
1628 2866 1744 2916 magis
1765 2879 1878 2916 quam
1895 2865 1965 2903 Dei
1982 2864 2157 2902 laudibus

1148 2933 1367 2970 delectatur.
1385 2930 1452 2966 His
1468 2929 1519 2964 ita
1537 2927 1742 2977 praemissis
1754 2955 1763 2972 ,
1780 2935 1955 2976 aptemus
1969 2924 2048 2974 jam
2068 2937 2158 2960 con-

1144 2992 1259 3030 traria
1288 2988 1517 3031 humilitati,
1554 2987 1702 3037 singula
1731 2987 1889 3036 singulis
1918 2993 2160 3035 opponentes

1143 3052 1347 3091 Humilitas
1369 3058 1424 3087 est
1451 3056 1694 3098 contemptus
1717 3047 1888 3097 propriae
1908 3045 2156 3082 excellentiae.

1145 3117 1395 3162 Contemptus
1423 3109 1634 3159 opponitur
1654 3108 1853 3158 appetitui.
1876 3105 2036 3143 Duabus
2059 3118 2158 3153 quo-

1145 3187 1220 3224 que
1245 3170 1432 3221 superbiae
1454 3168 1673 3219 speciebus,
1703 3168 1786 3205 (luae
1813 3166 2062 3204 nihilominus
2089 3164 2160 3199 hu-

1145 3232 1313 3271 militatis
1331 3237 1587 3281 opponuntur
1609 3244 1615 3265 :
1635 3237 1771 3265 contra
1786 3239 1941 3271 czecam,
1961 3233 1999 3260 ut
2017 3222 2098 3272 quis
2115 3221 2160 3257 (16

110 3362 118 3378 ¹
133 3360 226 3392 Joan.
243 3371 300 3399 XV,
325 3364 410 3397 9.÷
426 3368 438 3384 ²
453 3362 620 3394 ,1116011111γ
636 3388 643 3402 ‚
675 3369 706 3395 ὓ.
725 3383 769 3386 —
788 3362 799 3384 3
814 3363 981 3394 Isai.1,xv1
995 3387 1002 3401 ‚
1022 3367 1052 3395 2.
1070 3382 1113 3386 —-
1128 3363 1475 3397 ⁴'IIC01·.X11‚9.—-
1495 3356 1508 3380 5
1526 3361 1601 3388 Luc.
1620 3369 1642 3389 1.
1665 3359 1717 3394 28,
1739 3358 1790 3386 48.
1804 3372 1848 3376 -
1863 3350 2005 3383 63131111.
2026 3360 2082 3385 m,
2106 3351 2157 3379 29,
