2517 3920
361 197 455 234 1147
1127 198 1162 233 s.
1192 197 1319 231 BERN
1328 196 1447 230 ARDI
1480 194 1677 230 ABBATIS
2334 195 2430 234 1148

353 278 423 310 secl
443 289 515 310 non
537 278 574 310 itz
596 275 663 310 hoc
678 274 910 321 jicstificatzcs
929 286 1023 309 Sum.
1055 273 1130 319 Qui
1152 281 1275 308 autem
1289 270 1410 318 sic-⁴²¹³
1429 272 1526 307 forte
1552 271 1716 319 pessima
1744 276 1990 318 perpetrant3
2009 269 2039 306 si
2059 269 2111 306 sic
2131 279 2219 307 sunt
2241 273 2432 313 cruciandi

356 337 461 371 dicat
479 349 551 380 me,
569 337 752 370 Dominus
768 343 823 370 est
836 341 860 370 ¹.
1381 333 1413 366 A
1431 332 1495 381 qui
1519 331 1578 366 hic
1599 330 1700 365 bona
1722 337 1976 377 receperunt,
1997 337 2038 366 ut
2058 329 2094 365 in
2117 330 2242 367 medio
2271 331 2431 371 flammae

416 395 473 431 19.
506 394 542 432 Si
577 402 617 430 tu
647 392 801 442 objectu
839 393 1024 443 parietis,
1058 400 1122 428 aut
1158 389 1362 439 cujuslibet

357 454 607 492 simulationis
630 462 817 503 praetentu
836 481 845 498 ‚
868 454 1034 489 humana
1055 451 1227 488 frustrari
1250 463 1362 499 posse

352 515 494 565 judicia
526 514 719 564 gloriaris3
744 522 868 550 certus
897 521 1000 558 esto,
1031 525 1108 548 non
1136 511 1242 546 illum
1270 522 1360 545 vera

356 576 515 613 crimina
537 574 731 625 praeterire
746 603 754 619 ,
774 574 838 622 qui
860 573 906 609 (le
927 572 1026 608 falsis
1047 571 1160 607 etiam
1181 582 1360 606 accusare

356 635 577 673 criminibus
612 634 819 670 consuevit.
856 633 892 670 Si
926 640 1125 681 tantopere
1157 628 1262 678 ejus,
1295 628 1361 678 qui

357 697 608 733 nihilominus
644 695 739 730 sorte
759 702 860 729 tuam
879 700 1067 736 vereatur,
1088 689 1255 739 proximi
1270 702 1363 725 con-

357 757 549 794 scientiam
589 754 834 799 reformida53
864 753 984 788 multo
1016 751 1142 787 minus
1170 763 1235 786 eos
1269 762 1361 785 con-

358 826 503 853 temnas
515 845 524 862 ,
542 814 680 864 quibus
700 813 830 849 odiosa
848 811 964 860 magis
980 809 1178 859 iniquitaS,
1196 817 1233 845 et
1249 809 1361 857 longe

357 877 518 926 amplius
546 872 786 911 exsecrabilis
812 871 1009 920 corruptio
1034 878 1101 906 est.
1128 869 1165 907 Si
1195 868 1360 918 denique

354 940 476 973 Deum
504 947 581 970 non
606 933 738 978 times,
765 940 802 968 et
827 932 927 968 solos
952 930 1151 966 hominum
1174 928 1360 965 revereris

355 1003 551 1045 aspectus;
578 1005 724 1029 memor
746 1000 827 1028 esto
852 991 1046 1028 hominem
1074 990 1266 1028 Christum
1288 988 1362 1025 ho-

1428 388 1676 427 aestuantibus
1698 388 1837 437 linguis
1852 417 1861 434 ,
1883 401 1930 424 ne
1954 388 2121 425 minimae
2149 389 2301 438 quidem
2324 392 2431 428 stillae

1427 448 1602 485 obtinere
1634 447 1872 497 refrigerium
1906 450 2076 496 queant?
2108 451 2315 486 Caveamus
2343 463 2431 501 ergo

1426 508 1523 544 mala
1552 520 1668 557 opera
1686 536 1695 553 ,
1723 520 1792 543 nec
1825 506 2056 543 includentis
2089 520 2236 556 sagenae
2268 508 2430 557 fiducia,

1426 567 1545 604 libere
1562 567 1661 604 intra
1682 567 1885 604 Ecclesiam
1908 566 2175 616 delinquamus
2195 582 2202 604 :
2225 567 2297 605 hoc
2316 569 2433 607 scien·

1430 635 1483 664 tes
1499 656 1508 673 ,
1532 628 1619 677 quia
1636 641 1714 664 non
1734 640 1866 664 omnes
1883 640 1980 677 quos
2000 640 2138 677 sagena
2159 628 2273 664 trahit
2287 657 2297 675 ,
2316 629 2433 679 pisca-

1430 695 1558 724 torum
1586 701 1673 724 vasa
1703 687 1915 737 recipient3
1944 687 2009 723 sed
2037 688 2109 724 erit
2137 701 2222 724 cum
2256 688 2303 725 ad
2331 689 2432 727 litt'us

1430 747 1631 793 venerint,
1655 747 1796 797 eligent
1822 745 1945 783 bonos
1968 747 2007 783 in
2030 760 2142 794 vasa,
2166 748 2284 785 malos
2308 757 2432 786 autem

1428 807 1528 845 foras
1550 809 1700 844 mittent
1714 808 1741 845 4.
1763 811 1894 857 Neque
1915 807 1989 844 hoe
2017 808 2187 844 contenti
2216 807 2431 846 lumborum

1427 867 1598 916 cingulo,
1617 867 1868 904 accendamus
1885 868 1996 904 etiam
2019 868 2195 904 lucernas
2211 876 2359 905 nostras
2372 897 2382 915 ,
2397 878 2434 906 et

1426 927 1613 964 instanter
1634 941 1841 977 operemur
1867 926 2011 964 bonum
2034 956 2043 973 ,
2074 928 2305 978 cogitantes,
2333 929 2434 979 quod

1427 987 1551 1024 omnis
1585 987 1715 1033 arbor,
1748 1000 1826 1024 non
1863 987 1978 1024 modo
2013 1001 2099 1037 quae
2134 989 2276 1025 malum
2306 988 2435 1027 fecerit

357 1056 502 1092 minum
524 1054 619 1090 facta
638 1053 814 1102 ignorare
839 1064 917 1088 non
942 1064 1053 1102 posse
1073 1066 1081 1087 :
1101 1058 1143 1087 ut
1165 1049 1271 1100 quod
1291 1062 1359 1086 co·
1378 1050 1406 1084 B
1428 1047 1593 1084 fructum
1610 1076 1619 1094 ‚
1641 1047 1707 1084 sed
1734 1047 1847 1084 etiam
1878 1060 1962 1096 quae
1996 1046 2141 1084 bonum
2172 1061 2251 1084 non
2282 1049 2431 1096 fecerit,

358 1128 438 1151 ram
474 1127 533 1150 me
566 1120 751 1149 attentare
786 1111 943 1148 minime
981 1124 1140 1161 prorsus
1181 1109 1363 1156 auderes,

358 1175 477 1212 multo
500 1173 625 1210 minus
645 1172 784 1210 audeas
798 1186 926 1209 coram
949 1172 1056 1222 ipso3
1081 1171 1264 1221 quodque
1284 1184 1362 1207 non

357 1236 442 1273 dico
464 1248 541 1272 non
566 1235 716 1280 liceret,
739 1233 803 1271 sed
828 1246 898 1270 nec
921 1232 1058 1270 liberet
1080 1232 1236 1282 quidem
1259 1245 1362 1282 prae-

356 1310 505 1334 sumere
533 1296 686 1332 vidente
713 1307 924 1339 conservo,
950 1293 1174 1344 inspiciente
1194 1293 1363 1330 Domino

356 1357 415 1393 vel
451 1356 616 1406 cogitare
644 1355 796 1406 penitus
830 1354 1088 1391 exhorrescas.
1123 1353 1301 1402 Alioquin
1335 1352 1365 1389 si

358 1418 481 1454 carnis
496 1417 648 1454 oculum
666 1416 782 1465 magis
796 1445 804 1461 ,
821 1429 934 1465 quam
951 1415 1115 1465 gladium
1130 1443 1139 1460 ,
1155 1414 1219 1463 qui
1232 1427 1365 1450 carnes

361 1476 476 1513 habet
493 1477 677 1513 devorare
693 1506 701 1522 ‚
722 1475 926 1521 formidas3
954 1483 992 1511 et
1022 1475 1052 1511 is
1071 1487 1225 1524 quoque
1251 1474 1366 1510 timor

358 1550 472 1586 quem
510 1537 617 1572 times
639 1565 648 1582 ,
682 1535 832 1572 eveniet
868 1534 968 1581 tibi,
1004 1543 1041 1571 et
1077 1534 1224 1571 accidet
1258 1533 1362 1583 quod

361 1597 514 1633 vereris.
541 1596 639 1634 Nihil
685 1604 862 1646 opertum
899 1595 1003 1645 quod
1040 1608 1118 1631 non
1155 1595 1360 1640 reveletur,

358 1658 416 1693 vel
444 1657 636 1693 occultum
662 1656 767 1705 quod
796 1669 873 1692 non
903 1655 1080 1692 sciatur².
1103 1660 1323 1704 Arguentur
1343 1668 1363 1691 a

359 1717 442 1753 luce
468 1716 506 1752 in
539 1717 661 1752 lucem
689 1716 837 1765 prolata
858 1729 973 1765 opera
999 1714 1243 1752 tenebrarum
1263 1730 1273 1761 3
1295 1728 1364 1751 nec

358 1777 475 1814 modo
506 1776 783 1813 obscenitatum
813 1776 1070 1812 abominanda
1102 1784 1243 1812 secreta
1262 1804 1271 1820 ,
1300 1775 1365 1812 sed

1430 1107 1641 1154 excidetur,
1673 1117 1710 1144 et
1740 1109 1779 1144 in
1806 1108 1932 1157 ignem
1964 1108 2148 1155 mittetur,
2166 1109 2273 1146 illum
2306 1109 2435 1159 utique

1429 1168 1556 1218 ignem
1577 1177 1760 1206 aeternum
1773 1198 1782 1216 ,
1803 1169 1868 1218 qui
1887 1177 2044 1220 paratus
2064 1178 2121 1206 est
2141 1168 2295 1206 diabolo
2311 1178 2348 1208 et
2367 1183 2435 1207 an-

1430 1229 1521 1278 gelis
1541 1227 1637 1278 ejus.

1487 1290 1548 1326 ⁴21.
1572 1293 1759 1328 Caeterum
1790 1291 1842 1327 sic
1870 1290 2105 1328 declinemus
2135 1304 2156 1327 a
2182 1291 2300 1337 malo,
2322 1298 2358 1327 et
2384 1291 2436 1328 fa-

1432 1351 1573 1388 ciamus
1609 1350 1755 1387 bonum
1775 1380 1784 1397 ,
1822 1360 1864 1388 ut
1897 1352 2136 1402 inquiramus
2172 1365 2305 1402 pacem
2321 1380 2330 1398 ,
2360 1364 2435 1388 non

1431 1406 1589 1461 gloriam
1608 1425 1900 1462 prosequamur.
1916 1413 1985 1449 Illa
2005 1412 2105 1449 enim
2122 1413 2193 1450 Dei
2209 1420 2284 1457 est,
2304 1420 2341 1448 et
2357 1425 2437 1448 eam

1432 1473 1540 1509 alteri
1562 1486 1639 1509 non
1662 1471 1778 1508 (labit.
1804 1475 2001 1518 Gloriam,
2024 1472 2167 1522 inquit,
2189 1485 2310 1508 meam
2330 1473 2438 1507 alteri

1432 1547 1506 1569 mm
1526 1531 1658 1569 (labofi.
1676 1536 1723 1570 Et
1737 1531 1887 1569 dicebat
1900 1532 2017 1569 homo
2035 1531 2246 1569 secundum
2263 1544 2331 1567 cor
2344 1531 2436 1568 Dei:

1429 1597 1515 1631 Non
1533 1593 1655 1638 nobis,
1680 1596 1860 1637 Domine,
1886 1607 1959 1629 mm
1979 1593 2103 1638 nobis,
2125 1594 2194 1628 sed
2211 1595 2354 1627 nomini
2378 1600 2439 1627 tuo

1430 1656 1479 1689 da
1505 1657 1664 1702 gloriam
1687 1651 1715 1689 ⁶.
1737 1653 2002 1690 Recordemur
2022 1653 2133 1689 etiam
2156 1652 2361 1702 Scripturae
2381 1650 2439 1687 di-

1432 1713 1578 1750 centis:
1603 1715 1641 1749 Si
1672 1722 1770 1749 recte
1799 1713 1942 1761 offeras
1968 1723 2004 1749 et
2034 1727 2108 1749 non
2142 1721 2240 1749 recte
2268 1713 2438 1755 dividas,

1427 1779 1596 1823 pecc-asti
1608 1781 1634 1811 7.
1652 1778 1768 1812 Recta
1782 1782 1838 1811 est
1851 1803 1860 1819 ‚
1883 1774 2036 1819 fratres,
2055 1774 2117 1810 illa
2134 1780 2267 1809 nostra
2284 1771 2439 1818 divisio,

359 1837 490 1887 iniqua
515 1837 743 1873 commercia
772 1836 1019 1872 vendentium
1047 1843 1282 1873 sacramenta
1298 1864 1306 1879 ‚
1329 1843 1366 1870 et
1385 1839 1412 1874 C
1433 1847 1546 1870 nemo
1568 1833 1764 1870 detrectet.
1786 1833 1967 1883 Alioquin
2000 1834 2030 1870 si
2051 1833 2112 1870 cui
2130 1832 2289 1870 forsitan
2315 1833 2440 1869 minus

361 1896 603 1933 fraudulenta
638 1896 836 1933 susurriaa
871 1896 1196 1932 adinvenientium
1231 1895 1368 1941 dolos,

360 1966 398 1994 et
424 1956 566 2006 judicia
603 1956 934 2002 subvertentium,
968 1956 1032 2006 qui
1067 1956 1174 1993 novit
1208 1956 1335 1991 omnia
1356 1983 1365 2000 ,

361 2026 452 2054 nota
484 2018 593 2054 saciet
625 2017 834 2062 universis;
871 2029 957 2052 cum
989 2016 1149 2066 coeperit
1179 2024 1369 2052 scrutator

362 2076 424 2113 ille
452 2077 577 2114 cordis
604 2085 640 2113 et
668 2089 800 2113 renum
829 2076 989 2112 scrutari
1013 2076 1222 2113 Jerusalem
1245 2075 1283 2112 in
1306 2076 1368 2112 lu—

361 2150 496 2174 cernis.

732 2262 909 2302 CAPUT
938 2262 991 2301 X.

358 2389 431 2418 Non
456 2388 555 2418 solum
576 2387 761 2419 declinando
781 2398 798 2417 a
819 2386 920 2424 malo,
950 2385 1004 2417 sed
1029 2392 1058 2417 et
1084 2384 1225 2416 faciendo
1249 2384 1370 2415 bonum

714 2442 844 2473 salutem
864 2440 1012 2472 obtineri.

413 2557 474 2593 20.
497 2555 596 2604 Quid
625 2568 716 2605 ergo
739 2554 876 2591 facturi
899 2562 1012 2599 sunt,
1037 2553 1114 2590 imo
1132 2551 1261 2602 potius
1278 2551 1370 2601 quid

1432 1895 1580 1944 placet,
1598 1894 1689 1930 sciat
1706 1907 1782 1930 non
1801 1902 1970 1930 nostram
1991 1906 2087 1938 esse,
2104 1892 2168 1930 sed
2194 1893 2437 1942 Angelorum.

1434 1954 1584 1991 Priores
1606 1954 1706 1990 enim
1727 1953 1863 2003 Angeli
1885 1953 2106 1990 cecinerunt
2127 1967 2134 1989 :
2159 1955 2286 1989 Gloria
2314 1954 2351 1988 in
2372 1966 2440 1988 esc-

1435 2017 1544 2049 celsis
1558 2017 1658 2059 Deo,
1682 2022 1717 2049 ec
1735 2018 1771 2049 in
1793 2023 1891 2049 terra
1910 2027 1994 2062 pax
2018 2013 2228 2049 hominibus
2245 2012 2355 2049 bonoe
2372 2026 2439 2049 vo-

1436 2076 1590 2109 luntatis
1607 2072 1633 2110 3.
1664 2076 1868 2111 Servemus
1900 2087 1991 2123 ergo
2021 2073 2061 2110 in
2086 2073 2185 2110 vasis
2217 2073 2369 2119 oleum,
2395 2085 2440 2110 ne

1435 2135 1533 2171 sorte
1560 2134 1688 2186 (quod
1711 2134 1834 2186 absit)
1857 2135 2002 2172 clausas
2028 2133 2107 2184 jam
2135 2134 2356 2185 nuptiarum
2379 2133 2439 2183 ja-

1435 2209 1529 2232 nuas
1554 2196 1691 2232 frustra
1708 2197 1922 2246 pulsantes,
1947 2195 2108 2232 verbum
2132 2195 2330 2233 audiamus
2345 2208 2442 2232 ama·

1435 2268 1542 2300 rum,
1581 2263 1618 2291 et
1655 2255 1807 2292 deintus
1843 2255 1955 2292 nobis
1987 2268 2151 2306 sponsus
2189 2254 2440 2305 respondeat,

1437 2316 1573 2351 Nescio
1601 2330 1669 2352 vos
1681 2322 1708 2352 9.
1740 2315 1876 2353 Adhuc
1906 2324 2034 2352 tamen
2065 2329 2169 2353 mors
2205 2315 2329 2366 posita
2361 2322 2438 2359 est,

1437 2387 1515 2410 non
1561 2374 1677 2411 modo
1720 2388 1829 2412 secus
1875 2375 2114 2425 iniquitatem
2135 2405 2144 2422 ,
2184 2375 2440 2420 sterilitatem,

1436 2434 1642 2471 vanitatem
1657 2464 1666 2481 ‚
1687 2435 1754 2472 sed
1781 2443 1818 2471 et
1845 2448 1952 2472 secus
1976 2435 2175 2472 introitum
2194 2434 2314 2485 ipsius
2332 2433 2440 2471 etiam

1436 2496 1655 2545 voluptatis.
1688 2495 1877 2544 Quocirca
1907 2509 2005 2546 opus
2031 2504 2088 2532 est
2119 2494 2344 2532 fortitudine
2373 2493 2440 2530 ad·

1437 2570 1570 2593 versus
1607 2565 1838 2593 tentamenta
1870 2557 2036 2606 peccati,
2074 2565 2116 2594 ut
2147 2556 2311 2606 rugienti
2344 2554 2441 2592 leoni

359 2617 506 2667 passuri
527 2617 592 2666 qui
613 2616 772 2653 crimina
794 2615 1093 2660 commiserunt,
1115 2612 1180 2649 ubi
1202 2612 1370 2649 audituri
1388 2615 1420 2648 D
1438 2617 1653 2654 resistamus
1675 2617 1790 2653 fortes
1811 2617 1848 2652 in
1873 2617 1946 2653 fide
1960 2647 1969 2663 ,
1987 2626 2024 2654 et
2047 2616 2165 2666 ignita
2185 2615 2304 2666 ipsius
2321 2614 2441 2665 jacula

361 2685 462 2723 sunt,
481 2679 537 2712 Ite
555 2681 593 2712 in
612 2681 734 2726 ignem
752 2684 934 2710 oetermcm
948 2672 975 2721 3,
994 2674 1059 2723 qui
1079 2672 1229 2723 pietatis
1250 2685 1369 2722 opera

363 2750 440 2773 non
463 2737 632 2773 fecerunt
651 2738 666 2772 Ρ
686 2736 848 2784 Quando
870 2749 962 2772 vero
983 2734 1206 2771 admittetur
1224 2733 1270 2769 ad
1294 2746 1368 2769 nu-

364 2796 480 2845 ptias,
498 2797 563 2846 qui
594 2810 662 2833 nec
682 2796 833 2833 lumbos
864 2795 1064 2846 praecinxit
1092 2802 1134 2830 ut
1163 2793 1372 2830 abstineret

364 2868 383 2891 a
406 2856 504 2891 malo
516 2885 525 2901 ‚
545 2869 614 2892 nec
630 2857 825 2892 lucernam
846 2856 965 2892 tenuit
981 2864 1024 2892 ut
1041 2855 1179 2891 faceret
1198 2853 1343 2889 bonum
1361 2868 1368 2890 :

365 2914 519 2963 quando
549 2928 619 2951 nec
647 2916 872 2964 virginitatis
892 2916 1109 2965 integritas,
1134 2927 1204 2950 nec
1231 2914 1372 2963 lampa<

366 2974 456 3010 dum
482 2974 629 3010 claritas
657 2975 773 3011 solius
796 2976 870 3011 olei
890 2976 1032 3025 poterit
1057 2987 1239 3011 excusare
1266 2973 1372 3010 defe-

367 3035 496 3070 ctum?
515 3042 580 3069 aut
597 3035 681 3083 quis
701 3035 785 3071 illos
808 3048 960 3072 manere
980 3035 1192 3072 credendus
1209 3043 1265 3071 est
1281 3047 1370 3070 cru-

368 3095 510 3140 ciatus,
537 3094 601 3143 qui
633 3095 671 3130 in
701 3094 769 3131 hac
799 3095 873 3131 vita
902 3109 979 3132 non
1008 3097 1131 3133 solum
1158 3095 1283 3142 mala,
1305 3095 1370 3131 sed

1434 2678 1507 2714 hoc
1528 2678 1611 2726 ipso
1633 2676 1769 2726 clypeo
1800 2676 1962 2714 viriliter
1988 2677 2230 2727 repellamus.
2260 2679 2364 2726 Opus
2387 2682 2442 2712 est

1431 2737 1599 2788 justitia,
1622 2746 1663 2773 ut
1685 2750 1893 2787 operemur
1914 2737 2073 2775 bonum.
2098 2740 2205 2787 Opus
2225 2735 2438 2787 prudentia,

1437 2811 1485 2834 ne
1519 2811 1603 2833 cum
1641 2797 1752 2834 fatuis
1794 2797 2008 2847 virginibus
2043 2795 2310 2847 reprobemur.
2340 2797 2442 2845 Opus

1439 2856 1604 2906 denique
1640 2857 1912 2906 temperantia,
1944 2869 1991 2892 ne
2021 2853 2284 2905 voluptatibus
2319 2851 2442 2890 indul-

1438 2925 1594 2966 gentes,
1623 2915 1823 2952 audiamus
1851 2915 2058 2966 aliquando
2085 2914 2190 2965 quod
2219 2914 2333 2950 miser
2359 2911 2438 2956 ille,

1439 2978 1639 3027 epularum
1666 2976 1810 3026 pariter
1835 2985 1873 3013 et
1896 2976 2059 3013 vestium
2085 2974 2289 3026 splendore
2314 2971 2438 3016 finito,

1440 3036 1529 3073 dum
1565 3035 1865 3073 misericordiam
1898 3044 2135 3086 precaretur,
2166 3033 2310 3071 audivit
2331 3047 2339 3069 :
2360 3032 2442 3066 Me—

1439 3096 1652 3142 mento,fili
1667 3123 1679 3140 ‚
1701 3098 1802 3144 quod
1825 3101 1996 3145 recepisti
2023 3095 2117 3132 bona
2140 3099 2178 3131 in
2208 3099 2289 3130 vita
2307 3102 2384 3137 tim,
2408 3097 2442 3126 ct

418 3241 427 3256 ¹
453 3238 468 3266 I
492 3235 565 3265 Cor.
594 3245 641 3271 ιν,
668 3236 700 3270 3,
727 3235 758 3264 4.
776 3240 846 3255 ——²
868 3237 942 3265 Luc..
973 3245 1043 3272 xu,
1075 3238 1163 3265 2.—-
1193 3233 1206 3257 3
1234 3234 1351 3266 Mauh.
1376 3247 1456 3274 xxv,
1485 3239 1540 3267 41.
1560 3254 1604 3259 —
1621 3236 1635 3262 4
1666 3235 1713 3267 ld.
1740 3247 1821 3272 xm,
1840 3235 1982 3269 48.-—5
1999 3237 2069 3270 Isai.
2093 3247 2184 3273 λιιι,
2213 3238 2246 3267 8.
2267 3231 2339 3258 -6
2365 3230 2439 3264 Psal-

368 3300 472 3325 ‹zxru,
499 3291 528 3318 1.
546 3307 589 3309 -*
606 3294 618 3319 7
637 3289 719 3317 Gen.
741 3298 784 3323 tr,
806 3287 897 3328 justa
915 3289 1016 3318 Lxx.
1031 3307 1057 3309 -w
1091 3285 1104 3308 3
1122 3291 1193 3318 Luc.
1215 3300 1259 3323 11,
1282 3291 1332 3320 14.
1348 3308 1391 3310 ψ·
1406 3296 1421 3319 O
1442 3289 1555 3321 Mauh.
1572 3301 1650 3324 xxv,
1672 3292 1724 3320 152.

418 3349 428 3363 *Ἰ
449 3346 550 3384 Alias,
572 3345 717 3389 suspiria.
