2517 3936
80 206 175 244 1121

631 210 918 246 TRACTATUS
948 212 1014 246 DE
1045 213 1236 249 OFFIClO
1267 214 1621 252 EPISCOPORUM.

2064 226 2158 262 1120

75 294 148 331 tur,
174 297 254 321 esse
283 283 440 320 student
466 292 503 319 et
533 284 686 321 malitia.
717 287 883 334 Malitia,
909 288 1146 337 inquam,⁴⁷²
1158 297 1245 326 tem.
1273 289 1345 326 Sed
1378 292 1565 340 numquid
1595 295 1647 329 sic
1679 296 1900 334 satiabitur?
1918 304 2049 338 Factus
2077 304 2158 353 epi—

74 344 138 382 sed
167 358 245 381 non
274 357 386 380 sensu
413 358 420 379 :
441 356 626 392 quorum,
644 344 756 393 juxta
780 347 1083 385 admonitionem
1103 350 1133 384 A
1155 361 1312 397 scopus,
1327 350 1635 401 archiepiscopus
1649 366 1728 390 esse
1745 355 1942 395 desiderat.
1958 364 2041 408 Quo
2057 362 2151 399 fortc

71 405 266 456 Apostoli,
286 417 399 440 nemo
417 412 638 440 contemnat
655 404 948 444 adolescentiam
961 415 984 444 ¹.
1002 412 1083 445 Me-

72 465 185 502 liorcs
223 463 335 500 bonae
377 462 515 499 indolis
557 462 818 501 adolescentes
856 466 1079 504 inveteratis

71 525 218 562 dierum
252 524 455 560 malorum.
480 527 579 560 Puer
607 532 758 560 centum
785 538 975 562 annorum
1000 540 1080 563 ma-

69 584 228 622 ledictus
249 593 305 621 est
324 599 332 621 :
356 592 394 621 et
417 592 474 620 est
499 597 519 620 e
544 584 699 634 regione
720 594 895 622 senectus
917 600 1080 623 venera-

69 644 176 692 bilis,
203 658 282 682 non
317 645 516 690 diuturna,
544 658 670 694 neque
698 658 861 682 numero
890 659 1078 683 annorum

69 713 287 756 computata
299 712 324 742 ².
347 709 476 742 Bonus
505 718 599 755 puer
619 705 789 751 Samuel,
811 706 876 754 qui
906 706 1078 755 loquenti

69 769 151 803 Deo
167 774 371 817 promptus
387 765 518 802 aderat
534 765 701 811 auditor,
723 765 852 802 dicens
865 795 874 812 ,
892 768 1078 814 Loquere,

68 829 251 872 Domine,
269 830 361 874 quia
381 828 487 861 audit
502 840 625 861 servus
644 835 726 861 tuns
739 822 752 846 3
775 841 782 862 ;
805 839 848 862 ac
868 826 895 862 si
915 820 1078 873 diceret,

68 887 232 923 Paratus
247 900 328 922 sam
347 895 380 922 et
402 900 475 922 non
496 900 574 921 sum
599 885 766 922 turbatus
777 915 788 930 ,
814 895 853 922 nt
871 889 1077 923 custodiam

69 949 250 983 mandata
287 955 352 982 tua
364 946 391 982 ⁴.
424 949 553 983 Bonus
585 954 623 982 et
652 946 857 992 Je'remias,
894 947 960 996 qui
995 955 1083 983 ante

67 1007 321 1045 sanctificatus
341 1019 456 1056 quam
480 1015 590 1043 natus
605 1036 614 1053 ,
637 1020 724 1043 cum
750 1020 789 1044 se
814 1016 1013 1044 excusaret
1036 1008 1083 1044 de

67 1067 229 1119 pueritia
242 1097 251 1113 ,
271 1067 520 1104 nihilominus
536 1068 768 1104 constitutus
783 1077 839 1105 est
859 1081 976 1118 super
990 1081 1084 1118 gen·

1150 407 1308 458 adepto,
1331 422 1482 446 rursum
1512 412 1638 448 nescio
1669 414 1760 462 quid
1788 416 1896 453 altius
1932 422 2148 472 somnians,

1145 466 1347 503 laboriosis
1368 468 1570 506 itineribus
1594 479 1631 506 et
1659 475 1891 522 sumptuosis
1921 478 2152 516 familiarita-

1147 527 1248 563 tibus
1277 531 1494 565 Romanum
1521 530 1653 566 statuit
1679 532 1919 581 frequentare
1947 538 2126 585 palatium
2143 566 2153 583 ,

1147 595 1382 636 quaestuosas
1425 588 1496 624 sibi
1535 590 1717 638 quasdam
1756 593 1892 629 exinde
1931 608 2156 644 comparans

1147 647 1342 683 amicitias.
1358 648 1395 684 Si
1413 648 1507 684 lucri
1528 650 1732 698 spiritualis
1752 652 1870 700 gratia
1891 653 1968 689 hzec
1987 655 2126 691 faciunt
2147 677 2156 694 ‚

1147 706 1362 743 laudandus
1396 716 1453 744 est
1488 709 1613 754 zelus;
1652 709 1716 746 sed
1754 713 2001 763 praesumptio
2032 715 2153 751 corri—

1149 767 1285 816 genda.

1204 827 1266 864 28.
1290 829 1472 865 Nonnulli
1494 842 1578 865 cum
1600 830 1669 866 ista
1698 843 1774 867 non
1796 841 1979 881 possunt,
2000 843 2155 872 vertunt

1150 900 1189 924 se
1218 887 1263 924 ad
1287 889 1388 926 aliud
1412 888 1604 926 ambiendi
1624 903 1766 939 genus,
1789 892 1826 927 in
1857 906 1933 942 quo
1961 894 2155 932 nihilomi—

1151 961 1221 984 nus
1251 949 1427 998 aperiunt
1457 964 1562 995 eam,
1594 965 1705 1000 quam
1739 952 1897 1000 habent,
1932 954 2153 993 dominandi

1150 1009 1358 1047 libidinem.
1381 1014 1474 1048 'Nam
1503 1026 1591 1064 cuin
1616 1013 1843 1062 praesideant
1864 1015 2022 1053 urbibus
2043 1017 2153 1054 valde
2181 1056 2184 1058 ,

1151 1071 1370 1120 populosis,
1394 1081 1431 1109 et
1457 1081 1553 1110 totas
1568 1103 1577 1119 ,
1600 1082 1642 1110 ut
1662 1075 1710 1110 ita
1734 1074 1873 1121 dicam,
1901 1077 2040 1126 patrias
2059 1091 2153 1128 pro-

67 1136 122 1165 tes
135 1136 173 1165 et
188 1141 304 1178 super
318 1141 433 1178 regna
447 1127 472 1164 5.
491 1132 619 1165 Bonus
635 1142 790 1178 quoque
803 1129 957 1174 Daniel,
973 1128 1082 1178 cujus
1106 1127 1133 1161 Β
1154 1131 1246 1181 pria?
1263 1131 1434 1169 dioecesis
1452 1133 1594 1170 ambitu
1618 1134 1937 1182 circumcludant3
1956 1138 2152 1175 occasione

71 1188 247 1239 spiritum
266 1189 465 1226 suscitavit
484 1193 606 1235 Deus,
622 1198 665 1226 ut
685 1190 931 1226 convinceret
950 1190 1081 1240 iniqua

61 1247 219 1298 judicia,
241 1258 278 1285 et
298 1249 522 1299 sanguinem
543 1250 742 1286 innoxium
766 1248 982 1287 liberaretfi.
1010 1254 1086 1288 De—

66 1308 180 1358 nique
201 1309 285 1345 cani
309 1317 398 1346 sunt
417 1322 550 1346 sensus
577 1309 742 1346 hominis
757 1339 766 1355 ,
789 1307 832 1346 et*
850 1319 938 1347 aetas
958 1323 1086 1348 senec-

66 1369 155 1406 tutis
167 1369 246 1406 vita
264 1369 508 1407 immaculata
517 1377 543 1407 7.
560 1369 688 1408 Sicubi
705 1370 970 1420 hujuscemodi
989 1385 1086 1422 puer

65 1444 180 1468 senex
212 1439 415 1481 promotus
445 1431 662 1478 invenitur,
693 1445 792 1482 opus
816 1433 885 1469 Dei
918 1441 995 1479 est,
1025 1433 1082 1470 his

65 1492 131 1542 qui
148 1493 242 1529 tales
257 1505 336 1529 non
355 1500 445 1530 sunt
457 1521 466 1539 ,
490 1492 726 1538 mirandum,
743 1506 821 1530 non
838 1493 1079 1531 imitandum.

119 1552 181 1590 27.
221 1555 410 1591 Caeterum
445 1552 615 1589 curritur
649 1553 689 1589 in
726 1553 828 1590 clero
860 1554 1002 1603 passim
1033 1554 1081 1592 ab

64 1613 170 1651 omni
197 1622 308 1651 aetate
339 1623 378 1651 et
403 1613 558 1661 ordine,
581 1627 601 1651 a
627 1613 749 1651 doctis
785 1615 930 1665 pariter
959 1624 997 1652 et
1022 1616 1082 1652 in-

64 1674 186 1712 doctis
217 1674 265 1712 ad
303 1675 576 1712 ecclesiasticas
609 1688 738 1722 curas,
776 1684 957 1726 tanquam
1000 1677 1081 1714 sine

64 1736 165 1772 curis
188 1734 268 1784 jam
298 1736 461 1786 quisque
487 1736 660 1772 victurus
691 1736 756 1782 sit,
775 1750 860 1773 cum
891 1736 938 1773 ad
971 1751 1081 1775 curas

68 1796 328 1846 pervenerit-2.
354 1799 432 1833 Nec
460 1795 598 1832 mirum
623 1795 670 1832 de
690 1796 748 1833 his
768 1796 833 1846 qui
857 1797 1021 1834 necdum
1042 1799 1081 1834 in

64 1856 276 1906 semetipsis
305 1856 455 1906 experti
487 1865 588 1893 sunt.
620 1856 797 1893 Videntes
824 1858 969 1908 quippe
996 1859 1081 1896 illos

63 1977 260 2023 miserint,
277 1990 355 2013 non
376 1977 500 2013 solum
524 1990 602 2013 non
624 1989 775 2026 gemere
801 1986 982 2028 tanquam
1007 1979 1077 2017 sub

63 2051 199 2085 onere,
222 2037 288 2075 sed
308 2038 467 2088 insuper
486 2046 668 2088 appetere
690 2039 777 2088 plus
805 2043 980 2087 onerari3
1002 2054 1078 2078 non

62 2098 307 2137 deterrentur
345 2098 546 2149 periculis,
587 2111 672 2148 quae
709 2099 918 2149 cupiditate
951 2102 1080 2139 caecati

62 2172 140 2196 non
167 2158 320 2206 vident3
348 2158 414 2196 sed
439 2157 634 2196 favoribus
660 2160 845 2209 amplius,
874 2175 972 2211 quos
1005 2162 1078 2199 illis

63 2219 259 2265 invident,
281 2228 558 2270 provocantur.
590 2223 621 2257 O
645 2220 793 2257 infinita
824 2234 975 2272 semper
995 2236 1078 2259 am-

61 2278 179 2326 bitio,
202 2287 241 2316 et
264 2278 488 2317 insatiabilis
506 2280 686 2317 avaritia!
708 2284 802 2318 Cum
831 2283 976 2332 primos
1003 2283 1076 2320 ho-

62 2353 200 2377 norum
230 2340 370 2390 gradus
399 2340 613 2377 meruerint
640 2341 679 2377 in
709 2343 900 2388 Ecclesia,
925 2357 1077 2381 merue-

62 2401 137 2438 rint
154 2409 279 2438 autem
308 2401 366 2438 vel
396 2401 484 2437 vitae
513 2402 670 2449 merito,
691 2404 750 2439 vel
780 2404 974 2453 pecuniae,
996 2405 1075 2441 sive

61 2462 173 2499 etiam
209 2461 333 2498 carnis
352 2470 404 2498 et
435 2463 656 2512 sanguinis,
687 2477 773 2513 quae
806 2478 966 2514 regnum
1004 2466 1074 2503 Dei

62 2535 140 2560 non
157 2522 432 2573 possidebunt,
456 2524 734 2574 praerogativa;
754 2539 833 2562 non
850 2526 938 2563 ideo
957 2526 1074 2564 corda

62 2583 285 2633 quiescunt,
308 2582 451 2633 duplici
473 2597 625 2634 semper
640 2586 838 2622 aestuantia
859 2586 1070 2635 desiderio,

62 2655 138 2693 quo
170 2643 303 2693 utique
342 2643 461 2693 magis
494 2657 537 2680 ac
571 2645 688 2694 magis
720 2654 758 2682 et
791 2645 999 2684 dilatentur
1032 2648 1070 2684 in

1152 1191 1307 1229 inventa
1326 1206 1371 1229 ex
1396 1207 1638 1244 quocumque
1658 1196 1776 1232 veteri
1803 1197 2023 1246 privilegio,
2053 1207 2151 1234 sata-

1152 1260 1249 1301 gunt
1270 1261 1311 1289 ut
1332 1253 1474 1290 vicinas
1496 1254 1566 1290 sibi
1586 1255 1786 1304 subjiciant
1805 1257 1974 1294 civitates
1992 1273 1999 1294 :
2020 1268 2154 1307 quate-

1153 1326 1223 1350 nus
1239 1313 1341 1360 duce,
1365 1314 1504 1363 quibus
1523 1314 1599 1351 duo
1615 1316 1679 1351 vix
1697 1317 1877 1365 praesnles
1900 1318 2154 1364 sufficiebant,

1151 1373 1223 1410 sub
1246 1387 1324 1410 uno
1350 1374 1572 1424 redigantur
1593 1376 1795 1412 antistite*.
1816 1380 1944 1426 Rogo,
1965 1391 2049 1427 quae
2074 1379 2154 1415 haec

1153 1442 1228 1470 tam
1251 1434 1383 1471 odiosa
1403 1435 1678 1485 praesumptio?
1696 1436 1779 1485 quis
1801 1436 1862 1472 hic
1890 1445 2015 1473 tantus
2040 1438 2154 1474 ardor

1151 1493 1375 1531 dominandi
1398 1508 1513 1544 super
1533 1503 1670 1531 terram
1687 1496 1701 1530 Ξ)
1716 1509 1800 1545 quae
1820 1495 2061 1546 principandi
2078 1505 2153 1534 tam

1149 1554 1304 1592 effrenis
1336 1554 1544 1605 cupiditas?
1566 1557 1675 1593 Certe
1702 1569 1787 1592 cum
1816 1556 1981 1606 primum
2011 1564 2152 1593 tractus

1148 1628 1187 1652 es
1214 1615 1261 1653 ad
1290 1616 1508 1653 cathedram
1522 1646 1531 1663 ,
1549 1615 1686 1663 flebas,
1708 1615 1917 1666 refugiebas
1931 1646 1940 1663 ,
1960 1617 2036 1653 vim
2058 1630 2152 1666 que-

1148 1675 1313 1722 rebaris,
1340 1677 1501 1713 multum
1521 1677 1568 1713 ad
1590 1685 1624 1713 te
1645 1686 1681 1714 et
1701 1677 1858 1713 omnino
1878 1690 1993 1727 supra
2013 1685 2048 1713 te
2069 1690 2149 1714 esse

1149 1735 1300 1783 dicens,
1327 1736 1507 1772 miserum
1534 1736 1731 1772 clamitans
1761 1744 1798 1772 et
1827 1735 2049 1785 indignum,
2085 1737 2150 1785 qui

1148 1809 1225 1833 non
1247 1810 1346 1833 esses
1367 1796 1528 1833 idoneus
1547 1805 1621 1832 tam
1642 1805 1772 1833 sancto
1792 1797 1998 1833 ministerio
2011 1826 2020 1842 ,
2040 1797 2151 1834 tantis

1148 1870 1227 1894 non
1249 1858 1444 1894 sufficeres
1462 1857 1573 1894 curis.
1591 1857 1691 1906 Quid
1708 1858 1822 1906 igitur
1843 1870 1943 1893 nunc
1967 1869 2151 1892 verecun—

30 1960 32 1963 v
63 1917 130 1967 qui
144 1915 225 1966 jam
246 1917 429 1967 proprios
448 1916 630 1953 humeros
650 1917 790 1967 cupitae
811 1918 968 1955 sarcinae
989 1918 1077 1956 sub·
1101 1917 1127 1953 C
1150 1917 1196 1954 da
1233 1917 1389 1967 depulsa
1424 1916 1645 1963 formidine,
1671 1925 1807 1966 sponte
1842 1915 1961 1952 ambis
1993 1915 2040 1952 ad
2072 1928 2152 1952 am-

1145 1979 1293 2029 pli0ra3
1322 1979 1399 2015 imo
1427 1978 1651 2015 irreverenti
1678 1977 1851 2022 audacia,
1876 1977 2041 2027 propriis
2074 1989 2151 2013 non

1146 2047 1373 2085 contentus,
1400 2038 1549 2075 invadis
1575 2038 1720 2074 aliena?
1746 2040 1821 2075 Cur
1845 2037 1941 2073 hoc?
1968 2040 2080 2074 Forte
2108 2044 2150 2072 ut

1147 2100 1278 2149 plures
1312 2099 1477 2149 populos
1510 2098 1656 2135 salves?
1686 2097 1757 2135 Sed
1786 2096 1823 2133 in
1859 2096 2018 2133 alienam
2049 2109 2148 2133 mes—

1146 2173 1247 2206 sem,
1273 2168 1374 2196 tuam
1400 2159 1547 2195 mittere
1567 2158 1699 2194 falcem
1714 2185 1723 2201 ,
1746 2155 1972 2205 injuriosum
2003 2164 2069 2192 est.
2096 2158 2149 2193 Ut

1145 2229 1220 2257 tuae
1241 2228 1397 2270 praestes
1414 2219 1588 2257 Ecclesiae
1603 2220 1617 2253 P
1634 2217 1705 2255 Sed
1727 2216 1976 2253 Ecclesiarum
1998 2218 2145 2265 Sponso

1144 2295 1221 2318 non
1249 2282 1373 2332 placet
1405 2281 1477 2317 tale
1506 2280 1618 2316 unius
1646 2279 1942 2322 incrementum,
1965 2275 2069 2325 quod
2099 2275 2146 2311 sit

1144 2341 1414 2378 detrimentum
1441 2340 1605 2376 alterius.
1633 2337 1804 2375 Crudelis
1824 2336 2001 2382 ambitio,
2025 2344 2062 2372 et
2081 2335 2143 2371 in-

1143 2404 1354 2450 credibilis,
1371 2403 1400 2439 si
1433 2401 1543 2438 fidem
1574 2399 1673 2437 oculi
1698 2412 1776 2435 non
1799 2398 2056 2434 adstruerent!
2073 2396 2144 2432 Vix

1143 2473 1274 2501 tenent
1297 2477 1449 2509 manus,
1470 2463 1561 2512 quin
1588 2460 1679 2497 illud
1705 2459 1750 2496 ad
1776 2459 1936 2495 litteram
1960 2457 2142 2507 impleant

1141 2525 1243 2574 quod
1262 2524 1398 2573 legitur
1412 2524 1448 2559 in
1466 2522 1651 2572 propheta
1669 2535 1676 2556 :
1692 2521 1891 2554 Secuetht
1901 2525 2142 2565 prcegnantes

1145 2588 1300 2621 Galaml
1316 2587 1369 2620 acl
1385 2584 1619 2619 dilatandum
1643 2584 1818 2615 terminos
1838 2575 1959 2613 SltOSS.

1195 2646 1255 2682 29.
1277 2644 1353 2683 Ubi
1375 2652 1430 2680 est
1445 2643 1507 2679 illa
1526 2641 1687 2677 terrifica
1704 2637 1946 2674 comminatio
1960 2666 1968 2682 ,
1993 2638 2058 2670 Vce
2077 2639 2140 2683 qui

61 2702 190 2753 plura,
221 2711 260 2739 et
288 2702 337 2739 ad
365 2703 524 2740 celsiora
554 2703 822 2742 sublimentur.
843 2706 959 2744 Verbi
984 2721 1070 2757 gra·
1090 2708 1120 2741 D
1141 2708 1361 2753 conjungitis
1393 2706 1540 2738 domum
1565 2702 1618 2735 ad
1638 2702 1806 2741 domum,
1830 2706 1865 2732 et
1888 2709 2018 2745 agrum
2048 2708 2138 2743 agro

63 2762 128 2810 tia,
156 2777 243 2800 cum
269 2763 390 2801 factus
412 2764 497 2814 quis
527 2765 642 2801 fuerit
667 2765 707 2802 in
738 2780 980 2817 quacumque
1002 2771 1073 2805 Ec-

6 2840 8 2852 v
62 2823 173 2861 clesia
198 2823 385 2870 decanus,
403 2824 462 2860 vel
485 2825 715 2875 praepositus
730 2855 739 2872 ,
761 2827 1070 2875 archidiaconus,

62 2892 127 2921 aut
149 2884 294 2934 aliquid
315 2883 560 2933 hujusmodi3
591 2898 669 2922 non
700 2895 903 2925 contentus
932 2902 1010 2926 uno
1033 2889 1070 2925 in

6 2940 8 2948 ¹
62 2957 156 2991 una,
190 2945 321 2995 plures
353 2944 451 2991 sibi,
475 2945 553 2981 imo
588 2955 781 2996 quotquot
814 2949 937 2994 valet,
974 2963 1071 2986 con-

64 3005 213 3055 quirere
238 3005 406 3042 honores
432 3006 584 3056 satagit,
608 3015 683 3044 tam
713 3008 752 3044 in
773 3021 869 3055 una,
888 3023 1001 3059 quam
1031 3010 1071 3046 in

62 3064 248 3115 pluribus.
271 3065 419 3113 Quibus
440 3074 566 3103 tamen
590 3066 791 3115 omnibus,
807 3069 836 3105 si
858 3069 964 3106 locus
987 3083 1072 3106 eve-

63 3126 161 3163 nerit
174 3155 184 3172 ,
205 3125 368 3163 libenter
387 3127 501 3164 unius
521 3128 699 3178 praeferet
713 3128 885 3180 episcopi
908 3129 1072 3179 dignita-

1140 2766 1370 2813 copulatae?
1395 2759 1588 2810 Numquid
1619 2759 1656 2794 in
1693 2757 1748 2793 his
1781 2755 1964 2792 duntaxat
1993 2753 2137 2802 exiguis

1145 2829 1211 2861 Voe
1232 2825 1331 2862 istud
1355 2821 1601 2860 metuendum
1623 2827 1696 2862 est,
1720 2830 1796 2853 non
1825 2824 1950 2852 autem
1970 2827 2052 2850 cum
2073 2825 2139 2849 ur-

1139 2886 1204 2923 bes
1232 2885 1409 2929 urbibus,
1441 2890 1505 2919 aut
1536 2879 1743 2931 provinciae
1773 2875 1980 2927 provinciis
2014 2873 2138 2909 conti-

1139 2947 1333 2983 nuantur?
1359 2948 1440 2981 Imo
1472 2942 1583 2978 etiam
1616 2937 1892 2988 respondeant,
1924 2935 1954 2971 si
1982 2934 2139 2978 volunt,

1139 3021 1176 3044 se
1196 3006 1334 3043 imitari
1354 3004 1559 3041 Dominum
1581 3000 1790 3043 Christum,
1811 2997 1987 3033 facientes
2007 3002 2042 3029 et
2068 2993 2138 3042 ipsi

1140 3076 1299 3116 utraque
1322 3078 1460 3109 unum,
1486 3060 1717 3098 adducentes
1746 3066 1783 3094 et
1809 3057 1879 3107 ipsi
1906 3070 1951 3092 ex
1981 3054 2139 3090 diversis

1139 3127 1289 3178 pascuis
1317 3137 1470 3175 greges,
1492 3130 1533 3159 ut
1562 3122 1627 3158 fiat
1651 3132 1751 3156 unus
1782 3125 1925 3169 pastor,
1954 3123 1991 3151 et
2021 3124 2138 3150 unum

114 3259 123 3274 ¹
139 3253 250 3285 ITim.
278 3265 330 3293 lv,
357 3257 408 3285 12.
424 3273 471 3278 —
490 3260 503 3276 ²
517 3257 590 3298 Sap.
611 3267 657 3294 tv,
676 3258 707 3287 8.
737 3274 779 3278 ——
795 3254 809 3277 3
826 3260 841 3288 Ι
858 3259 936 3298 Reg.
957 3268 1019 3295 111,
1050 3260 1080 3288 9.
1102 3274 1143 3278 —-
1168 3257 1181 3280 4
1206 3254 1285 3285 Psal.
1308 3264 1435 3289 cxvnx,
1458 3255 1512 3282 60.
1534 3268 1575 3273 ——
1596 3247 1608 3270 5
1626 3252 1741 3280 Jerem.
1762 3258 1791 3284 1,
1813 3251 1844 3277 6.
1859 3264 1902 3268 -—
1920 3241 1935 3264 6
1953 3245 2032 3273 Dan.
2048 3247 2113 3269 xm
2127 3259 2135 3273 ‚

48 3307 183 3338 -45-64.
201 3325 243 3330 --
261 3313 275 3338 7
293 3310 368 3350 Sap.
384 3319 430 3347 iv,
453 3311 485 3347 8,
504 3312 535 3340 9.
556 3327 602 3331 -
621 3307 635 3330 3
652 3312 749 3340 Amos
768 3321 777 3339 1
796 3334 803 3348 ‚
826 3313 878 3341 13.
897 3327 943 3332 ——
964 3316 979 3340 9
998 3310 1068 3342 [sai.
1087 3322 1118 3346 v,
1141 3312 1171 3340 8.

111 3367 125 3381 ‘³
139 3366 222 3398 Hinc
235 3367 396 3408 vulgatum
409 3369 564 3400 Curarum
577 3378 692 3400 nornen
709 3368 748 3400 ad
769 3367 973 3410 significanda
988 3368 1139 3401 beneficia
1159 3377 1266 3399 eorum
1292 3375 1370 3407 quos
1385 3370 1495 3395 vocant
1514 3366 1710 3395 Curatorum-

225 3438 316 3461 TOM.
347 3439 391 3461 11.

1989 3408 2038 3444 36
