2517 3936
84 194 175 231 1241

759 194 1010 230 APOLOGIA
1040 195 1107 228 AD
1137 193 1201 229 GU
1211 194 1427 232 ILLELMU
1436 197 1482 231 M.

2057 215 2152 253 1242

77 270 320 322 simpliciter?
338 272 430 307 Cum
450 268 614 317 denique
631 276 765 306 contra
781 271 985 319 Regulam,
1008 274 1136 306 τιοιι·Ἥ
1151 274 1211 306 An
1237 283 1313 306 non
1332 280 1459 320 posset
1484 272 1617 310 codem
1638 280 1787 315 vasculo
1809 291 1844 318 et
1865 299 1960 334 aqna
1981 293 2150 330 manilius

78 331 183 383 quod
204 330 315 367 vilius
338 329 567 375 occurrerit,
589 328 653 365 sed
677 329 950 367 studiosissime
979 344 1085 379 quae—
1104 337 1132 370 Α
1153 330 1255 378 vergi
1272 359 1280 375 ,
1297 339 1334 366 et
1354 330 1484 367 vinum
1504 331 1608 369 bibi?
1627 340 1683 371 An
1700 351 1774 375 non
1794 354 1917 390 posset
1938 349 2073 386 ²¹¹·dvns*
2094 325 2153 390 lu*-

79 392 130 430 ris
142 420 152 437 ,
170 389 275 440 quod
291 390 380 440 quia
399 388 520 425 rarius
537 388 754 434 invenitur,
770 389 974 439 pretiosius
991 391 1086 427 emi-

80 462 162 499 tur3
197 453 376 502 ignorans
407 449 497 486 facis
526 449 627 495 haee,
651 463 696 485 an
729 463 776 485 ex
801 450 1007 487 industria?
1032 455 1086 488 Ex

80 513 207 551 cordis
227 512 404 549 thesauro
431 510 511 547 sine
537 509 657 546 dubio
685 510 879 559 procedit,
902 511 1089 560 quidquid

81 574 172 612 foris
189 581 348 624 apparet
362 572 556 609 vitiorum.
570 574 719 608 Vanum
737 583 803 607 cor
822 571 998 607 vanitatis
1015 585 1088 607 no-

81 644 157 673 tam
174 634 313 685 ingerit
329 633 506 682 corpori3
524 640 562 668 et
577 631 746 668 exterior
766 631 1009 680 superfluitas
1027 632 1090 668 in-

82 695 231 733 terioris
246 693 420 731 vanitatis
435 692 618 729 indicium
636 700 703 728 est.
718 692 848 728 Mollia
868 691 1093 728 indumenta

80 755 195 794 animi
226 754 425 792 mollitiem
453 753 635 791 indicant.
660 756 744 790 lN'on
767 760 873 789 tanto
894 761 1093 789 curaretur

81 816 255 867 corporis
271 816 416 861 cultus,
435 814 505 851 nisi
522 814 630 864 prius
650 813 822 863 neglecta
839 812 969 849 fuisset
985 820 1092 851 mens

81 876 227 914 inculta
245 873 465 912 virtutibus.

444 1001 623 1041 CAPUT
651 1000 728 1039 XI.

80 1129 129 1158 De
149 1136 243 1158 causa
263 1135 319 1157 cur
339 1124 517 1168 superiores
538 1122 735 1154 subditorum
749 1122 822 1153 vitia
843 1132 908 1153 non
923 1123 1091 1165 corrigant.

127 1184 251 1213 Luxum
286 1186 317 1212 et
347 1179 545 1223 splendidum
582 1178 779 1222 praelatorum
807 1184 991 1220 apparatum
1022 1189 1094 1221 per-

128 1236 263 1279 stringit.

136 1358 199 1396 27.
221 1357 343 1396 Miror
362 1364 488 1394 autem
502 1384 511 1401 ,
533 1368 619 1392 cum
638 1355 784 1404 Regula
804 1354 925 1401 dicat,
948 1355 996 1392 ad
1013 1369 1094 1393 ma-

81 1420 240 1470 gistrum
268 1418 457 1469 respicere
477 1416 667 1467 quidquid
699 1429 719 1453 a
741 1416 936 1467 discipulis
967 1417 1093 1454 delin-

81 1480 214 1531 quitur
232 1487 266 1526 ¹;
287 1487 324 1516 et
340 1478 527 1516 Dominus
543 1490 612 1528 per
625 1477 854 1528 prophetam
873 1478 1094 1527 sanguinem

80 1541 121 1578 in
142 1549 299 1592 peccato
325 1539 573 1576 morientium
595 1537 642 1575 de
672 1551 789 1575 manu
812 1547 1009 1588 pastorum
1031 1552 1094 1575 re—

82 1601 312 1651 quirendum
343 1613 424 1637 esse
453 1600 622 1636 minetur
645 1605 682 1644 ²3
713 1598 910 1648 quomodo
940 1598 1095 1636 abbates

82 1663 203 1700 nostri
225 1662 421 1713 patiantur
434 1660 517 1697 fieri
539 1660 625 1697 talia
644 1674 651 1696 :
672 1659 743 1696 nisi
762 1660 858 1696 forte
875 1659 919 1711 (si
935 1659 1096 1697 audeam

82 1722 225 1775 dicere)
247 1736 362 1760 nemo
391 1721 555 1758 fidenter
584 1720 853 1772 reprehendit,
878 1721 916 1757 in
946 1734 1024 1771 quo
1053 1735 1093 1758 se

83 1797 164 1822 esse
189 1781 562 1834 irreprehensibilem
594 1795 672 1819 non
699 1781 868 1819 confidit.
899 1782 1093 1832 Siquidem

1153 402 1238 425 cere
1260 390 1436 437 lucerna,
1456 392 1525 428 nisi
1555 393 1590 429 in
1614 402 1678 431 tuo
1705 400 1806 445 quod
1830 413 1956 450 portas
1978 411 2152 449 candela-

1153 448 1225 485 bro
1238 478 1246 494 ‚
1265 457 1301 485 et
1319 449 1390 486 hoc
1407 464 1540 498 aurcO,
1558 454 1616 489 vel
1637 461 1836 503 argenteo?
1857 467 1913 497 An
1933 478 2007 502 non
2029 482 2154 517 posset

1155 509 1313 545 dormiri
1328 538 1336 553 ,
1369 510 1440 547 nisi
1474 525 1588 561 super
1615 515 1759 551 varium
1788 526 1964 568 stratum,
1991 536 2054 563 aut
2086 531 2154 567 sul)

1156 569 1360 618 peregrino
1377 573 1646 620 coopertorio?
1659 578 1717 610 An
1734 588 1809 612 non
1828 591 1924 615 unus
1942 583 2074 632 aliquis
2092 590 2156 625 mi-

1159 628 1277 664 nister
1296 638 1425 678 posset
1437 639 1474 667 et
1486 630 1705 680 jumentum
1723 636 1836 685 ligare
1851 668 1859 683 ‚
1877 642 1971 677 etad
1993 657 2158 686 mensam

1158 689 1321 735 servire,
1339 698 1377 726 et
1394 690 1573 727 lectulum
1591 699 1951 743 p1·2e1›ai·ai·e?Ntinc
1968 716 2057 752 ergo
2079 715 2160 744 tan—

1160 755 1206 784 tae
1223 749 1455 786 multitudini
1473 751 1691 800 garsionum
1711 768 1751 790 ac
1768 754 2049 809 jumentorum,
2072 779 2157 812 cnr,

1160 808 1219 843 vel
1235 807 1282 844 ad
1298 810 1472 846 solatium
1488 811 1595 857 mali,
1611 812 1806 851 nobiscum
1826 829 1902 853 non
1919 819 2072 859 serimus
2091 837 2160 862 nc-

1160 869 1321 906 cessaria
1334 899 1343 916 ,
1362 879 1549 920 quatenus
1566 872 1734 924 hospites
1750 890 1826 913 non
1845 885 2068 927 gravemus?

1519 1007 1694 1059 CAPUT
1724 1010 1819 1050 ΧΠ.

1209 1131 1330 1160 Luxum
1344 1135 1373 1161 et
1386 1129 1518 1161 abusum
1531 1130 1562 1162 in
1576 1132 1698 1174 templis
1711 1139 1741 1164 et
1754 1135 1897 1167 oratoriis
1910 1143 2112 1182 exstruendis,

1417 1184 1564 1216 ornandis
1576 1210 1583 1223 ,
1599 1186 1761 1228 pingendis
1773 1212 1780 1225 ,
1799 1190 1908 1231 arguit.

1214 1304 1276 1341 28.
1297 1304 1369 1342 Sed
1390 1305 1469 1342 haec
1486 1319 1603 1356 parva
1623 1316 1711 1343 sunt
1732 1323 1739 1344 ε
1763 1310 1909 1347 veniam
1927 1313 1973 1350 ad
1995 1316 2158 1365 majora,

1161 1364 1225 1401 sed
1255 1364 1342 1402 ideo
1368 1365 1447 1402 visa
1473 1366 1641 1411 minora,
1672 1368 1760 1417 quia
1788 1370 1994 1410 usitatiora.
2021 1378 2163 1415 Omitto

1161 1426 1418 1462 oratoriorum
1435 1425 1637 1463 immensas
1652 1428 1886 1476 altitudines,
1901 1432 2167 1475 immoderatas

1161 1486 1438 1536 longitudines,
1455 1500 1708 1536 supervacuas
1723 1489 1939 1529 latitudines
1950 1522 1958 1538 ,
1973 1505 2168 1545 sumptuo-

1162 1560 1220 1584 sas
1235 1547 1489 1597 depolitiones
1500 1576 1509 1593 ,
1526 1549 1692 1586 curiosas
1708 1549 1944 1600 depictiones
1959 1569 1966 1591 :
1981 1569 2064 1604 quae
2079 1557 2168 1595 dum

1164 1607 1352 1644 orantium
1375 1607 1410 1644 in
1430 1621 1468 1644 se
1485 1616 1709 1657 retorquent
1726 1619 1940 1659 aspectum,
1954 1614 2167 1665 impediunt

1163 1676 1201 1704 et
1217 1668 1414 1715 affectum,
1431 1677 1466 1705 et
1484 1669 1575 1705 mihi
1593 1669 1877 1718 quodammodo
1894 1685 2168 1723 repraesentant

1160 1730 1358 1778 antiquum
1380 1730 1495 1766 ritum
1516 1730 1749 1767 Judaeorum.
1770 1732 1841 1769 Sed
1862 1742 1960 1781 esto,
1976 1736 2067 1773 fiant
2086 1738 2165 1776 haec

1160 1788 1208 1826 ad
1227 1789 1414 1826 honorem
1435 1790 1518 1827 Dei.
1540 1790 1639 1826 Illud
1660 1800 1786 1827 autem
1810 1792 2001 1844 interrogo
2023 1810 2156 1835 mona-

80 1843 328 1881 humassitsstis
356 1850 413 1879 eSt
437 1841 633 1886 omnium>
664 1841 703 1878 in
734 1854 812 1891 quo
836 1840 908 1878 Sibi
928 1842 1091 1892 quisque
1108 1852 1135 1887 C
1156 1850 1248 1887 chus
1268 1850 1497 1897 monachos,
1520 1850 1625 1900 quod
1646 1851 1684 1887 in
1705 1852 1906 1901 gentilibus
1930 1857 2076 1904 gentilis
2103 1872 2166 1895 ar-

83 1902 278 1952 indulget,
299 1901 381 1939 aliis
407 1914 487 1938 non
521 1901 767 1938 vehementer
794 1901 918 1938 irasci.
943 1902 1096 1948 Dicam,

83 1963 229 2010 dicam3
252 1970 583 2013 praesumptuosus
614 1961 741 2008 dicar,
773 1961 839 1998 sed
869 1975 1004 1999 verum
1039 1962 1098 1999 di-

84 2037 179 2061 cam.
191 2022 398 2072 Quomodo
413 2023 481 2059 lux
498 2021 631 2059 mundi
647 2021 898 2059 obtenebrata
912 2025 992 2059 est?
1006 2037 1100 2073 quo-

84 2084 202 2122 modo
223 2084 276 2121 sal
294 2093 404 2121 terrae
427 2083 657 2120 infatuatum
687 2085 766 2120 est?
784 2087 958 2132 Quorum
988 2083 1099 2121 nobis

85 2144 181 2192 vita,
202 2145 263 2181 via
284 2144 373 2181 vitae
401 2143 536 2180 debuit
564 2156 668 2188 esse,
690 2142 780 2180 dum
808 2144 1028 2193 exemplum
1059 2145 1098 2181 in

85 2205 162 2242 suis
178 2204 327 2242 actibus
349 2203 559 2241 ostendunt
574 2202 764 2253 superbiae
777 2233 786 2250 ‚
802 2204 891 2240 caeci
908 2204 995 2241 facti
1011 2214 1101 2242 sunt

86 2265 201 2303 duces
221 2279 422 2303 caecorum.
445 2265 555 2313 Quod
580 2265 681 2301 enim
711 2264 768 2315 (ut
789 2274 925 2302 caetera
943 2266 1100 2317 taceam)

87 2326 279 2377 specimen
300 2325 525 2363 humilitatis
545 2334 621 2371 est,
650 2339 736 2362 cum
767 2334 871 2362 tanta
894 2340 1037 2377 pompa
1063 2336 1102 2365 et

87 2387 259 2437 equitatu
283 2386 485 2432 incedere,
510 2387 623 2423 tantis
647 2386 846 2423 hominum
874 2388 1101 2426 crinitorum

88 2446 222 2497 stipari
253 2446 466 2497 obsequiis3
501 2456 690 2497 quatenus
727 2447 878 2485 duobus
911 2449 1102 2501 episcopis

87 2507 201 2544 unius
229 2506 377 2544 abbatis
406 2507 613 2545 multitudo
639 2508 827 2545 sufficiat?
856 2510 1042 2557 Mentior,
1073 2511 1103 2547 si

87 2580 167 2605 non
186 2567 266 2604 vidi
284 2567 461 2604 abbatem
483 2569 679 2618 sexaginta
704 2582 824 2618 equos
838 2598 847 2614 ,
873 2578 909 2606 et
941 2583 987 2606 eo
1019 2584 1102 2607 am-

1165 1909 1305 1961 guebat
1327 1925 1334 1947 :

1166 2033 1268 2064 Dicite
1293 2033 1349 2075 (ait
1372 2032 1451 2075 ille),
1468 2032 1632 2076 pontifices
1644 2058 1651 2072 ‚
1669 2034 1701 2065 in
1715 2041 1820 2066 sancto
1835 2036 1910 2077 quid
1924 2036 1996 2069 facit
2012 2049 2120 2071 aurum
2131 2039 2143 2063 3
2157 2044 2171 2072 Ρ

1165 2150 1245 2197 Ego
1273 2155 1399 2184 autem
1422 2146 1506 2183 dico
1530 2161 1537 2182 :
1559 2148 1698 2193 Dicite,
1722 2162 1906 2199 pauperes
1931 2165 1938 2187 :
1966 2165 2041 2188 non
2069 2154 2169 2190 enim

1167 2208 1323 2245 attendo
1349 2221 1521 2253 versum,
1545 2209 1610 2245 sed
1639 2222 1789 2245 sensum
1810 2225 1817 2246 ε
1840 2210 1970 2258 dicite,
1992 2213 2168 2262 inquam,

1167 2282 1376 2319 pauperes,
1408 2271 1437 2306 si
1468 2278 1591 2306 tamen
1623 2284 1827 2320 pauperes,
1852 2272 1889 2307 in
1922 2281 2050 2309 sancto
2079 2275 2169 2323 quid

1168 2330 1255 2366 facit
1283 2331 1446 2366 aurum?
1467 2334 1513 2367 Et
1534 2330 1686 2379 quidem
1709 2331 1778 2367 alia
1810 2346 1918 2368 causa
1948 2342 2001 2369 est
2024 2335 2170 2384 episco-

1167 2403 1328 2440 porum,
1365 2391 1436 2427 alia
1476 2391 1763 2427 monachorum.
1803 2393 1945 2429 Scimus
1984 2407 2167 2443 namque,

1168 2451 1271 2501 quod
1298 2452 1351 2487 illi
1379 2452 1614 2501 sapientibus
1641 2460 1676 2488 et
1696 2452 1961 2501 insipientibus
1981 2453 2170 2491 debitores

1170 2525 1255 2548 cuni
1293 2512 1388 2557 sint,
1423 2512 1583 2548 earnalis
1621 2512 1753 2561 populi
1788 2511 2047 2557 devotionem,
2083 2515 2170 2562 quia

1170 2571 1431 2621 spiritualibus
1459 2585 1535 2607 non
1563 2579 1740 2621 possunt,
1773 2571 2033 2621 corporalibus
2067 2574 2169 2609 cxci-

88 2629 188 2680 plius
207 2629 247 2666 in
267 2642 337 2666 suo
358 2628 498 2666 ducere
520 2630 704 2667 comitatu
721 2631 749 2667 *.
771 2631 901 2675 Dicas,
921 2631 951 2667 si
970 2631 1100 2669 videas
1118 2642 1150 2675 D
1171 2641 1250 2668 tant
1280 2633 1525 2669 ornamentis.
1555 2636 1630 2668 Nos
1651 2645 1740 2667 vero
1772 2632 1835 2679 qui
1859 2631 1935 2679 jam
1957 2632 2002 2668 de
2024 2634 2168 2682 populo

90 2702 156 2727 eos
187 2698 448 2735 transeuntes,
476 2703 554 2727 non
582 2699 709 2740 patres
740 2704 820 2728 esse
849 2693 1104 2729 monasterio-

92 2762 197 2797 rum,
230 2749 297 2787 sed
327 2750 505 2787 dominos
536 2751 802 2798 castellorum3
825 2765 902 2788 non
936 2760 1104 2790 rectores

91 2811 324 2857 animarum,
355 2811 420 2848 sed
454 2811 646 2861 principes
674 2812 973 2862 provinciarum.
1009 2816 1103 2850 Tum

92 2870 229 2908 deinde
258 2872 396 2921 gestari
417 2870 606 2921 jubentur
635 2873 844 2922 mappulae,
862 2873 1016 2922 scyphi,
1036 2873 1105 2910 ba—

92 2931 186 2978 cini,
209 2931 457 2978 candelabra,
476 2940 514 2969 et
534 2932 707 2969 manticae
729 2932 1003 2981 suffarcinatae,
1025 2948 1104 2971 non

92 2992 307 3029 stramentis
321 3022 331 3040 ,
346 2992 413 3029 sed
429 2993 664 3029 ornamentis
683 2993 925 3030 lectulorum.
944 2995 1016 3032 Vix
1035 2995 1104 3032 de-

93 3051 209 3102 nique
229 3061 396 3102 quatuor
421 3053 539 3090 leucis
561 3066 582 3090 a
603 3066 669 3090 sua
689 3054 877 3103 quispiam
899 3054 1014 3092 domo
1042 3069 1104 3092 re-

94 3111 216 3158 cedit,
241 3113 314 3149 nisi
334 3127 421 3150 cum
453 3122 531 3150 tota
555 3114 781 3164 supellectili
808 3127 894 3162 sua,
923 3123 1103 3165 tanquam

94 3172 142 3208 sit
158 3173 219 3209 vel
238 3173 361 3211 iturus
383 3173 431 3211 ad
451 3175 658 3211 exercitum
674 3204 683 3220 ,
707 3175 767 3211 vel
791 3176 1016 3213 transiturus
1036 3191 1106 3226 per

95 3230 286 3269 desertum
301 3262 311 3280 ,
329 3232 394 3271 ubi
418 3247 495 3271 non
519 3235 671 3271 valeant
690 3236 854 3272 inveniri
881 3237 1103 3273 necessaria.

146 3365 155 3380 ¹
177 3363 307 3403 Regna
326 3362 504 3401 Benedicti,
527 3374 594 3405 cap.
615 3368 645 3395 2.
667 3384 707 3387 ἡ
725 3371 737 3386 ²
758 3365 870 3397 Ezech.
894 3377 948 3398 111.
975 3369 1023 3397 18.
1041 3385 1084 3389 ——
1102 3364 1115 3388 3
1133 3365 1274 3403 Persius,
1296 3367 1358 3397 Sat.
1375 3375 1418 3401 ιι,
1440 3374 1518 3395 vers.
1538 3368 1590 3394 69.

1172 2692 1377 2736 exivimus,
1407 2691 1472 2740 qui
1501 2690 1631 2726 mundi
1663 2702 1821 2738 quaeque
1842 2690 2003 2738 pretiosa
2024 2704 2065 2726 ac
2083 2704 2171 2740 spe-

1172 2752 1273 2789 ciosa
1303 2766 1373 2802 pro
1403 2751 1550 2789 Christo
1583 2750 1819 2799 reliquimus,
1844 2750 1908 2798 qui
1939 2751 2063 2786 onmia
2085 2752 2172 2800 pul-

1172 2813 1262 2849 chre
1295 2812 1478 2856 lucentia,
1511 2824 1647 2847 canore
1679 2810 1901 2855 mulcentia,
1927 2823 2040 2847 suave
2071 2812 2177 2847 olen·

1173 2874 1240 2918 tia,
1281 2873 1389 2909 dulce
1422 2872 1622 2921 sapientia,
1661 2879 1760 2907 tactu
1798 2871 2003 2919 placentia,
2041 2880 2175 2908 cuncta

1173 2934 1337 2983 denique
1375 2933 1651 2970 oblectamenta
1686 2944 1869 2980 corporea
1904 2930 2073 2967 arbitrati
2111 2945 2175 2969 su·-

1172 3008 1256 3031 mus
1287 3003 1327 3031 ut
1355 3002 1543 3038 stercora,
1564 3001 1606 3029 ut
1635 2992 1825 3029 Christum
1861 2992 2136 3028 lucrifaciamus
2166 3008 2173 3029 :

1171 3068 1355 3105 quorum,
1389 3066 1540 3103 quaeso,
1570 3053 1608 3089 in
1642 3052 1699 3088 his
1731 3052 1972 3089 devotionem
2010 3053 2173 3088 excitare

1172 3114 1430 3151 intendimus?
1446 3116 1586 3160 Quem,
1607 3113 1780 3161 inquam,
1799 3126 1844 3148 ex
1861 3113 1917 3149 his
1937 3113 2096 3148 fructum
2114 3125 2173 3148 re-

1173 3175 1384 3225 quirimus?
1406 3174 1606 3210 stultorum
1630 3173 1938 3217 admirationem,
1961 3185 2004 3207 an
2026 3171 2170 3220 simpli-

1173 3237 1273 3274 cium
1297 3235 1527 3272 oblationem
1547 3236 1590 3270 ΔΡ
1607 3239 1664 3271 An
1686 3234 1865 3283 quoniam
1888 3232 2076 3269 commixti
2102 3244 2167 3267 su-

1745 3364 1755 3376 ³
1774 3360 1858 3391 Alias
1870 3383 1876 3395 ,
1896 3357 2143 3388 obluctationem.
