2533 3920
354 216 402 252 35
1094 209 1349 246 PRAEFATIO
1387 207 1674 243 GENERALIS.
2371 197 2420 233 36

408 307 606 348 Eamdem
624 307 718 347 vitae
749 304 1011 346 severitatem
1034 314 1109 343 nos
1132 301 1239 343 Galli
1272 301 1396 342 etiam
1417 310 1528 339 nunc
1554 296 1816 337 reflorescere
1844 291 2126 345 conspicimus
2154 291 2200 330 in
2220 289 2421 343 piissimis

350 387 561 428 monachis
592 386 721 427 beatae
750 384 888 425 Mariae
909 382 961 423 de
982 383 1139 434 Trapa,
1161 379 1337 431 aliisque
1356 375 1570 416 nonnullis
1595 385 1741 414 eorum
1766 369 2048 412 imitatoribus
2070 369 2175 422 :qui
2214 368 2307 408 vitae
2335 378 2421 408 suae

350 464 554 518 puritate,
584 463 848 512 austeritate,
874 456 1114 500 solitudinis
1137 467 1277 496 amore
1292 485 1303 505 ,
1329 453 1515 505 silentio,
1546 452 1687 493 labore
1704 482 1714 501 ,
1742 450 1919 502 aliisque
1940 446 2146 499 religiosis
2165 445 2420 496 virtutibus,

351 541 395 583 id
424 541 535 581 factu
566 538 764 593 possibile
792 539 1008 587 astruunt,
1033 532 1149 588 quod
1171 531 1222 573 de
1244 529 1485 582 Bernardo,
1506 529 1680 583 ejusque
1702 526 1920 580 discipulis
1951 523 2212 577 legebamus,
2237 535 2314 564 nec
2335 522 2422 564 fere

350 618 635 661 credebamus.

411 698 577 739 XXXV.
600 694 822 749 Subjungit
840 692 951 734 idem
970 690 1150 732 Jacobus
1169 701 1191 729 a
1211 688 1395 729 vitriaco
1418 687 1462 727 in
1482 686 1615 739 capite
1636 683 1848 738 sequenti,
1877 681 2129 723 feminarum
2161 691 2308 720 sexum
2329 677 2421 719 fra-

352 776 543 829 giliorem
569 792 584 807 «
609 785 631 814 a
654 771 862 826 principio
888 768 1060 811 Ordinis
1088 766 1141 808 ad
1164 770 1289 807 tantae
1309 764 1582 805 districtionis
1618 762 1880 803 severitatem
1905 778 1920 794 »
1946 759 2131 812 aspirare
2164 769 2315 798 ausum
2336 768 2423 797 non

351 852 498 904 fuisse,
520 850 593 892 sed
611 849 655 891 id
679 848 848 890 demum
867 848 911 888 in
930 858 1089 887 morem
1108 848 1249 898 postea
1269 842 1444 883 venisse.
1468 841 1627 881 Verum
1645 844 1785 880 tamen
1802 838 1969 878 vivente
1991 837 2084 890 ipso
2104 834 2319 877 Bernardo
2337 846 2424 875 non

352 931 434 971 fuit
466 929 637 971 omnino
656 938 804 980 expers
832 925 952 966 istius
978 922 1160 964 instituti
1189 920 1393 962 femineus
1413 931 1550 959 sexus.
1583 917 1634 958 ld
1658 917 1810 971 probat
1832 917 2100 956 Hermannus
2131 913 2423 956 Laudunensis

353 1006 581 1048 monachus
606 1005 650 1045 in
669 1003 778 1045 libro
807 1003 928 1043 tertio
948 1001 999 1041 de
1024 999 1237 1041 Miraculis
1265 1001 1415 1039 sancta:
1445 996 1609 1047 Mariae,
1631 1008 1722 1049 cap.
1752 997 1801 1037 17
1819 1026 1829 1046 ,
1851 993 1927 1034 uhi
1948 994 2034 1047 agit
2053 992 2105 1034 de
2127 990 2420 1043 Monsteriolo,

352 1083 688 1126 Cisterciensium
704 1081 916 1133 virginum
931 1078 983 1120 ad
1000 1078 1252 1119 Laudunum
1265 1075 1523 1129 parthenone
1539 1105 1549 1123 ,
1581 1086 1603 1114 a
1622 1072 1927 1114 Bartholomaeo
1947 1072 2143 1125 episcopo
2156 1073 2421 1112 constructo:

349 1163 391 1202 in
411 1172 496 1214 quo
515 1157 847 1201 sanctimoniales
866 1156 945 1198 sub
964 1155 1182 1208 Guiburge
1200 1153 1428 1204 abbatissa,
1456 1171 1471 1187 «
1495 1152 1697 1205 depositis
1714 1150 1912 1191 omnibus
1930 1150 2054 1190 lineis
2073 1148 2334 1190 indumentis
2354 1151 2421 1188 at—

357 1257 372 1272 »
394 1249 477 1291 que
500 1236 695 1290 pelliciis,
715 1234 813 1274 solis
841 1233 994 1274 tunicis
1014 1232 1143 1273 lancis
1163 1231 1413 1282 utebantur,
1433 1235 1473 1272 et
1492 1243 1577 1271 non
1596 1229 1734 1271 solum
1752 1228 1892 1270 nendo
1909 1228 1974 1269 vel
1991 1227 2186 1278 texendo,
2208 1226 2283 1268 sed
2298 1226 2424 1267 etiam

358 1335 373 1350 ν
398 1316 442 1355 in
465 1314 574 1367 agris
593 1311 807 1362 fodiendo,
829 1314 870 1351 et
888 1322 984 1351 cum
1003 1310 1139 1350 securi
1156 1313 1196 1350 et
1209 1308 1348 1362 ligone
1371 1308 1520 1348 silvam
1540 1308 1742 1348 succisam
1759 1305 2046 1360 exstirpando,
2061 1306 2203 1359 spinas
2219 1309 2261 1346 et
2276 1316 2424 1358 vepres

359 1411 374 1426 »
399 1389 638 1441 evellendo,
662 1387 857 1429 manibus
880 1386 1064 1440 propriis
1089 1386 1255 1427 assidue
1278 1385 1536 1436 laborantes,
1565 1397 1662 1425 cum
1687 1384 1853 1425 silentio
1867 1385 2027 1425 victum
2049 1383 2130 1424 sibi
2149 1382 2395 1437 quaerebant
2410 1413 2422 1435 ,

359 1489 374 1504 »
392 1469 606 1521 vitamque
629 1464 1038 1507 Clarae-Vallensium
1065 1463 1368 1504 monachorum
1391 1475 1468 1517 per
1501 1463 1641 1503 onmia
1672 1463 1962 1503 imitabantur.
1985 1481 2000 1496 »

410 1546 600 1586 XXXVI.
642 1543 828 1596 Longius
861 1541 1185 1595 progrederetur
1215 1541 1372 1592 oratio,
1403 1541 1438 1580 si
1463 1545 1676 1594 quotquot
1704 1539 1945 1581 Bernardus
1977 1539 2031 1580 ad
2054 1540 2327 1581 monasticam
2359 1540 2425 1581 vi-

352 1628 439 1664 tam
459 1621 688 1676 pertraxit,
712 1620 960 1660 illustriores
981 1620 1201 1672 utriusque
1227 1631 1350 1659 sexus
1373 1618 1562 1660 homines
1576 1651 1586 1668 ,
1609 1631 1717 1673 quos
1747 1619 1902 1659 scilicet
1926 1619 2148 1671 novimus,
2170 1619 2214 1659 in
2235 1618 2425 1660 medium

353 1699 656 1741 adduceremus
689 1712 698 1738 z
735 1697 880 1751 quales
914 1696 1031 1737 fuere
1058 1697 1290 1748 Henricus,
1326 1696 1530 1737 Ludovici
1562 1698 1615 1737 Vl
1648 1698 1904 1737 Francorum
1941 1697 2051 1749 regis
2082 1696 2216 1749 filius,
2244 1698 2422 1739 Ermen-

353 1777 493 1833 gardis
519 1777 744 1819 Britanniae
765 1776 929 1817 ducissa
943 1807 953 1826 ,
974 1775 1138 1816 Adelais
1158 1774 1460 1827 Lotharingiae,
1491 1779 1530 1815 ct
1554 1775 1650 1826 alii,
1672 1775 1845 1828 aliaeque
1868 1776 2111 1816 innumcrae.
2131 1777 2290 1816 Verum
2318 1775 2426 1817 illud

355 1854 482 1909 paulo
498 1855 638 1895 minus
666 1851 979 1907 pra›‹lica11clt1111
1007 1857 1047 1893 et
1077 1851 1318 1892 mirandum
1334 1884 1344 1904 ,
1364 1852 1481 1906 quod
1509 1853 1754 1894 hominibus
1783 1854 1826 1893 in
1857 1854 2008 1894 saeculo
2026 1854 2339 1896 remanentibus
2361 1856 2427 1909 pi-

354 1933 538 1974 issimam
575 1936 616 1972 et
639 1931 910 1972 rectissimam
931 1930 1099 1971 vivendi
1122 1930 1326 1972 rationem
1345 1932 1565 1984 persuasit.
1592 1951 1607 1966 α
1630 1932 1818 1973 Adlircsit
1849 1932 1886 1971 ci
1917 1944 2004 1985 prae
2028 1932 2226 1973 omnibus
2251 1933 2427 1987 quidem

361 2029 376 2045 »
399 2022 448 2051 ex
467 2008 730 2063 principibus
746 2020 882 2049 comes
895 2010 926 2048 't‘
930 2007 1183 2060 heobaldus,
1208 2013 1326 2061 etse,
1346 2013 1387 2049 et
1403 2021 1478 2049 sua
1502 2010 1545 2049 in
1564 2009 1750 2050 subsidia
1770 2009 2058 2051 Clarae-Vallis
2074 2011 2295 2064 exposuit,
2315 2016 2355 2052 et
2381 2012 2427 2053 in

361 2107 377 2122 u
399 2085 593 2127 manibus
618 2085 792 2127 Abbatis
816 2086 956 2139 posuit
976 2086 1155 2126 animam
1178 2098 1320 2138 suam,
1343 2086 1533 2140 deposita
1558 2087 1779 2128 altitudine
1807 2087 2054 2141 principali,
2080 2099 2124 2128 se
2147 2088 2259 2129 inter
2283 2101 2426 2131 servos

362 2184 377 2199 »
402 2165 480 2206 Dei
504 2176 754 2205 conservum
779 2163 1006 2215 exhibens,
1031 2176 1116 2204 non
1141 2163 1361 2205 dominum
1377 2195 1387 2215 ,
1415 2169 1461 2205 ut
1489 2163 1680 2205 obediret
1704 2163 1758 2205 ad
1784 2166 1946 2216 omnia,
1973 2177 2253 2220 quaecumque
2277 2165 2430 2209 domus

362 2263 377 2278 »
401 2244 514 2284 illius
542 2242 678 2283 infimi
706 2242 985 2296 postulassent
1005 2245 1032 2282 ¹.
1071 2261 1086 2276 »
1123 2242 1235 2294 Quid
1259 2246 1401 2283 tantus
1426 2243 1646 2296 princeps,
1679 2247 1875 2283 monente
1897 2247 1938 2283 et
1961 2242 2156 2284 hortante
2181 2244 2398 2287 Bernardo
2417 2277 2427 2297 ,

357 2321 623 2375 praestiterit,
647 2325 739 2361 tum
758 2320 801 2359 in
824 2318 1114 2360 construendis
1127 2350 1138 2370 ,
1157 2318 1367 2369 dotandis,
1383 2319 1667 2374 juvandisque
1691 2320 1969 2370 monasteriis,
1990 2325 2082 2362 tum
2098 2321 2142 2362 in
2159 2324 2302 2376 egenis
2321 2323 2428 2365 sub-

358 2396 545 2438 levandis
561 2429 570 2447 ,
608 2401 700 2437 tum
723 2394 904 2450 denique
923 2396 966 2435 in
983 2396 1214 2437 exercendo
1233 2397 1383 2450 optimi
1403 2398 1607 2451 principis
1630 2397 1787 2450 officio,
1814 2399 1932 2439 testis
1954 2403 2016 2439 est
2039 2399 2248 2442 Ernaldus
2270 2401 2400 2445 abbas
2415 2435 2426 2457 ,

360 2488 410 2517 ex
429 2487 514 2529 quo
539 2474 751 2528 praemissa
780 2473 1000 2514 retulimus
1026 2488 1035 2513 :
1060 2478 1185 2515 testes
1212 2475 1337 2515 etiam
1359 2474 1564 2515 Bernardi
1591 2475 1776 2528 epistolae
1804 2475 1856 2516 de
1880 2476 2041 2518 eodem.
2063 2478 2293 2522 Theobaldi
2311 2482 2432 2536 pium

359 2553 546 2595 studium
563 2552 837 2593 aemulabatur
856 2552 1009 2593 nobilis
1028 2557 1069 2593 et
1088 2553 1262 2593 illustris
1284 2552 1437 2593 semina
1452 2554 1634 2605 Beatrix,
1658 2558 1703 2594 ut
1723 2553 1924 2595 discimus
1941 2567 1992 2596 ex
2015 2557 2189 2610 epistola
2208 2561 2432 2603 centesima

360 2632 519 2673 decima
544 2635 701 2671 octava.
735 2630 927 2682 Denique
953 2634 1161 2683 quantum
1180 2630 1383 2670 Bernardi
1404 2631 1628 2671 auctoritas
1648 2632 1689 2671 in
1716 2632 1977 2685 corrigendis
1999 2633 2220 2677 hominum
2241 2639 2433 2682 moribus

360 2711 564 2759 valuerit,
607 2708 795 2761 exemplo
826 2713 888 2749 est
917 2710 1135 2749 conversio
1165 2709 1378 2750 Guillelmi
1414 2708 1650 2761 Aquitaniae
1679 2708 1824 2757 duciS,
1857 2722 1985 2762 quem
2017 2723 2067 2751 ex
2099 2714 2432 2766 pertinacissimo

360 2787 620 2828 schismatico
640 2786 1065 2839 obsequentissinmm
1091 2791 1131 2827 et
1152 2787 1390 2839 piissimum
1414 2786 1646 2839 principem
1669 2785 1810 2826 et'l'eeit
1830 2784 1859 2826 ².
1890 2788 1946 2827 lIt
1975 2790 2119 2841 paucis
2139 2803 2237 2832 cum
2257 2786 2450 2836 Gaufri-'

362 2864 416 2905 do
433 2863 645 2904 absolvam
678 2877 686 2901 :
715 2882 730 2896 «ι
760 2866 861 2913 Quae
884 2862 1037 2903 scelera
1067 2876 1151 2903 non
1180 2862 1350 2916 arguit?
1378 2876 1473 2916 quac
1502 2863 1596 2903 odia
1627 2876 1711 2903 non
1743 2863 1977 2905 exstinxit?
2009 2878 2103 2920 quoe
2129 2869 2323 2911 scandala
2348 2885 2433 2915 11οΠ

369 2963 382 2975 »
406 2941 687 2994 compescuit?
707 2952 801 2993 quae
830 2940 1048 2980 schismata
1077 2953 1160 2981 non
1193 2940 1440 2981 resarcivit?
1468 2953 1572 2994 quas
1599 2941 1775 2982 haereses
1792 2955 1876 2983 11011
1899 2945 2134 2987 confutavit
2153 2945 2196 2987 ³?
2231 2968 2246 2984 „
2272 2952 2432 2995 Verum

363 3020 450 3060 hare
468 3018 552 3059 duo
574 3022 803 3071 postrema,
827 3029 974 3073 nempe
997 3029 1091 3070 quae
1116 3017 1169 3058 ad
1193 3018 1414 3059 schismata
1443 3023 1484 3059 ct
1516 3017 1691 3060 haereses
1713 3020 1947 3075 pertinent,
1974 3023 2228 3076 peculiarem
2257 3031 2434 3083 exigunt

363 3097 664 3138 tractationem.

408 3244 414 3261 ¹
438 3244 520 3274 Vitae
537 3243 624 3274 libro
644 3248 659 3273 '2
674 3266 682 3282 ,
701 3253 734 3273 11.
756 3249 804 3274 02.
841 3263 859 3266 ⁷-
881 3244 1098 3276 ’-Ἰ1)ἰ(1.11.ζ)’,“
1119 3255 1192 3284 sqqv
1214 3264 1251 3267 v
1270 3247 1281 3263 ἶ·
1304 3247 1385 3278 ibid.
1408 3248 1495 3279 libro
1513 3253 1546 3287 2³,
1568 3260 1599 3279 11.
1621 3255 1670 3281 30.
