2565 3952
46 179 116 216 125
964 175 1230 211 EPISTOLAE.
2078 187 2149 223 120

42 261 115 295 aut⁴
134 256 234 292 inter
257 253 397 290 fruteta
429 261 532 290 certe
563 252 673 288 simul
707 250 940 296 exorientia,
973 263 1058 286 curn
1081 251 1110 268 '²‘
1129 251 1262 288 stantis
1289 252 1452 301 periculi
1475 255 1677 291 necessitas
1693 255 1842 305 praebet
1865 259 1957 296 mihi
1977 263 2153 301 fiduciam

45 330 121 355 non
138 315 209 353 erit
226 314 291 364 qui
313 322 476 364 purget,
501 313 697 350 suffocatae
721 311 870 349 nullum
901 310 1063 348 afferent
1081 311 1111 344 A
1131 312 1390 349 conveniendi
1422 321 1459 349 te
1481 314 1625 360 acrius,
1661 324 1699 351 et
1719 318 1905 366 arguendi
1928 320 2096 360 liberius.
2118 328 2150 362 Ο

43 379 220 416 fructum.

96 438 132 475 3.
154 440 247 485 Quae
280 448 367 472 cum
398 435 450 471 ita
479 434 577 479 sint,
606 432 738 483 judica
772 441 813 469 tu
847 433 960 483 quale
989 432 1064 470 hoc

45 509 151 537 tuum
168 496 317 534 bonum
332 497 427 543 erit,
447 504 513 533 aut
529 496 559 533 si
579 495 642 532 vel
658 507 739 532 esse
755 494 899 545 poterit
916 493 1063 531 bonum

45 572 132 597 cum
163 558 278 595 tantis
300 557 421 594 malis.
454 555 747 606 Quantumlibet
782 555 919 606 dignos
947 556 1065 592 factu-

46 632 131 657 rum
148 626 185 655 te
202 617 348 655 fructus
368 617 608 668 poenitentiae
625 616 816 663 confidas,
842 629 973 653 nonne
988 616 1064 652 hu-

41 677 258 730 juscemodi
284 677 404 728 spinis
433 690 588 714 necesse
605 677 679 714 erit
701 676 913 714 suffocari?
929 679 1067 713 Nonne

46 738 212 788 denique
241 737 396 774 sirecte
427 737 564 784 offers,
596 745 634 774 et
666 750 744 774 non
777 745 882 774 recte
900 736 1065 782 dividis,

45 799 236 852 1100035ῑὶ>
264 797 366 847 Quid
397 798 528 835 enim?
563 801 733 835 Rectene
765 797 864 834 forte
896 797 1068 834 dividere

47 873 128 898 esse
148 859 251 897 dices
265 887 275 906 ,
304 858 376 896 soli
396 858 533 895 animae
561 866 636 895 tuae
658 858 879 905 consulere3
913 866 951 894 et
971 857 1070 894 filios

48 930 134 958 tuos
150 932 248 970 quos
272 918 470 970 orphanos
488 918 678 968 relinquis
693 946 704 964 ‚
727 918 888 955 consilio
907 925 1070 968 paterno

49 980 282 1019 destituere?
311 982 343 1018 O
363 979 525 1017 miseros
542 987 580 1016 et
600 977 836 1016 miserabiles
848 1008 857 1025 ,
874 986 913 1015 et
929 991 976 1015 eo
995 977 1070 1014 mi-

1130 370 1339 408 insensate!
1366 373 1451 421 quis
1483 381 1518 409 te
1546 374 1744 412 fascinavit
1769 385 1844 414 tam
1871 380 1947 415 cito
1978 382 2157 420 recedere

1131 431 1179 468 ab
1194 432 1260 469 illo
1276 432 1530 470 saluberrimo
1552 435 1713 472 consilio
1728 465 1738 483 ‚
1762 437 1800 473 in
1821 452 1898 487 quo
1920 440 2067 477 dudum
2090 442 2158 479 tibi

1131 493 1277 543 pariter
1313 501 1351 531 et
1390 494 1508 540 mihi,
1544 498 1626 533 Deo
1661 497 1743 533 solo
1778 506 1889 545 teste,
1921 510 2156 539 conventum

1132 555 1215 591 est?
1248 554 1379 604 Cogita
1400 584 1409 601 ‚
1432 555 1641 606 insipiens,
1666 557 1746 594 vias
1771 566 1874 606 tuas,
1897 568 1935 596 et
1974 571 2159 599 converte

1133 615 1252 666 pedes
1283 624 1370 653 tuos
1403 616 1443 653 in
1466 617 1683 654 testimonia
1706 619 1876 656 Domini.
1907 624 1993 658 Non
2031 634 2162 659 recor-

1135 675 1237 713 daris
1255 704 1264 722 ,
1299 676 1405 726 quod
1438 677 1564 728 primo
1585 678 1625 714 in
1647 678 2058 729 Majori—Monasterio
2083 691 2157 720 tuae

1137 739 1402 776 conrersionis
1442 739 1550 776 initia
1587 740 1793 788 dedicasti3
1838 743 2008 779 secundo
2055 744 2159 794 apud

1136 799 1367 837 Fusniacum
1384 798 1415 846 b,
1437 809 1580 838 nostrae
1598 809 1634 838 te
1656 802 1929 853 qualicumque
1950 804 2165 853 providen-

1138 860 1199 898 tiae
1227 860 1525 909 commendasti3
1548 863 1662 899 tertio
1682 862 1720 898 in
1741 864 1990 901 Morimundo
2018 864 2168 902 stabili-

1139 929 1255 958 tatem
1291 929 1395 958 tuam
1434 923 1617 970 firmasti,
1658 932 1797 974 quarto
1841 938 1990 962 mecum
2032 940 2165 963 rursus

1139 981 1236 1019 inito
1255 983 1416 1020 consilio
1433 1011 1443 1028 ‚
1470 993 1655 1033 suggestae
1677 983 1747 1021 tibi
1764 984 1812 1022 ab
1829 985 1968 1023 abbate
1989 987 2165 1024 Arnoldo

49 1039 324 1087 serabiliores,
355 1052 434 1090 quo
466 1039 558 1076 vivo
588 1052 628 1076 se
665 1038 910 1089 conspiciunt
947 1036 1123 1076 orbariB
1144 1043 1468 1093 peregrinationi,
1490 1044 1568 1082 imo
1597 1045 1814 1095 vagationi,
1846 1047 2014 1096 ingenue
2051 1046 2166 1084 abre-

50 1103 180 1154 patre!
197 1104 428 1150 Quanquam
445 1098 623 1137 dubitare
647 1107 683 1136 te
708 1112 865 1149 quoque
883 1106 1070 1149 oportue-

48 1162 117 1208 rit,
138 1174 187 1199 an
213 1161 276 1198 vel
295 1160 365 1197 tibi
389 1168 491 1197 recte
514 1160 715 1207 consulas,
738 1159 779 1196 in
800 1173 846 1196 eo
868 1159 1070 1205 videlicet,

48 1221 156 1272 quod
195 1220 340 1271 absque
374 1220 537 1258 consilio
569 1220 736 1257 fratrum
770 1229 808 1258 et
837 1219 1071 1257 coabbatum

50 1290 207 1319 tuorum
221 1311 232 1329 ,
259 1280 405 1331 absque
425 1281 546 1331 patris
563 1289 601 1317 et
618 1280 789 1330 magistri
820 1280 876 1317 tui
896 1280 1069 1325 licentia,

51 1355 132 1380 rem
149 1350 225 1379 tam
246 1354 387 1378 novam
411 1341 625 1392 praesumis.
655 1340 757 1378 Illud
787 1341 900 1377 etiam
932 1340 1074 1376 multos

51 1402 289 1455 permaxime
316 1409 469 1450 movet,
487 1401 594 1452 quod
626 1415 768 1452 pueros
800 1400 1011 1438 imbecilles
1038 1409 1076 1437 et

55 1463 236 1501 delicatos
249 1462 416 1513 juvenes
438 1471 565 1500 tecum
585 1462 706 1500 ducis.
733 1462 918 1512 Alioquin
937 1462 967 1499 si
982 1461 1076 1499 boni

55 1532 93 1562 et
108 1523 256 1562 robusti
272 1532 381 1571 sunt,
405 1523 585 1561 desolatae
607 1523 741 1561 domui
762 1523 914 1560 fuerant
944 1536 1078 1560 neces-

53 1583 140 1622 sarii
158 1600 166 1622 :
184 1584 216 1622 si
232 1584 383 1622 delicati
400 1583 466 1636 (ut
483 1582 587 1635 dixi)
604 1592 641 1621 et
659 1583 886 1629 imbecilles,
910 1583 1016 1621 durae
1035 1597 1078 1621 ac

58 1644 259 1683 laboriosae
274 1645 579 1696 peregrinationi
597 1658 676 1682 non
697 1653 811 1681 erunt
828 1644 973 1682 idonei.
1003 1644 1077 1683 Sed

58 1713 96 1743 et
111 1705 289 1756 regendis
316 1704 518 1743 animabus
535 1718 671 1742 eorum
699 1717 945 1755 nequaquam
963 1713 999 1742 te
1019 1705 1079 1742 ul—

58 1775 116 1804 tra
134 1766 324 1805 credimus
343 1767 443 1804 velle
471 1779 636 1818 praeesse
668 1781 676 1803 z
703 1766 849 1816 quippe
875 1766 984 1816 cujus
1013 1779 1082 1803 co—

1138 1104 1345 1151 ntinuasti,
1381 1104 1502 1155 ipsius
1536 1119 1693 1155 quoque
1731 1105 1799 1142 tibi
1835 1107 2071 1143 consortium
2089 1137 2098 1153 ,
2135 1107 2165 1144 si

1139 1178 1218 1201 non
1241 1165 1322 1215 ipse
1345 1165 1446 1202 licite
1468 1174 1598 1216 posset
1622 1165 1748 1214 abire,
1771 1167 1945 1204 illicitum
1964 1167 2171 1217 judicasti?

1139 1225 1242 1274 Quid
1267 1226 1394 1262 enim?
1424 1227 1595 1264 Licitene
1617 1227 1720 1263 dices
1747 1227 1855 1264 illum
1878 1227 2059 1265 recedere
2074 1258 2083 1275 ,
2105 1230 2172 1278 qui

1140 1295 1177 1323 et
1202 1286 1274 1323 sibi
1305 1287 1517 1324 commissis
1547 1287 1803 1337 lacrymabile
1829 1289 2051 1325 scandalum
2083 1291 2173 1327 relin

1142 1346 1239 1396 quit,
1259 1359 1330 1383 nec
1351 1347 1613 1384 commissoris
1633 1348 1825 1384 licentiam
1850 1350 2118 1399 exspectavit?

1199 1407 1234 1444 2.
1257 1406 1331 1445 Sed
1353 1420 1561 1456 quorsum,
1584 1407 1757 1457 inquies,
1782 1408 1948 1445 tendunt
1965 1409 2045 1445 haec
2060 1438 2069 1455 ,
2087 1423 2173 1459 quae

1145 1468 1197 1505 sic
1215 1475 1423 1504 retractare
1442 1468 1628 1505 voluisti?
1647 1472 1699 1506 [t
1718 1477 1752 1504 te
1774 1469 1984 1506 manifestae
2006 1470 2172 1508 levitatis

1145 1541 1301 1578 arguam
1315 1558 1324 1574 ‚
1348 1537 1390 1565 ut
1417 1531 1484 1566 Est
1503 1537 1540 1565 et
1561 1531 1649 1566 Non
1670 1542 1752 1566 esse
1774 1529 1878 1579 apud
1905 1538 1940 1566 te
1972 1530 2173 1568 evidenter

1145 1589 1347 1627 ostendam
1380 1604 1388 1627 :
1420 1590 1550 1640 sicque
1582 1603 1755 1627 errorem
1780 1599 1888 1628 tuum
1913 1590 1993 1641 jam
2015 1592 2169 1629 tandem

1147 1663 1359 1700 agnoscens
1395 1658 1433 1687 et
1466 1649 1727 1697 erubescens,
1757 1652 1818 1688 vel
1853 1665 1938 1688 sero
1972 1652 2093 1689 discas
2129 1652 2178 1689 ab

1148 1711 1326 1761 apostolo
1341 1740 1350 1758 ,
1380 1724 1458 1747 non
1482 1711 1589 1747 omni
1610 1711 1761 1762 spiritui
1792 1711 1950 1749 credere
1965 1719 1992 1760 ⁷3
2017 1712 2138 1750 discas
2158 1727 2178 1750 a

1149 1773 1357 1810 Salomone
1377 1773 1518 1809 multos
1536 1772 1693 1822 quidem
1713 1772 1856 1810 amicos
1873 1802 1882 1818 ,
1905 1787 2027 1810 unum
2049 1782 2176 1810 autem

59 1827 262 1878 gnovimus
277 1841 359 1865 esse
372 1827 619 1878 propositum
633 1856 642 1874 ‚
660 1827 893 1878 pastoralem
911 1826 1078 1876 abjicere
1100 1829 1127 1866 C
1147 1833 1290 1871 habere
1319 1834 1580 1871 consiliarium
1603 1833 1650 1870 de
1672 1833 1775 1870 mille
1791 1834 1826 1881 33
1851 1834 1976 1872 discas
2009 1839 2181 1872 Praecur-

61 1888 247 1926 sarcinam
290 1888 479 1925 duntaxat
511 1896 668 1925 tuorum
683 1917 694 1936 ,
726 1895 764 1924 et
797 1887 869 1925 soli
898 1887 1082 1938 deinceps

63 1948 193 1986 vivere
213 1947 295 1986 tibi.
320 1949 440 1987 Valde
469 1949 574 1986 enim
602 1948 864 1999 incongruum
893 1958 1017 1995 esset,
1040 1957 1084 1986 ut

60 2007 151 2046 alibi
183 2017 493 2060 praesumptuose
527 2023 608 2046 non
641 2018 803 2047 vocatus
840 2022 1057 2047 resumeres
1073 2038 1082 2056 ,

61 2068 166 2120 quod
184 2068 276 2106 alibi
291 2068 511 2120 prohibitus
539 2070 758 2107 inconsulte
785 2070 985 2120 relinquis.
1010 2069 1083 2109 Sed

6 2138 13 2140 *
57 2128 139 2180 jam
158 2142 207 2166 ne
232 2129 363 2167 onmia
382 2130 515 2167 scienti
531 2131 650 2181 multa
669 2131 868 2182 superfluo
886 2132 1059 2181 ingeram
1075 2146 1083 2168 :

61 2190 102 2228 in
123 2191 200 2227 fine
230 2190 322 2228 etin
350 2191 425 2228 fide
444 2190 511 2228 tibi
530 2192 721 2242 polliceor
734 2221 744 2239 ,
763 2192 793 2229 si
811 2192 1087 2242 opportunita-

67 2257 144 2287 tem
162 2250 350 2301 loquendi
368 2259 496 2289 tecum
516 2251 611 2289 mihi
625 2251 776 2289 dederis
797 2281 808 2299 ,
828 2252 1009 2289 daturum
1027 2265 1087 2289 me

66 2323 244 2361 operam,
266 2320 456 2362 quatenus
485 2311 654 2363 idipsum
684 2312 790 2363 quod
811 2313 1031 2350 inordinate
1052 2321 1089 2350 et

65 2370 277 2420 periculose
297 2385 497 2423 aggressus
514 2386 576 2420 es,
598 2373 701 2411 licite
721 2381 759 2410 et
781 2373 831 2411 ob
854 2373 927 2411 hoc
955 2387 1091 2411 secure

67 2443 238 2483 peragas.
262 2433 367 2471 Vale.

70 2560 151 2573 §Qum
155 2563 181 2574 Ἃ
185 2564 239 2575 nu
245 2566 256 2576 ι
260 2567 272 2576 ι
276 2565 477 2576 ιὶινψινινννιιι
481 2567 683 2578 νννινιικνινννι
687 2568 770 2578 Ἃιῑνι
774 2567 829 2577 ιννι
833 2568 858 2577 xz
862 2568 888 2577 22

318 2667 699 2726 EPISTOLA
742 2666 836 2728 V.a

367 2815 414 2838 AD
439 2817 539 2840 Anam
571 2817 801 2841 MONACHUM.

892 2568 946 2577 xxxx
951 2568 1092 2578 xx=xv==v=2=

79 2904 280 2949 Dehortatur,
293 2918 336 2941 ne
348 2910 494 2942 Amoldo
510 2910 620 2943 abbati
631 2910 831 2944 Morimundi
845 2911 1022 2950 adhaereat,
1042 2922 1102 2943 nec

134 2971 168 2993 se
190 2962 471 3006 peregrinationis,
497 2971 551 2997 aut
572 2965 678 3009 potius
702 2966 876 3008 vagationis
897 2967 964 3009 ejus
985 2966 1103 2998 socium

127 3016 277 3059 praebeat.

137 3122 171 3160 l.
192 3126 271 3161 Tua
291 3125 385 3163 mihi
406 3127 496 3165 satis
516 3136 716 3180 comperta
735 3127 930 3166 humilitas
946 3158 956 3176 ,
982 3137 1020 3165 et
1039 3128 1102 3165 in—

1149 1896 1246 1933 soris
1260 1895 1416 1933 Domini
1437 1896 1638 1946 exemplo,
1660 1909 1737 1932 non
1758 1896 1882 1933 solum
1900 1896 2083 1934 mollibus
2097 1911 2176 1934 non

1148 1956 1304 2003 vestiri,
1326 1957 1393 1994 sed
1411 1970 1482 1994 nec
1501 1958 1540 1994 in
1559 1957 1722 1994 modum
1743 1966 1860 1994 vento
1889 1959 2039 2008 agitatae
2059 1972 2179 1996 arun—

1151 2016 1276 2054 dinis4
1299 2018 1541 2055 circumferri
1562 2019 1668 2055 omni
1689 2027 1807 2056 vento
1829 2018 2041 2067 doctrinae3
2060 2019 2182 2057 discas

1152 2092 1199 2116 ex
1220 2079 1429 2129 Evangelio
1452 2080 1611 2117 domum
1644 2088 1749 2116 tuam
1772 2093 1889 2130 supra
1920 2089 2071 2130 petram
2095 2081 2184 2117 fun-

1154 2139 1244 2176 dare
1260 2138 1287 2187 ⁵3
1324 2140 1446 2178 discas
1479 2148 1517 2177 et
1550 2154 1635 2177 cum
1666 2140 1864 2191 discipulis
1890 2141 2078 2191 serpentis
2102 2154 2181 2177 non

1155 2198 1330 2237 oblivisci
1350 2200 1598 2251 prudentiam
1633 2214 1721 2238 cum
1757 2201 2001 2251 simplicitate
2037 2201 2186 2237 colum-

1154 2260 1214 2298 bae
1229 2260 1244 2282 ⁶
1265 2276 1273 2298 z
1297 2270 1334 2298 et
1356 2270 1431 2298 tam
1453 2275 1500 2298 ex
1522 2261 1602 2307 his,
1626 2275 1743 2311 quam
1766 2275 1813 2298 ex
1837 2262 1919 2299 aliis
1953 2270 2067 2311 atque
2102 2262 2184 2298 aliis

1159 2321 1448 2372 Scripturarum
1486 2322 1719 2358 testimoniis
1763 2322 1862 2358 hanc
1897 2322 2052 2371 colligas
2087 2335 2189 2358 suin-

1160 2396 1277 2429 mam,
1294 2391 1481 2433 quantum
1504 2382 1576 2419 tibi
1597 2382 1776 2419 videlicet
1796 2382 2051 2432 usquemodo
2071 2382 2190 2418 mille—

1160 2443 1295 2480 formis
1314 2443 1378 2480 ille
1399 2443 1581 2480 seductor
1597 2443 1738 2490 illusit,
1755 2443 1927 2492 quicum
1956 2443 1996 2479 in
2028 2451 2065 2479 te
2096 2441 2190 2478 boni

1160 2505 1313 2541 initium
1342 2518 1422 2541 non
1440 2505 1561 2541 valuit
1585 2503 1802 2554 praepedire
1815 2532 1824 2550 ,
1850 2502 1990 2540 invidit
2008 2515 2190 2553 perseve-

1162 2565 1296 2603 rantiae
1317 2580 1325 2603 ε
1347 2566 1421 2603 1100
1439 2566 1621 2603 nimirum
1642 2578 1719 2602 suae
1740 2577 1852 2615 posse
1871 2564 2048 2600 sufficere
2076 2563 2188 2600 mali—

1117 2627 1151 2662 D
1167 2627 1227 2664 tiae
1239 2625 1419 2676 judicans
1436 2656 1445 2673 ,
1475 2627 1506 2664 si
1528 2626 1625 2663 hanc
1644 2634 1775 2676 posset
1796 2624 1947 2661 auferre
1966 2622 2034 2660 tibi
2050 2652 2058 2669 ,
2078 2636 2193 2672 quam

1166 2688 1287 2725 solam
1320 2687 1507 2725 virtutum
1542 2694 1704 2724 noverat
1727 2685 1919 2722 coronari.
1956 2683 2127 2723 Obsecro
2158 2692 2194 2720 te

1165 2761 1236 2799 per
1251 2748 1400 2786 viscera
1420 2747 1693 2785 misericordiae
1721 2746 1886 2792 Christi,
1909 2753 1952 2782 ut
1973 2745 2195 2782 nullatenus

1168 2809 1301 2858 abeas,
1320 2817 1386 2846 aut
1413 2810 1475 2847 vel
1494 2823 1571 2847 non
1593 2808 1820 2860 priusquam
1841 2806 1889 2844 ad
1907 2819 1980 2844 nos
1999 2806 2086 2843 loco
2102 2805 2193 2856 qui-

1169 2869 1257 2907 dem
1277 2878 1501 2921 opportuno
1516 2869 1648 2906 venias
1670 2868 1803 2919 loqui,
1825 2868 1855 2905 si
1873 2866 1979 2918 quod
1998 2867 2096 2903 forte
2116 2875 2196 2902 tan-

1174 2930 1222 2968 tis
1242 2931 1372 2979 malis,
1393 2944 1479 2981 quae
1490 2930 1571 2981 jam
1592 2929 1705 2967 nobis
1725 2943 1771 2966 ex
1788 2937 1916 2966 vestra
1941 2927 2195 2972 discessione,

1183 2999 1250 3028 aut
1269 2991 1420 3029 venisse
1441 2992 1649 3038 sentimus,
1685 2998 1750 3027 aut
1778 2998 1941 3026 ventura
1971 2988 2178 3025 metuimus
2192 3015 2203 3032 ,

1173 3060 1288 3103 queat
1307 3052 1522 3091 remedium
1544 3052 1721 3089 inveniri.
1739 3051 1844 3089 Vale.

134 3257 145 3271 ¹
162 3253 242 3284 Gen.
264 3264 310 3291 nr,
327 3257 358 3293 7,
373 3265 435 3287 sec.
447 3259 551 3289 LXX.
572 3276 617 3281 —
633 3263 646 3279 ²
661 3260 675 3288 1
695 3261 788 3291 Joan.
813 3269 864 3296 1v,
884 3261 912 3289 1.
929 3275 973 3279 —
988 3254 1109 3289 3Eccli.
1128 3267 1178 3294 vx,
1199 3260 1230 3288 6.
1250 3274 1296 3278 ——
1325 3252 1340 3279 4
1353 3254 1469 3286 Matth.
1483 3266 1530 3290 m,
1551 3257 1581 3291 9,
1598 3257 1675 3285 8.-
1693 3250 1705 3273 5
1721 3251 1768 3282 id.
1788 3251 1923 3285 Vl1,24'.
1940 3267 1984 3270 --
1999 3246 2199 3283 ⁶1(1·X›¹s¹-

131 3312 145 3327 ³
160 3311 280 3356 Scripta
304 3324 388 3347 anno
416 3315 531 3348 Christi
557 3320 658 3349 1125.

134 3355 152 3381 Β
166 3366 215 3396 ΒΘ
227 3367 557 3410 Majori-Monasterio
573 3381 675 3415 prope
690 3374 836 3404 Turonos
855 3371 923 3414 lege
938 3371 1104 3414 epistolam
1120 3373 1184 3403 397
1199 3381 1207 3409 3
1232 3368 1271 3401 de
1286 3367 1459 3408 Fusuiam,
1477 3367 1618 3400 dioecesis
1644 3363 1862 3398 Laudunensis
1875 3386 1882 3402 ,
1898 3360 2061 3405 epistolam
2074 3361 2128 3390 72.
