2517 3936
82 202 181 240 1125

626 204 915 242 TRACTATUS
944 207 1010 242 DE
1040 208 1232 245 OFFICIO
1263 211 1618 250 EPISCOPORUM.

2063 226 2158 261 1120

78 282 199 328 turio,
219 278 327 329 cujus
357 278 443 316 fidei
480 279 585 317 nulla
604 293 675 330 par
702 281 859 319 inventa
882 291 939 320 est
960 283 997 319 in
1028 286 1084 320 Is-
1097 283 1203 321 ⁴⁷⁴be
1221 298 1353 335 sapere
1368 316 1377 333 ,
1396 296 1438 324 ut
1462 302 1547 326 cum
1570 303 1616 326 nc
1637 303 1754 328 uuum
1778 296 1931 344 quidem
1952 299 2151 339 verbulum

80 342 176 379 rael!
192 344 243 377 Et
262 354 327 389 ego
340 370 350 385 ,
375 339 498 389 inquit
511 368 521 385 ,
544 341 652 376 homo
681 355 763 377 sum
787 342 853 378 sub
876 352 1083 391 potestate,
1104 342 1135 376 A
1154 344 1200 381 de
1218 347 1293 382 suis
1311 347 1479 397 imperiis
1499 348 1671 387 subditos
1688 362 1824 401 praetffl.

82 401 223 438 habens
246 400 311 437 sub
337 414 395 436 me
421 403 594 437 milites¹.
616 404 701 438 Non
719 400 887 450 jactabat
916 412 1085 453 potesta-

79 469 177 507 tem,
207 473 321 510 quam
348 472 419 496 nec
446 459 566 496 solam
596 460 777 509 protulit,
805 474 875 497 nec
903 463 1083 511 priorem.

75 521 254 560 Dicturus
282 520 449 571 quippe,
469 519 607 556 habens
632 519 698 556 sub
723 534 782 556 me
807 524 960 566 milites,
985 535 1086 571 prae-

77 581 179 618 misit
194 595 202 618 2
220 584 340 617 Homo
355 594 434 617 sum
455 579 520 617 sub
533 589 732 630 potestate.
750 581 858 618 Prius
874 594 913 618 se
930 583 1087 631 agnovit

75 640 268 678 hominem
280 669 290 687 ,
303 654 417 691 quam
432 649 548 690 poten
556 649 642 677 tem.
659 640 839 691 Agnovit,
853 641 1008 690 inquam
1019 672 1029 687 ,
1043 655 1082 679 se

74 700 269 738 hominem
298 700 415 738 homo
439 700 605 750 gentilis,
626 708 669 738 ut
696 700 735 737 in
761 714 800 738 se
825 699 905 750 jam
932 701 1083 751 impleri

74 760 313 808 ostenderet,
337 760 443 811 quod
474 761 588 811 longe
623 769 710 798 ante
745 761 894 798 dixerat
921 762 1045 799 David
1073 777 1080 798 :

74 823 206 858 Sciant
228 830 358 871 gentes
388 825 565 870 quoniam
596 821 766 857 homines
797 826 920 857 Sllnt2.
943 824 1082 868 Homo,

72 881 217 931 inquit,
250 895 350 927 sum,
388 889 427 918 et
459 880 525 917 sub
554 891 753 930 potestate.
783 885 867 919 Jam
897 882 1085 933 quidquid

73 939 303 987 subinferas,
321 949 535 991 suspectam
552 954 630 978 non
647 940 832 979 habemus
842 942 1080 992 jactantiam.

73 1000 271 1039 Praemissa
299 1001 488 1051 siquidem
516 1010 574 1039 est
599 1002 813 1049 humilitas,
837 1016 886 1040 ne
921 1003 1083 1041 altitudo

1827 358 1929 403 gredi
1947 359 2154 408 patiantur.

1153 404 1224 454 ipsi
1258 407 1425 456 propriis
1464 407 1620 445 obedire
1662 420 1907 450 contemnant
1950 419 2149 469 episcopis.

1152 465 1326 514 Spoliant
1366 467 1566 514 ecclesias,
1597 477 1637 504 ut
1674 472 2018 522 emancipentur*;
2049 480 2150 515 redi-

1152 534 1263 561 munt
1293 539 1351 572 se,
1380 540 1427 563 ne
1457 526 1649 565 obediant.
1686 533 1770 566 Non
1801 531 1851 567 ita
1882 533 2061 572 Christus.
2086 539 2152 575 Ille

1152 583 1337 633 siquidem
1354 585 1458 622 dedit
1473 587 1602 633 vitam,
1623 601 1670 624 ne
1684 589 1861 638 perderet
1873 590 2127 631 obedientiam
2143 611 2150 632 :

1151 657 1226 694 qua
1246 646 1306 682 isti
1325 654 1367 682 ut
1393 655 1568 694 careant,
1588 656 1709 684 totum
1736 649 1813 685 fere
1837 663 1946 687 suum
1972 665 2153 691 suorum-

1149 718 1224 754 que
1243 705 1385 743 victum
1413 707 1651 757 expendunt.
1673 708 1773 756 Quid
1795 709 1867 746 hoc
1893 719 1949 747 est
1969 725 2152 761 praesum—

1150 765 1311 814 ptionis,
1336 779 1359 802 o
1381 767 1586 803 monachi?
1609 771 1738 817 Neque
1764 770 1864 806 enim
1893 772 1981 820 quia
2009 774 2153 822 praelati

1153 826 1368 873 monachis,
1392 826 1479 863 ideo
1511 841 1589 864 non
1624 829 1813 866 monachi.
1846 834 1989 881 Nempe
2018 845 2153 870 mona-

1152 885 1267 922 chum
1294 887 1381 923 facit
1408 887 1594 937 professio
1611 917 1620 934 ,
1650 889 1848 938 praelatum
1870 891 2084 928 necessitas.
2102 896 2154 930 Ut

1151 953 1277 982 autem
1311 960 1389 983 non
1410 946 1634 996 praejudicet
1663 948 1864 985 necessitas
1896 950 2153 999 professioni;

1150 1007 1321 1053 accedat,
1356 1021 1433 1044 non
1471 1008 1647 1044 succedat
1686 1009 1855 1058 praelatio
1895 1011 2151 1048 monachatui.

72 1062 296 1112 praecipitet.
314 1066 391 1100 Nec
407 1063 511 1099 enim
528 1063 656 1100 locum
675 1063 823 1100 invenit
842 1064 1079 1113 arrogantia,
1101 1068 1127 1102 B
1148 1067 1330 1116 Alioquin
1349 1068 1544 1118 quomodo
1564 1063 1657 1105 illud
1674 1069 1919 1119 implebitur?
1935 1072 2151 1120 Principem

72 1121 138 1159 ubi
157 1131 233 1159 tam
254 1123 398 1160 clarum
419 1123 640 1161 humilitatis
663 1124 811 1173 insigne
831 1125 1079 1174 praecesserit.

73 1182 256 1232 Agnoscis
291 1183 550 1220 infirmitatem
569 1189 598 1230 ³,
636 1184 832 1221 confiteris
871 1182 1082 1232 subjectio-

72 1256 158 1280 nem
180 1257 188 1279 :
207 1242 288 1293 jam
309 1252 347 1281 et
368 1252 403 1281 te
422 1243 494 1281 sub
515 1253 551 1281 te
572 1243 713 1281 habere
735 1245 873 1282 milites
899 1246 1082 1295 profitere

73 1316 242 1341 securus.
260 1308 410 1341 Revera
430 1304 521 1354 quia
541 1317 618 1341 non
640 1304 821 1341 confusus
843 1313 900 1342 est
918 1304 965 1341 de
991 1303 1082 1341 sub-

68 1362 258 1413 jectione,
279 1363 368 1414 jure
388 1377 434 1401 ex
460 1364 684 1415 praelatione
717 1364 857 1401 meruit
885 1363 1080 1401 honorari.

73 1427 158 1461 Non
183 1424 337 1462 erubuit
364 1438 480 1476 super
508 1439 546 1462 se
572 1433 824 1476 potestatem,
845 1433 883 1462 et
907 1425 994 1462 ideo
1022 1425 1082 1462 di-

41 1507 44 1511 ·
72 1499 169 1536 gnus
185 1486 250 1536 qui
269 1486 428 1524 haberet
442 1495 480 1524 et
500 1486 571 1524 sub
585 1500 624 1524 se
645 1487 795 1523 milites.
807 1490 862 1524 Ex
877 1485 1082 1523 abundan-

74 1546 125 1582 tia
150 1546 277 1584 cordis
308 1560 351 1584 os
373 1546 607 1597 loquebatur
630 1562 638 1584 :
660 1556 698 1584 et
719 1546 829 1596 juxta
850 1547 956 1597 quod
981 1547 1085 1584 intus

72 1606 267 1644 ordinatas
283 1607 418 1645 habuit
434 1608 674 1654 affectiones,
691 1609 783 1645 foris
797 1622 952 1658 quoque
967 1608 1086 1645 verba

73 1666 254 1704 decenter
273 1669 502 1719 composuit.
519 1669 634 1706 Dedit
651 1669 759 1719 prius
774 1669 962 1706 honorem
982 1683 1083 1720 prae-

73 1728 225 1779 positis,
246 1737 289 1765 ut
301 1727 381 1778 jam
398 1742 418 1766 a
436 1728 597 1766 subditis
612 1728 714 1778 juste
730 1730 918 1779 reciperet
935 1744 942 1766 :
962 1729 1084 1767 sciens

73 1801 112 1825 se
143 1802 165 1825 a
192 1788 456 1839 superioribus
485 1789 677 1840 accipere,
709 1790 813 1840 quod
842 1789 1085 1840 impenderet

1149 1135 1184 1162 te
1203 1133 1501 1165 constituerunt?
1520 1138 1594 1164 esto
1623 1134 1722 1165 inter
1743 1133 1829 1166 illos
1858 1140 2036 1179 tanquam
2062 1145 2154 1167 unus

1150 1201 1200 1222 ex
1233 1190 1305 1223 illis
1318 1185 1342 1224 3.
1377 1188 1581 1236 Quomodo
1612 1197 1791 1238 tanquam
1836 1203 1934 1226 unus
1971 1203 2016 1226 ex
2050 1190 2122 1227 illis
2141 1220 2150 1236 ,

1150 1259 1308 1283 manens
1326 1247 1426 1283 inter
1448 1247 1610 1284 humiles
1631 1248 1840 1297 superbus,
1859 1249 1958 1285 inter
1982 1248 2152 1286 subditos

1151 1306 1302 1343 rebellis
1318 1336 1327 1352 ,
1351 1307 1508 1344 immitis
1529 1308 1628 1344 inter
1648 1310 1894 1345 mansuetos?
1911 1313 1962 1346 111
1986 1317 2020 1345 16
2038 1318 2150 1358 pute-

1150 1380 1235 1404 mus
1256 1375 1437 1417 tanquam
1455 1381 1576 1404 unum
1596 1381 1644 1404 ex
1661 1368 1754 1414 illis,
1774 1368 1969 1405 videamus
1991 1377 2064 1405 tam
2086 1382 2156 1405 ex-

1149 1427 1281 1465 hibere
1313 1437 1512 1478 paratum,
1544 1442 1659 1478 quam
1688 1429 1837 1477 exigere
1867 1427 2120 1465 obedientiam
2147 1444 2153 1465 :

1151 1488 1350 1525 videamus
1372 1497 1447 1525 tam
1467 1488 1630 1525 libenter
1650 1489 1865 1539 praepositis
1891 1488 2155 1539 obtemperare

1152 1548 1368 1599 subjectum
1386 1580 1394 1596 ,
1417 1563 1530 1599 quam
1556 1550 1746 1600 imperare
1774 1548 1967 1599 subjectis.
1994 1549 2105 1597 Quod
2126 1550 2156 1586 si

1152 1622 1304 1659 semper
1325 1610 1381 1646 vis
1401 1608 1623 1646 obedientes
1640 1608 1801 1655 habere,
1817 1618 1853 1646 et
1878 1622 2071 1659 nunquam
2093 1622 2155 1645 es-

1153 1683 1212 1716 56;
1233 1669 1374 1720 probas
1393 1678 1428 1706 te
1449 1683 1526 1706 non
1548 1683 1627 1706 6556
1653 1678 1832 1719 tanquam
1856 1683 1974 1706 unum
1995 1683 2040 1706 ex
2064 1669 2155 1715 illis,

1152 1730 1242 1767 dum
1263 1745 1361 1768 unus
1382 1744 1462 1768 esse
1490 1730 1618 1766 renuis
1642 1742 1689 1766 ex
1718 1728 1986 1765 obedientibus
2004 1743 2010 1765 :
2030 1742 2052 1765 a
2071 1729 2157 1777 qui-

1151 1790 1223 1828 bus
1258 1791 1349 1828 dum
1388 1800 1423 1828 te
1457 1790 1717 1840 superbiendo
1753 1803 1924 1839 segregas
1946 1818 1955 1833 ,
1990 1802 2155 1839 quorum

71 1849 338 1896 inferioribus,
355 1858 393 1886 et
414 1850 503 1900 quia
523 1851 659 1887 melius
678 1851 849 1901 propriae
877 1849 1084 1900 subjectio—
1105 1853 1132 1889 C
1153 1853 1367 1902 aggregeris
1389 1852 1581 1889 consortio
1605 1859 1780 1902 patenter
1795 1849 2025 1886 advertimus
2045 1863 2053 1885 :
2071 1857 2109 1885 et
2128 1849 2157 1884 si

73 1909 132 1946 nis
150 1908 314 1947 disceret
328 1910 594 1960 experimento
612 1924 678 1947 sua
698 1911 779 1960 ipse
801 1911 994 1948 moderari
1015 1911 1084 1947 im-

73 1969 190 2020 peria.
210 1972 324 2007 Forte
344 1983 421 2006 non
445 1969 667 2020 ignorabat,
689 1969 795 2020 quod
816 1969 989 2020 subjecto
1011 1970 1083 2008 sibi

72 2029 220 2067 homini
229 2033 332 2067 Deus
352 2030 482 2067 omnia
496 2029 703 2080 subjecerit
715 2030 786 2068 sub
803 2030 966 2081 pedibus
980 2030 1082 2080 ejus3

73 2090 285 2127 offendenti
309 2103 348 2127 se
379 2091 527 2128 infensa
558 2090 789 2137 reddiderit3
817 2099 854 2128 et
884 2091 935 2138 is,
968 2105 1082 2142 quem

73 2149 255 2187 humilem
271 2150 524 2197 constituerat
539 2163 656 2201 super
670 2164 787 2201 opera
804 2165 985 2188 manuum
1003 2165 1082 2188 sua-

74 2223 178 2256 rum,
197 2209 388 2261 superbiae
407 2211 543 2248 merito
561 2220 804 2261 comparatus
819 2211 1004 2261 jumentis
1023 2212 1084 2249 in-

73 2270 320 2321 sipientibus,
352 2279 390 2308 et
419 2272 550 2309 similis
579 2271 700 2309 factus
731 2273 780 2309 sit
808 2272 894 2310 illis.
916 2276 1085 2310 Noverat

73 2338 111 2367 et
140 2330 328 2378 fortassis,
354 2331 461 2382 quod
490 2332 680 2369 humanus
715 2332 871 2382 spiritus
909 2331 1084 2370 subditus

73 2390 266 2428 conditori
285 2390 496 2441 subjectam
516 2391 589 2428 51111
607 2392 820 2442 possederit
839 2406 1012 2440 carnem,
1028 2407 1084 2430 re-

74 2448 181 2487 bellis
193 2450 375 2488 rebellem
390 2451 582 2490 invenerit
591 2467 601 2498 3
616 2452 813 2502 factusque
829 2461 1085 2503 transgressor

73 2509 164 2560 legis
184 2512 392 2562 superioris
404 2540 414 2559 ,
432 2512 574 2549 sentire
594 2512 755 2562 coeperit
771 2513 880 2549 aliam
902 2514 1022 2563 legem
1045 2514 1084 2550 in

75 2571 255 2610 membris
281 2573 376 2620 suis,
399 2581 678 2624 repugnantem
710 2574 782 2624 legi
811 2574 949 2611 mentis
981 2587 1080 2620 suae,

74 2640 112 2668 et
143 2633 401 2683 captivantem
432 2646 471 2670 se
501 2633 540 2670 in
572 2634 654 2683 lege
681 2634 841 2684 peccati.

455 2753 633 2792 CAPUT
663 2754 735 2796 IX.

75 2883 214 2916 Abbates
237 2884 489 2927 exemptionibus
514 2892 702 2929 praepostere
721 2886 879 2917 studentes
898 2892 1083 2928 arguuntur.

129 2999 191 3035 33.
215 2999 336 3036 Miror
357 3000 543 3049 quosdam
563 3000 601 3037 in
624 3009 758 3038 nostro
776 3001 922 3039 Ordine
945 3014 1085 3037 mona-

77 3059 278 3096 steriorum
320 3059 476 3097 abbates
516 3061 613 3098 hanc
658 3061 881 3098 humilitatis
913 3061 1083 3110 regulam

77 3117 214 3157 odiosa
241 3121 488 3158 contentione
515 3122 747 3173 infringere,
777 3131 814 3159 et
847 3121 917 3159 sub
951 3121 1084 3158 humili

79 3178 206 3230 (quod
225 3179 336 3231 pejus
356 3180 438 3232 est)
454 3181 589 3219 habitu
610 3191 648 3219 et
671 3191 828 3220 tonsura
848 3190 924 3219 tam
951 3194 1084 3231 super-

1153 1920 1192 1949 tu
1215 1913 1274 1949 vel
1292 1912 1538 1963 impudenter
1558 1910 1771 1948 contemnis
1787 1938 1796 1955 ,
1816 1910 1876 1946 vel
1894 1909 2158 1959 imprudenter

1151 1973 1385 2019 dissimulas,
1410 1973 1580 2023 reputari
1604 1972 1777 2023 profecto
1805 1971 1904 2007 inter
1924 1970 2008 2007 illos
2030 1978 2064 2006 te
2085 1982 2157 2005 no-

1151 2033 1250 2070 veris
1264 2063 1273 2080 ,
1294 2033 1341 2070 de
1367 2033 1507 2083 quibus
1529 2032 1714 2082 scriptum
1742 2039 1798 2067 est
1819 2045 1827 2067 :
1848 2033 2020 2079 Alligant
2045 2043 2158 2065 onem

1148 2098 1282 2144 gravia
1315 2102 1352 2130 et
1379 2092 1656 2142 importabilia,
1698 2101 1734 2127 et
1764 2095 1962 2139 imponunt
1996 2090 2157 2125 humeris

1151 2157 1341 2192 hominum
1357 2185 1368 2201 ,
1393 2157 1508 2204 digito
1532 2163 1655 2190 autem
1680 2167 1745 2188 suo
1764 2154 1892 2187 nolunt
1913 2165 1958 2187 ea
1981 2148 2157 2185 movere&

1151 2219 1325 2264 Quorum
1342 2228 1432 2264 ergo
1451 2214 1516 2250 tibi
1533 2212 1725 2262 indignius
1742 2211 1978 2248 consortium
1993 2208 2155 2258 judicas,

1151 2276 1402 2313 delicatorum
1417 2274 1696 2324 magistrorum,
1708 2284 1803 2321 quos
1811 2270 1957 2308 Veritas
1971 2269 2153 2317 increpat,

1150 2350 1198 2374 an
1215 2335 1476 2373 obedientium
1494 2332 1766 2370 monachorum
1778 2360 1787 2377 ,
1800 2343 1897 2380 quos
1912 2328 2052 2366 amicos
2065 2340 2154 2364 suos

1151 2396 1453 2433 commemorat?
1482 2394 1545 2431 Ait
1577 2391 1761 2442 siquidem
1794 2405 1801 2426 :
1835 2392 1906 2425 Vos
1934 2393 2048 2424 uttzici
2080 2392 2152 2422 mei

1152 2461 1257 2500 estis,
1278 2461 1311 2492 si
1334 2455 1503 2504 feceritis
1529 2467 1615 2501 (sace
1642 2454 1830 2500 praecipio
1863 2448 1968 2485 vobis
1982 2446 2009 2483 ⁵.
2038 2446 2150 2483 Vides

1151 2517 1266 2567 igitur
1285 2517 1396 2566 quale
1417 2523 1472 2552 est
1487 2513 1623 2563 jubere
1652 2510 1756 2561 quod
1781 2510 1860 2559 ipse
1891 2521 1968 2544 non
1993 2506 2148 2551 feceris;

1152 2587 1216 2615 aut
1237 2578 1339 2615 nolle
1361 2578 1480 2613 facere
1497 2603 1506 2620 ,
1529 2572 1633 2623 quod
1655 2570 1838 2608 docueris.

1205 2639 1266 2675 34.
1284 2636 1430 2675 Deinde
1451 2644 1492 2673 ut
1513 2644 1654 2671 taceam
1676 2630 1769 2668 illud
1789 2629 1835 2666 de
1853 2627 1996 2677 Regula
2011 2656 2021 2673 ,
2041 2625 2106 2663 11111
2128 2639 2148 2662 a

1153 2707 1283 2735 sancto
1303 2696 1507 2735 Benedicto
1528 2693 1592 2730 tibi
1616 2689 1849 2742 praecipitur,
1870 2695 1912 2724 ut
1931 2699 2015 2736 quae
2037 2684 2150 2721 doces

1153 2758 1347 2808 discipulis
1367 2769 1446 2793 esse
1468 2752 1680 2796 contraria,
1708 2751 1745 2787 in
1776 2748 1848 2785 tuis
1878 2746 1982 2783 factis
2007 2744 2149 2781 indices

1153 2831 1231 2854 non
1248 2816 1409 2866 agenda3
1428 2823 1469 2851 ut
1488 2814 1576 2850 item
1595 2809 1901 2861 praetermittam,
1919 2804 2024 2855 quod
2044 2817 2150 2854 aper·

1155 2886 1189 2913 te
1216 2876 1349 2913 definit
1379 2874 1529 2910 tertium
1557 2869 1778 2908 humilitatis
1802 2879 1882 2903 esse
1903 2863 2060 2915 gradum
2079 2893 2088 2910 ‚
2109 2871 2151 2899 ut

1114 2935 1120 2939 ’
1153 2937 1236 2986 quis
1258 2949 1328 2986 pro
1350 2935 1418 2971 Dei
1438 2945 1566 2974 amore
1587 2931 1691 2967 omni
1717 2926 1934 2965 obedientia
1953 2938 1991 2962 se
2015 2922 2152 2960 subdat

1154 2996 1290 3045 majori
1305 2994 1340 3041 53
1358 2995 1396 3030 in
1418 2993 1547 3042 regula
1571 2989 1746 3028 Veritatis
1763 2986 1914 3024 attende
1933 2983 2037 3033 quod
2057 2982 2151 3031 legi-

1153 3064 1213 3092 tur
1231 3071 1239 3093 :
1264 3058 1337 3102 Qui
1352 3056 1498 3089 solverit
1510 3081 1520 3096 ,
1542 3050 1665 3100 inquit
1679 3077 1688 3094 ,
1707 3060 1819 3083 utiam
1845 3047 1890 3081 de
1912 3045 1968 3080 lzis
1987 3046 2150 3078 minimis

1151 3120 1240 3153 meis
1260 3116 1450 3151 mandatis
1465 3121 1501 3148 et
1517 3113 1685 3147 docuerit
1702 3113 1756 3144 sic
1776 3108 1958 3148 homines,
1976 3106 2151 3138 minimus

1153 3174 1344 3214 vocabitur
1359 3179 1396 3210 ist
1416 3186 1528 3222 regno
1543 3173 1755 3207 coelorum7.
1773 3164 1938 3204 Proinde
1955 3171 1995 3198 tu
2012 3161 2152 3197 docens

129 3312 139 3327 ¹
158 3310 231 3339 Luc.
249 3319 320 3345 vn,
342 3311 374 3339 8.
389 3326 435 3331 —
451 3315 464 3331 ²
484 3309 642 3348 Psal.1x‚
666 3314 721 3342 21.
744 3329 788 3333 —
810 3308 824 3333 3
839 3309 935 3340 Eccli.
957 3319 1046 3340 xxxix
1061 3333 1068 3344 ‚
1093 3310 1120 3338 1.
1141 3323 1185 3329 ’-
1204 3303 1219 3330 ⁴5
1238 3301 1353 3336 Matth.
1379 3312 1486 3337 xxm,
1515 3301 1546 3329 4.
1563 3317 1608 3321 —-
1622 3296 1635 3318 5
1653 3299 1744 3327 Joan.
1762 3305 1821 3327 xv.
1843 3293 1894 3322 14-
1911 3307 1954 3311 —
1968 3285 1983 3308 ⁶
2000 3287 2098 3326 CaPP-
2117 3287 2148 3317 2·

83 3367 115 3396 7.
131 3373 201 3397 -7
223 3367 340 3404 Matxh.
357 3378 390 3406 v,
410 3371 464 3400 19.

1155 3369 1166 3382 ³
1185 3364 1270 3395 Alias
1282 3387 1289 3401 ,
1307 3360 1526 3411 humilitatem.
