2533 3920
360 207 432 242 1220

350 285 466 335 gessit
483 292 492 307 ¹
507 315 516 333 ,
535 286 654 336 ipsius
685 294 784 322 terra
807 284 1017 334 justissimo
1036 298 1113 335 quo
1134 284 1357 331 tenebatur,
1377 283 1391 301 ¹⁵

352 345 527 383 absoluta
546 355 602 383 est
621 345 825 383 interdicto
839 351 867 381 ³.

408 407 443 442 3.
474 409 637 456 Propter
668 404 911 454 hujusmodi,
943 406 1013 442 etsi
1042 404 1144 442 aliud
1182 417 1260 441 non
1293 405 1361 450 sit,

348 479 488 515 gravor
521 466 703 502 interesse
739 465 859 501 causis
897 479 904 501 :
943 478 1104 514 quarum
1146 466 1362 515 prcesertim

347 538 431 561 mea
459 538 536 561 non
558 525 739 561 iuteresse
760 538 963 574 cognosco.
995 527 1165 572 Gravor,
1187 525 1253 562 sed
1284 534 1363 562 tra·

347 585 431 621 hor.
453 589 501 622 At
520 598 613 621 vero
632 584 678 621 ab
703 585 773 621 hac
798 585 1020 622 necessitate
1040 599 1110 636 per
1135 599 1249 635 quem
1281 599 1363 623 mc-

347 645 420 682 lius
451 646 591 682 retrahi
618 658 729 695 posse
756 646 1010 695 speraverim,
1040 660 1154 696 quam
1186 660 1255 696 per
1273 660 1363 693 vos,

344 707 403 742 vir
424 707 595 756 optime?
619 707 679 743 cui
707 707 744 743 in
767 707 835 743 hac
867 720 928 753 re,
952 720 1021 743 nec
1042 716 1210 757 potestas
1237 707 1363 755 deest,

347 779 417 802 nec
432 766 629 813 voluntas,
646 775 688 803 ut
703 767 887 817 comperi.
906 767 1064 806 Gaudeo
1082 781 1219 818 nempe
1232 797 1240 813 ,
1259 768 1363 818 quod

346 835 385 862 et
405 835 540 863 vestrae
561 826 776 877 prudentiae
806 835 976 863 nostram
1009 828 1047 864 in
1079 827 1218 864 talibus
1250 842 1360 864 oceu-

343 887 539 936 pationem
575 887 776 937 displicere
803 889 979 937 cognovi.
997 892 1043 925 Et
1066 888 1219 938 quidem
1237 887 1365 936 justis-

345 947 439 984 sime
453 977 462 993 ,
484 956 521 984 et
538 947 774 984 amicissime.
797 952 876 997 Age
898 961 988 997 ergo
1011 948 1041 985 si
1058 949 1109 985 ita
1129 948 1264 993 vultis,
1288 949 1364 985 imo

351 1008 440 1056 quia
465 1009 517 1044 sic
547 1008 700 1044 cernitis
729 1021 772 1045 ac
799 1008 1023 1054 decernitis,
1046 1017 1084 1044 et
1103 1008 1225 1045 amico
1246 1021 1364 1058 expe—

347 1068 450 1113 dire,
483 1076 520 1103 et
551 1068 740 1104 monacho
782 1068 988 1104 convenire
1022 1082 1029 1104 :
1069 1067 1175 1114 date,
1209 1081 1362 1117 quaeso,

344 1140 500 1176 operam
515 1156 524 1173 ,
547 1135 734 1176 quatenus
750 1141 827 1164 una
841 1127 1041 1176 utriusque
1057 1128 1235 1164 voluntas
1253 1128 1362 1166 citius

343 1185 568 1236 impleatur,
604 1201 681 1236 quo
711 1196 747 1224 et
776 1187 886 1224 vobis
916 1187 1093 1224 videlicet
1124 1188 1279 1226 satisfiat
1314 1189 1361 1226 ad

340 1244 528 1295 justitiam
541 1275 550 1292 ,
569 1255 606 1283 et
622 1247 713 1283 mihi
731 1247 778 1283 ad
795 1247 955 1284 salutem
973 1247 1108 1284 animae
1126 1249 1359 1286 consulatur.

342 1307 562 1353 Iudicatur,
600 1308 630 1344 si
667 1308 812 1358 placet,
847 1308 1021 1346 clamosis
1057 1316 1095 1345 et
1127 1309 1360 1359 importunis

341 1367 443 1403 ranis
471 1367 518 1404 de
538 1369 710 1405 cavernis
730 1381 808 1405 non
830 1367 982 1418 egredi,
1007 1369 1077 1405 sed
1098 1369 1175 1406 suis
1204 1379 1360 1407 eonten-

344 1436 400 1464 tas
420 1440 500 1464 esse
526 1428 742 1477 paludibus.
761 1432 844 1466 Non
874 1428 1079 1466 audiantur
1103 1430 1141 1466 in
1165 1431 1356 1477 conciliis,

342 1487 381 1523 in
404 1488 552 1537 palatiis
580 1502 658 1524 non
679 1488 925 1526 inveniantur
951 1504 958 1526 :
986 1489 1032 1525 ad
1058 1503 1207 1537 causaS,
1225 1492 1271 1528 ad
1293 1505 1360 1528 ne-

344 1548 445 1596 gotia
466 1548 571 1585 nulla
600 1549 821 1596 necessitas,
840 1550 944 1586 nulla
974 1551 1122 1588 trahere
1148 1552 1267 1601 possit
1296 1567 1360 1590 au—

344 1607 510 1645 ctoritas.
541 1609 599 1645 Sic
632 1609 790 1645 forsitan
817 1618 944 1646 vester
968 1619 1098 1659 posset
1124 1611 1267 1649 amicus
1298 1612 1360 1649 de—

342 1667 483 1704 clinare
505 1669 818 1719 praesumptionis
834 1678 976 1706 notam.
992 1674 1084 1708 Nam
1103 1683 1242 1707 noxam
1257 1672 1360 1709 unde

341 1728 569 1765 contrahere
590 1729 801 1778 potuerim,
825 1729 961 1779 ignoro
991 1744 1103 1767 :cum
1131 1732 1245 1768 sciam
1269 1732 1360 1769 mihi

342 1789 542 1825 consilium
579 1802 659 1825 csse
699 1798 736 1825 et
771 1791 1013 1840 propositum
1031 1820 1040 1835 ,
1080 1805 1275 1842 nunquam
1314 1792 1360 1844 (si

416 208 430 215 ⁷
1126 208 1160 242 S.
1192 207 1446 242 BERNARDI
1475 208 1596 244 ΑΒΒΑ
1603 209 1676 243 TIS

2366 211 2438 248 196

1481 288 1593 323 Hroo
1625 285 1948 332 Pontiniacensis,
1981 289 2204 324 Bnnmnnus
2235 285 2282 323 de
2312 287 2442 325 Clara-

1485 345 1613 392 Valle,
1643 344 1747 395 quod
1780 345 2100 382 reverendissimo
2129 345 2310 394 domino,
2339 347 2444 397 quod

1486 404 1758 455 benignissimo
1779 406 1892 456 patri.

1485 529 1674 575 Degentes
1691 527 1729 562 in
1754 526 2016 571 monasteriis,
2043 525 2090 562 ad
2110 539 2196 575 quae
2221 539 2292 564 nos
2313 535 2443 565 nostra

1431 594 1586 634 peccata
1612 586 1904 636 compulerunt,
1931 599 2009 622 non
2033 599 2222 623 cessamus
2242 599 2353 623 orare
2371 600 2443 637 pro

1430 644 1566 693 vobis,
1602 654 1639 682 ct
1670 660 1742 696 pro
1773 647 1974 683 commissa
2005 645 2116 683 vobis
2147 646 2218 684 Dei
2246 647 2442 685 Ecclesia:

1433 706 1716 755 congaudentes
1733 716 1770 744 et
1789 720 1940 757 sponsae
1956 706 2112 744 Domini
2133 719 2249 757 super
2272 715 2346 743 tam
2366 706 2444 744 fido

1433 765 1589 804 custode
1603 796 1612 813 ,
1633 775 1669 803 et
1687 768 1819 817 sponsi
1835 766 1956 803 amico
1978 779 2094 816 super
2113 765 2244 804 labore
2264 774 2340 804 tam
2361 766 2444 803 fru-

1432 834 1578 863 ctuoso.
1602 827 1779 864 Fidenter
1798 826 1963 877 proinde
1987 835 2101 876 atque
2124 826 2287 864 fideliter
2309 835 2444 864 vestrae

1431 887 1650 923 Paternitati
1681 888 1938 937 suggerimus,
1974 900 2059 937 quae
2090 887 2130 924 in
2160 900 2279 937 regno
2310 895 2443 925 nostro

1431 945 1553 982 eidem
1586 947 1696 982 matri
1726 955 1865 984 nostrae
1897 946 2070 984 dolentes
2093 947 2287 984 cernimus
2307 946 2444 984 adver-

1431 1006 1515 1042 sari.
1542 1009 1736 1055 Quantum
1764 1007 1918 1056 quidem
1943 1021 2014 1044 nos
2039 1008 2224 1045 sentimus
2242 1009 2308 1059 qui
2326 1007 2444 1045 vicini

1383 1069 1582 1113 Bsumus,
1619 1080 1685 1103 rex
1719 1067 1939 1105 Ludovicus
1979 1081 2059 1105 non
2098 1077 2174 1105 tam
2213 1069 2440 1119 episcopos,

1429 1140 1542 1177 quam
1563 1127 1601 1164 in
1629 1127 1818 1177 episcopis
1838 1126 1995 1177 justitiae
2022 1129 2267 1178 persequitur
2294 1129 2440 1176 zelum,

1428 1187 1578 1236 pietatis
1610 1187 1752 1224 cultum
1768 1216 1777 1234 ,
1805 1186 2056 1237 habitumque
2081 1188 2208 1239 ipsum
2234 1188 2441 1238 religionis.

1427 1247 1540 1296 Quod
1566 1256 1702 1285 x'cstrae
1731 1260 1886 1297 quoque
1914 1247 2120 1298 prudentia
2147 1248 2363 1286 Sanctitatis
2382 1250 2442 1286 vel

1427 1322 1473 1345 ex
1493 1322 1538 1346 eo
1562 1309 1668 1346 facile
1686 1308 1888 1346 advertere
1909 1317 2059 1359 potest,
2082 1309 2187 1360 quod
2207 1309 2273 1360 qui
2295 1318 2382 1347 ante
2401 1310 2442 1347 in

1426 1368 1558 1406 habitu
1575 1378 1737 1419 actuque
1755 1369 1926 1406 saeculari
1943 1369 2120 1406 honorati
2138 1377 2227 1406 sunt
2242 1368 2439 1416 sublimes,

1421 1428 1585 1478 judicati
1606 1430 1754 1476 fideles,
1775 1429 1896 1466 habiti
1917 1430 2138 1477 familiares;
2160 1430 2277 1467 modo
2297 1430 2442 1468 inimici

1428 1490 1513 1527 facti
1542 1498 1654 1536 sunt,
1679 1489 1792 1539 digne
1812 1502 1881 1526 suo
1907 1489 2121 1526 sacerdotio
2149 1498 2441 1537 conversantes,

1427 1559 1463 1587 et
1483 1564 1553 1600 per
1572 1551 1699 1587 omnia
1722 1550 2019 1587 honorificantes
2039 1550 2294 1587 ministerium
2314 1563 2438 1588 suum.

1428 1612 1526 1648 Hinc
1555 1610 1734 1660 gravibus
1768 1610 2009 1647 contumeliis
2031 1618 2070 1647 et
2095 1610 2245 1660 injuriis
2271 1610 2441 1661 episcopi

1427 1670 1648 1708 Parisiensis
1686 1670 1905 1707 innocentia
1943 1670 2095 1720 pulsata
2132 1679 2211 1716 est,
2254 1670 2321 1708 sed
2359 1683 2438 1708 non

1427 1739 1632 1781 quassata;
1664 1731 1754 1781 quia
1789 1730 1978 1768 Dominus
2031 1730 2236 1781 supposuit
2281 1743 2439 1769 manum

1427 1805 1554 1837 suam,
1585 1805 1671 1828 cum
1706 1799 1873 1828 vestram
1906 1791 2100 1841 opposuit.
2133 1791 2234 1829 Hinc
2266 1799 2305 1828 et
2335 1803 2439 1828 nunc

343 1861 454 1884 causa
482 1847 668 1885 duntaxat
689 1850 809 1886 nostri
830 1850 984 1887 Ordinis
1004 1864 1083 1887 non
1110 1852 1235 1901 fuerit}
1252 1853 1356 1890 exire
1376 1854 1403 1890 C
1423 1852 1569 1890 domini
1585 1851 1700 1901 hujus
1718 1851 1948 1889 Senonensis
1962 1851 2215 1888 constantiam
2233 1859 2439 1888 concutere

343 1907 390 1944 de
411 1909 643 1945 monasterio
659 1939 668 1955 ,
688 1909 757 1945 nisi
772 1917 836 1945 aut
854 1911 1073 1959 apostolicze
1090 1910 1195 1948 Sedis
1211 1912 1354 1961 legato,

342 1976 407 2004 aut
440 1977 542 2005 certe
581 1969 741 2019 proprio
769 1978 932 2006 vocante
967 1971 1150 2021 episcopo
1181 1987 1188 2009 :
1218 1973 1356 2021 quibus

341 2036 482 2064 nostrae
503 2028 727 2073 humilitati,
755 2029 852 2065 sicut
873 2030 1016 2079 optime
1033 2032 1173 2075 nostis,
1202 2041 1358 2070 contra-

341 2087 468 2124 dicere
492 2089 651 2125 omnino
673 2089 725 2125 fas
746 2102 823 2126 non
847 2098 921 2136 est,
941 2091 1012 2127 nisi
1035 2105 1081 2127 ex
1112 2106 1356 2144 quocumque

342 2149 552 2198 superioris
584 2150 820 2186 auctoritatis
847 2151 1060 2201 privilegio.
1083 2153 1195 2201 Quod
1223 2155 1356 2204 utique

341 2209 369 2245 si
407 2222 576 2258 unquam
614 2223 683 2259 per
724 2223 877 2246 manum
916 2219 1104 2257 vestram,
1140 2221 1182 2249 ut
1217 2227 1353 2264 spero,

341 2269 432 2304 mihi
463 2269 500 2305 in
534 2282 669 2306 manus
700 2271 867 2316 venerit,
897 2279 986 2307 tunc
1011 2272 1145 2322 procul
1174 2272 1293 2311 dubio
1319 2283 1356 2311 et

340 2342 417 2378 pax
435 2329 546 2375 mihi,
567 2338 604 2366 ct
620 2343 696 2379 pax
713 2331 784 2367 crit
805 2331 851 2367 de
873 2344 944 2368 me.
962 2335 1048 2368 Non
1069 2340 1194 2369 tamen
1211 2334 1354 2372 idcirco

340 2389 453 2425 etiam
485 2403 544 2425 me
565 2391 705 2426 latente
732 2399 769 2427 et
791 2399 938 2428 tacente
963 2406 1108 2430 cessare
1135 2403 1229 2444 puto
1253 2409 1355 2432 mur-

338 2461 424 2485 mur
450 2450 716 2496 ecclesiarum,
747 2451 776 2487 si
800 2464 878 2487 non
908 2461 1027 2489 cesset
1047 2457 1221 2491 Romana
1249 2456 1354 2493 curia

338 2522 410 2558 pro
441 2511 639 2547 voluntate
661 2511 915 2549 assistentium
945 2514 1068 2551 facere
1086 2514 1351 2564 prfejudieium

338 2568 375 2604 in
397 2568 582 2607 absentes.
608 2571 751 2608 Valete.

347 2706 1351 2722 ιιιιιιιιιιιιιιιιιιιιιιιιιιιιιιιιιιιιιιιιιιιιιιιιιιιιιιιιιιιιιιιιιιιι

522 2828 896 2886 EPISTOLA
939 2822 1176 2889 XLIX.¹'

364 2990 410 3010 ΑΙ)
441 2990 620 3012 Ι)ΟῚΙΙΧ[Τ)Ῑ
653 2992 763 3013 mmai
794 2992 1021 3026 innoc-11:51,
1054 2995 1123 3018 PRO
1154 2997 1320 3023 HENRICO

575 3049 779 3075 SEXUM-*381
811 3053 1114 3078 amtulssmscoro.

334 3174 492 3207 Summo
520 3172 694 3210 Pontifici
728 3178 930 3223 Houortm,
958 3177 1082 3225 servi,
1109 3188 1145 3215 et
1167 3180 1179 3230 χ’
1192 3181 1221 3218 si
1244 3182 1346 3233 digni

383 3229 629 3282 judicamur)
659 3233 723 3270 filii
745 3263 754 3280 ,
795 3238 1010 3274 Sumam-s
1049 3239 1307 3281 cisterciensis
1334 3275 1343 3291 ,

377 3352 595 3392 1Isai.xxv1,
620 3358 671 3386 10.

1226 3368 1237 3381 ‘¹
1254 3368 1335 3400 Vide
1350 3380 1441 3412 supra
1462 3370 1608 3412 epistolas
1624 3373 1665 3401 46
1683 3393 1690 3407 ,
1715 3372 1771 3400 47.
1788 3387 1800 3392 -

1423 1922 1459 1950 et
1478 1912 1705 1950 labefactare
1726 1920 1888 1949 conatur
1909 1927 1917 1949 :
1938 1920 1981 1948 ut
2001 1911 2300 1962 metropolitano
2318 1910 2440 1963 (quod

1423 1972 1540 2024 absit)
1559 1973 1728 2022 dejecto,
1752 1972 1882 2017 facile,
1904 1980 2022 2022 prout
2041 1971 2227 2018 voluerit,
2246 1980 2439 2022 grassetur
2475 2014 2477 2016 ,

1423 2033 1461 2069 in
1497 2034 1767 2083 suffraganeos.
1805 2036 2005 2070 Postremo
2041 2032 2127 2082 quis
2165 2030 2326 2082 ambigit
2358 2045 2438 2069 non

1423 2094 1526 2130 aliud
1553 2107 1640 2130 eum
1664 2107 1778 2143 quam
1806 2105 2032 2143 oppugnare
2053 2092 2300 2143 religionem,
2321 2106 2436 2143 quam

1422 2154 1603 2190 nimirum
1636 2162 1767 2204 aperte
1796 2153 1855 2190 sui
1885 2153 1993 2203 regni
2013 2152 2336 2200 destructionem,
2358 2166 2436 2191 suae

1422 2228 1575 2252 coronae
1598 2215 1824 2265 pronuntiat
1843 2214 2064 2251 inimicam?
2083 2217 2131 2252 Et
2147 2214 2243 2251 alter
2263 2214 2437 2252 Herodes

1422 2275 1613 2313 Christum
1640 2289 1719 2312 non
1741 2274 1821 2324 jam
1853 2275 1892 2312 in
1921 2274 2120 2312 cunabulis
2149 2273 2267 2312 habet
2298 2288 2435 2326 suspe—

1422 2344 1547 2381 ctum,
1581 2335 1647 2373 sed
1677 2336 1715 2372 in
1745 2335 1911 2372 ecclesiis
1945 2334 2093 2372 invidet
2114 2335 2336 2372 exaltatum.
2357 2339 2436 2373 Nec

1421 2396 1523 2434 aliud
1551 2409 1640 2433 sane
1669 2395 1861 2432 credimus
1887 2408 1974 2432 eum
2006 2394 2147 2432 habere
2167 2395 2350 2433 adversus
2370 2409 2435 2432 ar-

1421 2457 1705 2507 chiepiscopum
1718 2485 1727 2503 ,
1746 2456 1816 2492 nisi
1834 2455 1939 2505 quod
1959 2455 2136 2506 spiritum
2157 2455 2197 2492 in
2212 2455 2298 2506 ipso
2311 2485 2321 2503 ,
2339 2456 2436 2494 sieut

1419 2517 1458 2553 in
1488 2518 1658 2562 caeteris,
1694 2516 1843 2553 laborat
1874 2517 2115 2566 exstinguere
2128 2516 2159 2552 *.
2188 2517 2364 2567 Denique
2400 2517 2434 2555 si

1420 2577 1548 2613 fallere
1567 2576 1613 2612 de
1636 2577 1693 2613 his
1714 2589 1798 2626 quae
1821 2585 2057 2623 attestamur,
2079 2576 2206 2614 fallive
2225 2585 2431 2627 putamur3

1370 2641 1403 2675 D
1420 2645 1555 2674 vestrae
1579 2633 1687 2673 citius
1712 2637 1880 2674 inveniet
1902 2637 2193 2674 examinationis
2215 2637 2400 2675 discussio
2421 2653 2431 2675 :

1419 2698 1449 2734 si
1468 2706 1593 2733 tamen
1612 2697 1737 2748 (quod
1755 2706 1793 2734 et
1813 2698 2060 2736 vehementer
2078 2706 2275 2749 optamus,
2292 2706 2330 2735 et
2346 2711 2434 2749 sup-

1419 2758 1568 2808 pliciter
1595 2757 1772 2809 oramus)
1804 2758 1851 2795 (le
1882 2759 1990 2796 vultu
2025 2767 2113 2805 tuo,
2136 2762 2248 2797 Pater
2278 2759 2433 2796 sanctis-

1419 2818 1530 2865 sime,
1550 2817 1735 2867 judicium
1759 2819 1945 2869 prodeat,
1969 2819 2016 2857 de
2036 2833 2114 2870 quo
2134 2819 2308 2870 profecto
2335 2833 2432 2857 con-

1419 2879 1593 2925 fidimus,
1612 2879 1716 2929 quod
1738 2879 1928 2917 custodias
1946 2879 2226 2927 innocentiam,
2244 2887 2282 2916 et
2301 2879 2431 2917 videas

1416 2940 1645 2989 aequitatem.
1677 2941 1859 2991 Alioquin
1895 2941 2026 2978 reduci
2060 2953 2211 2978 causam
2247 2940 2288 2976 in
2314 2940 2428 2990 Regis

1415 3000 1616 3050 praesentia
1642 3009 1754 3050 atque
1780 3001 1975 3052 potentia,
2003 3014 2080 3038 non
2112 3001 2226 3051 plane
2249 3008 2306 3037 est
2325 2999 2428 3037 aliud

1415 3074 1528 3109 quam
1557 3060 1675 3106 tradi,
1703 3061 1796 3097 lieu!
1826 3061 2018 3098 hominem
2047 3061 2085 3098 in
2113 3061 2278 3098 animam
2297 3059 2427 3097 inimi-

1417 3133 1549 3155 eorum
1572 3132 1665 3168 ejus.

1846 3362 1862 3386 ¹³
1877 3369 1997 3412 Scripta
2010 3379 2092 3401 anno
2109 3367 2227 3401 Christi
2249 3371 2258 3399 1
2275 3371 2351 3400 128.

2518 2719 2527 2729 ⁶
2520 2650 2530 2676 >a
2523 2591 2531 2625 ο-
2519 2512 2533 2579 ζ..-
2522 2396 2533 2500 ..Α-μμ-
2526 2344 2533 2386 -Α-
2530 2295 2533 2309 -
2531 2240 2533 2256 -

2513 2998 2523 3037 l
