2565 3952
78 177 150 214 109

74 253 225 304 recepi;
248 252 279 290 si
311 250 490 288 videlicet
526 249 600 286 tale
636 247 782 298 aliquid
815 248 854 284 in
886 259 953 284 eos
992 244 1091 282 deli-

74 315 201 367 quisse
227 313 356 364 potui‚
389 311 501 362 quale
524 324 628 347 nunc
656 308 703 347 ab
726 309 780 346 eis
801 307 954 358 pertuli.
975 311 1093 353 Nam,

74 384 118 413 ut
138 387 270 412 verum
299 374 430 419 fatear,
461 385 538 408 non
564 384 607 408 os
635 369 682 407 de
709 368 859 406 ossibus
887 368 1003 414 meis,
1033 368 1093 404 vel

76 448 229 474 carnem
258 433 305 471 de
333 446 448 470 carne
478 445 584 478 mea3
602 430 668 468 sed
697 431 867 467 tulerunt
888 429 980 466 mihi
999 442 1095 479 gau-

77 496 182 533 dium
203 494 330 531 cordis
350 493 448 539 mei,
477 493 644 530 fructum
671 491 828 541 spiritus
855 491 952 536 mei,
981 503 1095 527 coro-

76 569 164 594 nam
191 555 272 606 spei
301 567 418 600 meae,
439 562 477 591 et
498 552 626 604 (velut
651 552 744 588 1111111
774 552 915 589 sentire.
943 550 1095 602 videor)

77 616 213 654 animae
241 627 335 651 meae
361 613 577 650 dimidium.
605 611 753 663 thuid
780 611 881 649 hoc?
903 611 1001 648 forte
1024 610 1096 648 mi-

77 676 169 715 serti
201 682 292 713 sunt
325 673 379 711 tui
405 687 413 711 :
440 681 478 710 et
498 686 599 710 caeeo
627 686 770 709 caecum
803 672 960 709 ducenti
992 670 1094 708 indi-

76 744 257 788 gnantes,
278 748 327 772 ne
350 734 496 785 perires
516 742 604 784 post
621 747 703 779 me,
724 733 764 770 in
785 746 899 770 suum
919 740 955 769 te
977 741 1096 769 trans—

78 798 199 835 tulere
232 796 428 833 ducatum.
475 799 506 834 O
534 796 695 832 molesta
726 795 918 831 charitas!
947 807 971 830 o
1000 792 1096 830 dura

77 856 340 895 necessitudo!
375 860 541 894 Tantum
576 864 680 892 tuam
714 854 883 892 dilexere
913 855 1095 902 salutem,

77 927 121 956 ut
145 918 183 955 in
214 931 339 955 meam
368 917 639 968 impingerent.
670 916 749 953 Nisi
780 929 840 953 me
868 924 1094 966 perempto,

79 987 120 1016 tu
147 977 283 1015 salvari
312 991 391 1014 non
412 979 590 1028 poteras?
610 980 659 1014 Et
682 976 829 1013 utinam
848 977 921 1028 ipsi
950 985 985 1013 te
1010 976 1099 1013 abs-

77 1052 153 1089 que
173 1051 234 1075 me
259 1038 418 1075 salvent.
449 1038 605 1076 Utinam
631 1045 669 1074 et
700 1038 730 1075 si
761 1051 831 1088 ego
859 1037 1015 1084 moriar,
1037 1037 1098 1074 vel

993 169 1258 204 EPISTOLAE.

2105 176 2179 212 110

1160 245 1355 295 Siquidem
1393 246 1516 282 otium
1560 246 1662 297 parit
1700 247 1916 294 fastidium,
1955 252 2177 289 exercitium

1112 303 1141 337 Α
1163 307 1327 354 famem;
1349 307 1467 345 fames
1498 315 1626 344 autem
1658 307 1757 344 miro
1790 308 1907 345 modo
1934 309 2058 347 dulcia
2090 313 2179 349 red-

1163 369 1238 414 dit,
1260 381 1346 418 quae
1378 368 1573 405 fastidium
1608 369 1698 405 facit
1728 369 1905 420 insipida.
1938 371 2053 417 Olus,
2075 372 2180 419 faba,

1162 429 1308 479 pultes,
1325 430 1512 480 panisque
1534 428 1729 466 cibarius*
1745 443 1832 467 cum
1853 444 1968 480 aqua,
1987 432 2183 481 quiescen-

1164 489 1189 525 ti
1217 489 1374 538 quidem
1404 489 1555 526 fastidio
1582 498 1691 535 sunt,
1710 489 1777 527 sed
1806 491 2014 528 exercitato
2036 505 2183 542 magnae

1162 550 1346 588 videntur
1361 550 1529 599 [deliciae.
1552 554 1636 588 Jam
1667 551 1767 588 forte
1800 551 1938 589 tunicis
1966 552 2181 590 dissuetus*

1163 612 1350 649 exhorres
1373 611 1535 648 nimium
1557 624 1641 657 eas,
1673 619 1750 648 tam
1772 621 1935 663 propter
1954 613 2091 650 hiemis
2111 615 2182 651 fri-

1163 686 1233 724 gus
1246 701 1256 719 ,
1277 686 1393 723 quam
1414 681 1577 723 propter
1597 673 1737 711 aestatis
1757 672 1936 710 ardorem
1954 689 1961 711 :
1984 674 2050 710 sed
2072 688 2185 711 num-

1165 733 1259 784 quid
1286 733 1432 784 legisti,
1466 734 1544 779 Qui
1561 737 1665 769 timet
1682 738 1891 782 pruinam,
1916 739 2044 771 veniet
2074 750 2187 786 super

1165 809 1249 832 eum
1278 796 1400 831 niff?
1428 794 1584 844 vigilias
1606 794 1716 831 times
1743 802 1780 831 et
1796 793 1961 844 jejunia,
1983 809 2185 835 manuum-

1164 871 1239 907 que
1277 855 1474 903 laborem3
1511 855 1578 893 sed
1611 855 1692 893 haec
1725 856 1825 894 levia
1858 865 1949 894 sunt
1985 858 2188 897 meditanti

1165 918 1338 955 flammas
1357 926 1577 968 perpetuas.
1598 916 1831 955 Recordatio
1852 917 1991 956 deinde
2013 919 2186 957 tenebra-

1167 992 1253 1015 rum
1274 978 1511 1015 exteriorum
1534 977 1622 1014 facit
1640 991 1721 1014 non
1741 977 1900 1015 horrere
1923 979 2185 1018 solitudinem.

1166 1039 1205 1078 Si
1226 1039 1395 1076 futuram
1423 1039 1568 1088 cogitas
1593 1038 1640 1075 de
1667 1037 1797 1076 verbis
1825 1039 1960 1077 otiosis
1987 1040 2189 1078 discussio-

79 1109 121 1137 tu
144 1100 264 1137 vivas.
285 1099 360 1138 Sed
388 1099 511 1150 quid?
539 1100 646 1137 Salus
671 1112 762 1149 ergo
790 1099 908 1149 magis
929 1099 969 1135 in
992 1098 1098 1135 cultu
1118 1102 1147 1136 B
1167 1115 1256 1138 nem
1271 1102 1298 1148 3,
1325 1115 1405 1138 non
1432 1100 1545 1138 valde
1575 1100 1794 1151 displicebit
1823 1102 2028 1139 silentium.
2060 1103 2190 1141 Fletus

79 1161 267 1208 vestium,
296 1170 335 1199 et
361 1161 539 1199 ciborum
571 1169 628 1199 est
658 1161 879 1211 opulentia,
915 1174 1031 1210 quam
1060 1160 1099 1197 in

78 1222 212 1260 sobrio
240 1224 345 1260 victu
373 1224 592 1273 vestituque
622 1222 852 1260 moderato?
881 1222 918 1260 Si
939 1222 1098 1272 pellieiae

78 1283 184 1321 lenes
212 1292 251 1320 et
271 1283 421 1331 calidae,
441 1284 472 1320 si
493 1282 608 1333 panni
634 1282 792 1320 subtiles
812 1291 850 1319 et
870 1283 1047 1333 pretiosi,
1070 1283 1100 1320 si

78 1341 203 1392 longae
230 1342 390 1379 manicae
419 1351 458 1380 et
477 1342 649 1392 amplum
679 1342 899 1391 caputium,
923 1342 954 1378 si
981 1355 1101 1392 oper-

80 1404 222 1440 torium
242 1404 416 1441 silvestre
435 1412 474 1441 et
493 1403 610 1440 molle
631 1402 903 1450 stamineum*,
926 1412 1101 1441 sanctum

81 1465 244 1513 faciunt3
265 1465 359 1516 quid
388 1478 524 1502 moror
551 1473 590 1503 et
621 1478 692 1514 ego
724 1463 831 1514 quod
857 1472 894 1501 te
925 1477 1004 1501 non
1038 1478 1100 1502 se-

81 1528 204 1577 quor?
235 1526 309 1565 Sed
345 1526 427 1563 11366
460 1526 741 1563 infirmantium
780 1534 872 1562 sunt
907 1526 1101 1574 fomenta,

82 1600 161 1624 non
193 1601 300 1624 arma
329 1587 600 1638 pugnantium.
621 1590 719 1624 Ecce
744 1587 849 1624 enim
881 1587 948 1637 qui
976 1588 1104 1625 molli—

82 1646 153 1686 bus
177 1649 409 1695 vestiuntur,
430 1649 470 1685 in
498 1647 678 1686 domibus
702 1662 835 1699 regum
869 1657 958 1687 sunt
979 1656 1006 1686 ¹.
1036 1649 1104 1687 Vi-

81 1722 176 1746 num
216 1718 255 1747 et
291 1709 433 1757 simila,
473 1709 641 1747 mulsum
676 1717 715 1747 et
754 1710 915 1760 pinguia
948 1710 1105 1762 corpori

81 1770 264 1818 militant,
286 1784 365 1808 non
394 1770 559 1821 spiritui.
585 1771 757 1808 Frixuris
791 1784 869 1808 non
897 1772 1023 1809 anima
1045 1785 1105 1809 sa-

82 1831 248 1881 ginatur,
278 1832 346 1870 sed
380 1845 482 1870 caro.
517 1832 630 1870 Multi
665 1832 704 1869 in
739 1836 909 1883 AEgypto
944 1833 1103 1880 fratres,

1167 1171 1332 1200 aeternus
1369 1171 1407 1199 et
1434 1161 1579 1199 stridor
1612 1162 1674 1199 ille
1710 1161 1902 1208 dentium,
1937 1171 2025 1200 ante
2062 1164 2189 1202 cordis

1168 1224 1302 1261 oculos
1332 1223 1536 1269 reductus,
1563 1236 1674 1273 pares
1706 1222 1775 1260 tibi
1803 1223 1939 1260 reddet
1969 1232 2123 1261 mattam
2153 1234 2192 1262 et

1167 1285 1380 1322 culcitram.
1415 1283 1593 1333 Denique
1623 1284 1653 1320 si
1686 1292 1809 1320 totum
1842 1283 1890 1321 de
1926 1292 2059 1331 nocte,
2085 1286 2191 1335 quod

1167 1345 1315 1394 Regula
1346 1343 1563 1394 praecipiffl,
1600 1342 1700 1380 bene
1730 1343 1777 1380 ad
1806 1345 1976 1393 psalmos
2010 1345 2194 1395 vigilave-

1169 1406 1241 1453 ris;
1265 1405 1378 1442 nimis
1400 1405 1520 1441 durus
1543 1404 1616 1441 erit
1635 1404 1776 1450 lectus,
1798 1404 1836 1440 in
1864 1418 1943 1455 (1110
1964 1406 2093 1455 quiete
2115 1420 2195 1444 non

1170 1467 1353 1505 dormias.
1389 1465 1427 1504 Si
1459 1472 1609 1502 tantum
1639 1464 1678 1501 111
1712 1464 1791 1510 die,
1819 1473 2008 1515 quantum
2041 1468 2195 1516 profes-

1170 1542 1234 1567 sus
1266 1541 1323 1573 es,
1345 1525 1524 1564 manibus
1553 1524 1812 1572 laboraveri53
1836 1525 1956 1564 durus
1987 1527 2060 1564 erit
2088 1528 2196 1567 cibus

1170 1601 1286 1639 quem
1313 1586 1480 1623 libenter
1504 1597 1583 1622 non
1621 1584 1812 1622 comedas.

1228 1650 1289 1687 13.
1324 1651 1465 1698 Surge,
1503 1646 1612 1683 miles
1642 1645 1802 1691 Christi,
1846 1659 1980 1696 surge,
2015 1658 2196 1688 excutere

1173 1709 1220 1747 de
1249 1710 1431 1761 pulvere,
1454 1715 1649 1745 revertere
1678 1706 1727 1744 ad
1758 1708 1932 1757 praelium
1967 1709 2068 1747 unde
2097 1711 2197 1761 fugi—

1172 1770 1239 1817 sti,
1262 1770 1399 1807 fortius
1429 1777 1518 1819 post
1547 1768 1674 1818 fugam
1703 1768 1968 1819 praeliaturus,
1994 1771 2196 1820 gloriosius

1174 1831 1496 1882 triumphaturus.
1519 1828 1645 1867 Habet
1673 1829 1829 1879 quidem
1859 1830 2030 1867 Christus
2056 1834 2199 1871 multos

83 1893 206 1929 multo
230 1901 406 1943 tempore
434 1896 516 1930 Deo
548 1893 630 1930 sine
653 1892 824 1944 piscibus
847 1894 1063 1931 servierunt
1076 1894 1105 1932 *.
1129 1899 1155 1935 C
1174 1893 1314 1930 milites
1343 1892 1411 1942 qui
1440 1890 1645 1928 fortissime
1666 1899 1887 1941 coeperunt,
1912 1899 2119 1939 steterunt,
2139 1895 2199 1930 vi—

82 1953 211 2004 Piper,
231 1953 420 2004 gingiber,
444 1954 661 2001 cuminum,
683 1955 824 2003 salvia,
846 1963 884 1992 et
912 1955 1016 1992 mille
1035 1955 1106 1992 1111-

78 2013 253 2063 jusmodi
282 2014 430 2065 species
458 2016 777 2052 salsamentorum
794 2045 803 2063 ‚
822 2016 994 2067 palatum
1019 2017 1107 2067 qui—

83 2073 172 2110 dem
194 2073 406 2121 delectant,
427 2074 492 2110 sed
521 2073 719 2111 libidinem
747 2075 975 2112 accendunt.
997 2079 1045 2113 Et
1067 2083 1105 2112 tu

84 2134 175 2172 mihi
207 2134 244 2171 in
270 2135 328 2171 his
354 2135 597 2171 securitatem
622 2137 765 2185 pones?
793 2144 834 2172 tu
855 2150 941 2173 cum
969 2136 1106 2186 hujus-

84 2195 191 2232 modi
225 2204 347 2232 tutam
384 2195 501 2232 duces
533 2195 854 2233 adolescentiam?
889 2197 1107 2235 Prudenter

85 2255 290 2307 sobrieque
317 2257 561 2294 conversanti
590 2256 679 2293 satis
709 2265 766 2293 est
795 2257 843 2294 ad
872 2272 988 2295 omne
1009 2272 1105 2296 con-

86 2316 299 2354 dimentum
337 2318 391 2354 sal
421 2330 508 2354 cum
541 2317 660 2364 fame3
695 2332 771 2368 qua
806 2319 888 2356 sola
922 2333 1000 2356 non
1035 2334 1106 2357 ex—

85 2386 274 2428 spectata,
293 2391 448 2415 necesse
468 2386 526 2415 est
542 2378 633 2416 alias
653 2388 769 2429 atque
789 2380 880 2417 alias
901 2380 948 2417 de
975 2381 1105 2418 neseio

86 2439 227 2489 quibus
260 2439 382 2476 succis
412 2440 605 2477 extraneis
635 2442 772 2477 confici
804 2442 1105 2492 permixtiones,

86 2513 171 2550 quae
195 2499 374 2537 videlicet
402 2501 572 2551 palatum
597 2511 798 2553 reparent,
818 2503 945 2553 gulam
964 2517 1107 2554 provo-

87 2569 192 2608 cent,
228 2562 398 2599 excitent
427 2562 656 2613 appetitum.

145 2622 204 2659 12.
240 2622 315 2661 Sed
344 2623 438 2673 quid
466 2623 598 2670 faciet,
625 2623 770 2673 inquis,
795 2624 861 2674 (1111
892 2624 997 2662 aliud
1026 2639 1106 2663 non

1174 1961 1340 1991 cerunt:
1364 1965 1510 2003 paucos
1544 1959 1671 1987 autem
1705 1950 1771 2000 qui
1806 1950 1852 1987 de
1882 1951 1967 2000 fuga
2000 1955 2196 2000 conversi,

1174 2028 1308 2052 rursus
1341 2027 1380 2051 se
1413 2012 1588 2064 periculo
1623 2011 1854 2061 ingesserint
1889 2011 1996 2061 quod
2031 2013 2199 2051 declina—

1173 2083 1329 2122 verant3
1354 2086 1486 2112 rursus
1513 2072 1682 2122 fugarint
1710 2071 1839 2108 hostes
1863 2085 1961 2121 quos
1988 2073 2198 2123 fugiebant.

1174 2138 1222 2173 Et
1245 2136 1336 2186 quia
1357 2148 1471 2172 omne
1496 2147 1626 2171 rarum
1655 2133 1895 2183 pretiosum3
1923 2134 2072 2183 gaudeo
2094 2144 2129 2173 te
2152 2137 2199 2173 de

1174 2197 1248 2234 illis
1269 2210 1380 2247 posse
1401 2209 1504 2242 esse,
1527 2195 1593 2244 qui
1612 2203 1758 2244 quanto
1781 2195 1946 2232 rariores
1962 2224 1971 2241 ,
1997 2204 2103 2233 tanto
2124 2211 2195 2247 ap-

1174 2258 1368 2310 parebunt
1396 2257 1654 2309 gloriosiores.
1683 2256 1786 2293 Alias
1816 2265 1942 2293 autem
1971 2258 2002 2294 si
2031 2259 2194 2296 multum

1174 2319 1331 2356 timidus
1363 2332 1427 2365 es,
1448 2331 1517 2354 cur
1545 2317 1606 2354 vel
1637 2317 1747 2353 times
1774 2316 1843 2354 ubi
1872 2330 1950 2354 non
1983 2326 2040 2355 est
2065 2319 2194 2367 timor,

1174 2394 1254 2418 non
1279 2388 1406 2417 autem
1429 2380 1538 2415 times
1560 2376 1625 2415 ubi
1653 2378 1770 2427 magis
1791 2386 1847 2414 est
1874 2378 2115 2416 timendum?
2135 2384 2196 2417 An

1174 2441 1263 2492 quia
1290 2440 1417 2490 fugisti
1445 2453 1492 2476 ex
1525 2440 1624 2485 acie,
1646 2447 1760 2488 putas
1792 2447 1829 2475 te
1859 2452 1994 2476 manus
2025 2440 2195 2478 11051111111

1172 2503 1363 2539 evasisse?
1379 2499 1578 2538 Libentius
1597 2507 1632 2535 te
1650 2499 1867 2548 insequitur
1881 2499 2123 2538 adversarius
2139 2502 2197 2538 fu-

1173 2563 1339 2613 gientem
1355 2591 1364 2607 ,
1392 2575 1507 2611 quam
1537 2559 1722 2597 sustineat
1743 2568 2045 2609 repugnante1n;
2068 2570 2106 2598 et
2126 2575 2197 2599 au-

1174 2625 1304 2662 dacius
1325 2623 1464 2660 insistit
1485 2635 1505 2658 a
1527 2630 1633 2670 tergo
1647 2650 1656 2667 ,
1678 2633 1792 2670 quam
1817 2621 1967 2657 resistat
1986 2622 2025 2658 in
2049 2623 2194 2660 faciem.

88 2685 370 2734 potest?Bene.
400 2685 486 2722 Scio
518 2685 609 2735 quia
636 2685 821 2722 delicatus
841 2698 902 2733 es,
930 2694 967 2723 et
999 2686 1106 2736 quod
1125 2695 1157 2729 D
1177 2689 1342 2723 Securus
1371 2696 1475 2719 nunc
1505 2680 1688 2732 projectis
1717 2680 1832 2717 armis
1854 2680 1958 2731 capis
1987 2683 2198 2721 matutinos

89 2743 147 2780 his
181 2752 353 2782 assuetus
386 2744 526 2792 modo,
562 2745 719 2783 duriora
754 2759 833 2783 non
869 2747 1004 2797 possis.
1035 2747 1107 2785 Sed

90 2804 204 2854 quid,
227 2805 259 2842 si
287 2814 398 2856 potes
427 2806 552 2844 facere
583 2815 627 2843 ut
658 2807 808 2858 possis?
834 2808 984 2856 Quaeris
1016 2822 1109 2858 quo-

91 2864 231 2902 modo?
253 2869 391 2916 Surge,
420 2867 676 2917 praecingere,
699 2868 790 2905 tolle
824 2869 967 2915 otium,
997 2882 1111 2906 exere

90 2924 213 2972 vires,
244 2939 357 2964 move
392 2926 570 2974 brachia,
601 2928 816 2978 complosas
845 2929 995 2979 explica
1028 2942 1111 2965 ma—

93 2998 182 3033 nus,
203 2987 412 3024 exercitare
431 2988 471 3025 in
492 2988 645 3038 aliquo;
667 2997 706 3025 et
725 2990 850 3026 statim
871 2990 1012 3027 senties
1033 2990 1112 3027 sola

94 3053 131 3083 te
152 3055 333 3097 appetere
355 3062 441 3099 qnae
462 3049 601 3086 famem
623 3049 779 3096 tollant,
802 3063 881 3087 non
904 3050 1030 3088 fauces
1050 3050 1113 3087 de-

94 3106 299 3145 mulceant.
328 3109 481 3147 Reddet
506 3110 651 3160 quippe
680 3123 837 3160 sapores
865 3110 980 3148 rebus
1001 3124 1114 3147 exer-

94 3165 242 3215 citium,
269 3181 368 3218 quos
398 3169 486 3206 tulit
511 3170 661 3206 inertia.
694 3171 816 3207 Multa
852 3184 938 3220 quae
968 3172 1116 3221 respuis

95 3226 259 3275 otiosus,
295 3237 385 3280 post
413 3230 588 3268 laborem
620 3244 748 3269 sumes
789 3245 878 3268 cum
909 3231 1114 3270 desiderio.

1176 2758 1353 2791 somnOS,
1379 2758 1466 2781 611111
1499 2743 1562 2780 1113
1593 2742 1688 2779 hora
1715 2742 1886 2779 Christus
1914 2745 2168 2781 resurrexerit
2190 2760 2198 2782 :

1178 2815 1215 2844 et
1245 2807 1401 2856 ignoras
1429 2803 1536 2855 quod
1560 2812 1802 2849 exarmatus,
1824 2811 1863 2840 et
1887 2811 1924 2839 tu
1952 2804 2134 2851 timidior,
2163 2815 2201 2843 et

1178 2866 1353 2905 hostibus
1376 2866 1503 2902 minus
1524 2864 1717 2901 timendus
1739 2864 1815 2901 sis?
1835 2867 2083 2902 Armatorum
2103 2867 2201 2903 111111-

1179 2927 1305 2966 titudo
1338 2926 1727 2964 circumvallaverunt
1755 2925 1936 2972 domum,
1968 2934 2006 2963 et
2038 2934 2076 2962 tu
2108 2927 2201 2964 dor-

1180 2989 1277 3026 mis?
1309 2992 1395 3026 Jam
1428 2986 1641 3024 ascendunt
1673 2999 1872 3036 aggerem,
1900 2985 1978 3036 jam
2016 2986 2203 3037 dissipant

1181 3062 1310 3101 sepem
1323 3077 1332 3094 ,
1356 3048 1432 3097 jam
1455 3049 1610 3085 irruunt
1629 3062 1700 3098 per
1719 3048 1922 3098 posticum.
1942 3048 2125 3085 Tutiusne
2147 3057 2203 3085 est

1182 3124 1273 3161 ergo
1304 3110 1372 3147 tibi
1406 3118 1448 3146 ut
1483 3118 1519 3146 te
1554 3109 1754 3146 inveniant
1788 3109 1932 3155 solum,
1970 3123 2082 3158 quam
2114 3123 2200 3146 eum

1183 3172 1288 3218 aliis;
1327 3170 1475 3208 nudum
1512 3170 1552 3207 in
1588 3171 1749 3217 lectulo,
1774 3183 1889 3220 quam
1933 3179 2121 3207 armatum
2161 3171 2199 3206 in

1184 3233 1346 3283 eampo?
1373 3231 1670 3282 Expergiscere,
1693 3244 1800 3268 sume
1822 3244 1949 3276 arma,
1973 3238 2011 3267 et
2039 3230 2125 3280 fuge
2152 3229 2201 3266 ad

147 3369 157 3384 ¹
178 3363 294 3397 Matth.
310 3377 367 3404 11,
384 3369 415 3398 8.
435 3385 480 3391 -—·
497 3374 509 3390 ²
525 3367 588 3400 Job
611 3380 660 3406 vi,
684 3372 736 3400 16.
756 3387 798 3391 ——
815 3366 828 3391 3
842 3368 959 3401 Manli.
977 3381 1046 3409 xxi,
1066 3374 1122 3401 30.
1139 3389 1181 3393 -
1197 3369 1210 3395 ³
1226 3372 1305 3412 Reg.
1326 3372 1358 3401 S.
1377 3368 1558 3408 Benedicti,
1577 3380 1648 3411 cap.
1673 3371 1691 3399 9
1708 3379 1778 3409 sqq.
