<?xml version="1.0" encoding="UTF-8"?>
<!DOCTYPE html PUBLIC "-//W3C//DTD XHTML 1.0 Transitional//EN"
    "http://www.w3.org/TR/xhtml1/DTD/xhtml1-transitional.dtd">
<html xmlns="http://www.w3.org/1999/xhtml" xml:lang="en" lang="en">
 <head>
  <title>
</title>
<meta http-equiv="Content-Type" content="text/html;charset=utf-8" />
  <meta name='ocr-system' content='tesseract 3.04.00' />
  <meta name='ocr-capabilities' content='ocr_page ocr_carea ocr_par ocr_line ocrx_word'/>
</head>
<body>
  <div class='ocr_page' id='page_1' title='image "./operaomniapostho01bernuoft_0009.png"; bbox 0 0 2565 3952; ppageno 0'>
   <div class='ocr_carea' id='block_1_1' title="bbox 551 214 1801 339">
    <p class='ocr_par' dir='ltr' id='par_1_1' title="bbox 551 214 1801 339">
     <span class='ocr_line' id='line_1_1' title="bbox 551 214 1801 339; baseline -0.008 0"><span class='ocrx_word' id='word_1_1' title='bbox 551 214 1355 339; x_wconf 51' lang='lat' dir='ltr'>&#39;SANCTISSIMO</span> <span class='ocrx_word' id='word_1_2' title='bbox 1448 242 1801 331; x_wconf 84' lang='lat' dir='ltr'>PATRI</span> 
     </span>
    </p>
   </div>
   <div class='ocr_carea' id='block_1_2' title="bbox 216 522 2163 698">
    <p class='ocr_par' dir='ltr' id='par_1_2' title="bbox 135 432 2163 698">
     <span class='ocr_line' id='line_1_2' title="bbox 216 522 2163 698; baseline -0.004 -0.32"><span class='ocrx_word' id='word_1_3' title='bbox 216 522 2163 698; x_wconf 73' lang='lat' dir='ltr'><strong>ALEXANDRO&#39;VHI</strong></span> 
     </span>
    </p>
   </div>
   <div class='ocr_carea' id='block_1_3' title="bbox 411 879 1966 996">
    <p class='ocr_par' dir='ltr' id='par_1_3' title="bbox 411 879 1966 996">
     <span class='ocr_line' id='line_1_3' title="bbox 411 879 1966 996; baseline -0.005 0"><span class='ocrx_word' id='word_1_4' title='bbox 411 881 1192 996; x_wconf 79' lang='lat' dir='ltr'><strong>PONTIFICI</strong></span> <span class='ocrx_word' id='word_1_5' title='bbox 1280 879 1966 993; x_wconf 81' lang='lat' dir='ltr'><strong>MAXIMO.</strong></span> 
     </span>
    </p>
   </div>
   <div class='ocr_carea' id='block_1_4' title="bbox 145 1342 2247 3260">
    <p class='ocr_par' dir='ltr' id='par_1_4' title="bbox 145 1342 2240 2488">
     <span class='ocr_line' id='line_1_4' title="bbox 215 1342 2234 1412; baseline -0 -16"><span class='ocrx_word' id='word_1_6' title='bbox 215 1347 298 1397; x_wconf 79' lang='lat' dir='ltr'>Ad</span> <span class='ocrx_word' id='word_1_7' title='bbox 333 1359 435 1396; x_wconf 83' lang='lat' dir='ltr'>tuae</span> <span class='ocrx_word' id='word_1_8' title='bbox 472 1345 775 1396; x_wconf 81' lang='lat' dir='ltr'>Sanctitatis</span> <span class='ocrx_word' id='word_1_9' title='bbox 811 1345 1054 1412; x_wconf 86' lang='lat' dir='ltr'>vestigia,</span> <span class='ocrx_word' id='word_1_10' title='bbox 1091 1344 1392 1395; x_wconf 86' lang='lat' dir='ltr'>Beatissime</span> <span class='ocrx_word' id='word_1_11' title='bbox 1429 1345 1598 1406; x_wconf 85' lang='lat' dir='ltr'>Pater,</span> <span class='ocrx_word' id='word_1_12' title='bbox 1640 1342 2034 1404; x_wconf 74' lang='lat' dir='ltr'>venerabundi,</span> <span class='ocrx_word' id='word_1_13' title='bbox 2076 1354 2128 1395; x_wconf 87' lang='lat' dir='ltr'>at</span> <span class='ocrx_word' id='word_1_14' title='bbox 2161 1364 2234 1395; x_wconf 75' lang='lat' dir='ltr'>se-</span> 
     </span>
     <span class='ocr_line' id='line_1_5' title="bbox 145 1413 2227 1491; baseline -0 -19"><span class='ocrx_word' id='word_1_15' title='bbox 145 1423 258 1473; x_wconf 88' lang='lat' dir='ltr'>curi</span> <span class='ocrx_word' id='word_1_16' title='bbox 282 1420 600 1483; x_wconf 80' lang='lat' dir='ltr'>accedimus,</span> <span class='ocrx_word' id='word_1_17' title='bbox 628 1439 737 1491; x_wconf 89' lang='lat' dir='ltr'>quo</span> <span class='ocrx_word' id='word_1_18' title='bbox 763 1432 853 1470; x_wconf 89' lang='lat' dir='ltr'>tua</span> <span class='ocrx_word' id='word_1_19' title='bbox 878 1439 988 1469; x_wconf 88' lang='lat' dir='ltr'>non</span> <span class='ocrx_word' id='word_1_20' title='bbox 1014 1421 1188 1470; x_wconf 89' lang='lat' dir='ltr'>minus</span> <span class='ocrx_word' id='word_1_21' title='bbox 1215 1421 1465 1489; x_wconf 85' lang='lat' dir='ltr'>dignitas,</span> <span class='ocrx_word' id='word_1_22' title='bbox 1485 1439 1646 1490; x_wconf 85' lang='lat' dir='ltr'>quam</span> <span class='ocrx_word' id='word_1_23' title='bbox 1672 1413 1914 1486; x_wconf 80' lang='lat' dir='ltr'>dignatio</span> <span class='ocrx_word' id='word_1_24' title='bbox 1937 1440 2033 1470; x_wconf 92' lang='grc'>1105</span> <span class='ocrx_word' id='word_1_25' title='bbox 2058 1434 2227 1471; x_wconf 67' lang='lat' dir='ltr'>vocat.</span> 
     </span>
     <span class='ocr_line' id='line_1_6' title="bbox 145 1496 2235 1567; baseline -0 -18"><span class='ocrx_word' id='word_1_26' title='bbox 145 1500 390 1550; x_wconf 89' lang='lat' dir='ltr'>Summus</span> <span class='ocrx_word' id='word_1_27' title='bbox 414 1517 485 1561; x_wconf 87' lang='lat' dir='ltr'>es,</span> <span class='ocrx_word' id='word_1_28' title='bbox 514 1497 606 1549; x_wconf 91' lang='lat' dir='ltr'>sed</span> <span class='ocrx_word' id='word_1_29' title='bbox 635 1498 874 1547; x_wconf 89' lang='lat' dir='ltr'>omnium</span> <span class='ocrx_word' id='word_1_30' title='bbox 889 1498 1064 1559; x_wconf 77' lang='lat' dir='ltr'>Pater3</span> <span class='ocrx_word' id='word_1_31' title='bbox 1093 1496 1235 1548; x_wconf 91' lang='lat' dir='ltr'>idem</span> <span class='ocrx_word' id='word_1_32' title='bbox 1260 1499 1371 1567; x_wconf 88' lang='lat' dir='ltr'>ipse</span> <span class='ocrx_word' id='word_1_33' title='bbox 1387 1498 1480 1567; x_wconf 87' lang='lat' dir='ltr'>qui</span> <span class='ocrx_word' id='word_1_34' title='bbox 1506 1497 1631 1546; x_wconf 89' lang='lat' dir='ltr'>olim</span> <span class='ocrx_word' id='word_1_35' title='bbox 1657 1496 1822 1558; x_wconf 88' lang='lat' dir='ltr'>fuisti,</span> <span class='ocrx_word' id='word_1_36' title='bbox 1854 1509 2043 1547; x_wconf 86' lang='lat' dir='ltr'>natura</span> <span class='ocrx_word' id='word_1_37' title='bbox 2068 1497 2235 1548; x_wconf 86' lang='lat' dir='ltr'>facilis</span> 
     </span>
     <span class='ocr_line' id='line_1_7' title="bbox 146 1573 2237 1645; baseline -0.001 -18"><span class='ocrx_word' id='word_1_38' title='bbox 146 1596 205 1627; x_wconf 90' lang='lat' dir='ltr'>ac</span> <span class='ocrx_word' id='word_1_39' title='bbox 240 1577 504 1644; x_wconf 89' lang='lat' dir='ltr'>benignus</span> <span class='ocrx_word' id='word_1_40' title='bbox 540 1575 792 1626; x_wconf 85' lang='lat' dir='ltr'>adversus</span> <span class='ocrx_word' id='word_1_41' title='bbox 831 1594 1037 1636; x_wconf 88' lang='grc'>01111105,</span> <span class='ocrx_word' id='word_1_42' title='bbox 1079 1575 1291 1645; x_wconf 87' lang='lat' dir='ltr'>qualem</span> <span class='ocrx_word' id='word_1_43' title='bbox 1328 1593 1426 1624; x_wconf 90' lang='lat' dir='ltr'>nos</span> <span class='ocrx_word' id='word_1_44' title='bbox 1464 1593 1638 1643; x_wconf 92' lang='lat' dir='ltr'>nuper</span> <span class='ocrx_word' id='word_1_45' title='bbox 1674 1586 1725 1623; x_wconf 89' lang='lat' dir='ltr'>et</span> <span class='ocrx_word' id='word_1_46' title='bbox 1755 1573 1928 1623; x_wconf 70' lang='lat' dir='ltr'>verbis</span> <span class='ocrx_word' id='word_1_47' title='bbox 1963 1574 2146 1635; x_wconf 87' lang='lat' dir='ltr'>toties,</span> <span class='ocrx_word' id='word_1_48' title='bbox 2186 1587 2237 1624; x_wconf 89' lang='lat' dir='ltr'>et</span> 
     </span>
     <span class='ocr_line' id='line_1_8' title="bbox 146 1650 2237 1724; baseline -0.001 -21"><span class='ocrx_word' id='word_1_49' title='bbox 146 1654 296 1706; x_wconf 89' lang='lat' dir='ltr'>factis</span> <span class='ocrx_word' id='word_1_50' title='bbox 333 1672 511 1705; x_wconf 90' lang='lat' dir='ltr'>coram</span> <span class='ocrx_word' id='word_1_51' title='bbox 547 1654 753 1724; x_wconf 82' lang='lat' dir='ltr'>experti</span> <span class='ocrx_word' id='word_1_52' title='bbox 790 1671 970 1703; x_wconf 91' lang='lat' dir='ltr'>sumus</span> <span class='ocrx_word' id='word_1_53' title='bbox 1027 1652 1297 1722; x_wconf 83' lang='lat' dir='ltr'>Majestate</span> <span class='ocrx_word' id='word_1_54' title='bbox 1334 1652 1514 1721; x_wconf 87' lang='lat' dir='ltr'>itaque</span> <span class='ocrx_word' id='word_1_55' title='bbox 1551 1650 1798 1711; x_wconf 77' lang='lat' dir='ltr'><strong>cedente,</strong></span> <span class='ocrx_word' id='word_1_56' title='bbox 1844 1650 2035 1720; x_wconf 87' lang='lat' dir='ltr'>quidni</span> <span class='ocrx_word' id='word_1_57' title='bbox 2082 1651 2237 1701; x_wconf 89' lang='lat' dir='ltr'>cedat</span> 
     </span>
     <span class='ocr_line' id='line_1_9' title="bbox 147 1726 2235 1802; baseline -0.002 -20"><span class='ocrx_word' id='word_1_58' title='bbox 147 1732 343 1802; x_wconf 88' lang='lat' dir='ltr'>pudor,</span> <span class='ocrx_word' id='word_1_59' title='bbox 372 1744 433 1783; x_wconf 90' lang='lat' dir='ltr'>ut</span> <span class='ocrx_word' id='word_1_60' title='bbox 455 1744 615 1783; x_wconf 85' lang='lat' dir='ltr'>tantae</span> <span class='ocrx_word' id='word_1_61' title='bbox 643 1731 995 1800; x_wconf 72' lang='lat' dir='ltr'>dignationis,</span> <span class='ocrx_word' id='word_1_62' title='bbox 1024 1742 1184 1801; x_wconf 85' lang='lat' dir='ltr'>atque</span> <span class='ocrx_word' id='word_1_63' title='bbox 1212 1729 1342 1798; x_wconf 80' lang='lat' dir='ltr'>ejus,</span> <span class='ocrx_word' id='word_1_64' title='bbox 1374 1747 1481 1798; x_wconf 88' lang='lat' dir='ltr'>qua</span> <span class='ocrx_word' id='word_1_65' title='bbox 1506 1740 1742 1778; x_wconf 90' lang='lat' dir='ltr'>nostram</span> <span class='ocrx_word' id='word_1_66' title='bbox 1771 1726 1977 1777; x_wconf 89' lang='lat' dir='ltr'>dudum</span> <span class='ocrx_word' id='word_1_67' title='bbox 2002 1728 2235 1795; x_wconf 84' lang='lat' dir='ltr'>Congre-</span> 
     </span>
     <span class='ocr_line' id='line_1_10' title="bbox 147 1804 2235 1880; baseline -0.004 -19"><span class='ocrx_word' id='word_1_68' title='bbox 147 1811 412 1879; x_wconf 89' lang='lat' dir='ltr'>gationem</span> <span class='ocrx_word' id='word_1_69' title='bbox 438 1821 754 1880; x_wconf 89' lang='lat' dir='ltr'>prosecutus</span> <span class='ocrx_word' id='word_1_70' title='bbox 788 1827 868 1871; x_wconf 91' lang='lat' dir='ltr'>es,</span> <span class='ocrx_word' id='word_1_71' title='bbox 907 1807 1292 1858; x_wconf 63' lang='lat' dir='ltr'>benevolentiae</span> <span class='ocrx_word' id='word_1_72' title='bbox 1332 1824 1615 1867; x_wconf 90' lang='lat' dir='ltr'>memores,</span> <span class='ocrx_word' id='word_1_73' title='bbox 1644 1804 1885 1874; x_wconf 81' lang='lat' dir='ltr'>jucunda</span> <span class='ocrx_word' id='word_1_74' title='bbox 1913 1805 1991 1855; x_wconf 88' lang='lat' dir='ltr'>tui</span> <span class='ocrx_word' id='word_1_75' title='bbox 2015 1804 2235 1854; x_wconf 83' lang='lat' dir='ltr'>Pontifi-</span> 
     </span>
     <span class='ocr_line' id='line_1_11' title="bbox 147 1880 2240 1957; baseline -0.003 -19"><span class='ocrx_word' id='word_1_76' title='bbox 147 1899 293 1938; x_wconf 87' lang='lat' dir='ltr'>catus</span> <span class='ocrx_word' id='word_1_77' title='bbox 307 1887 458 1938; x_wconf 88' lang='lat' dir='ltr'>initia</span> <span class='ocrx_word' id='word_1_78' title='bbox 482 1886 864 1957; x_wconf 83' lang='lat' dir='ltr'>obsequiorum</span> <span class='ocrx_word' id='word_1_79' title='bbox 888 1897 1196 1935; x_wconf 89' lang='lat' dir='ltr'>nostrorum</span> <span class='ocrx_word' id='word_1_80' title='bbox 1222 1882 1439 1953; x_wconf 86' lang='lat' dir='ltr'>publica</span> <span class='ocrx_word' id='word_1_81' title='bbox 1454 1880 1784 1952; x_wconf 79' lang='lat' dir='ltr'>professione</span> <span class='ocrx_word' id='word_1_82' title='bbox 1804 1880 2156 1932; x_wconf 60' lang='lat' dir='ltr'>celebremus?</span> <span class='ocrx_word' id='word_1_83' title='bbox 2175 1882 2240 1931; x_wconf 91' lang='lat' dir='ltr'>Et</span> 
     </span>
     <span class='ocr_line' id='line_1_12' title="bbox 146 1958 2233 2030; baseline -0.003 -16"><span class='ocrx_word' id='word_1_84' title='bbox 146 1982 266 2014; x_wconf 89' lang='grc'>0000</span> <span class='ocrx_word' id='word_1_85' title='bbox 288 1962 443 2014; x_wconf 89' lang='lat' dir='ltr'>nobis</span> <span class='ocrx_word' id='word_1_86' title='bbox 470 1962 526 2013; x_wconf 90' lang='lat' dir='ltr'>id</span> <span class='ocrx_word' id='word_1_87' title='bbox 551 1964 728 2013; x_wconf 88' lang='lat' dir='ltr'>animo</span> <span class='ocrx_word' id='word_1_88' title='bbox 757 1961 1101 2030; x_wconf 72' lang='lat' dir='ltr'>agitantibus,</span> <span class='ocrx_word' id='word_1_89' title='bbox 1140 1962 1284 2011; x_wconf 89' lang='lat' dir='ltr'>ultro</span> <span class='ocrx_word' id='word_1_90' title='bbox 1311 1979 1420 2011; x_wconf 87' lang='lat' dir='ltr'>sese</span> <span class='ocrx_word' id='word_1_91' title='bbox 1445 1960 1643 2010; x_wconf 90' lang='lat' dir='ltr'>obtulit</span> <span class='ocrx_word' id='word_1_92' title='bbox 1669 1971 1882 2009; x_wconf 87' lang='lat' dir='ltr'>sanctus</span> <span class='ocrx_word' id='word_1_93' title='bbox 1912 1958 2233 2020; x_wconf 85' lang='lat' dir='ltr'>Bernardus,</span> 
     </span>
     <span class='ocr_line' id='line_1_13' title="bbox 148 2037 2238 2109; baseline -0.002 -19"><span class='ocrx_word' id='word_1_94' title='bbox 148 2059 370 2109; x_wconf 88' lang='lat' dir='ltr'>magnus</span> <span class='ocrx_word' id='word_1_95' title='bbox 393 2041 481 2091; x_wconf 89' lang='lat' dir='ltr'>ille</span> <span class='ocrx_word' id='word_1_96' title='bbox 507 2040 669 2091; x_wconf 89' lang='lat' dir='ltr'>abbas</span> <span class='ocrx_word' id='word_1_97' title='bbox 695 2040 1166 2101; x_wconf 81' lang='lat' dir='ltr'>Clarae-Vallensis,</span> <span class='ocrx_word' id='word_1_98' title='bbox 1196 2039 1290 2108; x_wconf 86' lang='lat' dir='ltr'>qui</span> <span class='ocrx_word' id='word_1_99' title='bbox 1325 2037 1702 2088; x_wconf 84' lang='lat' dir='ltr'>festinantibus</span> <span class='ocrx_word' id='word_1_100' title='bbox 1727 2037 1889 2106; x_wconf 90' lang='lat' dir='ltr'>prelis</span> <span class='ocrx_word' id='word_1_101' title='bbox 1920 2037 2071 2106; x_wconf 83' lang='lat' dir='ltr'>quasi</span> <span class='ocrx_word' id='word_1_102' title='bbox 2097 2037 2238 2085; x_wconf 77' lang='lat' dir='ltr'>exal-</span> 
     </span>
     <span class='ocr_line' id='line_1_14' title="bbox 147 2113 2236 2187; baseline -0.003 -18"><span class='ocrx_word' id='word_1_103' title='bbox 147 2119 337 2169; x_wconf 86' lang='lat' dir='ltr'>tationi</span> <span class='ocrx_word' id='word_1_104' title='bbox 364 2130 467 2168; x_wconf 76' lang='grc'>11130</span> <span class='ocrx_word' id='word_1_105' title='bbox 494 2136 850 2187; x_wconf 83' lang='lat' dir='ltr'>praecurrens,</span> <span class='ocrx_word' id='word_1_106' title='bbox 888 2118 943 2167; x_wconf 89' lang='lat' dir='ltr'>in</span> <span class='ocrx_word' id='word_1_107' title='bbox 979 2135 1171 2167; x_wconf 82' lang='lat' dir='ltr'>novam</span> <span class='ocrx_word' id='word_1_108' title='bbox 1195 2117 1367 2165; x_wconf 89' lang='lat' dir='ltr'>lucem</span> <span class='ocrx_word' id='word_1_109' title='bbox 1399 2114 1498 2164; x_wconf 89' lang='lat' dir='ltr'>sub</span> <span class='ocrx_word' id='word_1_110' title='bbox 1524 2126 1627 2164; x_wconf 80' lang='lat' dir='ltr'>tuae</span> <span class='ocrx_word' id='word_1_111' title='bbox 1655 2113 1959 2163; x_wconf 88' lang='lat' dir='ltr'>Sanctitatis</span> <span class='ocrx_word' id='word_1_112' title='bbox 1987 2113 2236 2181; x_wconf 78' lang='lat' dir='ltr'>auspiciis</span> 
     </span>
     <span class='ocr_line' id='line_1_15' title="bbox 148 2188 2236 2264; baseline -0.004 -19"><span class='ocrx_word' id='word_1_113' title='bbox 148 2194 367 2264; x_wconf 88' lang='lat' dir='ltr'>prodire</span> <span class='ocrx_word' id='word_1_114' title='bbox 403 2193 677 2263; x_wconf 83' lang='lat' dir='ltr'>gestiebat.</span> <span class='ocrx_word' id='word_1_115' title='bbox 708 2195 855 2259; x_wconf 85' lang='lat' dir='ltr'>Quin</span> <span class='ocrx_word' id='word_1_116' title='bbox 883 2194 1039 2244; x_wconf 90' lang='lat' dir='ltr'>etiam</span> <span class='ocrx_word' id='word_1_117' title='bbox 1077 2193 1163 2242; x_wconf 89' lang='lat' dir='ltr'>ille</span> <span class='ocrx_word' id='word_1_118' title='bbox 1198 2191 1474 2263; x_wconf 88' lang='lat' dir='ltr'>quondam</span> <span class='ocrx_word' id='word_1_119' title='bbox 1510 2191 1778 2240; x_wconf 89' lang='lat' dir='ltr'>honorum</span> <span class='ocrx_word' id='word_1_120' title='bbox 1819 2208 1878 2238; x_wconf 92' lang='grc'>30</span> <span class='ocrx_word' id='word_1_121' title='bbox 1915 2188 2236 2256; x_wconf 83' lang='lat' dir='ltr'>dignitatum</span> 
     </span>
     <span class='ocr_line' id='line_1_16' title="bbox 149 2266 2236 2340; baseline -0.005 -18"><span class='ocrx_word' id='word_1_122' title='bbox 149 2291 290 2335; x_wconf 89' lang='lat' dir='ltr'>osor,</span> <span class='ocrx_word' id='word_1_123' title='bbox 317 2290 463 2321; x_wconf 88' lang='lat' dir='ltr'>nunc</span> <span class='ocrx_word' id='word_1_124' title='bbox 490 2290 706 2322; x_wconf 86' lang='lat' dir='ltr'>summae</span> <span class='ocrx_word' id='word_1_125' title='bbox 731 2283 834 2322; x_wconf 80' lang='lat' dir='ltr'>tuae</span> <span class='ocrx_word' id='word_1_126' title='bbox 859 2270 1135 2340; x_wconf 89' lang='lat' dir='ltr'>potestatis</span> <span class='ocrx_word' id='word_1_127' title='bbox 1161 2268 1491 2319; x_wconf 82' lang='lat' dir='ltr'>consortium</span> <span class='ocrx_word' id='word_1_128' title='bbox 1518 2266 1702 2328; x_wconf 85' lang='lat' dir='ltr'>ambit,</span> <span class='ocrx_word' id='word_1_129' title='bbox 1732 2285 1842 2315; x_wconf 94' lang='lat' dir='ltr'>non</span> <span class='ocrx_word' id='word_1_130' title='bbox 1867 2266 2236 2315; x_wconf 84' lang='lat' dir='ltr'>auctoritatem</span> 
     </span>
     <span class='ocr_line' id='line_1_17' title="bbox 148 2343 2239 2415; baseline -0.004 -17"><span class='ocrx_word' id='word_1_131' title='bbox 148 2361 208 2399; x_wconf 87' lang='lat' dir='ltr'>ut</span> <span class='ocrx_word' id='word_1_132' title='bbox 231 2349 437 2399; x_wconf 91' lang='lat' dir='ltr'>minuat</span> <span class='ocrx_word' id='word_1_133' title='bbox 462 2360 632 2410; x_wconf 87' lang='lat' dir='ltr'>tuam,</span> <span class='ocrx_word' id='word_1_134' title='bbox 666 2346 758 2398; x_wconf 89' lang='lat' dir='ltr'>sed</span> <span class='ocrx_word' id='word_1_135' title='bbox 784 2360 844 2398; x_wconf 92' lang='lat' dir='ltr'>ut</span> <span class='ocrx_word' id='word_1_136' title='bbox 867 2347 1076 2408; x_wconf 83' lang='lat' dir='ltr'>fulciat,</span> <span class='ocrx_word' id='word_1_137' title='bbox 1106 2359 1166 2396; x_wconf 94' lang='lat' dir='ltr'>ut</span> <span class='ocrx_word' id='word_1_138' title='bbox 1190 2345 1470 2415; x_wconf 88' lang='lat' dir='ltr'>pastoralis</span> <span class='ocrx_word' id='word_1_139' title='bbox 1496 2344 1767 2411; x_wconf 84' lang='lat' dir='ltr'>regiminis</span> <span class='ocrx_word' id='word_1_140' title='bbox 1792 2361 1945 2393; x_wconf 91' lang='lat' dir='ltr'>curas</span> <span class='ocrx_word' id='word_1_141' title='bbox 1970 2355 2021 2393; x_wconf 93' lang='lat' dir='ltr'>et</span> <span class='ocrx_word' id='word_1_142' title='bbox 2046 2343 2239 2392; x_wconf 89' lang='grc'>5011101-</span> 
     </span>
     <span class='ocr_line' id='line_1_18' title="bbox 149 2420 1947 2488; baseline -0.006 -11"><span class='ocrx_word' id='word_1_143' title='bbox 149 2425 363 2477; x_wconf 88' lang='lat' dir='ltr'>tudines</span> <span class='ocrx_word' id='word_1_144' title='bbox 388 2426 550 2488; x_wconf 77' lang='lat' dir='ltr'>levet,</span> <span class='ocrx_word' id='word_1_145' title='bbox 580 2444 639 2475; x_wconf 93' lang='lat' dir='ltr'>ac</span> <span class='ocrx_word' id='word_1_146' title='bbox 665 2444 823 2475; x_wconf 82' lang='lat' dir='ltr'>sacrae</span> <span class='ocrx_word' id='word_1_147' title='bbox 849 2424 1108 2475; x_wconf 63' lang='lat' dir='ltr'>doctrinas</span> <span class='ocrx_word' id='word_1_148' title='bbox 1136 2422 1488 2472; x_wconf 87' lang='lat' dir='ltr'>ministerium</span> <span class='ocrx_word' id='word_1_149' title='bbox 1514 2421 1569 2469; x_wconf 90' lang='lat' dir='ltr'>in</span> <span class='ocrx_word' id='word_1_150' title='bbox 1598 2438 1650 2469; x_wconf 91' lang='lat' dir='ltr'>se</span> <span class='ocrx_word' id='word_1_151' title='bbox 1675 2420 1947 2487; x_wconf 87' lang='lat' dir='ltr'>suscipiat.</span> 
     </span>
    </p>

    <p class='ocr_par' dir='ltr' id='par_1_5' title="bbox 150 2494 2247 3260">
     <span class='ocr_line' id='line_1_19' title="bbox 219 2494 2241 2573; baseline -0.005 -20"><span class='ocrx_word' id='word_1_152' title='bbox 219 2504 404 2573; x_wconf 88' lang='lat' dir='ltr'>Neque</span> <span class='ocrx_word' id='word_1_153' title='bbox 426 2520 552 2552; x_wconf 83' lang='lat' dir='ltr'>vero</span> <span class='ocrx_word' id='word_1_154' title='bbox 578 2514 673 2564; x_wconf 89' lang='lat' dir='ltr'>est,</span> <span class='ocrx_word' id='word_1_155' title='bbox 705 2501 1008 2552; x_wconf 88' lang='lat' dir='ltr'>Beatissime</span> <span class='ocrx_word' id='word_1_156' title='bbox 1037 2501 1209 2562; x_wconf 89' lang='lat' dir='ltr'>Pater,</span> <span class='ocrx_word' id='word_1_157' title='bbox 1229 2497 1377 2568; x_wconf 89' lang='lat' dir='ltr'>quod</span> <span class='ocrx_word' id='word_1_158' title='bbox 1410 2510 1515 2548; x_wconf 93' lang='lat' dir='ltr'>tam</span> <span class='ocrx_word' id='word_1_159' title='bbox 1532 2495 1725 2545; x_wconf 87' lang='lat' dir='ltr'>celebri</span> <span class='ocrx_word' id='word_1_160' title='bbox 1742 2507 1792 2544; x_wconf 93' lang='lat' dir='ltr'>et</span> <span class='ocrx_word' id='word_1_161' title='bbox 1811 2495 2005 2544; x_wconf 80' lang='lat' dir='ltr'>eximio</span> <span class='ocrx_word' id='word_1_162' title='bbox 2020 2494 2241 2544; x_wconf 90' lang='lat' dir='ltr'>Doctori</span> 
     </span>
     <span class='ocr_line' id='line_1_20' title="bbox 150 2571 2239 2641; baseline -0.005 -12"><span class='ocrx_word' id='word_1_163' title='bbox 150 2579 288 2629; x_wconf 87' lang='lat' dir='ltr'>vices</span> <span class='ocrx_word' id='word_1_164' title='bbox 312 2597 432 2629; x_wconf 87' lang='lat' dir='ltr'>suas</span> <span class='ocrx_word' id='word_1_165' title='bbox 458 2579 787 2628; x_wconf 87' lang='lat' dir='ltr'>committere</span> <span class='ocrx_word' id='word_1_166' title='bbox 814 2589 1060 2627; x_wconf 76' lang='lat' dir='ltr'>vereatur</span> <span class='ocrx_word' id='word_1_167' title='bbox 1084 2576 1345 2627; x_wconf 84' lang='lat' dir='ltr'>Sanctitas</span> <span class='ocrx_word' id='word_1_168' title='bbox 1377 2586 1486 2625; x_wconf 89' lang='lat' dir='ltr'>tua.</span> <span class='ocrx_word' id='word_1_169' title='bbox 1512 2574 1678 2622; x_wconf 67' lang='lat' dir='ltr'>Nemo</span> <span class='ocrx_word' id='word_1_170' title='bbox 1711 2572 1913 2641; x_wconf 86' lang='lat' dir='ltr'>quippe</span> <span class='ocrx_word' id='word_1_171' title='bbox 1937 2571 2028 2619; x_wconf 90' lang='grc'>1110</span> <span class='ocrx_word' id='word_1_172' title='bbox 2054 2571 2239 2619; x_wconf 90' lang='lat' dir='ltr'>melius</span> 
     </span>
     <span class='ocr_line' id='line_1_21' title="bbox 153 2646 2242 2724; baseline -0.004 -19"><span class='ocrx_word' id='word_1_173' title='bbox 153 2654 218 2706; x_wconf 92' lang='lat' dir='ltr'>de</span> <span class='ocrx_word' id='word_1_174' title='bbox 242 2667 424 2705; x_wconf 91' lang='lat' dir='ltr'>sancta</span> <span class='ocrx_word' id='word_1_175' title='bbox 447 2654 741 2724; x_wconf 90' lang='lat' dir='ltr'>apostolica</span> <span class='ocrx_word' id='word_1_176' title='bbox 764 2653 899 2703; x_wconf 89' lang='lat' dir='ltr'>Sede</span> <span class='ocrx_word' id='word_1_177' title='bbox 933 2653 1152 2715; x_wconf 89' lang='lat' dir='ltr'>meruit,</span> <span class='ocrx_word' id='word_1_178' title='bbox 1184 2671 1341 2703; x_wconf 90' lang='lat' dir='ltr'>nemo</span> <span class='ocrx_word' id='word_1_179' title='bbox 1370 2652 1565 2701; x_wconf 88' lang='lat' dir='ltr'>rectius</span> <span class='ocrx_word' id='word_1_180' title='bbox 1597 2649 1662 2700; x_wconf 90' lang='lat' dir='ltr'>de</span> <span class='ocrx_word' id='word_1_181' title='bbox 1698 2668 1756 2699; x_wconf 91' lang='lat' dir='ltr'>ea</span> <span class='ocrx_word' id='word_1_182' title='bbox 1782 2649 1965 2709; x_wconf 88' lang='lat' dir='ltr'>sentit,</span> <span class='ocrx_word' id='word_1_183' title='bbox 1995 2666 2150 2697; x_wconf 92' lang='lat' dir='ltr'>nemo</span> <span class='ocrx_word' id='word_1_184' title='bbox 2176 2646 2242 2697; x_wconf 86' lang='lat' dir='ltr'>de</span> 
     </span>
     <span class='ocr_line' id='line_1_22' title="bbox 153 2724 2242 2800; baseline -0.004 -18"><span class='ocrx_word' id='word_1_185' title='bbox 153 2750 358 2782; x_wconf 88' lang='lat' dir='ltr'>summo</span> <span class='ocrx_word' id='word_1_186' title='bbox 382 2729 640 2781; x_wconf 88' lang='lat' dir='ltr'>Pontifice</span> <span class='ocrx_word' id='word_1_187' title='bbox 661 2729 1087 2798; x_wconf 87' lang='lat' dir='ltr'>magnificentius</span> <span class='ocrx_word' id='word_1_188' title='bbox 1114 2730 1373 2800; x_wconf 86' lang='lat' dir='ltr'>loquitur.</span> <span class='ocrx_word' id='word_1_189' title='bbox 1395 2728 1470 2777; x_wconf 91' lang='lat' dir='ltr'>Te</span> <span class='ocrx_word' id='word_1_190' title='bbox 1488 2728 1690 2797; x_wconf 85' lang='lat' dir='ltr'>quippe</span> <span class='ocrx_word' id='word_1_191' title='bbox 1718 2726 2018 2794; x_wconf 85' lang='lat' dir='ltr'>principem</span> <span class='ocrx_word' id='word_1_192' title='bbox 2044 2724 2242 2793; x_wconf 89' lang='lat' dir='ltr'>episco-</span> 
     </span>
     <span class='ocr_line' id='line_1_23' title="bbox 154 2800 2244 2878; baseline -0.006 -18"><span class='ocrx_word' id='word_1_193' title='bbox 154 2827 365 2878; x_wconf 91' lang='lat' dir='ltr'>porum,</span> <span class='ocrx_word' id='word_1_194' title='bbox 396 2821 448 2859; x_wconf 88' lang='lat' dir='ltr'>te</span> <span class='ocrx_word' id='word_1_195' title='bbox 473 2807 738 2858; x_wconf 86' lang='lat' dir='ltr'>haeredem</span> <span class='ocrx_word' id='word_1_196' title='bbox 758 2808 1161 2877; x_wconf 81' lang='lat' dir='ltr'>Apostolorum,</span> <span class='ocrx_word' id='word_1_197' title='bbox 1193 2818 1244 2856; x_wconf 94' lang='lat' dir='ltr'>te</span> <span class='ocrx_word' id='word_1_198' title='bbox 1272 2816 1533 2875; x_wconf 87' lang='lat' dir='ltr'>potestate</span> <span class='ocrx_word' id='word_1_199' title='bbox 1556 2804 1787 2863; x_wconf 89' lang='lat' dir='ltr'>Petrum,</span> <span class='ocrx_word' id='word_1_200' title='bbox 1819 2801 2072 2851; x_wconf 89' lang='lat' dir='ltr'>unctione</span> <span class='ocrx_word' id='word_1_201' title='bbox 2097 2800 2244 2850; x_wconf 84' lang='lat' dir='ltr'>Chri-</span> 
     </span>
     <span class='ocr_line' id='line_1_24' title="bbox 156 2877 2243 2954; baseline -0.005 -19"><span class='ocrx_word' id='word_1_202' title='bbox 156 2898 294 2937; x_wconf 87' lang='lat' dir='ltr'>stum</span> <span class='ocrx_word' id='word_1_203' title='bbox 322 2885 587 2954; x_wconf 89' lang='lat' dir='ltr'>agnoscit,</span> <span class='ocrx_word' id='word_1_204' title='bbox 628 2896 680 2934; x_wconf 89' lang='lat' dir='ltr'>et</span> <span class='ocrx_word' id='word_1_205' title='bbox 705 2883 962 2954; x_wconf 81' lang='lat' dir='ltr'>praedicat</span> <span class='ocrx_word' id='word_1_206' title='bbox 995 2881 1027 2932; x_wconf 88' lang='lat'>¹.</span> <span class='ocrx_word' id='word_1_207' title='bbox 1064 2885 1326 2932; x_wconf 87' lang='lat' dir='ltr'>Parumne</span> <span class='ocrx_word' id='word_1_208' title='bbox 1354 2880 1489 2930; x_wconf 81' lang='grc' dir='ltr'>110οΡ</span> <span class='ocrx_word' id='word_1_209' title='bbox 1513 2880 1685 2929; x_wconf 86' lang='grc' dir='ltr'>Ε113111</span> <span class='ocrx_word' id='word_1_210' title='bbox 1711 2890 2023 2928; x_wconf 88' lang='lat' dir='ltr'>assertorem</span> <span class='ocrx_word' id='word_1_211' title='bbox 2054 2877 2243 2926; x_wconf 67' lang='lat' dir='ltr'>verita-</span> 
     </span>
     <span class='ocr_line' id='line_1_25' title="bbox 157 2955 2242 3028; baseline -0.006 -16"><span class='ocrx_word' id='word_1_212' title='bbox 157 2962 241 3025; x_wconf 87' lang='lat' dir='ltr'>tis,</span> <span class='ocrx_word' id='word_1_213' title='bbox 266 2961 391 3013; x_wconf 87' lang='lat' dir='ltr'>fidei</span> <span class='ocrx_word' id='word_1_214' title='bbox 407 2961 759 3023; x_wconf 89' lang='lat' dir='ltr'>defensorem,</span> <span class='ocrx_word' id='word_1_215' title='bbox 779 2960 1047 3027; x_wconf 86' lang='lat' dir='ltr'>refugium</span> <span class='ocrx_word' id='word_1_216' title='bbox 1072 2975 1471 3028; x_wconf 88' lang='lat' dir='ltr'>oppressorum,</span> <span class='ocrx_word' id='word_1_217' title='bbox 1500 2956 1729 3005; x_wconf 91' lang='lat' dir='ltr'>ultorem</span> <span class='ocrx_word' id='word_1_218' title='bbox 1755 2955 2029 3015; x_wconf 89' lang='lat' dir='ltr'>scelerum,</span> <span class='ocrx_word' id='word_1_219' title='bbox 2062 2971 2242 3019; x_wconf 84' lang='lat' dir='ltr'>regum</span> 
     </span>
     <span class='ocr_line' id='line_1_26' title="bbox 159 3033 2245 3108; baseline -0.006 -18"><span class='ocrx_word' id='word_1_220' title='bbox 159 3052 364 3108; x_wconf 86' lang='lat' dir='ltr'>patrem</span> <span class='ocrx_word' id='word_1_221' title='bbox 385 3080 396 3099; x_wconf 87' lang='grc'>,</span> <span class='ocrx_word' id='word_1_222' title='bbox 424 3039 602 3107; x_wconf 88' lang='lat' dir='ltr'>legum</span> <span class='ocrx_word' id='word_1_223' title='bbox 627 3037 1017 3088; x_wconf 87' lang='lat' dir='ltr'>moderatorem</span> <span class='ocrx_word' id='word_1_224' title='bbox 1038 3077 1049 3099; x_wconf 94' lang='lat'>,</span> <span class='ocrx_word' id='word_1_225' title='bbox 1094 3054 1362 3086; x_wconf 88' lang='lat' dir='ltr'>canonum</span> <span class='ocrx_word' id='word_1_226' title='bbox 1388 3033 1833 3102; x_wconf 87' lang='lat' dir='ltr'>dispensatorem,</span> <span class='ocrx_word' id='word_1_227' title='bbox 1867 3043 1940 3093; x_wconf 91' lang='lat' dir='ltr'>et,</span> <span class='ocrx_word' id='word_1_228' title='bbox 1976 3043 2037 3080; x_wconf 92' lang='lat' dir='ltr'>ut</span> <span class='ocrx_word' id='word_1_229' title='bbox 2060 3042 2245 3079; x_wconf 82' lang='lat' dir='ltr'>caetera</span> 
     </span>
     <span class='ocr_line' id='line_1_27' title="bbox 160 3106 2247 3186; baseline -0.006 -20"><span class='ocrx_word' id='word_1_230' title='bbox 160 3135 269 3167; x_wconf 70' lang='lat' dir='ltr'>runo</span> <span class='ocrx_word' id='word_1_231' title='bbox 296 3115 741 3186; x_wconf 85' lang='lat' dir='ltr'>comprehendat,</span> <span class='ocrx_word' id='word_1_232' title='bbox 773 3117 820 3164; x_wconf 82' lang='lat' dir='ltr'>V</span> <span class='ocrx_word' id='word_1_233' title='bbox 825 3115 1046 3164; x_wconf 87' lang='lat' dir='ltr'>icarium</span> <span class='ocrx_word' id='word_1_234' title='bbox 1071 3113 1300 3173; x_wconf 88' lang='lat' dir='ltr'>Christi,</span> <span class='ocrx_word' id='word_1_235' title='bbox 1339 3124 1390 3161; x_wconf 92' lang='lat' dir='ltr'>et</span> <span class='ocrx_word' id='word_1_236' title='bbox 1422 3110 1693 3160; x_wconf 87' lang='lat' dir='ltr'>Christum</span> <span class='ocrx_word' id='word_1_237' title='bbox 1722 3108 1937 3158; x_wconf 87' lang='lat' dir='ltr'>Domini</span> <span class='ocrx_word' id='word_1_238' title='bbox 1962 3106 2247 3156; x_wconf 85' lang='lat' dir='ltr'>confitetur</span> 
     </span>
     <span class='ocr_line' id='line_1_28' title="bbox 162 3181 2247 3260; baseline -0.008 -17"><span class='ocrx_word' id='word_1_239' title='bbox 162 3205 212 3243; x_wconf 88' lang='lat' dir='ltr'>et</span> <span class='ocrx_word' id='word_1_240' title='bbox 247 3193 431 3243; x_wconf 89' lang='lat' dir='ltr'>asserit</span> <span class='ocrx_word' id='word_1_241' title='bbox 454 3189 491 3241; x_wconf 75' lang='lat'>².</span> <span class='ocrx_word' id='word_1_242' title='bbox 538 3192 782 3260; x_wconf 82' lang='lat' dir='ltr'>Denique</span> <span class='ocrx_word' id='word_1_243' title='bbox 824 3192 953 3240; x_wconf 85' lang='lat' dir='ltr'>inte</span> <span class='ocrx_word' id='word_1_244' title='bbox 991 3190 1211 3258; x_wconf 82' lang='lat' dir='ltr'>suspicit</span> <span class='ocrx_word' id='word_1_245' title='bbox 1249 3186 1639 3256; x_wconf 86' lang='lat' dir='ltr'>plenitudinem</span> <span class='ocrx_word' id='word_1_246' title='bbox 1670 3184 1972 3253; x_wconf 81' lang='lat' dir='ltr'>potestatis,</span> <span class='ocrx_word' id='word_1_247' title='bbox 2003 3181 2091 3232; x_wconf 86' lang='lat' dir='ltr'>sed</span> <span class='ocrx_word' id='word_1_248' title='bbox 2129 3198 2247 3248; x_wconf 57' lang='lat' dir='ltr'>quae</span> 
     </span>
    </p>
   </div>
   <div class='ocr_carea' id='block_1_5' title="bbox 222 3336 1504 3390">
    <p class='ocr_par' dir='ltr' id='par_1_6' title="bbox 222 3336 1504 3390">
     <span class='ocr_line' id='line_1_29' title="bbox 222 3336 1504 3390; baseline -0.008 -11"><span class='ocrx_word' id='word_1_249' title='bbox 222 3348 228 3362; x_wconf 90' lang='lat'><em>¹</em></span> <span class='ocrx_word' id='word_1_250' title='bbox 251 3345 307 3378; x_wconf 87' lang='lat' dir='ltr'>De</span> <span class='ocrx_word' id='word_1_251' title='bbox 328 3342 657 3387; x_wconf 73' lang='lat' dir='ltr'>Consideratione,</span> <span class='ocrx_word' id='word_1_252' title='bbox 681 3340 744 3377; x_wconf 79' lang='lat' dir='ltr'>lib.</span> <span class='ocrx_word' id='word_1_253' title='bbox 772 3343 815 3387; x_wconf 77' lang='lat'>2,</span> <span class='ocrx_word' id='word_1_254' title='bbox 838 3354 918 3390; x_wconf 69' lang='lat' dir='ltr'>cap.</span> <span class='ocrx_word' id='word_1_255' title='bbox 944 3343 977 3376; x_wconf 61' lang='lat'>8.</span> <span class='ocrx_word' id='word_1_256' title='bbox 999 3362 1046 3367; x_wconf 94' lang='lat'>—</span> <span class='ocrx_word' id='word_1_257' title='bbox 1071 3345 1081 3360; x_wconf 80' lang='lat'>²</span> <span class='ocrx_word' id='word_1_258' title='bbox 1105 3337 1200 3374; x_wconf 72' lang='grc'>111111,</span> <span class='ocrx_word' id='word_1_259' title='bbox 1222 3336 1286 3372; x_wconf 75' lang='grc'>111».</span> <span class='ocrx_word' id='word_1_260' title='bbox 1314 3336 1346 3382; x_wconf 71' lang='lat'>3,</span> <span class='ocrx_word' id='word_1_261' title='bbox 1371 3349 1449 3384; x_wconf 64' lang='lat' dir='ltr'>rap.</span> <span class='ocrx_word' id='word_1_262' title='bbox 1473 3337 1504 3371; x_wconf 75' lang='lat'>7.</span> 
     </span>
    </p>
   </div>
  </div>
 </body>
</html>
