2517 3936
86 189 180 226 1261

84 327 289 365 doctissimi
298 333 327 363 ἃ.

441 444 621 483 CAPUT
652 444 701 483 V.

486 571 533 600 De
549 568 691 611 Templo.

136 686 172 723 9.
196 688 260 722 Est
291 697 383 721 vero
420 683 604 733 templum
640 683 890 730 Jerosolymis
906 713 914 729 ,
945 684 981 719 in
1017 697 1094 733 quo

84 745 227 798 pariter
242 743 416 781 habitant
431 773 440 791 ‚
455 744 612 793 antiquo
633 751 671 779 et
688 743 940 779 famosissimo
959 744 1011 779 illi
1032 747 1095 782 Sa-

82 805 249 843 lomonis
270 805 394 856 impar
421 804 577 854 quidem
603 812 794 841 structura
814 833 823 849 ,
847 803 912 840 sed
933 817 1012 840 non
1034 804 1094 839 in-

85 866 200 904 ferius
218 865 350 916 gloria.
378 864 573 915 Siquidem
594 865 773 901 universa
800 864 899 901 illius
920 865 1094 914 magnili—

84 927 207 964 centia
241 926 280 963 in
312 925 628 976 corruptibilibus
660 939 754 962 auro
780 933 818 961 et
851 933 1009 975 argento
1025 954 1034 971 ,
1055 925 1094 961 in

84 987 317 1039 quadratura
336 986 505 1038 lapidum
529 996 568 1023 et
586 987 770 1023 varietate
787 986 979 1035 lignorum
999 999 1095 1022 con—

693 191 1016 228 EXHORTATIO
1046 195 1112 228 Al)
1144 195 1337 230 MILITES
1366 196 1556 232 TEMPLI.

83 266 272 312 stodiant,
295 279 427 303 omnes
459 274 630 303 tenentes
660 266 827 315 gladios,
853 277 889 305 ct
917 271 964 307 ad
991 268 1128 308 hellam

2059 203 2155 240 1262

1222 270 1276 305 10.
1303 274 1389 306 Haec
1407 273 1654 321 Jerosolymis
1675 275 1887 321 actitantur,
1909 287 1943 314 ct
1965 279 2067 317 orbis
2088 294 2146 317 cx-

1111 331 1139 363 A
1160 330 1308 366 citatur.
1328 330 1498 367 Audiunt
1518 331 1661 378 insulae,
1680 342 1717 369 et
1737 336 1934 373 attendunt
1957 341 2089 388 populi
2110 341 2154 376 dc

1160 390 1291 438 longe,
1321 398 1358 426 et
1389 389 1579 426 ebulliunt
1608 390 1654 427 ab
1683 392 1836 429 Oriente
1860 404 1896 430 ct
1922 398 2125 435 Occidente
2146 428 2154 443 ,

1161 457 1340 497 tanquam
1372 458 1519 486 torrens
1544 449 1732 487 inundans
1753 452 1880 499 gloriae
1904 457 2069 502 gentium
2089 487 2097 503 ‚
2119 468 2153 494 ct

1161 517 1342 557 tanquam
1372 509 1538 546 fluminis
1566 510 1729 559 impetus
1757 511 1946 549 laetificans
1969 515 2153 553 civitatem

1163 568 1242 603 Dci.
1280 567 1470 618 Quodque
1507 570 1676 605 cernitur
1703 569 1932 618 jucundius,
1966 581 2001 607 et
2037 576 2156 623 agitur

1163 628 1401 664 commodius
1417 658 1425 674 ,
1447 642 1588 678 paucos
1610 629 1813 665 admodum
1840 630 1874 665 in
1904 639 2003 667 tanta
2031 634 2156 669 multi-

1163 687 1295 723 tudine
1315 687 1514 725 hominum
1532 688 1596 724 illo
1618 688 1812 725 confluere
1832 689 1977 734 videas,
2002 691 2070 727 nisi
2093 693 2159 728 uti-

1162 760 1236 796 que
1265 748 1468 784 sceleratos
1494 756 1532 784 et
1560 748 1717 799 impios,
1746 758 1917 799 raptores
1945 759 1981 786 et
2012 751 2159 787 sacrile-

1162 820 1242 856 gos,
1260 807 1480 854 homicidas,
1502 807 1690 858 perjuros,
1706 808 1896 845 adulteros
1911 824 1918 845 :
1935 809 1980 845 dc
1997 823 2158 858 quorum

1160 867 1332 917 profecto
1351 868 1583 917 perfectione
1600 869 1694 905 sicut
1711 868 1849 918 duplex
1866 869 2057 918 quoddam
2075 884 2161 907 con-

1162 936 1235 964 stat
1266 928 1469 977 provenire
1493 927 1660 973 bonum,
1685 929 1735 965 ita
1761 928 1976 978 duplicatur
2004 939 2040 965 et
2066 943 2158 979 gau-

1163 989 1286 1035 dium,
1308 990 1619 1039 quandoquidem
1644 999 1716 1026 tam
1741 1003 1827 1027 suos
1846 990 1892 1026 dc
1910 1004 1977 1026 suo
1996 990 2158 1027 discessu

86 1047 278 1086 tinebatur
296 1063 304 1085 :
325 1045 440 1096 liujus
459 1055 585 1084 autem
613 1047 738 1083 omnis
768 1046 895 1092 decor,
918 1054 955 1083 et
980 1055 1095 1096 gratae
1113 1057 1141 1090 Β
1162 1050 1376 1094 laetificant,
1406 1064 1519 1099 quam
1547 1050 1631 1087 ill'os
1658 1051 1704 1087 de
1725 1050 1889 1087 adventu
1912 1050 2049 1100 quibus
2070 1050 2158 1087 sul)—

83 1108 293 1146 venustatis
313 1117 493 1156 ornatus,
513 1109 574 1160 pia
594 1118 650 1146 est
671 1107 923 1145 habitantium
948 1108 1100 1157 religio-

87 1170 176 1207 sitas
191 1200 201 1216 ,
226 1178 265 1207 et
291 1169 576 1207 ordinatissima
596 1169 851 1207 conversatio.
871 1168 971 1206 Illud
988 1169 1101 1206 variis

86 1230 233 1268 exstitit
247 1229 497 1280 spectandum
516 1229 710 1267 coloribus
730 1245 737 1267 :
756 1230 829 1267 hoc
847 1229 1006 1267 diversis
1024 1230 1103 1267 vir-

90 1290 237 1328 tutibus
257 1299 294 1328 et
313 1290 453 1327 sanctis
467 1289 615 1328 actibus
633 1289 910 1328 venerandum.
933 1294 1101 1328 Domum

84 1350 230 1401 quippe
243 1350 314 1388 Dei
331 1350 443 1387 decet
461 1350 678 1388 sanctitudo
697 1357 722 1396 ¹,
745 1350 812 1400 qui
832 1363 911 1387 non
929 1359 1004 1387 tam
1023 1365 1098 1401 po-

85 1411 161 1448 litis
181 1410 456 1457 marmoribus,
481 1425 597 1461 quam
618 1411 762 1449 ornatis
790 1410 961 1449 moribus
991 1412 1096 1449 dele-

86 1480 224 1518 ctatur,
249 1480 288 1509 et
311 1485 427 1522 puras
463 1472 586 1522 diligit
615 1481 763 1510 mentes
796 1485 911 1522 super
944 1482 1099 1511 auratos

87 1532 252 1583 parietes
264 1533 293 1570 *.
319 1535 488 1571 Ornatur
514 1541 641 1570 tamen
668 1532 784 1582 hujus
807 1546 963 1582 quoque
987 1534 1099 1571 facies

89 1593 246 1644 templi,
269 1593 335 1630 sed
361 1593 495 1640 armis,
517 1607 595 1630 non
626 1593 785 1644 gemmis
809 1608 817 1630 ε
839 1601 878 1630 et
903 1607 976 1644 pro
1001 1595 1099 1631 anti-

88 1654 173 1705 quis
189 1654 343 1691 coronis
359 1653 501 1700 aureis,
515 1654 658 1691 circum
677 1653 938 1704 pendentibus
954 1655 1100 1706 clypeis

89 1713 217 1765 paries
245 1713 443 1764 operitur3
473 1727 545 1764 pro
575 1713 839 1760 candelabris,
871 1713 1098 1761 thuribulis,

89 1782 205 1824 atque
237 1774 424 1822 urceolis,
451 1773 588 1812 domus
618 1774 789 1825 undique
812 1775 928 1812 frenis
944 1805 953 1821 ,
975 1776 1076 1813 sellis
1090 1806 1098 1822 ,

1165 1109 1295 1145 venire
1332 1109 1520 1145 festinant.
1562 1113 1724 1146 Prosunt
1761 1111 1902 1160 quippe
1937 1109 2158 1159 utrobique,

1166 1181 1243 1204 non
1263 1169 1384 1204 solum
1408 1169 1537 1218 utique
1558 1170 1648 1205 istos
1667 1169 1808 1205 tuendo
1823 1199 1831 1215 ‚
1854 1170 1917 1205 sed
1941 1170 2051 1206 etiam
2079 1171 2160 1207 illos

1162 1227 1242 1278 jam
1264 1242 1340 1264 non
1362 1229 1630 1278 opprimendo.
1652 1233 1782 1279 Itaque
1810 1230 1957 1266 laetatur
1977 1234 2162 1280 *Egyptus

1167 1289 1205 1325 in
1220 1289 1456 1339 profectione
1470 1302 1617 1335 eorum,
1631 1303 1715 1326 cum
1733 1298 1853 1326 tamen
1869 1290 1915 1326 de
1928 1292 2165 1340 protectione

1169 1362 1302 1386 eorum
1323 1349 1570 1386 nihilominus
1592 1350 1742 1386 laetetur
1766 1363 1874 1386 mons
1894 1351 1982 1386 Sion
1999 1379 2008 1395 ,
2034 1359 2070 1386 et
2090 1363 2158 1386 ex-

1165 1410 1306 1447 sultent
1325 1410 1408 1446 filiae
1429 1410 1548 1446 Judae.
1571 1410 1639 1446 Illa
1657 1409 1810 1459 quidem
1834 1423 1872 1446 sc
1893 1410 1938 1446 dc
1962 1423 2074 1446 manu
2099 1423 2165 1446 eo—

1166 1484 1270 1517 rum,
1287 1471 1357 1507 ista
1377 1471 1494 1519 magis
1514 1470 1551 1506 in
1574 1484 1687 1507 manu
1708 1483 1839 1506 eorum
1858 1469 2009 1506 liberari
2028 1483 2065 1507 se
2084 1484 2165 1506 me-

1167 1532 1240 1568 rito
1257 1532 1452 1582 gloriatur.
1473 1532 1541 1568 Illa
1558 1530 1720 1568 libenter
1736 1531 1872 1567 amittit
1888 1530 2167 1567 crudelissimos

1168 1593 1226 1629 sui
1246 1601 1456 1629 vastatores
1477 1607 1484 1628 :
1507 1592 1577 1629 ista
1600 1605 1684 1629 cum
1712 1591 1849 1641 gaudio
1870 1591 2025 1641 suscipit
2048 1592 2104 1627 sui
2122 1592 2168 1627 fi-

1167 1653 1378 1690 delissimos
1404 1652 1648 1698 defensores3
1673 1661 1709 1688 et
1735 1651 1835 1688 unde
1862 1651 1931 1688 ista
1956 1651 2167 1688 dulcissime

1167 1713 1400 1757 consolatur,
1424 1713 1512 1749 inde
1534 1713 1597 1749 illa
1619 1726 1725 1762 aeque
1747 1711 1993 1748 saluberrime
2018 1711 2166 1749 desola-

1168 1783 1241 1811 tur.
1260 1774 1318 1812 Sic
1335 1774 1518 1819 Christus,
1536 1774 1589 1809 sic
1607 1775 1713 1810 novit
1728 1772 1856 1809 ulcisci
1872 1773 1908 1808 in
1923 1773 2048 1809 hostes
2062 1786 2164 1818 suos,

89 1848 132 1873 ac
161 1836 302 1874 lanceis
321 1835 594 1873 communitur.
622 1836 738 1873 Plane
767 1836 823 1873 his
851 1836 1030 1873 omnibus
1052 1837 1099 1873 li-
1120 1840 1147 1876 C
1167 1844 1209 1873 ut
1232 1849 1310 1872 non
1334 1836 1457 1872 solum
1486 1835 1532 1871 de
1563 1835 1675 1884 ipsis,
1701 1833 1766 1870 sed
1792 1847 1860 1883 per
1886 1833 1987 1883 ipsos
2014 1847 2168 1883 quoque

90 1895 211 1946 quido
238 1895 611 1943 demonstrantibus,
636 1896 772 1934 eodem
795 1910 867 1947 pro
892 1897 1007 1934 domo
1034 1898 1104 1935 Dei

91 1957 239 1995 fervere
254 1958 394 1995 milites
408 1957 511 2004 zelo,
528 1970 606 2007 quo
620 1957 700 2007 ipse
719 1957 915 2007 quondam
937 1958 1102 1995 militum

89 2022 178 2056 Dux
210 2018 544 2055 vehementissime
574 2017 832 2055 inflammatus
865 2026 1010 2055 armata
1042 2018 1105 2055 illa

92 2079 327 2116 sanctissima
341 2091 475 2125 manu,
491 2092 571 2115 non
587 2087 713 2116 tamen
731 2079 847 2125 ferro,
860 2079 926 2116 sed
941 2079 1105 2129 flagello,

92 2138 197 2189 quod
210 2139 350 2176 fecerat
363 2137 410 2175 de
424 2139 614 2176 resticulis
624 2137 654 2184 b,
668 2139 842 2176 introivit
854 2139 891 2176 in
906 2140 1105 2189 templum,

93 2198 331 2249 negotiantes
347 2198 514 2248 expulit,
527 2199 872 2235 nummulariorum
890 2199 1025 2236 effudit
1042 2212 1104 2245 aes,

93 2267 132 2296 et
165 2258 364 2296 cathedras
397 2258 648 2296 vendentium
679 2258 876 2296 columbas
908 2259 1103 2296 evertit2:

93 2319 398 2370 indignissimum
423 2318 623 2369 judicans,
645 2320 828 2357 orationis
850 2319 1008 2357 domum
1031 2320 1104 2356 liu-

93 2380 310 2431 juscemodi
345 2379 559 2418 forensibus
587 2380 807 2417 incestari&
830 2381 909 2418 Tali
941 2380 1105 2431 proinde

99 2442 157 2480 sui
172 2443 287 2493 Regis
301 2450 500 2493 permotus
516 2443 694 2492 exemplo
714 2441 876 2478 devotus
895 2442 1085 2479 exercitus
1096 2471 1105 2488 ‚

98 2504 222 2540 multo
248 2516 338 2541 sane
365 2502 558 2553 indignius
575 2532 584 2549 ,
609 2503 798 2553 longeque
828 2502 1107 2540 intolerabilius

96 2564 286 2602 arbitrans
310 2573 440 2602 sancta
461 2564 583 2614 pollui
613 2563 660 2601 ab
689 2563 931 2611 infidelibus,
953 2578 1065 2614 quam
1089 2578 1109 2601 a

1172 1896 1391 1946 frequenter
1420 1895 1537 1932 soleat
1570 1903 1673 1931 tanto
1705 1894 1905 1944 gloriosius
1924 1922 1932 1938 ,
1960 1902 2102 1943 quanto
2134 1902 2171 1930 et

1172 1957 1367 2008 potentius
1387 1956 1631 2005 triumphare.
1650 1954 1824 1991 Jucunde
1846 1967 1933 1990 sane
1952 1962 1988 1990 et
2004 1966 2173 1990 commo-

1175 2017 1221 2055 de
1244 2032 1251 2054 :
1276 2026 1318 2054 ut
1338 2030 1434 2067 quos
1457 2016 1522 2052 diu
1544 2015 1702 2066 pertulit
1729 2011 2033 2064 oppugnatores,
2056 2014 2172 2063 magis

1167 2080 1248 2128 jam
1276 2086 1583 2128 propugnatores
1614 2075 1753 2112 habere
1783 2075 1958 2124 incipiat;
1990 2074 2175 2123 faciatque

1174 2139 1220 2176 de
1240 2139 1349 2175 hoste
1370 2138 1526 2174 militem
1541 2166 1550 2183 ,
1572 2136 1634 2186 qui
1658 2136 1704 2172 dc.
1724 2136 1835 2173 Saulo
1865 2134 2057 2184 quondam
2084 2148 2174 2183 per—

1174 2208 1348 2237 secutore
1377 2199 1464 2235 fecit
1494 2198 1653 2235 Paulum
1687 2193 2009 2246 praedicat0rem3.
2032 2198 2171 2242 Quam-

1173 2259 1305 2297 obrem
1334 2273 1412 2297 non
1433 2259 1565 2303 miror,
1591 2258 1620 2294 si
1638 2257 1749 2293 etiam
1778 2269 1940 2306 superna
1959 2255 2020 2291 illa
2041 2254 2143 2291 curia
2158 2283 2167 2299 ,

1167 2320 1278 2371 juxta
1314 2320 1571 2358 testimonium
1605 2317 1829 2361 Salvatoris,
1858 2316 2019 2353 exsultat
2052 2315 2167 2364 magis

1172 2395 1289 2432 super
1305 2395 1383 2418 uno
1399 2389 1598 2431 peccatore
1612 2378 1872 2429 poenitentiam
1890 2384 2038 2426 agente,
2055 2389 2165 2424 quam

1174 2456 1290 2493 super
1305 2441 1479 2492 plurimis
1493 2440 1605 2489 justis
1621 2439 1684 2488 qui
1704 2451 1778 2474 non
1797 2437 1965 2486 indigent
1983 2437 2170 2486 poeniten-

1175 2504 1239 2549 tia,
1255 2502 1344 2539 dum
1366 2501 1573 2553 peccatoris
1590 2507 1626 2535 et
1647 2498 1798 2547 maligni
1819 2497 1929 2532 tantis
1950 2497 2080 2546 procul
2103 2495 2168 2532 du-

1175 2563 1240 2600 bio
1261 2562 1382 2613 prosit
1400 2560 1619 2605 conversit),
1643 2557 1793 2608 quantis
1810 2566 1846 2593 et
1866 2556 1970 2606 prior
1990 2564 2169 2591 nocuerat

96 2625 374 2662 mercatoribus
405 2625 608 2672 incestari,
638 2625 677 2661 in
706 2625 823 2662 domo
860 2634 987 2661 sancta
1021 2639 1108 2662 cum
1129 2636 1159 2669 1)
1177 2623 1430 2661 conversatio.

96 2686 204 2736 equis
235 2694 274 2722 et
305 2685 421 2723 armis
448 2694 728 2732 commoratur3
758 2695 910 2736 tamque
932 2684 979 2722 ab
1000 2686 1102 2736 ipsa,

97 2759 211 2796 quam
233 2760 254 2783 a
274 2746 420 2783 caeteris
440 2747 554 2783 sacris
576 2747 681 2783 omni
708 2746 941 2783 infidelitatis
969 2760 1106 2797 spurca

99 2815 138 2844 ct
166 2807 366 2856 tyrannica
400 2806 506 2844 rabie
536 2807 784 2858 propulsata,
809 2808 882 2857 ipsi
911 2808 947 2844 in
976 2821 1019 2844 ea
1048 2808 1108 2845 die

98 2875 294 2917 noctuque
324 2875 400 2904 tam
428 2867 621 2914 honestis,
646 2881 760 2917 quam
792 2867 949 2904 utilibus
973 2868 1109 2904 officiis

98 2936 349 2977 occupantur.
387 2930 592 2965 Honorant
624 2928 798 2964 certatim
826 2928 896 2965 Dei
923 2928 1108 2978 templum

99 2987 241 3026 sedulis
267 2996 306 3025 et
333 2988 490 3026 sinceris
518 2987 731 3038 obsequiis,
750 2987 833 3038 jugi
859 2989 898 3025 in
918 3002 964 3026 eo
991 2989 1110 3025 devo-

99 3048 204 3086 tione
232 3049 495 3096 immolantes,
526 3063 604 3086 non
634 3049 790 3099 quidem
823 3058 996 3087 veterum
1032 3049 1106 3085 ritu

99 3108 292 3158 pecudum
326 3122 483 3155 carnes,
512 3109 578 3147 sed
614 3123 702 3146 vere
728 3109 870 3146 hostias
904 3110 1079 3159 pacificas
1097 3138 1105 3154 ,

102 3169 308 3206 fraternam
327 3168 570 3206 dilectionem
584 3199 594 3216 ,
611 3169 789 3206 devotam
809 3169 1107 3220 subjectionem,

101 3229 357 3267 voluntariam
375 3239 652 3282 paupertatem.

154 3362 164 3378 ¹
183 3357 425 3398 Psa1.xe11,5.
440 3379 484 3382 —
501 3365 511 3381 2
530 3362 818 3399 Joan.=1‚15.-‡
836 3359 848 3381 3
862 3363 932 3391 Act.
955 3371 998 3389 ix.

1230 2686 1242 2721 l
1258 2687 1287 2721 l.
1302 2685 1410 2721 Salve
1428 2683 1551 2732 igitur,
1573 2680 1700 2716 civitas
1713 2686 1850 2721 sancta,
1871 2690 1981 2726 quam
1997 2676 2073 2724 ipse
2089 2688 2170 2711 san-

1175 2745 1352 2782 ctificavit
1387 2743 1456 2780 sibi
1489 2740 1770 2778 tabernaculum
1804 2749 1911 2773 suum
1936 2736 2168 2779 Altissimus,

1176 2819 1252 2855 quo
1276 2813 1378 2841 tanta
1406 2804 1442 2838 in
1468 2811 1502 2838 te
1523 2809 1557 2837 et
1578 2813 1646 2849 per
1671 2807 1705 2834 tc
1726 2796 1918 2846 generatio
1948 2795 2168 2831 salvaretur.

1176 2866 1303 2909 Salve,
1325 2863 1454 2900 cix-iias
1474 2860 1584 2909 Regis
1611 2857 1755 2906 magni,
1778 2870 1822 2892 ex
1844 2869 1917 2905 qua
1937 2868 2035 2891 nova
2056 2863 2092 2890 et
2109 2854 2172 2903 ju-

1176 2925 1300 2962 cunda
1322 2921 1464 2960 mundo
1486 2919 1663 2956 miracula
1686 2916 1797 2952 nullis
1822 2928 1918 2964 pene
1936 2912 2172 2963 temporibus

1177 2986 1330 3022 defuere
1348 2982 1394 3019 ab
1409 2981 1528 3018 initio.
1549 2979 1675 3022 Salve,
1694 2975 1845 3012 domina
1866 2974 2031 3024 gentium
2044 3003 2052 3018 ,
2071 2973 2172 3021 prin-

1176 3059 1264 3095 ceps
1294 3042 1576 3094 provinciarum
1593 3068 1602 3084 ,
1624 3036 1926 3075 Patriarcharum
1957 3033 2141 3084 possessio
2160 3053 2172 3071 2

1174 3104 1448 3154 Prophetarum
1469 3109 1589 3137 mater
1610 3107 1645 3135 et
1672 3096 1962 3148 Apostolorum,
1984 3092 2162 3130 initiatrix

1176 3167 1281 3210 fidei,
1304 3163 1421 3213 gloria
1443 3160 1576 3212 populi
1598 3158 1810 3202 christiani,
1827 3167 1938 3205 quam
1959 3157 2058 3190 Deus
2076 3163 2168 3215 seni-

1176 3239 1244 3276 pcr
1260 3239 1277 3261 a
1295 3222 1483 3274 principio
1502 3228 1704 3270 propterea
1723 3229 1851 3267 passus
1870 3222 1923 3250 est
1941 3222 2147 3261 oppugnari
2160 3238 2168 3254 ,

1078 3360 1089 3373 ³
1105 3356 1208 3392 Alias,
1226 3351 1398 3391 fortissimi.
1420 3370 1463 3374 ψ-
1479 3343 1493 3365 ¹³
1511 3348 1613 3384 Alias,
1634 3342 1836 3382 ftmiculis.—
1853 3346 1865 3361 ⁰
1888 3340 1989 3375 Alias,
2013 3335 2167 3377 infestari.
