<?xml version="1.0" encoding="UTF-8"?>
<!DOCTYPE html PUBLIC "-//W3C//DTD XHTML 1.0 Transitional//EN"
    "http://www.w3.org/TR/xhtml1/DTD/xhtml1-transitional.dtd">
<html xmlns="http://www.w3.org/1999/xhtml" xml:lang="en" lang="en">
 <head>
  <title>
</title>
<meta http-equiv="Content-Type" content="text/html;charset=utf-8" />
  <meta name='ocr-system' content='tesseract 3.04.00' />
  <meta name='ocr-capabilities' content='ocr_page ocr_carea ocr_par ocr_line ocrx_word'/>
</head>
<body>
  <div class='ocr_page' id='page_1' title='image "./operaomniapostho01bernuoft/operaomniapostho01bernuoft_0209.png"; bbox 0 0 2565 3952; ppageno 0'>
   <div class='ocr_carea' id='block_1_1' title="bbox 109 149 178 187">
    <p class='ocr_par' dir='ltr' id='par_1_1' title="bbox 109 149 178 187">
     <span class='ocr_line' id='line_1_1' title="bbox 109 149 178 187; baseline -0.029 0"><span class='ocrx_word' id='word_1_1' title='bbox 109 149 178 187; x_wconf 76' lang='lat'>401</span> 
     </span>
    </p>
   </div>
   <div class='ocr_carea' id='block_1_2' title="bbox 107 218 1159 277">
    <p class='ocr_par' dir='ltr' id='par_1_2' title="bbox 107 218 1159 277">
     <span class='ocr_line' id='line_1_2' title="bbox 107 218 1159 277; baseline -0.01 -11"><span class='ocrx_word' id='word_1_2' title='bbox 107 224 368 277; x_wconf 85' lang='lat' dir='ltr'>recuperavit,</span> <span class='ocrx_word' id='word_1_3' title='bbox 390 222 579 273; x_wconf 79' lang='lat' dir='ltr'>captivam</span> <span class='ocrx_word' id='word_1_4' title='bbox 601 220 808 258; x_wconf 84' lang='lat' dir='ltr'>Ecclesiam</span> <span class='ocrx_word' id='word_1_5' title='bbox 824 218 871 256; x_wconf 90' lang='lat' dir='ltr'>de</span> <span class='ocrx_word' id='word_1_6' title='bbox 891 232 1008 256; x_wconf 91' lang='lat' dir='ltr'>manu</span> <span class='ocrx_word' id='word_1_7' title='bbox 1025 218 1159 256; x_wconf 82' lang='lat' dir='ltr'>laica¹⁷</span> 
     </span>
    </p>
   </div>
   <div class='ocr_carea' id='block_1_3' title="bbox 1024 141 1289 177">
    <p class='ocr_par' dir='ltr' id='par_1_3' title="bbox 1024 141 1289 177">
     <span class='ocr_line' id='line_1_3' title="bbox 1024 141 1289 177; baseline -0.004 -2"><span class='ocrx_word' id='word_1_8' title='bbox 1024 141 1289 177; x_wconf 85' lang='lat' dir='ltr'>EPISTOLAE.</span> 
     </span>
    </p>
   </div>
   <div class='ocr_carea' id='block_1_4' title="bbox 1166 217 2204 270">
    <p class='ocr_par' dir='ltr' id='par_1_4' title="bbox 1166 217 2204 270">
     <span class='ocr_line' id='line_1_4' title="bbox 1166 217 2204 270; baseline 0.005 -16"><span class='ocrx_word' id='word_1_9' title='bbox 1166 217 1434 270; x_wconf 71' lang='lat' dir='ltr'>&#39;&#39;recuperavit</span> <span class='ocrx_word' id='word_1_10' title='bbox 1465 217 1544 255; x_wconf 86' lang='lat' dir='ltr'>sedi</span> <span class='ocrx_word' id='word_1_11' title='bbox 1573 217 1786 269; x_wconf 86' lang='lat' dir='ltr'>episcopali</span> <span class='ocrx_word' id='word_1_12' title='bbox 1813 220 2204 268; x_wconf 82' lang='lat' dir='ltr'>monasterium,tan-</span> 
     </span>
    </p>
   </div>
   <div class='ocr_carea' id='block_1_5' title="bbox 2128 144 2205 182">
    <p class='ocr_par' dir='ltr' id='par_1_5' title="bbox 2128 144 2205 182">
     <span class='ocr_line' id='line_1_5' title="bbox 2128 144 2205 182; baseline -0.013 0"><span class='ocrx_word' id='word_1_13' title='bbox 2128 144 2205 182; x_wconf 76' lang='lat'>402</span> 
     </span>
    </p>
   </div>
   <div class='ocr_carea' id='block_1_6' title="bbox 109 278 2206 331">
    <p class='ocr_par' dir='ltr' id='par_1_6' title="bbox 109 278 2206 331">
     <span class='ocr_line' id='line_1_6' title="bbox 109 278 2206 331; baseline -0.003 -6"><span class='ocrx_word' id='word_1_14' title='bbox 109 284 283 326; x_wconf 85' lang='lat' dir='ltr'>liberavit</span> <span class='ocrx_word' id='word_1_15' title='bbox 293 284 321 320; x_wconf 88' lang='lat'>*.</span> <span class='ocrx_word' id='word_1_16' title='bbox 337 280 534 331; x_wconf 75' lang='lat' dir='ltr'>Numquid</span> <span class='ocrx_word' id='word_1_17' title='bbox 555 294 627 331; x_wconf 88' lang='lat' dir='ltr'>pro</span> <span class='ocrx_word' id='word_1_18' title='bbox 646 279 751 317; x_wconf 90' lang='lat' dir='ltr'>bono</span> <span class='ocrx_word' id='word_1_19' title='bbox 772 279 948 317; x_wconf 78' lang='lat' dir='ltr'>redditur</span> <span class='ocrx_word' id='word_1_20' title='bbox 963 278 1120 324; x_wconf 86' lang='lat' dir='ltr'>malum,</span> <span class='ocrx_word' id='word_1_21' title='bbox 1141 282 1169 315; x_wconf 87' lang='grc' dir='ltr'>Α</span> <span class='ocrx_word' id='word_1_22' title='bbox 1186 293 1301 329; x_wconf 86' lang='lat' dir='ltr'>quam</span> <span class='ocrx_word' id='word_1_23' title='bbox 1324 279 1471 316; x_wconf 88' lang='lat' dir='ltr'>clavam</span> <span class='ocrx_word' id='word_1_24' title='bbox 1494 278 1542 316; x_wconf 91' lang='lat' dir='ltr'>de</span> <span class='ocrx_word' id='word_1_25' title='bbox 1563 292 1680 315; x_wconf 87' lang='lat' dir='ltr'>manu</span> <span class='ocrx_word' id='word_1_26' title='bbox 1702 280 1879 316; x_wconf 90' lang='lat' dir='ltr'>Herculis</span> <span class='ocrx_word' id='word_1_27' title='bbox 1907 288 2142 330; x_wconf 76' lang='lat' dir='ltr'>extorquens</span> <span class='ocrx_word' id='word_1_28' title='bbox 2168 283 2206 319; x_wconf 93' lang='lat' dir='ltr'>in</span> 
     </span>
    </p>
   </div>
   <div class='ocr_carea' id='block_1_7' title="bbox 104 339 1123 1006">
    <p class='ocr_par' dir='ltr' id='par_1_7' title="bbox 104 339 1123 1006">
     <span class='ocr_line' id='line_1_7' title="bbox 108 339 1118 394; baseline -0.011 -9"><span class='ocrx_word' id='word_1_29' title='bbox 108 356 145 386; x_wconf 91' lang='lat' dir='ltr'>et</span> <span class='ocrx_word' id='word_1_30' title='bbox 164 346 296 383; x_wconf 87' lang='lat' dir='ltr'>odium</span> <span class='ocrx_word' id='word_1_31' title='bbox 316 357 388 394; x_wconf 88' lang='lat' dir='ltr'>pro</span> <span class='ocrx_word' id='word_1_32' title='bbox 409 342 641 379; x_wconf 79' lang='lat' dir='ltr'><strong>dilectione?</strong></span> <span class='ocrx_word' id='word_1_33' title='bbox 660 341 731 379; x_wconf 91' lang='lat' dir='ltr'>Hic</span> <span class='ocrx_word' id='word_1_34' title='bbox 746 370 755 387; x_wconf 88' lang='lat'>,</span> <span class='ocrx_word' id='word_1_35' title='bbox 777 353 907 390; x_wconf 81' lang='lat' dir='ltr'>quaeso</span> <span class='ocrx_word' id='word_1_36' title='bbox 924 369 933 386; x_wconf 87' lang='lat'>,</span> <span class='ocrx_word' id='word_1_37' title='bbox 952 339 1014 375; x_wconf 86' lang='lat' dir='ltr'>hie</span> <span class='ocrx_word' id='word_1_38' title='bbox 1035 339 1118 376; x_wconf 87' lang='lat' dir='ltr'>evi-</span> 
     </span>
     <span class='ocr_line' id='line_1_8' title="bbox 107 401 1120 460; baseline -0.009 -16"><span class='ocrx_word' id='word_1_39' title='bbox 107 408 194 460; x_wconf 80' lang='lat' dir='ltr'>gilet</span> <span class='ocrx_word' id='word_1_40' title='bbox 211 405 345 443; x_wconf 87' lang='lat' dir='ltr'>oculus</span> <span class='ocrx_word' id='word_1_41' title='bbox 362 402 513 454; x_wconf 88' lang='lat' dir='ltr'>pietatis</span> <span class='ocrx_word' id='word_1_42' title='bbox 527 432 536 449; x_wconf 88' lang='lat'>‚</span> <span class='ocrx_word' id='word_1_43' title='bbox 556 410 594 439; x_wconf 84' lang='lat' dir='ltr'>et</span> <span class='ocrx_word' id='word_1_44' title='bbox 614 402 769 439; x_wconf 90' lang='lat' dir='ltr'>semotis</span> <span class='ocrx_word' id='word_1_45' title='bbox 790 401 987 451; x_wconf 73' lang='lat' dir='ltr'>paulisper</span> <span class='ocrx_word' id='word_1_46' title='bbox 1004 413 1120 436; x_wconf 86' lang='lat' dir='ltr'>occu-</span> 
     </span>
     <span class='ocr_line' id='line_1_9' title="bbox 108 461 1121 521; baseline -0.01 -15"><span class='ocrx_word' id='word_1_47' title='bbox 108 466 325 521; x_wconf 88' lang='lat' dir='ltr'>pationibus</span> <span class='ocrx_word' id='word_1_48' title='bbox 348 464 592 509; x_wconf 89' lang='lat' dir='ltr'>consideret,</span> <span class='ocrx_word' id='word_1_49' title='bbox 612 472 799 514; x_wconf 88' lang='lat' dir='ltr'>quantum</span> <span class='ocrx_word' id='word_1_50' title='bbox 821 461 1051 512; x_wconf 83' lang='lat' dir='ltr'>subreptum</span> <span class='ocrx_word' id='word_1_51' title='bbox 1072 461 1121 497; x_wconf 86' lang='lat' dir='ltr'>sit</span> 
     </span>
     <span class='ocr_line' id='line_1_10' title="bbox 107 523 1120 577; baseline -0.011 -8"><span class='ocrx_word' id='word_1_52' title='bbox 107 532 162 577; x_wconf 84' lang='lat' dir='ltr'>ei,</span> <span class='ocrx_word' id='word_1_53' title='bbox 179 537 221 567; x_wconf 85' lang='lat' dir='ltr'>ut</span> <span class='ocrx_word' id='word_1_54' title='bbox 247 528 354 573; x_wconf 86' lang='lat' dir='ltr'>talis,</span> <span class='ocrx_word' id='word_1_55' title='bbox 376 526 529 577; x_wconf 88' lang='lat' dir='ltr'>qualem</span> <span class='ocrx_word' id='word_1_56' title='bbox 557 525 677 575; x_wconf 90' lang='lat' dir='ltr'>pudet</span> <span class='ocrx_word' id='word_1_57' title='bbox 705 524 856 570; x_wconf 81' lang='lat' dir='ltr'>dicere,</span> <span class='ocrx_word' id='word_1_58' title='bbox 885 523 998 559; x_wconf 85' lang='lat' dir='ltr'>talem</span> <span class='ocrx_word' id='word_1_59' title='bbox 1022 535 1120 572; x_wconf 89' lang='lat' dir='ltr'>qua-</span> 
     </span>
     <span class='ocr_line' id='line_1_11' title="bbox 107 582 1122 640; baseline -0.01 -11"><span class='ocrx_word' id='word_1_60' title='bbox 107 593 180 630; x_wconf 90' lang='lat' dir='ltr'>lem</span> <span class='ocrx_word' id='word_1_61' title='bbox 211 600 249 627; x_wconf 90' lang='lat' dir='ltr'>tu</span> <span class='ocrx_word' id='word_1_62' title='bbox 281 590 362 640; x_wconf 89' lang='lat' dir='ltr'>ipse</span> <span class='ocrx_word' id='word_1_63' title='bbox 392 588 515 633; x_wconf 87' lang='lat' dir='ltr'>nosti,</span> <span class='ocrx_word' id='word_1_64' title='bbox 548 587 659 624; x_wconf 87' lang='lat' dir='ltr'>faciat</span> <span class='ocrx_word' id='word_1_65' title='bbox 695 584 952 636; x_wconf 87' lang='lat' dir='ltr'>opprobrium</span> <span class='ocrx_word' id='word_1_66' title='bbox 985 582 1122 621; x_wconf 88' lang='lat' dir='ltr'>vicinis</span> 
     </span>
     <span class='ocr_line' id='line_1_12' title="bbox 107 643 1120 699; baseline -0.01 -9"><span class='ocrx_word' id='word_1_67' title='bbox 107 653 198 699; x_wconf 87' lang='lat' dir='ltr'>suis,</span> <span class='ocrx_word' id='word_1_68' title='bbox 219 650 382 688; x_wconf 87' lang='lat' dir='ltr'>inimicis</span> <span class='ocrx_word' id='word_1_69' title='bbox 400 649 486 686; x_wconf 89' lang='lat' dir='ltr'>tuis.</span> <span class='ocrx_word' id='word_1_70' title='bbox 505 647 678 686; x_wconf 90' lang='lat' dir='ltr'>Piissime</span> <span class='ocrx_word' id='word_1_71' title='bbox 697 650 823 691; x_wconf 89' lang='lat' dir='ltr'>Pater,</span> <span class='ocrx_word' id='word_1_72' title='bbox 844 646 1004 682; x_wconf 88' lang='lat' dir='ltr'>affectus</span> <span class='ocrx_word' id='word_1_73' title='bbox 1024 643 1120 680; x_wconf 84' lang='lat' dir='ltr'>filia-</span> 
     </span>
     <span class='ocr_line' id='line_1_13' title="bbox 106 707 1122 762; baseline -0.01 -11"><span class='ocrx_word' id='word_1_74' title='bbox 106 714 150 751; x_wconf 90' lang='lat' dir='ltr'>lis</span> <span class='ocrx_word' id='word_1_75' title='bbox 168 712 350 762; x_wconf 88' lang='lat' dir='ltr'>loquitur.</span> <span class='ocrx_word' id='word_1_76' title='bbox 381 714 588 759; x_wconf 84' lang='lat' dir='ltr'>Hucusque</span> <span class='ocrx_word' id='word_1_77' title='bbox 615 707 888 745; x_wconf 84' lang='lat' dir='ltr'>condoluimus</span> <span class='ocrx_word' id='word_1_78' title='bbox 914 707 1054 743; x_wconf 86' lang='lat' dir='ltr'>misero</span> <span class='ocrx_word' id='word_1_79' title='bbox 1084 713 1122 742; x_wconf 92' lang='lat' dir='ltr'>et</span> 
     </span>
     <span class='ocr_line' id='line_1_14' title="bbox 106 765 1121 821; baseline -0.009 -10"><span class='ocrx_word' id='word_1_80' title='bbox 106 772 309 812; x_wconf 85' lang='lat' dir='ltr'>miserabili</span> <span class='ocrx_word' id='word_1_81' title='bbox 337 770 640 821; x_wconf 81' lang='lat' dir='ltr'>archiepiscopo.</span> <span class='ocrx_word' id='word_1_82' title='bbox 661 773 802 807; x_wconf 74' lang='lat' dir='ltr'>Verum</span> <span class='ocrx_word' id='word_1_83' title='bbox 825 782 873 805; x_wconf 81' lang='lat' dir='ltr'>ex</span> <span class='ocrx_word' id='word_1_84' title='bbox 894 768 967 804; x_wconf 90' lang='lat' dir='ltr'>hoc</span> <span class='ocrx_word' id='word_1_85' title='bbox 987 767 1067 817; x_wconf 87' lang='lat' dir='ltr'>jam</span> <span class='ocrx_word' id='word_1_86' title='bbox 1090 765 1121 802; x_wconf 91' lang='lat' dir='ltr'>si</span> 
     </span>
     <span class='ocr_line' id='line_1_15' title="bbox 106 827 1123 878; baseline -0.007 -7"><span class='ocrx_word' id='word_1_87' title='bbox 106 847 183 872; x_wconf 91' lang='lat' dir='ltr'>non</span> <span class='ocrx_word' id='word_1_88' title='bbox 209 832 324 870; x_wconf 88' lang='lat' dir='ltr'>fuerit</span> <span class='ocrx_word' id='word_1_89' title='bbox 341 832 591 870; x_wconf 89' lang='lat' dir='ltr'>emendatum</span> <span class='ocrx_word' id='word_1_90' title='bbox 611 860 620 878; x_wconf 89' lang='lat'>,</span> <span class='ocrx_word' id='word_1_91' title='bbox 650 830 763 867; x_wconf 91' lang='lat' dir='ltr'>dolor</span> <span class='ocrx_word' id='word_1_92' title='bbox 793 829 919 867; x_wconf 89' lang='lat' dir='ltr'>cordis</span> <span class='ocrx_word' id='word_1_93' title='bbox 946 827 1069 865; x_wconf 85' lang='lat' dir='ltr'>nostri</span> <span class='ocrx_word' id='word_1_94' title='bbox 1085 835 1123 865; x_wconf 86' lang='lat' dir='ltr'>ct</span> 
     </span>
     <span class='ocr_line' id='line_1_16' title="bbox 105 888 1121 946; baseline -0.006 -14"><span class='ocrx_word' id='word_1_95' title='bbox 105 894 316 946; x_wconf 83' lang='lat' dir='ltr'>compassio</span> <span class='ocrx_word' id='word_1_96' title='bbox 349 907 397 931; x_wconf 78' lang='lat' dir='ltr'>ex</span> <span class='ocrx_word' id='word_1_97' title='bbox 428 893 572 930; x_wconf 88' lang='lat' dir='ltr'>intimis</span> <span class='ocrx_word' id='word_1_98' title='bbox 601 892 803 938; x_wconf 86' lang='lat' dir='ltr'>medullis,</span> <span class='ocrx_word' id='word_1_99' title='bbox 834 900 913 928; x_wconf 89' lang='lat' dir='ltr'>tota</span> <span class='ocrx_word' id='word_1_100' title='bbox 943 888 1121 927; x_wconf 85' lang='lat' dir='ltr'>transibit</span> 
     </span>
     <span class='ocr_line' id='line_1_17' title="bbox 104 952 1121 1006; baseline -0.006 -13"><span class='ocrx_word' id='word_1_101' title='bbox 104 956 151 994; x_wconf 83' lang='lat' dir='ltr'>ad</span> <span class='ocrx_word' id='word_1_102' title='bbox 167 956 274 993; x_wconf 91' lang='lat' dir='ltr'>illum</span> <span class='ocrx_word' id='word_1_103' title='bbox 292 985 302 1002; x_wconf 94' lang='lat'>‚</span> <span class='ocrx_word' id='word_1_104' title='bbox 320 969 391 1006; x_wconf 88' lang='lat' dir='ltr'>per</span> <span class='ocrx_word' id='word_1_105' title='bbox 411 969 526 1006; x_wconf 90' lang='lat' dir='ltr'>quem</span> <span class='ocrx_word' id='word_1_106' title='bbox 560 955 689 1005; x_wconf 90' lang='lat' dir='ltr'>potuit</span> <span class='ocrx_word' id='word_1_107' title='bbox 717 952 928 991; x_wconf 86' lang='lat' dir='ltr'>emendari.</span> <span class='ocrx_word' id='word_1_108' title='bbox 960 955 1058 990; x_wconf 89' lang='lat' dir='ltr'>Sunt</span> <span class='ocrx_word' id='word_1_109' title='bbox 1083 958 1121 987; x_wconf 89' lang='lat' dir='ltr'>et</span> 
     </span>
    </p>
   </div>
   <div class='ocr_carea' id='block_1_8' title="bbox 103 1012 1167 1067">
    <p class='ocr_par' dir='ltr' id='par_1_8' title="bbox 103 1012 1167 1067">
     <span class='ocr_line' id='line_1_18' title="bbox 103 1012 1167 1067; baseline -0.006 -13"><span class='ocrx_word' id='word_1_110' title='bbox 103 1016 184 1055; x_wconf 86' lang='lat' dir='ltr'>aliae</span> <span class='ocrx_word' id='word_1_111' title='bbox 203 1017 377 1054; x_wconf 84' lang='lat' dir='ltr'>laesiones</span> <span class='ocrx_word' id='word_1_112' title='bbox 398 1016 546 1067; x_wconf 65' lang='lat' dir='ltr'>praefati</span> <span class='ocrx_word' id='word_1_113' title='bbox 571 1016 668 1063; x_wconf 86' lang='lat' dir='ltr'>viri,</span> <span class='ocrx_word' id='word_1_114' title='bbox 686 1028 780 1065; x_wconf 88' lang='lat' dir='ltr'>quas</span> <span class='ocrx_word' id='word_1_115' title='bbox 802 1028 889 1051; x_wconf 90' lang='lat' dir='ltr'>cum</span> <span class='ocrx_word' id='word_1_116' title='bbox 911 1014 944 1050; x_wconf 88' lang='lat' dir='ltr'>ei</span> <span class='ocrx_word' id='word_1_117' title='bbox 968 1013 1120 1050; x_wconf 84' lang='lat' dir='ltr'>allevia·</span> <span class='ocrx_word' id='word_1_118' title='bbox 1138 1012 1167 1047; x_wconf 96' lang='lat' dir='ltr'>B</span> 
     </span>
    </p>
   </div>
   <div class='ocr_carea' id='block_1_9' title="bbox 101 1074 1121 1238">
    <p class='ocr_par' dir='ltr' id='par_1_9' title="bbox 101 1074 1121 1238">
     <span class='ocr_line' id='line_1_19' title="bbox 102 1074 1121 1128; baseline -0.005 -13"><span class='ocrx_word' id='word_1_119' title='bbox 102 1077 256 1124; x_wconf 83' lang='lat' dir='ltr'>veritis,</span> <span class='ocrx_word' id='word_1_120' title='bbox 281 1077 392 1115; x_wconf 89' lang='lat' dir='ltr'>vobis</span> <span class='ocrx_word' id='word_1_121' title='bbox 419 1077 557 1128; x_wconf 87' lang='lat' dir='ltr'>procul</span> <span class='ocrx_word' id='word_1_122' title='bbox 584 1076 704 1113; x_wconf 89' lang='lat' dir='ltr'>dubio</span> <span class='ocrx_word' id='word_1_123' title='bbox 734 1074 972 1113; x_wconf 84' lang='lat' dir='ltr'>laborabitis.</span> <span class='ocrx_word' id='word_1_124' title='bbox 996 1074 1121 1123; x_wconf 87' lang='lat' dir='ltr'>Quid-</span> 
     </span>
     <span class='ocr_line' id='line_1_20' title="bbox 101 1137 1119 1190; baseline -0.003 -14"><span class='ocrx_word' id='word_1_125' title='bbox 101 1138 193 1190; x_wconf 87' lang='lat' dir='ltr'>quid</span> <span class='ocrx_word' id='word_1_126' title='bbox 219 1138 429 1177; x_wconf 85' lang='lat' dir='ltr'>dulcissimi</span> <span class='ocrx_word' id='word_1_127' title='bbox 455 1139 603 1176; x_wconf 91' lang='lat' dir='ltr'>domini</span> <span class='ocrx_word' id='word_1_128' title='bbox 629 1138 704 1175; x_wconf 84' lang='lat' dir='ltr'>mei</span> <span class='ocrx_word' id='word_1_129' title='bbox 728 1151 872 1175; x_wconf 88' lang='lat' dir='ltr'>nomen</span> <span class='ocrx_word' id='word_1_130' title='bbox 896 1137 1119 1184; x_wconf 81' lang='lat' dir='ltr'>decolorat,</span> 
     </span>
     <span class='ocr_line' id='line_1_21' title="bbox 102 1200 523 1238; baseline 0 0"><span class='ocrx_word' id='word_1_131' title='bbox 102 1213 170 1238; x_wconf 85' lang='lat' dir='ltr'>cor</span> <span class='ocrx_word' id='word_1_132' title='bbox 190 1214 319 1238; x_wconf 89' lang='lat' dir='ltr'>meum</span> <span class='ocrx_word' id='word_1_133' title='bbox 340 1200 523 1238; x_wconf 75' lang='lat' dir='ltr'>excorIat.</span> 
     </span>
    </p>
   </div>
   <div class='ocr_carea' id='block_1_10' title="bbox 102 1329 1120 1342">
    <p class='ocr_par' dir='ltr' id='par_1_10' title="bbox 102 1329 1120 1342">
     <span class='ocr_line' id='line_1_22' title="bbox 102 1329 1120 1342; baseline -0.004 0"><span class='ocrx_word' id='word_1_134' title='bbox 102 1332 125 1342; x_wconf 66' lang='lat' dir='ltr'>n</span> <span class='ocrx_word' id='word_1_135' title='bbox 131 1332 209 1342; x_wconf 57' lang='grc' dir='ltr'>ικιιιη</span> <span class='ocrx_word' id='word_1_136' title='bbox 214 1331 269 1342; x_wconf 63' lang='lat' dir='ltr'>vsu</span> <span class='ocrx_word' id='word_1_137' title='bbox 275 1332 328 1341; x_wconf 64' lang='grc' dir='ltr'>ωιι</span> <span class='ocrx_word' id='word_1_138' title='bbox 333 1331 677 1342; x_wconf 45' lang='grc' dir='ltr'>ιιψικκκιιιινινκιινινιιι</span> <span class='ocrx_word' id='word_1_139' title='bbox 683 1331 707 1340; x_wconf 71' lang='lat' dir='ltr'>m</span> <span class='ocrx_word' id='word_1_140' title='bbox 714 1329 1120 1340; x_wconf 55' lang='grc' dir='ltr'>ιιιινιιιιςιιῑιιιιιινυιιννινι</span> 
     </span>
    </p>
   </div>
   <div class='ocr_carea' id='block_1_11' title="bbox 214 1443 971 1506">
    <p class='ocr_par' dir='ltr' id='par_1_11' title="bbox 214 1443 971 1506">
     <span class='ocr_line' id='line_1_23' title="bbox 214 1443 971 1506; baseline -0.003 -1"><span class='ocrx_word' id='word_1_141' title='bbox 214 1447 593 1506; x_wconf 88' lang='lat' dir='ltr'>EPISTOLA</span> <span class='ocrx_word' id='word_1_142' title='bbox 649 1443 971 1506; x_wconf 77' lang='lat' dir='ltr'>CLXXX.a</span> 
     </span>
    </p>
   </div>
   <div class='ocr_carea' id='block_1_12' title="bbox 353 1574 867 1600">
    <p class='ocr_par' dir='ltr' id='par_1_12' title="bbox 353 1574 867 1600">
     <span class='ocr_line' id='line_1_24' title="bbox 353 1574 867 1600; baseline -0.002 -2"><span class='ocrx_word' id='word_1_143' title='bbox 353 1575 402 1598; x_wconf 80' lang='lat' dir='ltr'>AD</span> <span class='ocrx_word' id='word_1_144' title='bbox 431 1575 592 1600; x_wconf 76' lang='lat' dir='ltr'><strong>EUMDEM</strong></span> <span class='ocrx_word' id='word_1_145' title='bbox 622 1574 695 1598; x_wconf 78' lang='lat' dir='ltr'>PRO</span> <span class='ocrx_word' id='word_1_146' title='bbox 725 1574 867 1598; x_wconf 77' lang='lat' dir='ltr'>EODEM.</span> 
     </span>
    </p>
   </div>
   <div class='ocr_carea' id='block_1_13' title="bbox 102 1692 1123 1848">
    <p class='ocr_par' dir='ltr' id='par_1_13' title="bbox 102 1692 1123 1848">
     <span class='ocr_line' id='line_1_25' title="bbox 102 1692 1123 1737; baseline -0.004 -9"><span class='ocrx_word' id='word_1_147' title='bbox 102 1699 217 1728; x_wconf 84' lang='lat' dir='ltr'>Iterum</span> <span class='ocrx_word' id='word_1_148' title='bbox 239 1693 440 1727; x_wconf 81' lang='lat' dir='ltr'>commendat</span> <span class='ocrx_word' id='word_1_149' title='bbox 458 1694 604 1726; x_wconf 86' lang='lat' dir='ltr'>Pontifici</span> <span class='ocrx_word' id='word_1_150' title='bbox 621 1694 781 1737; x_wconf 82' lang='lat' dir='ltr'>negotium</span> <span class='ocrx_word' id='word_1_151' title='bbox 804 1692 1031 1736; x_wconf 82' lang='lat' dir='ltr'>archiepiscopi</span> <span class='ocrx_word' id='word_1_152' title='bbox 1047 1696 1123 1725; x_wconf 85' lang='lat' dir='ltr'>Tre-</span> 
     </span>
     <span class='ocr_line' id='line_1_26' title="bbox 147 1748 1122 1793; baseline -0.002 -12"><span class='ocrx_word' id='word_1_153' title='bbox 147 1749 282 1782; x_wconf 76' lang='lat' dir='ltr'>verensis</span> <span class='ocrx_word' id='word_1_154' title='bbox 293 1774 301 1790; x_wconf 91' lang='lat'>‚</span> <span class='ocrx_word' id='word_1_155' title='bbox 319 1756 356 1782; x_wconf 91' lang='lat' dir='ltr'>ut</span> <span class='ocrx_word' id='word_1_156' title='bbox 371 1749 558 1782; x_wconf 85' lang='lat' dir='ltr'>sententiam</span> <span class='ocrx_word' id='word_1_157' title='bbox 569 1774 577 1789; x_wconf 89' lang='lat'>‚</span> <span class='ocrx_word' id='word_1_158' title='bbox 597 1749 783 1793; x_wconf 74' lang='lat' dir='ltr'>subreptitie</span> <span class='ocrx_word' id='word_1_159' title='bbox 799 1749 962 1781; x_wconf 79' lang='lat' dir='ltr'>obtentam</span> <span class='ocrx_word' id='word_1_160' title='bbox 977 1773 985 1789; x_wconf 84' lang='lat'>,</span> <span class='ocrx_word' id='word_1_161' title='bbox 1003 1748 1122 1792; x_wconf 81' lang='lat' dir='ltr'>praevia</span> 
     </span>
     <span class='ocr_line' id='line_1_27' title="bbox 145 1804 764 1848; baseline 0.002 -11"><span class='ocrx_word' id='word_1_162' title='bbox 145 1805 272 1838; x_wconf 85' lang='lat' dir='ltr'>meliore</span> <span class='ocrx_word' id='word_1_163' title='bbox 287 1816 389 1838; x_wconf 84' lang='lat' dir='ltr'>causae</span> <span class='ocrx_word' id='word_1_164' title='bbox 408 1804 587 1848; x_wconf 85' lang='lat' dir='ltr'>cognitione</span> <span class='ocrx_word' id='word_1_165' title='bbox 598 1830 606 1845; x_wconf 91' lang='lat'><strong>‚</strong></span> <span class='ocrx_word' id='word_1_166' title='bbox 626 1811 764 1838; x_wconf 72' lang='lat' dir='ltr'>revocet.</span> 
     </span>
    </p>
   </div>
   <div class='ocr_carea' id='block_1_14' title="bbox 74 1927 1120 2590">
    <p class='ocr_par' dir='ltr' id='par_1_14' title="bbox 74 1927 1120 2590">
     <span class='ocr_line' id='line_1_28' title="bbox 151 1927 1120 1980; baseline -0.002 -13"><span class='ocrx_word' id='word_1_167' title='bbox 151 1933 293 1968; x_wconf 89' lang='lat' dir='ltr'>Iterum</span> <span class='ocrx_word' id='word_1_168' title='bbox 314 1928 570 1980; x_wconf 83' lang='lat' dir='ltr'>supplicatio,</span> <span class='ocrx_word' id='word_1_169' title='bbox 592 1928 732 1966; x_wconf 89' lang='lat' dir='ltr'>iterum</span> <span class='ocrx_word' id='word_1_170' title='bbox 754 1941 889 1979; x_wconf 87' lang='lat' dir='ltr'>preces</span> <span class='ocrx_word' id='word_1_171' title='bbox 907 1958 917 1976; x_wconf 91' lang='lat'>,</span> <span class='ocrx_word' id='word_1_172' title='bbox 935 1936 974 1965; x_wconf 91' lang='lat' dir='ltr'>et</span> <span class='ocrx_word' id='word_1_173' title='bbox 994 1927 1120 1965; x_wconf 90' lang='lat' dir='ltr'>decies</span> 
     </span>
     <span class='ocr_line' id='line_1_29' title="bbox 102 1988 1118 2042; baseline -0.003 -14"><span class='ocrx_word' id='word_1_174' title='bbox 102 1991 269 2042; x_wconf 84' lang='lat' dir='ltr'>repetitae</span> <span class='ocrx_word' id='word_1_175' title='bbox 299 2003 378 2027; x_wconf 88' lang='lat' dir='ltr'>non</span> <span class='ocrx_word' id='word_1_176' title='bbox 413 1989 603 2027; x_wconf 84' lang='lat' dir='ltr'>desinent.</span> <span class='ocrx_word' id='word_1_177' title='bbox 632 1993 718 2028; x_wconf 72' lang='lat' dir='ltr'>Non</span> <span class='ocrx_word' id='word_1_178' title='bbox 749 1988 968 2026; x_wconf 86' lang='lat' dir='ltr'>desistimus</span> <span class='ocrx_word' id='word_1_179' title='bbox 986 2018 995 2035; x_wconf 91' lang='lat'>,</span> <span class='ocrx_word' id='word_1_180' title='bbox 1028 1988 1118 2038; x_wconf 87' lang='lat' dir='ltr'>quia</span> 
     </span>
     <span class='ocr_line' id='line_1_30' title="bbox 101 2048 1119 2096; baseline -0.004 -7"><span class='ocrx_word' id='word_1_181' title='bbox 101 2065 177 2089; x_wconf 87' lang='lat' dir='ltr'>non</span> <span class='ocrx_word' id='word_1_182' title='bbox 208 2050 430 2088; x_wconf 86' lang='lat' dir='ltr'>diffidimus.</span> <span class='ocrx_word' id='word_1_183' title='bbox 460 2054 605 2087; x_wconf 86' lang='lat' dir='ltr'>Bonam</span> <span class='ocrx_word' id='word_1_184' title='bbox 645 2062 796 2086; x_wconf 85' lang='lat' dir='ltr'>causam</span> <span class='ocrx_word' id='word_1_185' title='bbox 830 2048 1018 2086; x_wconf 90' lang='lat' dir='ltr'>habemus</span> <span class='ocrx_word' id='word_1_186' title='bbox 1037 2078 1046 2096; x_wconf 93' lang='lat'>,</span> <span class='ocrx_word' id='word_1_187' title='bbox 1081 2057 1119 2086; x_wconf 91' lang='lat' dir='ltr'>et</span> 
     </span>
     <span class='ocr_line' id='line_1_31' title="bbox 102 2110 1119 2164; baseline -0.004 -13"><span class='ocrx_word' id='word_1_188' title='bbox 102 2126 249 2164; x_wconf 85' lang='lat' dir='ltr'>aequum</span> <span class='ocrx_word' id='word_1_189' title='bbox 262 2111 435 2162; x_wconf 84' lang='lat' dir='ltr'>judicem</span> <span class='ocrx_word' id='word_1_190' title='bbox 452 2141 462 2159; x_wconf 89' lang='lat'>,</span> <span class='ocrx_word' id='word_1_191' title='bbox 479 2111 547 2162; x_wconf 91' lang='lat' dir='ltr'>qui</span> <span class='ocrx_word' id='word_1_192' title='bbox 568 2125 648 2148; x_wconf 89' lang='lat' dir='ltr'>non</span> <span class='ocrx_word' id='word_1_193' title='bbox 667 2110 913 2148; x_wconf 85' lang='lat' dir='ltr'>cunctabitur</span> <span class='ocrx_word' id='word_1_194' title='bbox 931 2124 1119 2147; x_wconf 86' lang='lat' dir='ltr'>evacuare</span> 
     </span>
     <span class='ocr_line' id='line_1_32' title="bbox 74 2171 1118 2225; baseline -0.004 -14"><span class='ocrx_word' id='word_1_195' title='bbox 74 2220 79 2223; x_wconf 49' lang='lat'>.</span> <span class='ocrx_word' id='word_1_196' title='bbox 102 2173 202 2225; x_wconf 91' lang='lat' dir='ltr'>quod</span> <span class='ocrx_word' id='word_1_197' title='bbox 223 2172 452 2224; x_wconf 86' lang='lat' dir='ltr'>subreptum</span> <span class='ocrx_word' id='word_1_198' title='bbox 475 2181 532 2210; x_wconf 90' lang='lat' dir='ltr'>est</span> <span class='ocrx_word' id='word_1_199' title='bbox 550 2202 559 2220; x_wconf 89' lang='lat'>,</span> <span class='ocrx_word' id='word_1_200' title='bbox 583 2186 670 2209; x_wconf 88' lang='lat' dir='ltr'>cum</span> <span class='ocrx_word' id='word_1_201' title='bbox 698 2171 901 2222; x_wconf 87' lang='lat' dir='ltr'>apparebit</span> <span class='ocrx_word' id='word_1_202' title='bbox 920 2171 1027 2221; x_wconf 91' lang='lat' dir='ltr'>quod</span> <span class='ocrx_word' id='word_1_203' title='bbox 1048 2185 1118 2208; x_wconf 86' lang='lat' dir='ltr'>ve-</span> 
     </span>
     <span class='ocr_line' id='line_1_33' title="bbox 103 2232 1120 2285; baseline -0.004 -13"><span class='ocrx_word' id='word_1_204' title='bbox 103 2249 184 2273; x_wconf 89' lang='lat' dir='ltr'>rum</span> <span class='ocrx_word' id='word_1_205' title='bbox 211 2243 283 2281; x_wconf 84' lang='lat' dir='ltr'>est3</span> <span class='ocrx_word' id='word_1_206' title='bbox 311 2248 382 2272; x_wconf 91' lang='lat' dir='ltr'>nec</span> <span class='ocrx_word' id='word_1_207' title='bbox 411 2234 556 2285; x_wconf 90' lang='lat' dir='ltr'>poterit</span> <span class='ocrx_word' id='word_1_208' title='bbox 584 2233 674 2271; x_wconf 91' lang='lat' dir='ltr'>inde</span> <span class='ocrx_word' id='word_1_209' title='bbox 711 2233 862 2278; x_wconf 85' lang='lat' dir='ltr'>ridere,</span> <span class='ocrx_word' id='word_1_210' title='bbox 896 2233 962 2283; x_wconf 90' lang='lat' dir='ltr'>qui</span> <span class='ocrx_word' id='word_1_211' title='bbox 995 2232 1120 2269; x_wconf 86' lang='lat' dir='ltr'>voluit</span> 
     </span>
     <span class='ocr_line' id='line_1_34' title="bbox 100 2294 1119 2345; baseline -0.005 -12"><span class='ocrx_word' id='word_1_212' title='bbox 100 2295 256 2334; x_wconf 86' lang='lat' dir='ltr'>irridere</span> <span class='ocrx_word' id='word_1_213' title='bbox 275 2311 282 2333; x_wconf 93' lang='lat'><strong>:</strong></span> <span class='ocrx_word' id='word_1_214' title='bbox 301 2295 368 2333; x_wconf 89' lang='lat' dir='ltr'>sed</span> <span class='ocrx_word' id='word_1_215' title='bbox 383 2324 393 2341; x_wconf 91' lang='lat'>‚</span> <span class='ocrx_word' id='word_1_216' title='bbox 412 2303 456 2332; x_wconf 91' lang='lat' dir='ltr'>ut</span> <span class='ocrx_word' id='word_1_217' title='bbox 472 2294 659 2345; x_wconf 88' lang='lat' dir='ltr'>scriptum</span> <span class='ocrx_word' id='word_1_218' title='bbox 680 2302 738 2331; x_wconf 84' lang='lat' dir='ltr'>est</span> <span class='ocrx_word' id='word_1_219' title='bbox 755 2323 765 2340; x_wconf 94' lang='lat'>,</span> <span class='ocrx_word' id='word_1_220' title='bbox 789 2298 948 2330; x_wconf 73' lang='lat' dir='ltr'>mentita</span> <span class='ocrx_word' id='word_1_221' title='bbox 968 2302 1024 2329; x_wconf 81' lang='lat' dir='ltr'>est</span> <span class='ocrx_word' id='word_1_222' title='bbox 1040 2297 1119 2329; x_wconf 75' lang='lat' dir='ltr'>ini-</span> 
     </span>
     <span class='ocr_line' id='line_1_35' title="bbox 103 2354 1118 2406; baseline -0.003 -14"><span class='ocrx_word' id='word_1_223' title='bbox 103 2361 222 2406; x_wconf 83' lang='lat' dir='ltr'>quitas</span> <span class='ocrx_word' id='word_1_224' title='bbox 241 2355 310 2393; x_wconf 76' lang='lat' dir='ltr'>sibi</span> <span class='ocrx_word' id='word_1_225' title='bbox 325 2363 349 2393; x_wconf 71' lang='lat'>‘.</span> <span class='ocrx_word' id='word_1_226' title='bbox 371 2359 457 2394; x_wconf 90' lang='lat' dir='ltr'>Hoc</span> <span class='ocrx_word' id='word_1_227' title='bbox 480 2355 578 2392; x_wconf 89' lang='lat' dir='ltr'>solet</span> <span class='ocrx_word' id='word_1_228' title='bbox 597 2354 739 2392; x_wconf 85' lang='lat' dir='ltr'>habere</span> <span class='ocrx_word' id='word_1_229' title='bbox 762 2354 1002 2405; x_wconf 85' lang='lat' dir='ltr'>praecipuum</span> <span class='ocrx_word' id='word_1_230' title='bbox 1022 2367 1118 2404; x_wconf 88' lang='lat' dir='ltr'>apo-</span> 
     </span>
     <span class='ocr_line' id='line_1_36' title="bbox 103 2414 1118 2467; baseline -0.005 -12"><span class='ocrx_word' id='word_1_231' title='bbox 103 2418 230 2455; x_wconf 86' lang='lat' dir='ltr'>stolica</span> <span class='ocrx_word' id='word_1_232' title='bbox 246 2416 362 2455; x_wconf 90' lang='lat' dir='ltr'>Sedes</span> <span class='ocrx_word' id='word_1_233' title='bbox 376 2447 385 2464; x_wconf 91' lang='lat'>,</span> <span class='ocrx_word' id='word_1_234' title='bbox 399 2425 442 2454; x_wconf 92' lang='lat' dir='ltr'>ut</span> <span class='ocrx_word' id='word_1_235' title='bbox 459 2430 538 2454; x_wconf 93' lang='lat' dir='ltr'>non</span> <span class='ocrx_word' id='word_1_236' title='bbox 556 2416 685 2467; x_wconf 82' lang='lat' dir='ltr'>pigeat</span> <span class='ocrx_word' id='word_1_237' title='bbox 703 2429 887 2452; x_wconf 86' lang='lat' dir='ltr'>revocare</span> <span class='ocrx_word' id='word_1_238' title='bbox 909 2414 1015 2465; x_wconf 87' lang='lat' dir='ltr'>quod</span> <span class='ocrx_word' id='word_1_239' title='bbox 1036 2427 1056 2451; x_wconf 90' lang='lat' dir='ltr'>a</span> <span class='ocrx_word' id='word_1_240' title='bbox 1079 2427 1118 2450; x_wconf 90' lang='lat' dir='ltr'>se</span> 
     </span>
     <span class='ocr_line' id='line_1_37' title="bbox 103 2475 1118 2529; baseline -0.005 -13"><span class='ocrx_word' id='word_1_241' title='bbox 103 2478 196 2516; x_wconf 88' lang='lat' dir='ltr'>forte</span> <span class='ocrx_word' id='word_1_242' title='bbox 214 2477 514 2529; x_wconf 87' lang='lat' dir='ltr'>deprehenderit</span> <span class='ocrx_word' id='word_1_243' title='bbox 533 2477 667 2515; x_wconf 87' lang='lat' dir='ltr'>fraude</span> <span class='ocrx_word' id='word_1_244' title='bbox 689 2477 860 2514; x_wconf 86' lang='lat' dir='ltr'>elicitum</span> <span class='ocrx_word' id='word_1_245' title='bbox 879 2505 887 2522; x_wconf 87' lang='lat'>,</span> <span class='ocrx_word' id='word_1_246' title='bbox 913 2489 992 2513; x_wconf 92' lang='lat' dir='ltr'>non</span> <span class='ocrx_word' id='word_1_247' title='bbox 1012 2475 1118 2512; x_wconf 78' lang='lat' dir='ltr'>veri-</span> 
     </span>
     <span class='ocr_line' id='line_1_38' title="bbox 104 2535 1118 2590; baseline -0.004 -14"><span class='ocrx_word' id='word_1_248' title='bbox 104 2547 174 2576; x_wconf 85' lang='lat' dir='ltr'>tate</span> <span class='ocrx_word' id='word_1_249' title='bbox 196 2539 467 2590; x_wconf 88' lang='lat' dir='ltr'>promeritum.</span> <span class='ocrx_word' id='word_1_250' title='bbox 486 2541 562 2575; x_wconf 89' lang='lat' dir='ltr'>Res</span> <span class='ocrx_word' id='word_1_251' title='bbox 582 2538 697 2588; x_wconf 86' lang='lat' dir='ltr'>plena</span> <span class='ocrx_word' id='word_1_252' title='bbox 717 2537 917 2588; x_wconf 84' lang='lat' dir='ltr'>aequitate,</span> <span class='ocrx_word' id='word_1_253' title='bbox 946 2545 984 2573; x_wconf 89' lang='lat' dir='ltr'>et</span> <span class='ocrx_word' id='word_1_254' title='bbox 1005 2535 1118 2573; x_wconf 86' lang='lat' dir='ltr'>laude</span> 
     </span>
    </p>
   </div>
   <div class='ocr_carea' id='block_1_15' title="bbox 1188 340 2210 698">
    <p class='ocr_par' dir='ltr' id='par_1_15' title="bbox 1188 340 2210 698">
     <span class='ocr_line' id='line_1_39' title="bbox 1188 340 2208 391; baseline 0.002 -13"><span class='ocrx_word' id='word_1_255' title='bbox 1188 355 1304 378; x_wconf 88' lang='lat' dir='ltr'>manu</span> <span class='ocrx_word' id='word_1_256' title='bbox 1335 341 1500 378; x_wconf 87' lang='lat' dir='ltr'>fortiori.</span> <span class='ocrx_word' id='word_1_257' title='bbox 1523 340 1582 379; x_wconf 89' lang='lat' dir='ltr'>Ob</span> <span class='ocrx_word' id='word_1_258' title='bbox 1611 341 1839 391; x_wconf 72' lang='lat' dir='ltr'>pravitatem</span> <span class='ocrx_word' id='word_1_259' title='bbox 1866 342 2120 379; x_wconf 79' lang='lat' dir='ltr'>intentionis?</span> <span class='ocrx_word' id='word_1_260' title='bbox 2141 344 2208 380; x_wconf 90' lang='lat' dir='ltr'>sed</span> 
     </span>
     <span class='ocr_line' id='line_1_40' title="bbox 1188 402 2207 453; baseline 0 -14"><span class='ocrx_word' id='word_1_261' title='bbox 1188 402 1295 453; x_wconf 89' lang='lat' dir='ltr'>pium</span> <span class='ocrx_word' id='word_1_262' title='bbox 1317 411 1372 440; x_wconf 89' lang='lat' dir='ltr'>est</span> <span class='ocrx_word' id='word_1_263' title='bbox 1397 403 1610 439; x_wconf 87' lang='lat' dir='ltr'>reformare</span> <span class='ocrx_word' id='word_1_264' title='bbox 1635 402 1861 452; x_wconf 75' lang='lat' dir='ltr'>religionem</span> <span class='ocrx_word' id='word_1_265' title='bbox 1882 402 1920 438; x_wconf 89' lang='lat' dir='ltr'>in</span> <span class='ocrx_word' id='word_1_266' title='bbox 1943 404 2176 439; x_wconf 87' lang='lat' dir='ltr'>monasterio</span> <span class='ocrx_word' id='word_1_267' title='bbox 2199 418 2207 439; x_wconf 89' lang='lat'>:</span> 
     </span>
     <span class='ocr_line' id='line_1_41' title="bbox 1188 462 2210 514; baseline -0.001 -14"><span class='ocrx_word' id='word_1_268' title='bbox 1188 463 1293 514; x_wconf 89' lang='lat' dir='ltr'>quod</span> <span class='ocrx_word' id='word_1_269' title='bbox 1307 464 1370 500; x_wconf 88' lang='lat' dir='ltr'>ille</span> <span class='ocrx_word' id='word_1_270' title='bbox 1398 463 1576 500; x_wconf 89' lang='lat' dir='ltr'>intendit.</span> <span class='ocrx_word' id='word_1_271' title='bbox 1599 463 1708 501; x_wconf 89' lang='lat' dir='ltr'>Adsit</span> <span class='ocrx_word' id='word_1_272' title='bbox 1728 463 1920 501; x_wconf 89' lang='lat' dir='ltr'>Dominus</span> <span class='ocrx_word' id='word_1_273' title='bbox 1938 462 2046 500; x_wconf 89' lang='lat' dir='ltr'>cordi</span> <span class='ocrx_word' id='word_1_274' title='bbox 2064 463 2210 500; x_wconf 87' lang='lat' dir='ltr'>domini</span> 
     </span>
     <span class='ocr_line' id='line_1_42' title="bbox 1188 523 2208 575; baseline -0.001 -14"><span class='ocrx_word' id='word_1_275' title='bbox 1188 524 1288 571; x_wconf 89' lang='lat' dir='ltr'>mei,</span> <span class='ocrx_word' id='word_1_276' title='bbox 1312 538 1360 562; x_wconf 90' lang='lat' dir='ltr'>ne</span> <span class='ocrx_word' id='word_1_277' title='bbox 1387 524 1527 562; x_wconf 89' lang='lat' dir='ltr'>iterum</span> <span class='ocrx_word' id='word_1_278' title='bbox 1557 524 1680 575; x_wconf 87' lang='lat' dir='ltr'>possit</span> <span class='ocrx_word' id='word_1_279' title='bbox 1705 524 1740 560; x_wconf 90' lang='lat' dir='ltr'>ei</span> <span class='ocrx_word' id='word_1_280' title='bbox 1767 523 1916 574; x_wconf 89' lang='lat' dir='ltr'>subripi</span> <span class='ocrx_word' id='word_1_281' title='bbox 1942 537 1963 560; x_wconf 92' lang='lat' dir='ltr'>a</span> <span class='ocrx_word' id='word_1_282' title='bbox 1984 524 2182 561; x_wconf 88' lang='lat' dir='ltr'>monachis</span> <span class='ocrx_word' id='word_1_283' title='bbox 2199 553 2208 570; x_wconf 91' lang='lat'>,</span> 
     </span>
     <span class='ocr_line' id='line_1_43' title="bbox 1189 584 2210 637; baseline -0.002 -14"><span class='ocrx_word' id='word_1_284' title='bbox 1189 600 1269 623; x_wconf 88' lang='lat' dir='ltr'>non</span> <span class='ocrx_word' id='word_1_285' title='bbox 1290 594 1365 623; x_wconf 83' lang='lat' dir='ltr'>tam</span> <span class='ocrx_word' id='word_1_286' title='bbox 1388 585 1447 637; x_wconf 84' lang='lat' dir='ltr'>(ut</span> <span class='ocrx_word' id='word_1_287' title='bbox 1464 584 1659 636; x_wconf 86' lang='lat' dir='ltr'>simulant)</span> <span class='ocrx_word' id='word_1_288' title='bbox 1678 584 1953 636; x_wconf 83' lang='lat' dir='ltr'>appetentibus</span> <span class='ocrx_word' id='word_1_289' title='bbox 1969 584 2184 622; x_wconf 90' lang='lat' dir='ltr'>libertatem</span> <span class='ocrx_word' id='word_1_290' title='bbox 2201 614 2210 631; x_wconf 89' lang='lat'>,</span> 
     </span>
     <span class='ocr_line' id='line_1_44' title="bbox 1189 647 1858 698; baseline -0.001 -13"><span class='ocrx_word' id='word_1_291' title='bbox 1189 661 1306 698; x_wconf 86' lang='lat' dir='ltr'>quam</span> <span class='ocrx_word' id='word_1_292' title='bbox 1330 647 1584 698; x_wconf 82' lang='lat' dir='ltr'>fugitantibus</span> <span class='ocrx_word' id='word_1_293' title='bbox 1602 648 1858 698; x_wconf 85' lang='lat' dir='ltr'>disciplinam.</span> 
     </span>
    </p>
   </div>
   <div class='ocr_carea' id='block_1_16' title="bbox 1206 782 2215 792">
    <p class='ocr_par' dir='ltr' id='par_1_16' title="bbox 1206 782 2215 792">
     <span class='ocr_line' id='line_1_45' title="bbox 1206 782 2215 792; baseline -0.001 0"><span class='ocrx_word' id='word_1_294' title='bbox 1206 783 1214 791; x_wconf 56' lang='grc' dir='ltr'><strong><em>π</em></strong></span> <span class='ocrx_word' id='word_1_295' title='bbox 1220 783 1420 792; x_wconf 54' lang='grc' dir='ltr'>ικικ-νινιςνιιι</span> <span class='ocrx_word' id='word_1_296' title='bbox 1425 783 1685 792; x_wconf 56' lang='grc' dir='ltr'>ιιικαννιικιωινννιι</span> <span class='ocrx_word' id='word_1_297' title='bbox 1691 784 1700 791; x_wconf 72' lang='grc' dir='ltr'>ι</span> <span class='ocrx_word' id='word_1_298' title='bbox 1706 782 2127 792; x_wconf 50' lang='grc' dir='ltr'>ιινννινιιιωι-νιαηιικικ-κιιιιιι-</span> <span class='ocrx_word' id='word_1_299' title='bbox 2133 783 2215 792; x_wconf 48' lang='grc' dir='ltr'>Ἁικιη.</span> 
     </span>
    </p>
   </div>
   <div class='ocr_carea' id='block_1_17' title="bbox 1308 888 2086 958">
    <p class='ocr_par' dir='ltr' id='par_1_17' title="bbox 1308 888 2086 958">
     <span class='ocr_line' id='line_1_46' title="bbox 1308 888 2086 958; baseline -0.003 -2"><span class='ocrx_word' id='word_1_300' title='bbox 1308 899 1688 958; x_wconf 87' lang='lat' dir='ltr'>EPISTOLA</span> <span class='ocrx_word' id='word_1_301' title='bbox 1732 888 2086 958; x_wconf 85' lang='lat' dir='ltr'>CLXXXI.¹&#39;</span> 
     </span>
    </p>
   </div>
   <div class='ocr_carea' id='block_1_18' title="bbox 1369 1064 2031 1089">
    <p class='ocr_par' dir='ltr' id='par_1_18' title="bbox 1369 1064 2031 1089">
     <span class='ocr_line' id='line_1_47' title="bbox 1369 1064 2031 1089; baseline -0.002 -1"><span class='ocrx_word' id='word_1_302' title='bbox 1369 1066 1418 1088; x_wconf 77' lang='lat' dir='ltr'>AD</span> <span class='ocrx_word' id='word_1_303' title='bbox 1448 1066 1511 1088; x_wconf 65' lang='lat' dir='ltr'>HAI</span> <span class='ocrx_word' id='word_1_304' title='bbox 1517 1065 1698 1089; x_wconf 75' lang='lat' dir='ltr'><strong>MEMCUM</strong></span> <span class='ocrx_word' id='word_1_305' title='bbox 1728 1064 2031 1088; x_wconf 68' lang='lat' dir='ltr'>CANCELLARICM.</span> 
     </span>
    </p>
   </div>
   <div class='ocr_carea' id='block_1_19' title="bbox 1189 1183 2217 1285">
    <p class='ocr_par' dir='ltr' id='par_1_19' title="bbox 1189 1183 2217 1285">
     <span class='ocr_line' id='line_1_48' title="bbox 1189 1183 2217 1229; baseline -0.004 -10"><span class='ocrx_word' id='word_1_306' title='bbox 1189 1186 1360 1219; x_wconf 85' lang='lat' dir='ltr'>Profitetur</span> <span class='ocrx_word' id='word_1_307' title='bbox 1382 1198 1415 1219; x_wconf 89' lang='lat' dir='ltr'>se</span> <span class='ocrx_word' id='word_1_308' title='bbox 1442 1186 1604 1219; x_wconf 79' lang='lat' dir='ltr'>beneficiis</span> <span class='ocrx_word' id='word_1_309' title='bbox 1627 1186 1804 1229; x_wconf 84' lang='lat' dir='ltr'>imparem,</span> <span class='ocrx_word' id='word_1_310' title='bbox 1829 1184 1957 1216; x_wconf 87' lang='lat' dir='ltr'>nonnisi</span> <span class='ocrx_word' id='word_1_311' title='bbox 1978 1184 2149 1216; x_wconf 83' lang='lat' dir='ltr'>voluntatis</span> <span class='ocrx_word' id='word_1_312' title='bbox 2173 1183 2217 1215; x_wconf 87' lang='lat' dir='ltr'>af-</span> 
     </span>
     <span class='ocr_line' id='line_1_49' title="bbox 1480 1241 1924 1285; baseline -0.002 -13"><span class='ocrx_word' id='word_1_313' title='bbox 1480 1241 1564 1274; x_wconf 79' lang='lat' dir='ltr'>fectu</span> <span class='ocrx_word' id='word_1_314' title='bbox 1593 1247 1715 1285; x_wconf 80' lang='lat' dir='ltr'>gratum</span> <span class='ocrx_word' id='word_1_315' title='bbox 1735 1251 1803 1272; x_wconf 79' lang='lat' dir='ltr'>esse</span> <span class='ocrx_word' id='word_1_316' title='bbox 1818 1250 1924 1282; x_wconf 87' lang='lat' dir='ltr'>posse.</span> 
     </span>
    </p>
   </div>
   <div class='ocr_carea' id='block_1_20' title="bbox 1188 1366 2219 1788">
    <p class='ocr_par' dir='ltr' id='par_1_20' title="bbox 1188 1366 2219 1788">
     <span class='ocr_line' id='line_1_50' title="bbox 1244 1366 2217 1418; baseline -0.003 -11"><span class='ocrx_word' id='word_1_317' title='bbox 1244 1370 1281 1408; x_wconf 93' lang='lat' dir='ltr'>Si</span> <span class='ocrx_word' id='word_1_318' title='bbox 1304 1368 1434 1407; x_wconf 80' lang='lat' dir='ltr'>verbis</span> <span class='ocrx_word' id='word_1_319' title='bbox 1455 1367 1692 1406; x_wconf 90' lang='lat' dir='ltr'>contendere</span> <span class='ocrx_word' id='word_1_320' title='bbox 1715 1367 1830 1404; x_wconf 78' lang='lat' dir='ltr'>velim</span> <span class='ocrx_word' id='word_1_321' title='bbox 1853 1366 1901 1404; x_wconf 84' lang='lat' dir='ltr'>ad</span> <span class='ocrx_word' id='word_1_322' title='bbox 1921 1366 2107 1404; x_wconf 89' lang='lat' dir='ltr'>beneficia</span> <span class='ocrx_word' id='word_1_323' title='bbox 2128 1370 2217 1418; x_wconf 89' lang='lat' dir='ltr'>qui-</span> 
     </span>
     <span class='ocr_line' id='line_1_51' title="bbox 1189 1427 2217 1479; baseline -0.005 -10"><span class='ocrx_word' id='word_1_324' title='bbox 1189 1431 1261 1469; x_wconf 88' lang='lat' dir='ltr'>bus</span> <span class='ocrx_word' id='word_1_325' title='bbox 1292 1444 1353 1468; x_wconf 91' lang='lat' dir='ltr'>me</span> <span class='ocrx_word' id='word_1_326' title='bbox 1383 1429 1569 1479; x_wconf 83' lang='lat' dir='ltr'>obruitis,</span> <span class='ocrx_word' id='word_1_327' title='bbox 1590 1429 1692 1466; x_wconf 89' lang='lat' dir='ltr'>idem</span> <span class='ocrx_word' id='word_1_328' title='bbox 1720 1428 1793 1466; x_wconf 90' lang='lat' dir='ltr'>erit</span> <span class='ocrx_word' id='word_1_329' title='bbox 1813 1442 1857 1465; x_wconf 86' lang='lat' dir='ltr'>ac</span> <span class='ocrx_word' id='word_1_330' title='bbox 1879 1427 1909 1464; x_wconf 84' lang='lat' dir='ltr'>si</span> <span class='ocrx_word' id='word_1_331' title='bbox 1936 1428 2134 1478; x_wconf 89' lang='lat' dir='ltr'>impetitus</span> <span class='ocrx_word' id='word_1_332' title='bbox 2155 1441 2217 1465; x_wconf 86' lang='lat' dir='ltr'>sa-</span> 
     </span>
     <span class='ocr_line' id='line_1_52' title="bbox 1188 1487 2218 1544; baseline -0.005 -14"><span class='ocrx_word' id='word_1_333' title='bbox 1188 1493 1314 1544; x_wconf 78' lang='lat' dir='ltr'>gittis,</span> <span class='ocrx_word' id='word_1_334' title='bbox 1347 1492 1500 1530; x_wconf 88' lang='lat' dir='ltr'>festucis</span> <span class='ocrx_word' id='word_1_335' title='bbox 1531 1491 1709 1528; x_wconf 86' lang='lat' dir='ltr'>dimicem</span> <span class='ocrx_word' id='word_1_336' title='bbox 1732 1505 1740 1527; x_wconf 72' lang='grc' dir='ltr'>ε</span> <span class='ocrx_word' id='word_1_337' title='bbox 1763 1490 1836 1527; x_wconf 82' lang='grc'><strong>11151</strong></span> <span class='ocrx_word' id='word_1_338' title='bbox 1869 1489 1975 1540; x_wconf 90' lang='lat' dir='ltr'>quod</span> <span class='ocrx_word' id='word_1_339' title='bbox 2008 1489 2083 1526; x_wconf 89' lang='lat' dir='ltr'>hoc</span> <span class='ocrx_word' id='word_1_340' title='bbox 2105 1487 2218 1539; x_wconf 82' lang='lat' dir='ltr'>jocus</span> 
     </span>
     <span class='ocr_line' id='line_1_53' title="bbox 1188 1550 2219 1601; baseline -0.005 -10"><span class='ocrx_word' id='word_1_341' title='bbox 1188 1552 1517 1600; x_wconf 67' lang='grc' dir='ltr'><strong>11ἀ61)1ῐυ1·,11111(1</strong></span> <span class='ocrx_word' id='word_1_342' title='bbox 1547 1552 1670 1589; x_wconf 88' lang='lat' dir='ltr'>dolus.</span> <span class='ocrx_word' id='word_1_343' title='bbox 1692 1555 1805 1590; x_wconf 88' lang='lat' dir='ltr'>Facta</span> <span class='ocrx_word' id='word_1_344' title='bbox 1836 1551 1943 1588; x_wconf 88' lang='lat' dir='ltr'>factis</span> <span class='ocrx_word' id='word_1_345' title='bbox 1974 1550 2219 1601; x_wconf 88' lang='lat' dir='ltr'>compensari</span> 
     </span>
     <span class='ocr_line' id='line_1_54' title="bbox 1189 1611 2215 1666; baseline -0.004 -14"><span class='ocrx_word' id='word_1_346' title='bbox 1189 1623 1359 1666; x_wconf 88' lang='lat' dir='ltr'>oportet.</span> <span class='ocrx_word' id='word_1_347' title='bbox 1383 1618 1527 1652; x_wconf 82' lang='lat' dir='ltr'>Verum</span> <span class='ocrx_word' id='word_1_348' title='bbox 1555 1613 1594 1650; x_wconf 93' lang='lat' dir='ltr'>id</span> <span class='ocrx_word' id='word_1_349' title='bbox 1622 1613 1778 1664; x_wconf 88' lang='lat' dir='ltr'>quidem</span> <span class='ocrx_word' id='word_1_350' title='bbox 1809 1611 1975 1650; x_wconf 87' lang='lat' dir='ltr'>multum</span> <span class='ocrx_word' id='word_1_351' title='bbox 1996 1621 2052 1648; x_wconf 86' lang='lat' dir='ltr'>est</span> <span class='ocrx_word' id='word_1_352' title='bbox 2073 1611 2118 1648; x_wconf 87' lang='lat' dir='ltr'>ad</span> <span class='ocrx_word' id='word_1_353' title='bbox 2142 1626 2215 1649; x_wconf 89' lang='lat' dir='ltr'>me.</span> 
     </span>
     <span class='ocr_line' id='line_1_55' title="bbox 1189 1672 2217 1725; baseline -0.004 -12"><span class='ocrx_word' id='word_1_354' title='bbox 1189 1680 1286 1714; x_wconf 66' lang='lat' dir='ltr'>Nam</span> <span class='ocrx_word' id='word_1_355' title='bbox 1317 1675 1417 1713; x_wconf 91' lang='lat' dir='ltr'>unde</span> <span class='ocrx_word' id='word_1_356' title='bbox 1450 1675 1667 1712; x_wconf 84' lang='lat' dir='ltr'>sufficerem</span> <span class='ocrx_word' id='word_1_357' title='bbox 1698 1688 1848 1725; x_wconf 83' lang='lat' dir='ltr'>pauper</span> <span class='ocrx_word' id='word_1_358' title='bbox 1869 1683 1905 1711; x_wconf 91' lang='lat' dir='ltr'>et</span> <span class='ocrx_word' id='word_1_359' title='bbox 1927 1672 2124 1710; x_wconf 73' lang='lat' dir='ltr'>modicus?</span> <span class='ocrx_word' id='word_1_360' title='bbox 2150 1673 2217 1710; x_wconf 86' lang='lat' dir='ltr'>sed</span> 
     </span>
     <span class='ocr_line' id='line_1_56' title="bbox 1189 1735 2219 1788; baseline -0.005 -14"><span class='ocrx_word' id='word_1_361' title='bbox 1189 1737 1306 1775; x_wconf 91' lang='lat' dir='ltr'>rebus</span> <span class='ocrx_word' id='word_1_362' title='bbox 1326 1750 1477 1788; x_wconf 88' lang='lat' dir='ltr'>pauper</span> <span class='ocrx_word' id='word_1_363' title='bbox 1494 1745 1531 1773; x_wconf 90' lang='lat' dir='ltr'>et</span> <span class='ocrx_word' id='word_1_364' title='bbox 1550 1735 1698 1773; x_wconf 78' lang='lat' dir='ltr'>viribus</span> <span class='ocrx_word' id='word_1_365' title='bbox 1713 1766 1723 1783; x_wconf 87' lang='lat'>,</span> <span class='ocrx_word' id='word_1_366' title='bbox 1745 1749 1822 1772; x_wconf 91' lang='lat' dir='ltr'>non</span> <span class='ocrx_word' id='word_1_367' title='bbox 1843 1735 2056 1771; x_wconf 80' lang='lat' dir='ltr'>voluntate.</span> <span class='ocrx_word' id='word_1_368' title='bbox 2076 1737 2219 1784; x_wconf 84' lang='lat' dir='ltr'>AEqua-</span> 
     </span>
    </p>
   </div>
   <div class='ocr_carea' id='block_1_21' title="bbox 1139 1795 2220 1850">
    <p class='ocr_par' dir='ltr' id='par_1_21' title="bbox 1139 1795 2220 1850">
     <span class='ocr_line' id='line_1_57' title="bbox 1139 1795 2220 1850; baseline -0.006 -13"><span class='ocrx_word' id='word_1_369' title='bbox 1139 1807 1166 1843; x_wconf 89' lang='lat' dir='ltr'>C</span> <span class='ocrx_word' id='word_1_370' title='bbox 1189 1798 1240 1836; x_wconf 93' lang='lat' dir='ltr'>bo</span> <span class='ocrx_word' id='word_1_371' title='bbox 1269 1812 1361 1850; x_wconf 78' lang='lat' dir='ltr'>ergo</span> <span class='ocrx_word' id='word_1_372' title='bbox 1391 1798 1579 1836; x_wconf 85' lang='lat' dir='ltr'>beneficia</span> <span class='ocrx_word' id='word_1_373' title='bbox 1613 1797 1735 1844; x_wconf 85' lang='lat' dir='ltr'>votis,</span> <span class='ocrx_word' id='word_1_374' title='bbox 1765 1810 1850 1847; x_wconf 79' lang='lat' dir='ltr'>quae</span> <span class='ocrx_word' id='word_1_375' title='bbox 1884 1795 1991 1832; x_wconf 86' lang='lat' dir='ltr'>factis</span> <span class='ocrx_word' id='word_1_376' title='bbox 2021 1808 2099 1831; x_wconf 91' lang='lat' dir='ltr'>non</span> <span class='ocrx_word' id='word_1_377' title='bbox 2132 1808 2220 1844; x_wconf 89' lang='lat' dir='ltr'>pos-</span> 
     </span>
    </p>
   </div>
   <div class='ocr_carea' id='block_1_22' title="bbox 1186 1855 2220 2586">
    <p class='ocr_par' dir='ltr' id='par_1_22' title="bbox 1186 1855 2220 2586">
     <span class='ocr_line' id='line_1_58' title="bbox 1188 1855 2217 1905; baseline -0.006 -7"><span class='ocrx_word' id='word_1_378' title='bbox 1188 1874 1286 1898; x_wconf 89' lang='lat' dir='ltr'>sum.</span> <span class='ocrx_word' id='word_1_379' title='bbox 1315 1860 1524 1898; x_wconf 89' lang='lat' dir='ltr'>Desideriis</span> <span class='ocrx_word' id='word_1_380' title='bbox 1552 1859 1660 1897; x_wconf 81' lang='lat' dir='ltr'>dives</span> <span class='ocrx_word' id='word_1_381' title='bbox 1687 1872 1794 1905; x_wconf 86' lang='lat' dir='ltr'>sum,</span> <span class='ocrx_word' id='word_1_382' title='bbox 1818 1855 2020 1895; x_wconf 82' lang='lat' dir='ltr'>affectibus</span> <span class='ocrx_word' id='word_1_383' title='bbox 2046 1855 2217 1893; x_wconf 88' lang='lat' dir='ltr'>abundo.</span> 
     </span>
     <span class='ocr_line' id='line_1_59' title="bbox 1188 1917 2218 1970; baseline -0.007 -10"><span class='ocrx_word' id='word_1_384' title='bbox 1188 1926 1235 1960; x_wconf 90' lang='lat' dir='ltr'>Et</span> <span class='ocrx_word' id='word_1_385' title='bbox 1255 1931 1359 1960; x_wconf 89' lang='lat' dir='ltr'>certe</span> <span class='ocrx_word' id='word_1_386' title='bbox 1387 1935 1503 1959; x_wconf 91' lang='lat' dir='ltr'>verus</span> <span class='ocrx_word' id='word_1_387' title='bbox 1531 1921 1730 1958; x_wconf 85' lang='lat' dir='ltr'>beneficus</span> <span class='ocrx_word' id='word_1_388' title='bbox 1755 1919 1920 1970; x_wconf 90' lang='lat' dir='ltr'>amplius</span> <span class='ocrx_word' id='word_1_389' title='bbox 1942 1932 2022 1955; x_wconf 87' lang='lat' dir='ltr'>non</span> <span class='ocrx_word' id='word_1_390' title='bbox 2045 1917 2218 1967; x_wconf 89' lang='lat' dir='ltr'>requirit.</span> 
     </span>
     <span class='ocr_line' id='line_1_60' title="bbox 1188 1979 2220 2035; baseline -0.006 -14"><span class='ocrx_word' id='word_1_391' title='bbox 1188 1988 1282 2021; x_wconf 70' lang='lat' dir='ltr'>Nam</span> <span class='ocrx_word' id='word_1_392' title='bbox 1304 1983 1503 2035; x_wconf 90' lang='lat' dir='ltr'>quomodo</span> <span class='ocrx_word' id='word_1_393' title='bbox 1523 1982 1741 2029; x_wconf 76' lang='lat' dir='ltr'>beneficus,</span> <span class='ocrx_word' id='word_1_394' title='bbox 1763 1981 1830 2032; x_wconf 91' lang='lat' dir='ltr'>qui</span> <span class='ocrx_word' id='word_1_395' title='bbox 1851 1989 1988 2018; x_wconf 85' lang='lat' dir='ltr'>nonet</span> <span class='ocrx_word' id='word_1_396' title='bbox 2003 1979 2220 2017; x_wconf 83' lang='lat' dir='ltr'>benevolus</span> 
     </span>
     <span class='ocr_line' id='line_1_61' title="bbox 1187 2041 2219 2092; baseline -0.005 -9"><span class='ocrx_word' id='word_1_397' title='bbox 1187 2045 1388 2083; x_wconf 71' lang='lat' dir='ltr'>sitPPorro</span> <span class='ocrx_word' id='word_1_398' title='bbox 1403 2044 1617 2082; x_wconf 82' lang='lat' dir='ltr'>benevolus</span> <span class='ocrx_word' id='word_1_399' title='bbox 1632 2044 1683 2082; x_wconf 90' lang='lat' dir='ltr'>nil</span> <span class='ocrx_word' id='word_1_400' title='bbox 1703 2043 1773 2081; x_wconf 79' lang='lat' dir='ltr'>sibi</span> <span class='ocrx_word' id='word_1_401' title='bbox 1791 2042 1943 2080; x_wconf 87' lang='lat' dir='ltr'>charius</span> <span class='ocrx_word' id='word_1_402' title='bbox 1958 2041 2039 2092; x_wconf 85' lang='lat' dir='ltr'>ipsa</span> <span class='ocrx_word' id='word_1_403' title='bbox 2056 2041 2219 2078; x_wconf 66' lang='lat' dir='ltr'>aestimat</span> 
     </span>
     <span class='ocr_line' id='line_1_62' title="bbox 1186 2102 2219 2156; baseline -0.007 -12"><span class='ocrx_word' id='word_1_404' title='bbox 1186 2105 1483 2153; x_wconf 76' lang='lat' dir='ltr'>benevolentia,</span> <span class='ocrx_word' id='word_1_405' title='bbox 1509 2119 1585 2156; x_wconf 91' lang='lat' dir='ltr'>qua</span> <span class='ocrx_word' id='word_1_406' title='bbox 1612 2114 1650 2143; x_wconf 84' lang='lat' dir='ltr'>et</span> <span class='ocrx_word' id='word_1_407' title='bbox 1678 2104 1893 2142; x_wconf 82' lang='lat' dir='ltr'>benevolus</span> <span class='ocrx_word' id='word_1_408' title='bbox 1917 2102 2155 2147; x_wconf 85' lang='lat' dir='ltr'>nominatur,</span> <span class='ocrx_word' id='word_1_409' title='bbox 2181 2109 2219 2138; x_wconf 84' lang='lat' dir='ltr'>et</span> 
     </span>
     <span class='ocr_line' id='line_1_63' title="bbox 1186 2163 2218 2217; baseline -0.007 -12"><span class='ocrx_word' id='word_1_410' title='bbox 1186 2167 1383 2206; x_wconf 84' lang='lat' dir='ltr'>beneficus</span> <span class='ocrx_word' id='word_1_411' title='bbox 1403 2176 1471 2205; x_wconf 88' lang='lat' dir='ltr'>est.</span> <span class='ocrx_word' id='word_1_412' title='bbox 1497 2167 1675 2217; x_wconf 91' lang='lat' dir='ltr'>Denique</span> <span class='ocrx_word' id='word_1_413' title='bbox 1695 2163 1971 2203; x_wconf 73' lang='lat' dir='ltr'>benevolentia</span> <span class='ocrx_word' id='word_1_414' title='bbox 1994 2163 2140 2200; x_wconf 89' lang='lat' dir='ltr'>fructus</span> <span class='ocrx_word' id='word_1_415' title='bbox 2161 2171 2218 2200; x_wconf 84' lang='lat' dir='ltr'>cst</span> 
     </span>
     <span class='ocr_line' id='line_1_64' title="bbox 1186 2224 2217 2280; baseline -0.005 -13"><span class='ocrx_word' id='word_1_416' title='bbox 1186 2229 1363 2267; x_wconf 80' lang='lat' dir='ltr'>beneficii</span> <span class='ocrx_word' id='word_1_417' title='bbox 1386 2245 1393 2267; x_wconf 74' lang='grc' dir='ltr'>ε</span> <span class='ocrx_word' id='word_1_418' title='bbox 1414 2230 1484 2267; x_wconf 85' lang='grc'><strong>11151</strong></span> <span class='ocrx_word' id='word_1_419' title='bbox 1505 2229 1591 2280; x_wconf 90' lang='lat' dir='ltr'>quis</span> <span class='ocrx_word' id='word_1_420' title='bbox 1613 2229 1711 2265; x_wconf 91' lang='lat' dir='ltr'>sorte</span> <span class='ocrx_word' id='word_1_421' title='bbox 1729 2226 1960 2264; x_wconf 83' lang='lat' dir='ltr'>beneficium</span> <span class='ocrx_word' id='word_1_422' title='bbox 1983 2233 2093 2276; x_wconf 88' lang='lat' dir='ltr'>putet</span> <span class='ocrx_word' id='word_1_423' title='bbox 2110 2224 2217 2274; x_wconf 89' lang='lat' dir='ltr'>quod</span> 
     </span>
     <span class='ocr_line' id='line_1_65' title="bbox 1187 2284 2216 2341; baseline -0.006 -14"><span class='ocrx_word' id='word_1_424' title='bbox 1187 2290 1226 2326; x_wconf 88' lang='lat' dir='ltr'>in</span> <span class='ocrx_word' id='word_1_425' title='bbox 1248 2304 1316 2341; x_wconf 88' lang='lat' dir='ltr'>spe</span> <span class='ocrx_word' id='word_1_426' title='bbox 1344 2290 1506 2336; x_wconf 83' lang='lat' dir='ltr'>severit,</span> <span class='ocrx_word' id='word_1_427' title='bbox 1541 2298 1606 2327; x_wconf 89' lang='lat' dir='ltr'>aut</span> <span class='ocrx_word' id='word_1_428' title='bbox 1638 2290 1776 2326; x_wconf 88' lang='lat' dir='ltr'>timore</span> <span class='ocrx_word' id='word_1_429' title='bbox 1807 2287 2007 2324; x_wconf 86' lang='lat' dir='ltr'>dimiserit.</span> <span class='ocrx_word' id='word_1_430' title='bbox 2033 2284 2106 2323; x_wconf 90' lang='lat' dir='ltr'>Sed</span> <span class='ocrx_word' id='word_1_431' title='bbox 2131 2285 2216 2335; x_wconf 88' lang='lat' dir='ltr'>quis</span> 
     </span>
     <span class='ocr_line' id='line_1_66' title="bbox 1187 2347 2215 2395; baseline -0.006 -7"><span class='ocrx_word' id='word_1_432' title='bbox 1187 2365 1265 2388; x_wconf 92' lang='lat' dir='ltr'>non</span> <span class='ocrx_word' id='word_1_433' title='bbox 1287 2351 1416 2388; x_wconf 85' lang='lat' dir='ltr'>videat</span> <span class='ocrx_word' id='word_1_434' title='bbox 1435 2351 1509 2388; x_wconf 87' lang='lat' dir='ltr'>hoc</span> <span class='ocrx_word' id='word_1_435' title='bbox 1531 2350 1707 2388; x_wconf 89' lang='lat' dir='ltr'>relictum</span> <span class='ocrx_word' id='word_1_436' title='bbox 1722 2379 1731 2395; x_wconf 92' lang='lat'>‚</span> <span class='ocrx_word' id='word_1_437' title='bbox 1752 2348 1846 2386; x_wconf 91' lang='lat' dir='ltr'>illud</span> <span class='ocrx_word' id='word_1_438' title='bbox 1867 2347 2067 2385; x_wconf 87' lang='lat' dir='ltr'>venditum</span> <span class='ocrx_word' id='word_1_439' title='bbox 2081 2375 2090 2392; x_wconf 89' lang='lat'><strong><em>‚</em></strong></span> <span class='ocrx_word' id='word_1_440' title='bbox 2114 2360 2215 2383; x_wconf 90' lang='lat' dir='ltr'>neu-</span> 
     </span>
     <span class='ocr_line' id='line_1_67' title="bbox 1188 2407 2217 2462; baseline -0.005 -13"><span class='ocrx_word' id='word_1_441' title='bbox 1188 2422 1288 2450; x_wconf 87' lang='lat' dir='ltr'>trum</span> <span class='ocrx_word' id='word_1_442' title='bbox 1325 2412 1481 2449; x_wconf 79' lang='lat' dir='ltr'>datum?</span> <span class='ocrx_word' id='word_1_443' title='bbox 1517 2415 1682 2462; x_wconf 88' lang='lat' dir='ltr'>Oportet</span> <span class='ocrx_word' id='word_1_444' title='bbox 1718 2419 1845 2447; x_wconf 88' lang='lat' dir='ltr'>autem</span> <span class='ocrx_word' id='word_1_445' title='bbox 1883 2407 2134 2455; x_wconf 78' lang='lat' dir='ltr'>beneficium,</span> <span class='ocrx_word' id='word_1_446' title='bbox 2174 2416 2217 2445; x_wconf 90' lang='lat' dir='ltr'>ut</span> 
     </span>
     <span class='ocr_line' id='line_1_68' title="bbox 1186 2468 2218 2522; baseline -0.006 -11"><span class='ocrx_word' id='word_1_447' title='bbox 1186 2488 1278 2511; x_wconf 84' lang='lat' dir='ltr'>vere</span> <span class='ocrx_word' id='word_1_448' title='bbox 1309 2474 1374 2520; x_wconf 88' lang='lat' dir='ltr'>sit,</span> <span class='ocrx_word' id='word_1_449' title='bbox 1405 2486 1485 2510; x_wconf 87' lang='lat' dir='ltr'>esse</span> <span class='ocrx_word' id='word_1_450' title='bbox 1515 2472 1738 2522; x_wconf 77' lang='lat' dir='ltr'>gratuitum.</span> <span class='ocrx_word' id='word_1_451' title='bbox 1766 2470 1883 2508; x_wconf 88' lang='lat' dir='ltr'>Danti</span> <span class='ocrx_word' id='word_1_452' title='bbox 1904 2470 2034 2519; x_wconf 87' lang='lat' dir='ltr'>itaque</span> <span class='ocrx_word' id='word_1_453' title='bbox 2057 2468 2218 2520; x_wconf 89' lang='lat' dir='ltr'>rependi</span> 
     </span>
     <span class='ocr_line' id='line_1_69' title="bbox 1187 2533 2215 2586; baseline -0.006 -13"><span class='ocrx_word' id='word_1_454' title='bbox 1187 2536 1400 2586; x_wconf 88' lang='lat' dir='ltr'>quidquam</span> <span class='ocrx_word' id='word_1_455' title='bbox 1434 2534 1580 2584; x_wconf 78' lang='lat' dir='ltr'>gratius</span> <span class='ocrx_word' id='word_1_456' title='bbox 1615 2533 1663 2570; x_wconf 86' lang='lat' dir='ltr'>ab</span> <span class='ocrx_word' id='word_1_457' title='bbox 1704 2533 1917 2583; x_wconf 87' lang='lat' dir='ltr'>accipiente</span> <span class='ocrx_word' id='word_1_458' title='bbox 1953 2545 2031 2569; x_wconf 90' lang='lat' dir='ltr'>non</span> <span class='ocrx_word' id='word_1_459' title='bbox 2067 2539 2215 2581; x_wconf 87' lang='lat' dir='ltr'>potest,</span> 
     </span>
    </p>
   </div>
   <div class='ocr_carea' id='block_1_23' title="bbox 104 2593 2215 2651">
    <p class='ocr_par' dir='ltr' id='par_1_23' title="bbox 104 2593 2215 2651">
     <span class='ocr_line' id='line_1_70' title="bbox 104 2593 2215 2651; baseline -0.005 -13"><span class='ocrx_word' id='word_1_460' title='bbox 104 2600 231 2651; x_wconf 76' lang='lat' dir='ltr'>digna,</span> <span class='ocrx_word' id='word_1_461' title='bbox 251 2609 294 2638; x_wconf 90' lang='lat' dir='ltr'>ut</span> <span class='ocrx_word' id='word_1_462' title='bbox 313 2599 360 2637; x_wconf 90' lang='lat' dir='ltr'>de</span> <span class='ocrx_word' id='word_1_463' title='bbox 383 2599 584 2637; x_wconf 88' lang='lat' dir='ltr'>mendacio</span> <span class='ocrx_word' id='word_1_464' title='bbox 607 2613 722 2636; x_wconf 91' lang='lat' dir='ltr'>nemo</span> <span class='ocrx_word' id='word_1_465' title='bbox 741 2600 928 2645; x_wconf 85' lang='lat' dir='ltr'>lucretur,</span> <span class='ocrx_word' id='word_1_466' title='bbox 951 2611 1117 2649; x_wconf 75' lang='lat' dir='ltr'>praeser-</span> <span class='ocrx_word' id='word_1_467' title='bbox 1134 2603 1168 2637; x_wconf 92' lang='lat' dir='ltr'>D</span> <span class='ocrx_word' id='word_1_468' title='bbox 1187 2610 1303 2647; x_wconf 88' lang='lat' dir='ltr'>quam</span> <span class='ocrx_word' id='word_1_469' title='bbox 1325 2596 1355 2633; x_wconf 90' lang='lat' dir='ltr'>si</span> <span class='ocrx_word' id='word_1_470' title='bbox 1378 2605 1530 2646; x_wconf 75' lang='lat' dir='ltr'>gratum</span> <span class='ocrx_word' id='word_1_471' title='bbox 1558 2594 1758 2641; x_wconf 86' lang='lat' dir='ltr'>babuerit,</span> <span class='ocrx_word' id='word_1_472' title='bbox 1781 2594 1886 2644; x_wconf 90' lang='lat' dir='ltr'>quod</span> <span class='ocrx_word' id='word_1_473' title='bbox 1911 2593 2026 2643; x_wconf 75' lang='lat' dir='ltr'>gratis</span> <span class='ocrx_word' id='word_1_474' title='bbox 2055 2593 2215 2642; x_wconf 83' lang='lat' dir='ltr'>accepit.</span> 
     </span>
    </p>
   </div>
   <div class='ocr_carea' id='block_1_24' title="bbox 103 2660 1120 3198">
    <p class='ocr_par' dir='ltr' id='par_1_24' title="bbox 103 2660 1120 3198">
     <span class='ocr_line' id='line_1_71' title="bbox 105 2660 1120 2712; baseline -0.002 -14"><span class='ocrx_word' id='word_1_475' title='bbox 105 2661 167 2698; x_wconf 87' lang='lat' dir='ltr'>tim</span> <span class='ocrx_word' id='word_1_476' title='bbox 202 2661 305 2712; x_wconf 84' lang='lat' dir='ltr'>apud</span> <span class='ocrx_word' id='word_1_477' title='bbox 338 2669 507 2698; x_wconf 84' lang='lat' dir='ltr'>sanctam</span> <span class='ocrx_word' id='word_1_478' title='bbox 544 2669 582 2697; x_wconf 92' lang='lat' dir='ltr'>et</span> <span class='ocrx_word' id='word_1_479' title='bbox 617 2674 807 2698; x_wconf 87' lang='lat' dir='ltr'>summam</span> <span class='ocrx_word' id='word_1_480' title='bbox 843 2660 992 2697; x_wconf 87' lang='lat' dir='ltr'>Scdem.</span> <span class='ocrx_word' id='word_1_481' title='bbox 1029 2663 1120 2697; x_wconf 82' lang='lat' dir='ltr'>Haec</span> 
     </span>
     <span class='ocr_line' id='line_1_72' title="bbox 103 2722 1119 2773; baseline -0.004 -14"><span class='ocrx_word' id='word_1_482' title='bbox 103 2722 221 2760; x_wconf 85' lang='lat' dir='ltr'>sciens</span> <span class='ocrx_word' id='word_1_483' title='bbox 237 2736 334 2773; x_wconf 88' lang='lat' dir='ltr'>puer</span> <span class='ocrx_word' id='word_1_484' title='bbox 353 2730 481 2759; x_wconf 87' lang='lat' dir='ltr'>vester</span> <span class='ocrx_word' id='word_1_485' title='bbox 496 2735 630 2759; x_wconf 87' lang='lat' dir='ltr'>secure</span> <span class='ocrx_word' id='word_1_486' title='bbox 653 2722 847 2772; x_wconf 90' lang='lat' dir='ltr'>supplicat</span> <span class='ocrx_word' id='word_1_487' title='bbox 874 2735 946 2772; x_wconf 86' lang='lat' dir='ltr'>pro</span> <span class='ocrx_word' id='word_1_488' title='bbox 975 2724 1119 2758; x_wconf 81' lang='lat' dir='ltr'>Treve-</span> 
     </span>
     <span class='ocr_line' id='line_1_73' title="bbox 103 2783 1117 2833; baseline -0.003 -12"><span class='ocrx_word' id='word_1_489' title='bbox 103 2784 214 2830; x_wconf 86' lang='lat' dir='ltr'>rensi,</span> <span class='ocrx_word' id='word_1_490' title='bbox 236 2792 274 2821; x_wconf 92' lang='lat' dir='ltr'>et</span> <span class='ocrx_word' id='word_1_491' title='bbox 292 2784 345 2821; x_wconf 89' lang='lat' dir='ltr'>sic</span> <span class='ocrx_word' id='word_1_492' title='bbox 363 2784 479 2821; x_wconf 85' lang='lat' dir='ltr'>instat</span> <span class='ocrx_word' id='word_1_493' title='bbox 501 2797 580 2820; x_wconf 90' lang='lat' dir='ltr'>non</span> <span class='ocrx_word' id='word_1_494' title='bbox 604 2783 713 2833; x_wconf 89' lang='lat' dir='ltr'>quasi</span> <span class='ocrx_word' id='word_1_495' title='bbox 742 2783 780 2820; x_wconf 91' lang='lat' dir='ltr'>iu</span> <span class='ocrx_word' id='word_1_496' title='bbox 804 2783 1010 2820; x_wconf 89' lang='lat' dir='ltr'>incertum.</span> <span class='ocrx_word' id='word_1_497' title='bbox 1036 2785 1117 2832; x_wconf 79' lang='lat' dir='ltr'>Ego</span> 
     </span>
     <span class='ocr_line' id='line_1_74' title="bbox 103 2843 1115 2894; baseline -0.004 -13"><span class='ocrx_word' id='word_1_498' title='bbox 103 2843 256 2894; x_wconf 86' lang='lat' dir='ltr'>quippe,</span> <span class='ocrx_word' id='word_1_499' title='bbox 274 2857 344 2894; x_wconf 82' lang='lat' dir='ltr'>ego</span> <span class='ocrx_word' id='word_1_500' title='bbox 360 2843 528 2881; x_wconf 89' lang='lat' dir='ltr'>hominis</span> <span class='ocrx_word' id='word_1_501' title='bbox 547 2843 650 2880; x_wconf 90' lang='lat' dir='ltr'>illius</span> <span class='ocrx_word' id='word_1_502' title='bbox 666 2843 757 2879; x_wconf 89' lang='lat' dir='ltr'>novi</span> <span class='ocrx_word' id='word_1_503' title='bbox 779 2843 927 2889; x_wconf 82' lang='lat' dir='ltr'>merita,</span> <span class='ocrx_word' id='word_1_504' title='bbox 947 2854 1115 2886; x_wconf 86' lang='lat' dir='ltr'>causam,</span> 
     </span>
     <span class='ocr_line' id='line_1_75' title="bbox 104 2903 1119 2956; baseline -0.002 -16"><span class='ocrx_word' id='word_1_505' title='bbox 104 2903 364 2942; x_wconf 87' lang='lat' dir='ltr'>intentionem.</span> <span class='ocrx_word' id='word_1_506' title='bbox 387 2909 554 2956; x_wconf 83' lang='lat' dir='ltr'>Propter</span> <span class='ocrx_word' id='word_1_507' title='bbox 574 2904 681 2955; x_wconf 90' lang='lat' dir='ltr'>quod</span> <span class='ocrx_word' id='word_1_508' title='bbox 701 2904 842 2941; x_wconf 89' lang='lat' dir='ltr'>horum</span> <span class='ocrx_word' id='word_1_509' title='bbox 867 2917 956 2941; x_wconf 89' lang='lat' dir='ltr'>eum</span> <span class='ocrx_word' id='word_1_510' title='bbox 980 2903 1119 2940; x_wconf 83' lang='lat' dir='ltr'>volunt</span> 
     </span>
     <span class='ocr_line' id='line_1_76' title="bbox 105 2963 1116 3017; baseline -0.001 -16"><span class='ocrx_word' id='word_1_511' title='bbox 105 2965 276 3003; x_wconf 90' lang='lat' dir='ltr'>monachi</span> <span class='ocrx_word' id='word_1_512' title='bbox 293 2965 490 3017; x_wconf 77' lang='lat' dir='ltr'>lapidare?</span> <span class='ocrx_word' id='word_1_513' title='bbox 511 2967 610 3015; x_wconf 88' lang='lat' dir='ltr'>Quia</span> <span class='ocrx_word' id='word_1_514' title='bbox 626 2966 724 3003; x_wconf 85' lang='lat' dir='ltr'>male</span> <span class='ocrx_word' id='word_1_515' title='bbox 744 2965 915 3002; x_wconf 76' lang='lat' dir='ltr'>meruit?</span> <span class='ocrx_word' id='word_1_516' title='bbox 933 2964 1000 3002; x_wconf 89' lang='lat' dir='ltr'>sed</span> <span class='ocrx_word' id='word_1_517' title='bbox 1018 2963 1116 3001; x_wconf 86' lang='lat' dir='ltr'>fide—</span> 
     </span>
     <span class='ocr_line' id='line_1_77' title="bbox 104 3024 1118 3073; baseline 0 -12"><span class='ocrx_word' id='word_1_518' title='bbox 104 3024 186 3063; x_wconf 90' lang='lat' dir='ltr'>liter</span> <span class='ocrx_word' id='word_1_519' title='bbox 213 3027 355 3065; x_wconf 88' lang='lat' dir='ltr'>adstitit</span> <span class='ocrx_word' id='word_1_520' title='bbox 376 3056 386 3073; x_wconf 90' lang='lat'>,</span> <span class='ocrx_word' id='word_1_521' title='bbox 417 3036 456 3064; x_wconf 89' lang='lat' dir='ltr'>et</span> <span class='ocrx_word' id='word_1_522' title='bbox 488 3027 654 3064; x_wconf 87' lang='lat' dir='ltr'>multum</span> <span class='ocrx_word' id='word_1_523' title='bbox 694 3026 865 3063; x_wconf 86' lang='lat' dir='ltr'>servivit.</span> <span class='ocrx_word' id='word_1_524' title='bbox 902 3025 961 3063; x_wconf 90' lang='lat' dir='ltr'>Ob</span> <span class='ocrx_word' id='word_1_525' title='bbox 994 3037 1118 3061; x_wconf 84' lang='lat' dir='ltr'>causae</span> 
     </span>
     <span class='ocr_line' id='line_1_78' title="bbox 105 3084 1115 3138; baseline -0.001 -16"><span class='ocrx_word' id='word_1_526' title='bbox 105 3084 324 3136; x_wconf 86' lang='lat' dir='ltr'>injustitiam</span> <span class='ocrx_word' id='word_1_527' title='bbox 340 3090 355 3125; x_wconf 79' lang='lat'>?</span> <span class='ocrx_word' id='word_1_528' title='bbox 376 3088 443 3125; x_wconf 91' lang='lat' dir='ltr'>sed</span> <span class='ocrx_word' id='word_1_529' title='bbox 464 3087 649 3138; x_wconf 85' lang='lat' dir='ltr'>injustum</span> <span class='ocrx_word' id='word_1_530' title='bbox 673 3100 789 3124; x_wconf 90' lang='lat' dir='ltr'>nemo</span> <span class='ocrx_word' id='word_1_531' title='bbox 807 3116 816 3133; x_wconf 90' lang='lat'>,</span> <span class='ocrx_word' id='word_1_532' title='bbox 838 3086 909 3123; x_wconf 89' lang='lat' dir='ltr'>nisi</span> <span class='ocrx_word' id='word_1_533' title='bbox 927 3085 1093 3135; x_wconf 85' lang='lat' dir='ltr'>injustus</span> <span class='ocrx_word' id='word_1_534' title='bbox 1106 3113 1115 3131; x_wconf 87' lang='lat'>,</span> 
     </span>
     <span class='ocr_line' id='line_1_79' title="bbox 105 3147 1118 3198; baseline 0 -15"><span class='ocrx_word' id='word_1_535' title='bbox 105 3147 328 3186; x_wconf 86' lang='lat' dir='ltr'>causabitur.</span> <span class='ocrx_word' id='word_1_536' title='bbox 346 3149 460 3198; x_wconf 84' lang='lat' dir='ltr'>Quod</span> <span class='ocrx_word' id='word_1_537' title='bbox 474 3149 521 3186; x_wconf 91' lang='lat' dir='ltr'>de</span> <span class='ocrx_word' id='word_1_538' title='bbox 538 3163 654 3186; x_wconf 86' lang='lat' dir='ltr'>manu</span> <span class='ocrx_word' id='word_1_539' title='bbox 670 3148 766 3186; x_wconf 85' lang='lat' dir='ltr'>laica</span> <span class='ocrx_word' id='word_1_540' title='bbox 781 3147 1019 3185; x_wconf 81' lang='lat' dir='ltr'>vindicavit?</span> <span class='ocrx_word' id='word_1_541' title='bbox 1038 3147 1118 3184; x_wconf 87' lang='lat' dir='ltr'>imo</span> 
     </span>
    </p>
   </div>
   <div class='ocr_carea' id='block_1_25' title="bbox 153 3283 458 3324">
    <p class='ocr_par' dir='ltr' id='par_1_25' title="bbox 153 3283 458 3324">
     <span class='ocr_line' id='line_1_80' title="bbox 153 3283 458 3324; baseline 0.007 -10"><span class='ocrx_word' id='word_1_542' title='bbox 153 3288 162 3303; x_wconf 94' lang='lat'>¹</span> <span class='ocrx_word' id='word_1_543' title='bbox 181 3283 382 3324; x_wconf 78' lang='lat' dir='ltr'>Psal.xxv1,</span> <span class='ocrx_word' id='word_1_544' title='bbox 404 3288 458 3317; x_wconf 83' lang='lat'>12.</span> 
     </span>
    </p>
   </div>
   <div class='ocr_carea' id='block_1_26' title="bbox 1186 2654 2217 3062">
    <p class='ocr_par' dir='ltr' id='par_1_26' title="bbox 1186 2654 2217 3062">
     <span class='ocr_line' id='line_1_81' title="bbox 1188 2654 2216 2695; baseline -0.005 0"><span class='ocrx_word' id='word_1_545' title='bbox 1188 2662 1236 2695; x_wconf 88' lang='lat' dir='ltr'>Et</span> <span class='ocrx_word' id='word_1_546' title='bbox 1265 2658 1346 2695; x_wconf 79' lang='lat' dir='ltr'>haec</span> <span class='ocrx_word' id='word_1_547' title='bbox 1374 2656 1647 2695; x_wconf 62' lang='lat' dir='ltr'>benevolentia</span> <span class='ocrx_word' id='word_1_548' title='bbox 1681 2665 1833 2693; x_wconf 84' lang='lat' dir='ltr'>creatur</span> <span class='ocrx_word' id='word_1_549' title='bbox 1867 2655 1914 2692; x_wconf 92' lang='lat' dir='ltr'>de</span> <span class='ocrx_word' id='word_1_550' title='bbox 1941 2654 2216 2691; x_wconf 86' lang='lat' dir='ltr'>benevolentia</span> 
     </span>
     <span class='ocr_line' id='line_1_82' title="bbox 1187 2714 2214 2768; baseline -0.006 -12"><span class='ocrx_word' id='word_1_551' title='bbox 1187 2719 1313 2756; x_wconf 88' lang='lat' dir='ltr'>dantis</span> <span class='ocrx_word' id='word_1_552' title='bbox 1345 2719 1384 2756; x_wconf 89' lang='lat' dir='ltr'>in</span> <span class='ocrx_word' id='word_1_553' title='bbox 1412 2719 1542 2756; x_wconf 91' lang='lat' dir='ltr'>animo</span> <span class='ocrx_word' id='word_1_554' title='bbox 1566 2717 1811 2768; x_wconf 88' lang='lat' dir='ltr'>accipientis,</span> <span class='ocrx_word' id='word_1_555' title='bbox 1841 2715 2029 2753; x_wconf 80' lang='lat' dir='ltr'>beneficio</span> <span class='ocrx_word' id='word_1_556' title='bbox 2058 2714 2214 2765; x_wconf 88' lang='lat' dir='ltr'>quidem</span> 
     </span>
     <span class='ocr_line' id='line_1_83' title="bbox 1186 2776 2216 2828; baseline -0.007 -10"><span class='ocrx_word' id='word_1_557' title='bbox 1186 2782 1483 2819; x_wconf 82' lang='lat' dir='ltr'>interveniente.</span> <span class='ocrx_word' id='word_1_558' title='bbox 1508 2785 1589 2819; x_wconf 89' lang='lat' dir='ltr'>Hac</span> <span class='ocrx_word' id='word_1_559' title='bbox 1610 2793 1671 2817; x_wconf 92' lang='lat' dir='ltr'>me</span> <span class='ocrx_word' id='word_1_560' title='bbox 1694 2780 1816 2816; x_wconf 89' lang='lat' dir='ltr'>fateor</span> <span class='ocrx_word' id='word_1_561' title='bbox 1836 2777 2069 2828; x_wconf 83' lang='lat' dir='ltr'>locupletem</span> <span class='ocrx_word' id='word_1_562' title='bbox 2088 2791 2096 2813; x_wconf 87' lang='lat'>:</span> <span class='ocrx_word' id='word_1_563' title='bbox 2117 2776 2216 2812; x_wconf 86' lang='lat' dir='ltr'>hanc</span> 
     </span>
     <span class='ocr_line' id='line_1_84' title="bbox 1188 2837 2215 2893; baseline -0.005 -15"><span class='ocrx_word' id='word_1_564' title='bbox 1188 2842 1234 2879; x_wconf 93' lang='lat' dir='ltr'>de</span> <span class='ocrx_word' id='word_1_565' title='bbox 1255 2842 1373 2880; x_wconf 87' lang='lat' dir='ltr'>corde</span> <span class='ocrx_word' id='word_1_566' title='bbox 1404 2843 1523 2893; x_wconf 90' lang='lat' dir='ltr'>pleno</span> <span class='ocrx_word' id='word_1_567' title='bbox 1552 2841 1706 2890; x_wconf 77' lang='lat' dir='ltr'>dignam</span> <span class='ocrx_word' id='word_1_568' title='bbox 1734 2839 1912 2891; x_wconf 89' lang='lat' dir='ltr'>profecto</span> <span class='ocrx_word' id='word_1_569' title='bbox 1939 2837 2061 2874; x_wconf 78' lang='lat' dir='ltr'>offero</span> <span class='ocrx_word' id='word_1_570' title='bbox 2084 2850 2215 2873; x_wconf 84' lang='lat' dir='ltr'>remu—</span> 
     </span>
     <span class='ocr_line' id='line_1_85' title="bbox 1187 2897 2215 2947; baseline -0.007 -8"><span class='ocrx_word' id='word_1_571' title='bbox 1187 2903 1429 2941; x_wconf 88' lang='lat' dir='ltr'>nerationem</span> <span class='ocrx_word' id='word_1_572' title='bbox 1453 2916 1539 2939; x_wconf 91' lang='lat' dir='ltr'>meo</span> <span class='ocrx_word' id='word_1_573' title='bbox 1560 2900 1821 2947; x_wconf 84' lang='lat' dir='ltr'>benefactori3</span> <span class='ocrx_word' id='word_1_574' title='bbox 1841 2900 1939 2937; x_wconf 86' lang='lat' dir='ltr'>hanc</span> <span class='ocrx_word' id='word_1_575' title='bbox 1959 2898 2123 2935; x_wconf 89' lang='lat' dir='ltr'>devotus</span> <span class='ocrx_word' id='word_1_576' title='bbox 2140 2897 2215 2933; x_wconf 91' lang='lat' dir='ltr'>im-</span> 
     </span>
     <span class='ocr_line' id='line_1_86' title="bbox 1188 2959 2217 3009; baseline -0.007 -8"><span class='ocrx_word' id='word_1_577' title='bbox 1188 2963 1294 3000; x_wconf 90' lang='lat' dir='ltr'>molo</span> <span class='ocrx_word' id='word_1_578' title='bbox 1327 2963 1557 3001; x_wconf 79' lang='lat' dir='ltr'>sacrificium</span> <span class='ocrx_word' id='word_1_579' title='bbox 1593 2961 1717 2999; x_wconf 91' lang='lat' dir='ltr'>laudis</span> <span class='ocrx_word' id='word_1_580' title='bbox 1754 2960 1890 2999; x_wconf 88' lang='lat' dir='ltr'>factori</span> <span class='ocrx_word' id='word_1_581' title='bbox 1930 2959 2104 2997; x_wconf 87' lang='lat' dir='ltr'>omnium</span> <span class='ocrx_word' id='word_1_582' title='bbox 2142 2971 2217 3009; x_wconf 84' lang='lat' dir='ltr'>pro</span> 
     </span>
     <span class='ocr_line' id='line_1_87' title="bbox 1188 3022 1714 3062; baseline 0 -2"><span class='ocrx_word' id='word_1_583' title='bbox 1188 3024 1309 3062; x_wconf 85' lang='lat' dir='ltr'>salute</span> <span class='ocrx_word' id='word_1_584' title='bbox 1337 3024 1412 3062; x_wconf 90' lang='lat' dir='ltr'>mei</span> <span class='ocrx_word' id='word_1_585' title='bbox 1444 3022 1714 3062; x_wconf 86' lang='lat' dir='ltr'>benefactoris.</span> 
     </span>
    </p>
   </div>
   <div class='ocr_carea' id='block_1_27' title="bbox 149 3343 1295 3389">
    <p class='ocr_par' dir='ltr' id='par_1_27' title="bbox 149 3343 1295 3389">
     <span class='ocr_line' id='line_1_88' title="bbox 149 3343 1295 3389; baseline -0.002 -14"><span class='ocrx_word' id='word_1_586' title='bbox 149 3345 162 3360; x_wconf 75' lang='lat'>³</span> <span class='ocrx_word' id='word_1_587' title='bbox 179 3344 298 3388; x_wconf 83' lang='lat' dir='ltr'>Scripta</span> <span class='ocrx_word' id='word_1_588' title='bbox 313 3356 396 3378; x_wconf 86' lang='lat' dir='ltr'>anno</span> <span class='ocrx_word' id='word_1_589' title='bbox 414 3345 528 3378; x_wconf 84' lang='lat' dir='ltr'>Christi</span> <span class='ocrx_word' id='word_1_590' title='bbox 550 3347 650 3381; x_wconf 72' lang='lat'>1136.</span> <span class='ocrx_word' id='word_1_591' title='bbox 669 3366 713 3369; x_wconf 83' lang='lat'>-—</span> <span class='ocrx_word' id='word_1_592' title='bbox 731 3346 746 3368; x_wconf 76' lang='lat' dir='ltr'>b</span> <span class='ocrx_word' id='word_1_593' title='bbox 765 3349 885 3389; x_wconf 78' lang='lat' dir='ltr'>Scripta</span> <span class='ocrx_word' id='word_1_594' title='bbox 903 3344 983 3376; x_wconf 75' lang='lat' dir='ltr'>circa</span> <span class='ocrx_word' id='word_1_595' title='bbox 1001 3343 1147 3376; x_wconf 82' lang='lat' dir='ltr'>eumdem</span> <span class='ocrx_word' id='word_1_596' title='bbox 1166 3354 1295 3374; x_wconf 81' lang='lat' dir='ltr'>aunum.</span> 
     </span>
    </p>
   </div>
  </div>
 </body>
</html>
