2565 3952
93 161 166 200 325

1007 169 1273 206 EPISTOL.E.

88 241 176 278 dere
199 239 500 290 compellamini.
520 243 612 277 Nam
637 239 668 277 is
688 240 754 289 qui
774 249 875 278 amat
894 243 1104 293 primatum
1118 245 1145 263 ¹³

2119 188 2194 226 326

1155 246 1430 295 110100111111111,
1446 263 1521 299 qua
1542 259 1681 288 terram
1710 262 1747 290 et
1768 256 1936 295 cinerem
1962 263 2098 311 pudet,
2120 280 2196 304 non

86 315 216 354 gerere
233 302 334 338 inter
352 314 439 347 105,
455 301 686 351 Diotrephes
701 329 710 346 ‚
737 315 815 339 11011
837 304 972 354 recipit
995 312 1110 354 vos³;
1131 312 1160 345 A
1180 308 1266 345 dico
1294 309 1452 359 subjici,
1472 311 1537 348 sed
1559 326 1635 349 11011
1660 313 1878 353 dominari?

85 376 154 400 nec
186 362 287 399 enim
317 361 488 411 agnoscit
519 374 625 406 eum,
649 374 763 410 quem
794 371 874 399 tota
900 363 1103 403 vobiscum

86 423 327 473 amplectitur
348 421 514 459 Ecclesia
543 422 759 459 venientem
784 423 822 460 in
844 425 1003 463 nomine
1024 431 1104 464 Do-

89 483 192 521 mini.
216 485 300 519 Non
320 482 441 528 huuc,
466 482 644 531 inquam,
667 482 733 519 scd
756 484 821 533 qui
843 485 948 522 venit
971 486 1009 522 in
1031 500 1105 523 no-

87 543 187 581 mine
220 555 310 587 suo,
339 543 446 578 illum
483 542 629 592 recipit.
658 546 735 581 Nec
767 545 920 583 mirum.
950 550 997 584 Et
1023 548 1104 598 ipse

86 616 222 654 nempe
248 602 492 653 infatigabilis
523 602 569 639 ad
603 616 744 640 nomen
773 606 917 654 grande
939 608 1103 646 multum

79 664 253 708 anhelat,
277 664 390 700 etiam
409 663 449 700 in
474 663 544 700 hac
570 671 691 701 aetate.
714 668 791 702 Nec
817 679 907 704 sane
929 668 1019 706 salsa
1041 671 1101 707 vel

83 725 227 762 incerta
252 724 438 775 opinione
468 723 591 761 ducor
614 733 750 762 notare
769 725 964 765 hominem
987 743 1104 780 super

84 785 249 823 vanitate
269 785 504 831 istiusmodi,
523 784 590 822 sed
615 785 661 822 de
685 800 752 824 ore
777 801 847 825 suo
872 790 990 840 ipsius
1012 804 1101 829 eum

81 844 227 897 judico.
260 848 305 883 In
337 847 470 884 litteris
507 846 719 896 siquidem,
757 863 852 899 (luas
888 864 1015 902 nuper
1053 854 1102 890 ad

86 907 360 945 Cancellarium
398 908 552 960 scripsit
584 908 808 958 familiares,
841 925 972 950 nonne
1007 912 1108 964 lega-

88 967 200 1005 tionis
217 980 298 1005 sese
319 977 357 1006 et
374 983 515 1017 onere,
535 980 573 1009 et
592 972 749 1009 nomine
771 972 956 1012 honorari
969 973 986 997 ¹²
1002 984 1109 1014 tanto

84 1028 277 1078 indignius
305 1031 516 1081 supplicat,
540 1042 686 1083 quanto
715 1034 921 1073 humilius?
954 1037 1110 1075 L’tinam

1227 370 1263 407 3.
1286 375 1450 420 Propter
1474 372 1547 409 1100
1572 386 1664 423 ergo
1691 376 1845 425 reliquit
1874 378 1990 417 homo
2020 396 2128 420 suum
2152 386 2199 422 il-

1174 429 1250 466 lum
1270 433 1419 480 patrem
1437 441 1611 469 sanctum
1629 437 1898 474 Innocentium
1918 438 1990 489 <sic
2007 445 2108 480 enim
2128 460 2197 481 no-

1174 491 1388 542 minabat),
1415 501 1453 529 01
1472 502 1633 531 matrem
1668 509 1774 532 suam
1797 508 1964 536 sanctam
1990 504 2196 543 Ecclesiam

1174 552 1425 600 catholicam3
1447 563 1485 591 et
1513 555 1682 592 adhaeret
1708 558 2029 599 schismatiarehae
2051 578 2141 613 suo,
2163 576 2201 603 et.

1173 621 1263 649 sunt
1291 613 1368 650 duo
1397 614 1436 650 in
1464 616 1632 652 vanitate
1662 630 1751 654 una.
1781 622 2059 660 Percusserunt
2079 626 2202 664 foedus

1172 672 1219 709 ad
1242 673 1427 720 invicem,
1450 682 1487 710 et
1511 688 1629 725 super
1656 678 1845 727 populum
1874 682 1943 717 Dei
1967 684 2201 734 malignave-

1170 743 1263 770 runt
1294 735 1515 773 consilium.
1539 739 1707 787 Squama
1736 752 1905 789 squamae
1934 744 2198 796 conjungitur,

1171 803 1208 831 et
1232 795 1466 845 spiraculum
1497 811 1575 834 non
1606 807 1662 835 051
1696 800 1734 836 in
1768 801 1821 838 eis
1835 807 1860 838 ².
1893 807 1967 840 Iste
1994 805 2098 842 illum
2132 822 2202 859 pa—

1175 869 1287 906 pam,
1311 857 1375 894 ille
1406 858 1510 896 hunc
1538 860 1705 898 vicissim
1738 862 1903 912 legatum
1927 867 2138 917 scriptitat,
2163 880 2203 907 ut

1177 917 1372 968 decipiant
1399 919 1473 970 ipsi
1507 921 1553 958 de
1573 923 1741 960 vanitate
1764 924 1800 961 in
1826 925 2008 978 idipsum.
2035 932 2204 969 Invicem

1178 991 1217 1014 se
1238 980 1501 1029 consolantur,
1525 990 1695 1030 tuentur,
1719 988 2016 1037 commendant3
2040 992 2202 1042 quisque

1180 1047 1307 1075 tamen
1330 1053 1402 1090 pro
1428 1055 1487 1088 se,
1510 1056 1589 1079 non
1618 1058 1690 1094 pro
1714 1046 1891 1086 invicem.
1914 1050 2101 1088 Nimirum
2132 1054 2205 1090 ho—

85 1097 208 1128 tamen
240 1090 484 1130 obtinuisset.
508 1095 793 1132 Minusvforsan
818 1097 1011 1134 nocuisset
1034 1112 1109 1148 po-
1134 1093 1160 1128 Β
1179 1100 1299 1137 mines
1318 1110 1406 1138 sunt
1422 1115 1461 1139 se
1476 1104 1580 1153 ipsos
1595 1115 1778 1144 amantes,
1798 1110 1883 1145 Pari
1901 1111 2057 1160 (1111110111
2075 1115 2202 1152 studio

82 1150 148 1188 tita
168 1152 268 1188 votis
285 1152 465 1200 ambitio,
485 1169 600 1205 quam
622 1156 813 1193 frustrata.
837 1161 944 1194 Tunc
961 1159 1108 1210 quippe

82 1211 174 1258 soli,
197 1220 263 1249 aut
287 1226 386 1263 pene
409 1215 480 1251 soli
502 1215 654 1253 obesset
675 1216 746 1253 sibi
767 1232 774 1253 :
799 1231 903 1255 1111110
924 1232 1018 1256 vero
1038 1234 1109 1257 sae-

82 1271 137 1307 vit
168 1271 207 1308 in
237 1271 386 1310 orbem.
421 1274 535 1311 Vides
565 1276 660 1325 quid
688 1276 777 1312 facit
812 1290 922 1314 amor
952 1280 1109 1328 gloriae?

81 1332 256 1382 LegatiO,
281 1334 430 1371 sarcina
455 1336 581 1385 gravis
596 1364 605 1381 ,
626 1336 797 1373 humeris
822 1340 1035 1387 praesertim
1053 1353 1106 1377 se—

85 1392 224 1431 nilibus
245 1408 253 1430 :
278 1394 363 1444 quis
393 1396 559 1433 nesciat?
586 1400 633 1434 Et
663 1405 790 1434 tamen
818 1398 963 1436 homini
988 1401 1110 1438 senis-

85 1454 179 1492 simo
204 1455 358 1504 gravior
379 1455 533 1493 videtur
552 1471 683 1507 poena,
705 1459 899 1508 reliquum
925 1459 964 1496 id
989 1460 1107 1499 breve

85 1513 230 1552 dierum
247 1529 407 1553 suorum
426 1516 556 1554 vivere
576 1518 658 1555 sine
676 1518 747 1555 hac
766 1532 895 1570 poena.

136 1575 171 1614 2.
199 1575 273 1614 Sed
298 1576 396 1614 forte
423 1577 644 1616 causabitur
664 1592 703 1617 se
725 1579 772 1617 de
793 1581 1012 1632 suspicione
1039 1582 1105 1633 ju-

84 1635 219 1683 dicari,
238 1645 276 1674 et
293 1650 364 1674 nos
379 1638 604 1676 temeritatis
621 1649 775 1690 arguet,
795 1642 860 1691 qui
878 1641 924 1679 de
943 1645 1104 1681 occultis

84 1696 161 1734 suis
181 1697 501 1748 reprehendimus
522 1700 629 1750 quod
650 1715 729 1738 non
748 1702 1012 1752 probavimus.
1033 1709 1106 1743 Fa-

86 1765 187 1805 teor,
213 1760 446 1810 suspiciosus
472 1775 556 1798 sum
587 1762 627 1799 in
658 1762 728 1800 hac
755 1773 865 1814 parte
885 1780 892 1801 ε
912 1773 949 1802 01
975 1768 1104 1805 nescio

82 1831 130 1856 an
149 1820 209 1857 vel
232 1821 536 1872 simplicissimus
556 1824 643 1873 quis
667 1838 778 1862 secus
799 1827 941 1864 sentire
961 1829 1102 1877 possit,

1177 1172 1445 1200 convenerunt
1474 1165 1658 1204 adversus
1690 1170 1923 1218 Dominum,
1946 1181 1983 1208 et
2018 1174 2202 1214 advorsus

1177 1222 1361 1260 christum
1385 1225 1486 1274 ejus,
1506 1227 1570 1263 sed
1595 1228 1709 1277 plane
1731 1230 2010 1271 intentionibus
2032 1249 2108 1272 11011
2133 1251 2201 1274 co-

1176 1282 1337 1320 haerent.
1378 1287 1524 1333 Quaerit
1565 1289 1682 1337 magis
1723 1304 1770 1327 ex
1807 1292 1994 1331 alterutro
2038 1305 2201 1347 uterque

1176 1344 1352 1392 profecto
1376 1359 1462 1395 quae
1496 1360 1562 1383 sua
1598 1358 1706 1395 sunt,
1744 1351 1888 1401 idque,
1923 1356 2028 1404 quod
2060 1358 2202 1396 audcr'e

1176 1405 1365 1442 nefarium
1396 1415 1475 1453 est,
1499 1408 1539 1444 in
1572 1408 1793 1448 haereditate
1825 1414 1975 1453 Christi.
2003 1419 2103 1466 Quid
2130 1420 2201 1458 11151

1175 1473 1264 1502 ante
1285 1467 1419 1504 oculos
1439 1477 1589 1506 vestros
1610 1481 1819 1519 conantur,
1844 1475 1873 1511 si
1893 1477 2087 1525 patimini,
2105 1494 2201 1530 pro—

1175 1525 1343 1564 scribere
1380 1529 1597 1567 Christum?
1623 1535 1707 1569 Jam
1744 1548 1867 1573 novos
1898 1539 2001 1588 apud
2033 1554 2102 1578 vos
2130 1555 2199 1579 suo

1174 1600 1284 1638 papae
1305 1589 1412 1627 cudit
1443 1591 1589 1641 legatus
1615 1594 1853 1646 episcoposss,
1876 1612 1924 1635 ne
1954 1601 2025 1637 soli
2050 1603 2097 1639 sit
2128 1603 2199 1641 51111

1171 1661 1285 1699 papa.
1316 1653 1393 1687 Nec
1433 1654 1596 1691 mortuis
1633 1669 1892 1706 successores,
1924 1662 1989 1698 sed
2020 1663 2118 1701 11115
2143 1666 2199 1702 10-

1170 1723 1328 1748 rasores
1366 1714 1567 1762 tyrannica
1598 1717 1717 1754 fretus
1748 1721 1921 1768 potentia
1954 1726 2197 1774 superintru—

1173 1770 1248 1817 dit,
1271 1781 1406 1811 nactus
1428 1776 1571 1813 scilicet
1601 1777 1648 1814 de
1672 1780 1815 1817 malitia
1844 1783 2064 1834 principum
2091 1801 2198 1825 occa-

1173 1833 1343 1880 sionem,
1365 1835 1432 1885 qui
1463 1850 1618 1875 suarum
1648 1840 1847 1879 civitatum
1875 1845 2077 1897 episcopos
2107 1850 2198 1886 odio

85 1880 224 1931 quippe
238 1881 287 1918 'in
316 1885 626 1922 tam'manifesta
658 1885 895 1936 conjectura.
929 1892 982 1927 [t
1002 1890 1105 1927 00110
1125 1899 1151 1934 C
1172 1905 1461 1945 persequuntur
1494 1898 1640 1949 iniquo.
1664 1901 1724 1939 Sic
1755 1903 1861 1940 sedet
1884 1905 1923 1941 in
1944 1906 2090 1945 insidiis
2112 1923 2196 1946 cum

82 1940 289 1992 simplicem
313 1944 476 1982 referam
498 1944 670 1983 breviter
689 1947 905 1995 actionem,
929 1950 1077 1999 primus
1091 1981 1100 1998 ,

83 2010 148 2039 aut
166 2002 266 2041 inter
291 2006 439 2055 primos
465 2006 599 2044 scribit
625 2021 735 2059 papae
764 2012 1020 2048 Innocentio:
1043 2012 1101 2049 le-

83 2063 269 2114 gationem
309 2067 499 2115 postulat,
539 2082 619 2105 non
658 2069 818 2108 obtinet.
860 2071 1101 2122 Indignatur,

71 2123 199 2161 ‘resilit
222 2125 270 2163 ab
290 2126 380 2174 illo,
401 2129 537 2166 transit
559 2129 607 2166 ad
637 2130 754 2167 alium
769 2161 778 2178 ,
804 2132 923 2182 ipsius
951 2146 990 2170 se
1020 2147 1101 2171 esse

81 2183 241 2234 legatum
261 2187 459 2236 gloriatur.
483 2191 598 2238 Quod
619 2191 649 2228 si
671 2200 737 2228 aut
756 2191 803 2229 ab
823 2193 890 2229 illo
911 2202 1000 2231 ante
1022 2208 1100 2231 non

82 2247 338 2297 poposcisset,
358 2259 424 2287 aut
445 2252 696 2301 postmodum
722 2267 802 2290 non
825 2255 1035 2306 accepisset
1053 2256 1100 2294 ab

83 2305 171 2355 isto;
188 2309 292 2346 credi
311 2319 465 2360 poterat
484 2313 600 2349 alium
620 2327 907 2365 quemcumque
924 2315 1104 2354 habuisse

86 2365 125 2404 in
153 2371 472 2419 praevaricatione
507 2373 710 2421 intuitum,
740 2375 810 2412 etsi
841 2389 921 2413 non
955 2386 1103 2415 rectum

85 2427 244 2479 aliquem
265 2447 272 2468 :
296 2445 400 2470 nunc
420 2442 547 2471 autem
576 2435 865 2473 excusationem
887 2450 966 2474 non
989 2438 1104 2475 habet

87 2488 132 2526 de
153 2491 360 2531 ambitione
388 2508 468 2532 sua.
498 2496 675 2546 Denique
703 2505 825 2547 ponat
851 2498 964 2535 etiam
998 2513 1102 2537 1111110

49 2575 50 2578 =
86 2549 194 2600 legati
231 2555 291 2591 vel
326 2568 491 2593 vacuum
521 2571 665 2595 nomen
686 2557 790 2609 (nam
817 2573 916 2610 opus
941 2561 1104 2612 amisit),

50 2643 52 2659 ,
87 2619 125 2666 et
137 2625 205 2663 ego
226 2615 381 2665 quidem
399 2617 469 2654 hac
489 2619 708 2669 suspicione
726 2619 866 2657 carebo
879 2651 888 2668 ,
905 2622 935 2659 si
952 2631 1102 2672 potero-

50 2712 52 2720 ,
86 2668 244 2719 ffinon,
266 2675 491 2725 suspicabor
515 2677 678 2724 invitus,
704 2687 742 2716 et
762 2693 822 2717 me
843 2680 1103 2732 intemperan-
1120 2683 1153 2717 D
1172 2697 1210 2720 se
1246 2698 1325 2722 non
1355 2687 1496 2735 videri,
1522 2704 1608 2727 cum
1639 2693 1686 2729 sit
1716 2693 1965 2734 subsannatio
1996 2708 2032 2735 et
2062 2701 2085 2737 il

50 2758 53 2774 2
87 2728 146 2768 tiae
161 2734 453 2783 reprehendam.
470 2741 615 2775 Verum
636 2738 790 2777 difficile
807 2741 1104 2791 persuadebitur

85 2789 138 2837 ei,
156 2805 225 2842 ego
247 2795 335 2833 scios
370 2797 561 2836 Nimirum
584 2799 720 2848 homo,
745 2801 811 2839 diu
840 2816 1001 2853 magnus
1032 2804 1101 2842 ha-

51 2850 55 2883 l
85 2847 186 2890 bitus
217 2854 317 2893 inter
346 2871 457 2906 suos,
483 2859 606 2897 videri
630 2874 669 2898 se
697 2861 783 2912 ipso
818 2862 977 2901 inferior
1011 2878 1100 2902 eru-

52 2924 56 2981 1
85 2907 216 2952 bescit.
234 2919 466 2966 Agnoscitur
482 2920 532 2967 is,
551 2934 666 2971 quem
689 2922 885 2973 Scriptura
910 2925 1098 2975 loquitur,

79 2974 206 3020 pudor
238 2979 427 3016 'adducens
455 2989 696 3029 peccatum1.
737 2987 798 3029 An
835 2997 915 3021 non
954 2986 1099 3035 grande

54 3029 57 3082 ζ
86 3043 280 3082 peccatum
303 3047 341 3075 et
364 3039 547 3078 delictum
575 3043 806 3092 maximum,
830 3045 998 3096 superba
1027 3047 1099 3085 ista

132 3173 144 3189 ¹
161 3170 256 3202 Eccli.
283 3183 330 3212 xv,
348 3177 404 3206 25.
420 3195 467 3199 —-
483 3183 496 3198 ²
514 3178 578 3211 Job
594 3191 670 3219 xm,
692 3184 724 3212 7.

131 3273 150 3297 b

56 3277 60 3342 ⁴,
174 3283 258 3316 Editi
271 3285 390 3320 habent
401 3314 408 3328 ‚
429 3297 459 3320 et
473 3302 568 3323 onere
579 3295 727 3336 gravari,
748 3302 779 3326 et
793 3297 923 3328 nomine
937 3296 1095 3330 honorari
1107 3312 1117 3330 .·
1134 3301 1187 3332 sed
1200 3326 1207 3340 ,
1226 3304 1373 3345 gravari,
1391 3305 1477 3337 deest
1493 3307 1525 3337 111
1541 3309 1773 3350 manuscriptis.

136 3229 152 3245 ²
177 3232 336 3264 Gerardus
347 3258 354 3272 ‚
375 3236 429 3277 qui
445 3238 616 3280 primatum
627 3265 634 3279 ,
653 3240 686 3272 id
701 3247 747 3273 est
765 3242 858 3285 legati
874 3254 988 3275 munus
999 3269 1006 3283 ,
1025 3245 1204 3279 affectabat.
1222 3249 1343 3281 Allusio
1360 3251 1399 3282 ad
1415 3252 1520 3285 locum
1539 3254 1672 3285 Joannis
1688 3255 1719 3286 in
1737 3256 1876 3298 Epistola
1892 3269 1932 3287 111
1943 3282 1950 3295 ‚
1970 3269 2049 3289 1015.
2075 3262 2092 3277 ‘³

1170 1955 1355 1994 divitibus
1384 1958 1422 1995 in
1449 1961 1629 2007 occultis,
1650 1971 1692 1999 ut
1720 1963 1925 2003 interficiat
1960 1968 2196 2009 innoeentes.

1170 2020 1242 2054 Per
1278 2019 1352 2056 tale
1386 2022 1527 2059 ostium
1562 2023 1681 2061 intrat
1712 2025 1750 2062 in
1783 2027 1884 2064 01-110
1918 2029 2061 2068 ovium.

1227 2079 1263 2115 4.
1298 2082 1494 2132 Numquid
1519 2093 1647 2122 autem
1678 2088 1794 2136 gratis
1825 2089 1911 2126 talia
1934 2091 2080 2141 legatus
2101 2096 2195 2131 acti-

1170 2146 1224 2175 tat
1246 2153 1318 2190 pro
1346 2155 1446 2192 papa
1479 2146 1576 2181 suo?
1605 2149 1659 2182 En
1686 2147 1748 2184 ille
1776 2157 1913 2194 totam,
1940 2161 1981 2187 ut
2005 2153 2035 2189 15
2056 2155 2197 2203 gloria-

1171 2207 1246 2245 tur,
1270 2203 1470 2240 Franciam
1488 2213 1604 2255 atque
1622 2209 1882 2257 Burgundiam
1911 2212 2090 2261 legatIOni
2111 2215 2194 2265 ejus

1169 2260 1337 2310 antiquae
1370 2264 1647 2313 superaddidit.
1681 2271 1811 2306 Potest
1841 2279 1879 2307 et
1907 2273 2138 2324 adjungere,
2163 2278 2192 2314 si

1173 2320 1277 2366 vult,
1294 2321 1428 2359 Medos
1445 2332 1481 2360 et
1503 2328 1654 2372 Persas,
1675 2336 1712 2364 et
1727 2330 1873 2368 medios
1895 2332 1989 2370 fines
2016 2338 2194 2387 Decapo-

1173 2379 1265 2417 leos.
1289 2385 1416 2430 Quare
1437 2397 1515 2421 non
1542 2395 1579 2422 et
1600 2388 1700 2425 ultra
1720 2393 1986 2441 Sauromatas,
2008 2405 2045 2433 et
2063 2411 2195 2446 quem-

1171 2454 1337 2491 cumque
1350 2443 1516 2494 denique
1531 2446 1659 2484 locum
1672 2450 1873 2488 calcaverit
1889 2467 1956 2503 pes
1974 2469 2064 2493 suus
2077 2487 2086 2503 ,
2104 2471 2193 2496 suus

1172 2501 1233 2547 sit,
1251 2516 1327 2552 quo
1344 2505 1403 2540 vel
1421 2507 1550 2544 vacuis
1568 2510 1789 2548 nominibus
1801 2513 2013 2561 glorietur?
2030 2521 2060 2555 Ο
2075 2519 2193 2557 110010

1173 2576 1251 2600 non
1278 2565 1404 2602 minus
1424 2567 1505 2604 sine
1532 2569 1658 2607 fronte
1673 2600 1684 2618 ,
1713 2586 1827 2622 quam
1850 2575 1930 2612 sine
1952 2587 2097 2626 mente,
2121 2594 2192 2618 1100

1174 2624 1245 2661 Dei
1266 2639 1416 2663 memor
1440 2628 1605 2677 timoris,
1630 2645 1700 2669 nec
1722 2646 1799 2670 sure
1828 2635 2058 2676 honestatis!
2080 2644 2192 2679 Putat

2092 2702 2189 2740 lusio

1171 2746 1352 2785 omnibus
1378 2750 1443 2799 qui
1472 2751 1512 2787 in
1540 2752 1702 2791 circuitu
1723 2754 1804 2805 ejus
1827 2767 1927 2795 sunt.
1947 2761 2085 2798 Merito
2107 2764 2189 2813 qui-

1170 2806 1270 2844 dem.
1295 2811 1406 2846 Certe
1433 2812 1535 2849 enim
1557 2827 1629 2863 pro
1652 2815 1755 2862 foro,
1780 2820 1945 2856 sacrario
1972 2822 2092 2860 utitur
2116 2840 2124 2861 ε
2152 2835 2189 2863 01

1168 2865 1288 2904 instar
1321 2869 1488 2909 hominis
1523 2876 1774 2924 negotiatoris
1808 2881 2045 2928 quaeritantis
2083 2885 2190 2923 lucra

1168 2941 1254 2975 sua,
1284 2938 1322 2967 et
1350 2932 1474 2969 modo
1499 2934 1620 2982 hunc,
1657 2937 1774 2974 modo
1807 2940 1913 2978 illum
1949 2944 2186 2993 explorantis

1166 2989 1409 3028 venditorem
1424 3022 1433 3039 ,
1451 3002 1493 3030 ut
1508 2994 1556 3031 ab
1573 2996 1639 3033 illo
1658 2997 1813 3036 demum
1832 3010 1933 3038 emat
1948 3004 2053 3052 quod
2070 3014 2184 3053 amat,

1166 3062 1187 3086 a
1215 3064 1293 3100 quo
1326 3053 1437 3091 vilius
1467 3056 1676 3107 impetrare
1702 3060 1888 3109 valuerit,
1918 3063 1969 3100 ita
1992 3064 2063 3113 iste
2085 3066 2186 3103 solli-

2076 3277 2105 3290 d.

133 3339 149 3356 ⁰
172 3336 221 3368 Sic
240 3341 445 3374 Ramnulsum
460 3347 667 3379 Doratensem
684 3348 831 3381 abbatem
846 3351 877 3381 in
895 3351 1000 3384 sedem
1016 3356 1272 3389 Lemox'icensem
1288 3358 1430 3399 intrusit,
1448 3372 1487 3392 ex
1502 3362 1584 3392 vitae
1604 3363 1754 3393 Bernardi
1771 3362 1852 3393 libro
1867 3365 1885 3393 3
1898 3388 1905 3399 ,
1926 3375 1954 3394 11.
1978 3368 2033 3395 353.
