2565 3952
1 1535 29 1557 ,1

18 1580 51 1660 t*
80 1671 93 1677 ,,

4 1725 38 1743 ;(’

34 2396 46 2512 *av-n
31 2312 45 2384 ...ἢκ
36 2260 43 2281 v,

0 2974 33 3001 x]
74 2950 78 2989 l

76 3033 79 3047 Ι

76 3067 80 3085 ι

39 2570 51 2579 ⁴-
67 2578 69 2582 ,
92 2568 505 2583 ΜἈΜιηἎ-Μινιιινινινι-
513 2575 639 2584 tumst—st

71 146 145 187 549

992 138 1257 173 EPISTOLAE.

70 232 177 278 perat
200 234 355 260 omnem
386 232 559 265 sensum;
585 227 619 254 te
645 225 870 267 exspectant
890 215 986 265 justi
1013 211 1128 252 (Ιο-26

2099 140 2120 173 5
2127 139 2179 175 ,50

1131 212 1201 249 ⁵ad
1214 212 1251 249 id
1271 225 1442 263 unquam
1468 210 1594 261 longis
1619 210 1845 260 ambagibus
1868 213 2179 265 anfractibusque

70 299 140 324 nec
156 281 392 321 retribuatur
413 279 481 317 tibi
496 295 506 327 ;
524 287 560 315 te
583 285 781 327 exspectat
803 276 985 326 gaudium
1001 280 1085 314 Do-
1106 274 1140 308 A
1159 274 1402 325 perveniant.
1424 277 1504 323 Ego
1523 282 1624 310 certe
1643 272 1846 309 utilitatem
1873 282 2037 311 vestram
2054 284 2092 312 et
2106 276 2181 312 ho-

72 345 163 384 mini
183 343 249 380 tui.

127 407 162 443 2.
186 408 233 442 Et
263 416 333 453 ego
361 400 542 452 quidem,
571 399 815 445 charissime,
840 399 1091 435 veliementer

73 466 218 507 afficior
245 472 333 501 ante
360 462 493 499 videre
521 470 580 507 te,
607 470 649 497 ut
669 460 889 497 benedictio
912 459 1091 496 morituri

75 528 199 568 veniat
218 538 335 576 super
356 537 426 560 me.
446 527 492 560 Et
509 523 693 573 quoniam
712 535 789 558 non
809 530 865 558 est
880 522 918 558 in
932 521 1090 557 homine

72 590 132 627 via
159 586 262 637 ejus,
292 598 371 622 non
403 583 554 630 audeo,
575 583 679 620 unde
711 591 838 619 certus
868 596 945 619 non
979 596 1089 628 sum,

73 663 143 704 pro
164 657 268 686 certo
296 645 470 697 polliceri
489 660 496 682 :
516 644 582 682 sed
610 644 716 695 quod
745 643 921 681 nondum
946 643 1061 680 video
1079 672 1088 689 ‚

74 708 268 763 quomodo
298 707 464 758 possim,
489 707 578 743 satis
606 719 677 756 ago
713 714 754 742 ut
784 705 941 756 possim.
978 708 1093 743 Forte

73 771 244 816 veniam,
267 768 364 805 forte
389 780 468 804 non
495 767 662 804 veniam.
693 766 767 804 Sed
788 764 994 816 quodlibet
1020 764 1094 801 ho-

76 846 160 872 rum
185 831 258 877 sit;
290 829 407 867 dilexi
436 843 457 866 a
483 828 699 879 principio,
722 828 876 878 diligam
902 827 982 865 sine
1006 828 1093 864 tine.

76 893 253 934 Fidenter
269 891 372 937 dico,
386 904 466 928 non
481 904 638 941 possum
655 889 818 941 perdere
839 889 892 927 sic
914 888 1096 926 dilectum

77 955 260 1006 usquein
295 954 423 990 finem.
455 956 540 990 Non
575 952 670 989 mihi
699 952 823 1003 perit,
860 951 926 989 sed
964 951 1097 1002 praeit,

1160 349 1294 373 norem
1313 344 1484 373 vestrum
1515 333 1786 371 tantummodo
1815 334 2017 372 attendens
2037 365 2045 380 ‚
2078 350 2181 382 rem,

1159 406 1201 433 ut
1231 406 1314 443 est,
1345 395 1448 433 nude
1480 404 1518 432 et
1550 403 1682 445 aperte
1714 394 1815 430 illico
1843 395 2003 445 aperio,
2035 405 2072 433 et
2101 398 2182 434 sine

1159 458 1406 495 cunctatione
1427 466 1464 493 et
1485 456 1740 493 obvolutione
1759 485 1768 502 ,
1802 464 1984 505 tauquam
2015 458 2082 494 uni
2110 471 2183 495 no—

1159 528 1280 556 strum
1302 549 1310 564 ,
1342 519 1594 569 Apostolico,
1628 517 1734 567 quod
1765 531 1864 567 opus
1895 527 1978 563 est,
2005 519 2184 556 iutimare

1161 595 1237 617 non
1256 595 1406 618 vereor.
1429 579 1665 629 Subreptuni
1687 587 1744 615 est
1760 578 1895 625 vobis,
1922 588 1958 616 et
1985 581 2153 629 graviter
2176 597 2184 618 z

1159 642 1266 692 quod
1293 656 1371 679 non
1390 641 1530 679 dubius
1546 640 1832 677 affirmaverim.
1851 641 1944 688 Quis
1967 640 2087 691 vobis
2101 656 2187 692 sug-

1161 703 1275 753 gessit
1303 704 1500 740 hominem
1528 701 1575 738 de
1596 700 1808 737 ambitione
1830 710 2005 738 notatum
2024 732 2032 748 ,
2051 704 2188 740 convi-

1163 774 1267 802 ctum
1285 795 1294 812 ‚
1321 764 1622 802 condemnatum
1640 793 1648 809 ,
1672 762 1719 799 ad
1740 763 2034 800 ecclesiasticam
2052 778 2189 815 cogere

1165 826 1391 877 dignitatem
1409 827 1424 861 ἶ)
1444 824 1563 874 Quasi
1582 837 1661 860 non
1689 823 1778 860 satis
1806 837 1877 874 per
1895 838 1934 861 se
1962 824 2046 875 ipse
2068 839 2106 862 se
2127 826 2191 863 in—

1166 901 1300 938 gerere
1331 886 1530 923 voluisset.
1560 888 1698 923 'Nonne
1728 884 1759 921 is
1789 893 1866 932 est,
1901 899 2016 935 quem
2049 896 2190 924 sanctae

1166 950 1364 988 memoriae
1388 947 1621 986 Lambertus
1649 947 1855 997 episcopus
1873 949 1888 962 *
1904 947 2190 998 deprehensum

78 1016 183 1066 cujus
217 1014 354 1052 animae
383 1026 468 1050 mea
504 1013 664 1050 adhaesit
696 1013 844 1063 glutino
876 1012 982 1063 quod
1019 1025 1097 1048 non
1120 1012 1205 1051 Bin
1236 1010 1432 1048 maleficiis
1453 1008 1687 1046 detestandis
1706 1037 1716 1053 ‚
1739 1022 1825 1058 quae
1857 1009 1939 1060 ipse
1971 1011 2193 1048 stimulante

78 1075 338 1128 dissipabitur,
360 1084 399 1112 et
419 1075 576 1112 vinculo
604 1075 709 1125 quod
738 1089 817 1112 non
837 1074 1094 1125 dirumpetur.

75 1143 236 1179 Tantum
258 1145 455 1174 memento
485 1137 608 1173 nostri
637 1150 723 1173 cum
755 1136 999 1187 perveneris,
1020 1149 1098 1186 quo

77 1213 145 1239 nos
179 1199 371 1251 praevenis
394 1213 401 1235 :
424 1206 468 1235 ut
499 1207 538 1235 et
566 1197 679 1235 nobis
716 1198 791 1234 cito
821 1197 936 1234 detur
965 1197 1099 1234 venire

76 1269 161 1314 post
183 1269 220 1298 te
236 1289 246 1304 ‚
268 1268 307 1297 et
322 1260 371 1297 ad
388 1268 423 1297 te
440 1259 659 1310 pervenire.
675 1259 837 1296 Interim
857 1267 986 1295 tamen
1012 1258 1099 1294 nul-

78 1323 223 1361 latenus
243 1330 355 1372 putes
375 1320 482 1371 quod
503 1328 566 1356 tua
587 1320 711 1357 dulcis
732 1320 919 1356 memoria
944 1319 1100 1356 recedat

79 1405 100 1430 a
115 1399 258 1437 nostra,
274 1390 346 1427 etsi
365 1389 569 1441 praesentia
591 1388 815 1426 dolentibus
833 1388 1097 1426 subtrahatur.

77 1457 302 1504 Quanquam
321 1460 462 1502 potens
485 1459 542 1488 est
559 1455 663 1489 Deus
682 1460 717 1488 te
738 1450 864 1488 adhuc
887 1452 999 1489 nobis
1025 1451 1099 1488 do-

81 1517 169 1552 nare
202 1512 450 1563 rogantibus,
475 1526 629 1550 servare
661 1512 925 1564 indigentibus
957 1529 964 1551 :
994 1513 1101 1564 quod

82 1575 210 1626 utique
228 1588 308 1612 non
330 1583 388 1612 est
405 1574 675 1612 diffidendum.

86 1716 307 1732 umu=v=====x=
313 1721 397 1731 ssxsm
403 1722 618 1732 n====x====vu==
624 1723 692 1732 ====n
698 1723 717 1732 v
725 1723 748 1732 ιι
754 1723 807 1732 «ιι-ι
814 1723 867 1732 xum
874 1722 924 1732 »mvn
930 1722 983 1731 ====
990 1723 1000 1731 ι

191 1847 573 1906 EPISTOLA
634 1849 982 1908 CCLXVII.

376 2008 512 2033 ABBATI
542 2008 808 2033 CLL‘NIACENSI.

137 2123 253 2162 Filius
279 2133 407 2163 vester
434 2126 554 2164 frater
583 2126 818 2174 Galcherus,
838 2127 960 2164 factus
986 2135 1043 2164 est
1071 2135 1109 2163 et

89 2192 229 2234 poster,
245 2185 460 2224 secundum
483 2188 656 2238 regulam
686 2188 790 2225 illam
818 2203 825 2225 ε
859 2189 1000 2224 Omnia
1023 2201 1109 2223 mea

91 2251 154 2280 tua
167 2255 274 2292 sunt,
293 2255 328 2282 et
344 2255 408 2282 tua
426 2261 511 2283 mea
525 2254 551 2285 ¹.
570 2251 656 2285 Non
675 2249 723 2286 sit
740 2248 869 2285 minus
896 2247 1107 2295 familiaris,

62 2351 63 2357 ἵ
93 2307 178 2358 quia
192 2310 409 2347 communis
428 2325 436 2347 :
455 2310 521 2348 sed
542 2310 571 2348 si
592 2319 650 2348 est
668 2311 775 2361 quod
794 2311 915 2361 possit
933 2311 1005 2347 alia
1022 2323 1108 2359 gra-

93 2368 162 2417 ῐῇἓι,
190 2369 238 2407 sit
269 2371 495 2410 familiarior
523 2381 638 2423 atque
668 2373 879 2423 acceptior,
911 2380 953 2408 ut
989 2372 1108 2419 mihi,

94 2429 179 2482 quia
193 2441 320 2470 vester
339 2442 419 2482 est3
439 2434 492 2472 sic
508 2433 638 2483 vobis,
660 2435 752 2485 quia
777 2443 910 2472 noster
929 2441 999 2470 est.

646 2576 759 2585 ιινιιινι
765 2576 773 2584 ι
780 2576 831 2584 x===
837 2575 1083 2584 ==m==m====x=x=v=
1090 2575 1114 2584 x-

193 2690 574 2751 EPISTOLA
619 2694 996 2754 CCLXVlH.

270 2849 318 2871 AD
346 2849 530 2873 DOMINUM
561 2852 685 2874 PAPAM
715 2853 930 2878 EUGENIUM.

101 2969 209 3001 Monet
228 2970 461 3012 promotionem
476 2973 524 3015 cuj
531 2973 639 3004 usdam
653 2973 774 3016 indigni
790 2974 976 3018 subreptitie
990 2976 1116 3015 factam,

309 3026 452 3070 adeoque
469 3029 681 3061 revocandam
702 3031 902 3062 sententiam.

155 3152 229 3190 Alii
254 3165 461 3194 vereantur
487 3157 728 3208 majestatem
753 3160 792 3197 in
820 3159 951 3207 vobis,
980 3169 1017 3198 ct
1048 3150 1127 3198 tre-v

106 3214 215 3252 mulis
230 3215 340 3255 labiis
354 3231 397 3256 ac
415 3218 542 3270 digitis
558 3221 664 3271 quod
680 3221 728 3258 ad
746 3236 828 3260 rem
850 3223 1018 3274 pertinet
1032 3253 1041 3270 ,
1056 3223 1121 3260 vix

157 3348 167 3364 ¹
181 3347 380 3389 Joan.xv11,
407 3353 456 3383 10.
477 3370 522 3375 -—
543 3358 556 3374 ²
571 3353 717 3391 Psal.1v‚
737 3358 767 3385 5.

1167 1072 1379 1110 ambitione
1400 1079 1669 1123 perpetrarat,
1692 1084 1769 1107 non
1793 1071 1918 1108 solum
1944 1085 1964 1108 a
1991 1072 2132 1122 gradu,
2152 1074 2193 1110 in

1168 1148 1246 1184 quo
1272 1142 1379 1179 erat,
1403 1132 1471 1170 sed
1489 1146 1511 1169 a
1528 1145 1595 1183 spe
1626 1132 1742 1168 totius
1771 1133 2029 1182 promotionis
2057 1134 2193 1171 solem-

1169 1196 1282 1242 niter,
1304 1203 1346 1232 ut
1364 1193 1517 1240 debuit,
1539 1193 1765 1242 degradavit
1782 1195 1796 1229 .⁰
1816 1197 1902 1231 Non
1920 1203 1976 1230 est
1992 1194 2064 1231 nisi
2083 1209 2195 1233 revo-

1170 1270 1256 1293 care
1273 1255 1504 1293 sententiam
1524 1284 1532 1300 ,
1552 1263 1590 1291 et
1611 1263 1774 1305 propter
1790 1256 2023 1292 anxietatem
2042 1265 2195 1294 sancto-

1168 1331 1254 1355 rum
1285 1318 1447 1354 fratrum
1478 1316 1524 1353 de
1548 1318 1699 1353 Corona
1717 1345 1726 1361 ,
1751 1316 1817 1365 qui
1840 1329 1911 1366 pro
1930 1316 2003 1353 hoc
2032 1317 2198 1355 clamant

1169 1378 1216 1415 ad
1247 1392 1338 1424 vos,
1361 1387 1399 1415 et
1428 1377 1479 1415 ob
1513 1376 1771 1414 reverentiam
1795 1377 1968 1428 episcopi
2001 1380 2122 1416 sancti
2161 1388 2199 1416 et

1168 1440 1298 1486 docti,
1316 1440 1383 1490 qui
1400 1439 1438 1476 in
1456 1438 1526 1475 hac
1547 1451 1588 1474 re
1614 1446 1750 1474 auctor
1769 1438 1915 1474 exstitit
1936 1452 1943 1474 :
1963 1438 2029 1475 sed
2048 1448 2085 1476 et
2108 1453 2199 1490 pro-

1170 1510 1257 1553 pter
1277 1500 1553 1538 conscientiam
1571 1528 1580 1545 ,
1604 1499 1879 1536 conscientiam
1901 1498 1987 1536 dico
2014 1509 2197 1549 vestram,

1171 1577 1252 1600 non
1276 1562 1445 1600 alterius.
1473 1565 1607 1600 Unum
1636 1568 1780 1606 restat,
1803 1569 1844 1597 ut
1866 1560 1941 1598 hoc
1962 1570 1999 1597 et
2016 1575 2089 1611 pro
2112 1576 2198 1599 mea

1172 1623 1407 1662 conscientia
1427 1623 1592 1660 inferam
1615 1624 1864 1659 :Irascimini
1877 1651 1887 1667 ‚
1909 1632 1945 1658 et
1972 1626 2087 1659 nolite
2108 1638 2200 1673 pec-

1173 1700 1261 1722 care
1280 1692 1306 1723 ².
1326 1685 1497 1724 Peccatis
1526 1683 1629 1721 enim
1648 1713 1657 1730 ,
1693 1683 1723 1720 si
1755 1696 1832 1720 non
1864 1684 2075 1721 irascimini
2104 1686 2200 1722 tanti

1173 1747 1388 1798 suggestori
1429 1745 1646 1791 mendacii,
1685 1753 1762 1781 tam
1798 1745 1966 1795 indignae
2001 1747 2201 1783 sententiae

1124 1797 1152 1833 C
1175 1809 1412 1860 subreptori.

1174 1953 2203 1965 =====================================================================

1295 2087 1686 2145 EPISTOLA
1744 2086 2060 2146 CCLXIX.

1576 2248 1626 2270 AI)
1652 2247 1823 2270 EUMDEM.

1176 2370 1302 2404 Litteris
1327 2381 1345 2401 a
1372 2380 1406 2401 se
1433 2379 1492 2412 per
1517 2368 1626 2399 dolum
1648 2367 1779 2399 extortis
1804 2368 1904 2400 robur
1931 2375 1962 2401 et
1987 2372 2207 2404 auctoritatem

1621 2421 1764 2465 derogat.

1236 2548 1403 2594 Serpens
1423 2541 1575 2592 decepit
1593 2555 1666 2579 me.
1687 2545 1814 2579 Homo
1833 2543 2049 2595 versipellis
2067 2555 2104 2584 et
2124 2561 2208 2585 ver-

1134 2615 1168 2650 D
1183 2615 1310 2651 sutus,
1328 2604 1487 2654 justitiae
1511 2604 1645 2654 inops,
1671 2604 1878 2641 audientiae
1901 2606 2085 2655 fugitans,
2110 2623 2209 2659 pro-

1181 2670 1277 2721 priae
1303 2666 1549 2705 conscientiae
1584 2666 1782 2712 inimicus,
1806 2667 1984 2706 fraternae
2020 2670 2209 2710 incubans

1182 2730 1358 2780 injuriae,
1381 2727 1567 2765 nescienti
1590 2727 1684 2764 mihi
1711 2728 1856 2765 litteras
1883 2743 1955 2779 pro
1984 2744 2022 2767 se
2046 2745 2117 2782 per
2137 2733 2210 2771 (10-

1184 2792 1335 2829 minum
1361 2790 1662 2826 Belvacensema
1689 2789 1832 2825 elicuit.
1856 2790 1957 2839 Quid
1982 2792 2082 2829 enim
2105 2793 2168 2830 ille
2189 2808 2210 2831 a

1185 2867 1246 2891 nie
1268 2866 1346 2890 non
1369 2850 1589 2887 obtineret?
1607 2850 1644 2887 Si
1671 2863 1751 2887 non
1779 2851 1894 2888 vultis
1918 2852 2019 2889 ultra
2050 2854 2210 2892 modum

1187 2928 1350 2954 onerare
1371 2911 1647 2950 conscientiam
1678 2925 1825 2958 meam,
1850 2913 1902 2949 nil
1926 2914 2098 2952 lucretur
2118 2915 2212 2953 sub-

1189 2976 1367 3027 reptione
1401 2973 1559 3011 dolosus
1580 3001 1588 3017 ,
1614 2985 1684 3009 nec
1716 2971 1762 3008 de
1792 2973 1928 3010 litteris
1959 2975 2100 3012 nostris
2137 2990 2212 3026 op-

1188 3039 1332 3090 primat
1356 3037 1592 3074 innocentes.
1621 3037 1850 3083 Quanquam
1876 3049 1924 3072 ne
1951 3035 2024 3073 hoc
2056 3037 2212 3087 quidem

1190 3100 1284 3137 milii
1314 3099 1402 3136 satis
1434 3096 1569 3142 fuerit,
1592 3095 1665 3132 nisi
1693 3104 1730 3132 et
1754 3109 1910 3145 poenam
1942 3106 2072 3147 portet
2098 3112 2212 3148 quani

1190 3164 1331 3199 meruit
1352 3158 1561 3209 subreptor
1577 3157 1890 3208 malignissimus,
1910 3167 1947 3194 et
1968 3159 2213 3196 avarissimus

1190 3231 1361 3261 exactor.

1199 3357 1212 3371 ³
1233 3352 1388 3385 Arnulsus
1401 3351 1441 3384 de
1457 3351 1577 3384 Maiole
1591 3375 1598 3390 ‚
1615 3356 1649 3382 ut
1665 3356 1743 3394 puto
1757 3374 1766 3390 ,
1782 3349 1821 3381 de
1838 3361 1900 3392 quo
1915 3350 1947 3381 in
1963 3349 2094 3392 epistola
2110 3352 2188 3382 278.
